<!DOCTYPE html>
<meta charset="utf-8" />
<meta name="viewport" content="width=device-width" />

<title>[Gen 3] OU: Nardgo vs. knexhawk2 - Replays - Pok&eacute;mon Showdown!</title>

<meta name="description" content="Watch a replay of a Pok&eacute;mon battle between Nardgo and knexhawk2! Format: [Gen 3] OU; Date: Oct 28, 2024" />
<!--

Hey, you! Looking in the source for the replay log?

You can find them in JSON format, just add `.json` at the end of a replay URL.

https://replay.pokemonshowdown.com/gen7randomdoublesbattle-865046831.json

Or, if you only need the log itself, add `.log` instead:

https://replay.pokemonshowdown.com/gen7randomdoublesbattle-865046831.log

-->

<link rel="stylesheet" href="//pokemonshowdown.com/style/global.css?0.023195364461161105" />
<link rel="stylesheet" href="//play.pokemonshowdown.com/style/font-awesome.css?0.13261647063804238" />
<link rel="stylesheet" href="//play.pokemonshowdown.com/style/battle.css?0.8753245789963631" />
<link rel="stylesheet" href="//play.pokemonshowdown.com/style/utilichart.css?0.8627959624976733" />

<!-- Global site tag (gtag.js) - Google Analytics -->
<script async src="https://www.googletagmanager.com/gtag/js?id=UA-26211653-1"></script>
<script>
  window.dataLayer = window.dataLayer || [];
  function gtag(){dataLayer.push(arguments);}
  gtag('js', new Date());

  gtag('config', 'UA-26211653-1');
</script>
<!-- End Google Analytics -->
<!-- Venatus Ad Manager - Install in <HEAD> of page -->
	<script src="https://hb.vntsm.com/v3/live/ad-manager.min.js" type="text/javascript" data-site-id="642aba63ec9a7b11c3c9c1be" data-mode="scan" async></script>
<!-- / Venatus Ad Manager -->

<style>
	@media (max-width:820px) {
		.battle {
			margin: 0 auto;
		}
		.battle-log {
			margin: 7px auto 0;
			max-width: 640px;
			height: 300px;
			position: static;
		}
	}
	.optgroup {
		display: inline-block;
		line-height: 22px;
		font-size: 10pt;
	}
	.optgroup .button {
		height: 25px;
		padding-top: 0;
		padding-bottom: 0;
	}
	.optgroup button.button {
		padding-left: 12px;
		padding-right: 12px;
	}
	.linklist {
		list-style: none;
		margin: 0.5em 0;
		padding: 0;
	}
	.linklist li {
		padding: 2px 0;
	}
	.sidebar {
		float: left;
		width: 320px;
	}
	.bar-wrapper {
		max-width: 1100px;
		margin: 0 auto;
	}
	.bar-wrapper.has-sidebar {
		max-width: 1430px;
	}
	.mainbar {
		margin: 0;
		padding-right: 1px;
	}
	.mainbar.has-sidebar {
		margin-left: 330px;
	}
	@media (min-width: 1511px) {
		.sidebar {
			width: 400px;
		}
		.bar-wrapper.has-sidebar {
			max-width: 1510px;
		}
		.mainbar.has-sidebar {
			margin-left: 410px;
		}
	}
	.section.first-section {
		margin-top: 9px;
	}
	.blocklink small {
		white-space: normal;
	}
	.button {
		vertical-align: middle;
	}
	.replay-controls {
		padding-top: 10px;
	}
	.replay-controls h1 {
		font-size: 16pt;
		font-weight: normal;
		color: #CCC;
	}
	.pagelink {
		text-align: center;
	}
	.pagelink a {
		width: 150px;
	}
	.textbox, .button {
		font-size: 11pt;
		vertical-align: middle;
	}
	@media (max-width: 450px) {
		.button {
			font-size: 9pt;
		}
	}
</style>

<div>

	<header>
		<div class="nav-wrapper"><ul class="nav">
			<li><a class="button nav-first" href="//pokemonshowdown.com/"><img src="//pokemonshowdown.com/images/pokemonshowdownbeta.png" srcset="//pokemonshowdown.com/images/pokemonshowdownbeta.png 1x, //pokemonshowdown.com/images/pokemonshowdownbeta@2x.png 2x" alt="Pok&eacute;mon Showdown" width="146" height="44" /> Home</a></li>
			<li><a class="button" href="//pokemonshowdown.com/dex/">Pok&eacute;dex</a></li>
			<li><a class="button cur" href="/">Replays</a></li>
			<li><a class="button" href="//pokemonshowdown.com/ladder/">Ladder</a></li>
			<li><a class="button nav-last" href="//pokemonshowdown.com/forums/">Forum</a></li>
			<li><a class="button greenbutton nav-first nav-last" href="//play.pokemonshowdown.com/">Play</a></li>
		</ul></div>
	</header>

	<div class="main" id="main">

		<noscript><section class="section">You need to enable JavaScript to use this page; sorry!</section></noscript>

	</div>

</div>

<script defer nomodule src="//play.pokemonshowdown.com/js/lib/ps-polyfill.js"></script>
<script defer src="//play.pokemonshowdown.com/js/lib/preact.min.js"></script>

<script defer src="//play.pokemonshowdown.com/config/config.js?2bddbc15"></script>
<script defer src="//play.pokemonshowdown.com/js/lib/jquery-1.11.0.min.js"></script>
<script defer src="//play.pokemonshowdown.com/js/lib/html-sanitizer-minified.js"></script>
<script defer src="//play.pokemonshowdown.com/js/battle-sound.js"></script>
<script defer src="//play.pokemonshowdown.com/js/battledata.js?0.7209276989879541"></script>
<script defer src="//play.pokemonshowdown.com/data/pokedex-mini.js?0.6111056340867951"></script>
<script defer src="//play.pokemonshowdown.com/data/pokedex-mini-bw.js?0.3532142036491459"></script>
<script defer src="//play.pokemonshowdown.com/data/graphics.js?0.24223875632456182"></script>
<script defer src="//play.pokemonshowdown.com/data/pokedex.js?0.38839984266356864"></script>
<script defer src="//play.pokemonshowdown.com/data/moves.js?0.21866028504024015"></script>
<script defer src="//play.pokemonshowdown.com/data/abilities.js?0.2005157953846628"></script>
<script defer src="//play.pokemonshowdown.com/data/items.js?0.9894211263848525"></script>
<script defer src="//play.pokemonshowdown.com/data/teambuilder-tables.js?0.6008791140282215"></script>
<script defer src="//play.pokemonshowdown.com/js/battle-tooltips.js?0.7580118955022959"></script>
<script defer src="//play.pokemonshowdown.com/js/battle.js?0.6057722274234274"></script>

<script defer src="js/utils.js?e31f9a17"></script>
<script defer src="js/replays-battle.js?7008c182"></script>

<!-- don't scrape this data! just add .json or .log after the URL!
Full API docs: https://github.com/smogon/pokemon-showdown-client/blob/master/WEB-API.md -->
<script type="text/plain" class="log" id="replaylog-smogtours-gen3ou-803093">
|inactive|Battle timer is ON: inactive players will automatically lose when time's up.
|badge|p2|gold|gen9ou|3-3
|uhtml|medal-msg|<div class="broadcast-blue">Curious what those medals under the avatar are? PS now has Ladder Seasons! For more information, check out the <a href="https://www.smogon.com/forums/threads/3740067/">thread on Smogon.<\/a><\/div>
|t:|1730138501
|gametype|singles
|player|p1|Nardgo|steven|
|player|p2|knexhawk2|benga|
|teamsize|p1|6
|teamsize|p2|6
|gen|3
|tier|[Gen 3] OU
|rule|Sleep Clause Mod: Limit one foe put to sleep
|rule|Switch Priority Clause Mod: Faster Pokémon switch first
|rule|Species Clause: Limit one of each Pokémon
|rule|OHKO Clause: OHKO moves are banned
|rule|Evasion Items Clause: Evasion items are banned
|rule|Evasion Moves Clause: Evasion moves are banned
|rule|Endless Battle Clause: Forcing endless battles is banned
|rule|HP Percentage Mod: HP is shown in percentages
|rule|One Boost Passer Clause: Limit one Baton Passer that has a way to boost its stats
|rule|Freeze Clause Mod: Limit one foe frozen
|
|t:|1730138501
|start
|switch|p1a: Skarmory|Skarmory, M|100/100
|switch|p2a: Tyranitar|Tyranitar, F, shiny|100/100
|-weather|Sandstorm|[from] ability: Sand Stream|[of] p2a: Tyranitar
|turn|1
|c|☆Nardgo|GL HF
|
|t:|1730138509
|switch|p2a: Magneton|Magneton|100/100
|move|p1a: Skarmory|Spikes|p2a: Magneton
|-sidestart|p2: knexhawk2|Spikes
|
|-weather|Sandstorm|[upkeep]
|upkeep
|turn|2
|
|t:|1730138512
|move|p2a: Magneton|Thunderbolt|p1a: Skarmory
|-supereffective|p1a: Skarmory
|-damage|p1a: Skarmory|11/100
|move|p1a: Skarmory|Roar|p2a: Magneton
|drag|p2a: Donphan|Donphan, F|100/100
|-damage|p2a: Donphan|88/100|[from] Spikes
|
|-weather|Sandstorm|[upkeep]
|-heal|p1a: Skarmory|17/100|[from] item: Leftovers
|-heal|p2a: Donphan|94/100|[from] item: Leftovers
|upkeep
|turn|3
|
|t:|1730138515
|switch|p1a: Misdreavus|Misdreavus, F|100/100
|switch|p2a: Magneton|Magneton|100/100
|-damage|p2a: Magneton|88/100|[from] Spikes
|
|-weather|Sandstorm|[upkeep]
|-damage|p1a: Misdreavus|94/100|[from] Sandstorm
|-heal|p1a: Misdreavus|100/100|[from] item: Leftovers
|-heal|p2a: Magneton|94/100|[from] item: Leftovers
|upkeep
|turn|4
|
|t:|1730138532
|switch|p1a: Flygon|Flygon, M|100/100
|move|p2a: Magneton|Toxic|p1a: Flygon
|-status|p1a: Flygon|tox
|
|-weather|Sandstorm|[upkeep]
|-damage|p1a: Flygon|94/100 tox|[from] psn
|-heal|p2a: Magneton|99/100|[from] item: Leftovers
|upkeep
|turn|5
|
|t:|1730138543
|switch|p1a: Blissey|Blissey, F|100/100
|switch|p2a: Skarmory|Skarmory, F|100/100
|
|-weather|Sandstorm|[upkeep]
|-damage|p1a: Blissey|94/100|[from] Sandstorm
|-heal|p1a: Blissey|100/100|[from] item: Leftovers
|upkeep
|turn|6
|
|t:|1730138551
|move|p2a: Skarmory|Spikes|p1a: Blissey
|-sidestart|p1: Nardgo|Spikes
|move|p1a: Blissey|Seismic Toss|p2a: Skarmory
|-damage|p2a: Skarmory|71/100
|
|-weather|Sandstorm|[upkeep]
|-damage|p1a: Blissey|94/100|[from] Sandstorm
|-heal|p2a: Skarmory|77/100|[from] item: Leftovers
|-heal|p1a: Blissey|100/100|[from] item: Leftovers
|upkeep
|turn|7
|
|t:|1730138554
|move|p2a: Skarmory|Spikes|p1a: Blissey
|-sidestart|p1: Nardgo|Spikes
|move|p1a: Blissey|Seismic Toss|p2a: Skarmory
|-damage|p2a: Skarmory|47/100
|
|-weather|Sandstorm|[upkeep]
|-damage|p1a: Blissey|94/100|[from] Sandstorm
|-heal|p2a: Skarmory|53/100|[from] item: Leftovers
|-heal|p1a: Blissey|100/100|[from] item: Leftovers
|upkeep
|turn|8
|
|t:|1730138557
|move|p2a: Skarmory|Protect|p2a: Skarmory
|-singleturn|p2a: Skarmory|Protect
|move|p1a: Blissey|Seismic Toss|p2a: Skarmory
|-activate|p2a: Skarmory|Protect
|
|-weather|Sandstorm|[upkeep]
|-damage|p1a: Blissey|94/100|[from] Sandstorm
|-heal|p2a: Skarmory|59/100|[from] item: Leftovers
|-heal|p1a: Blissey|100/100|[from] item: Leftovers
|upkeep
|turn|9
|
|t:|1730138559
|move|p2a: Skarmory|Spikes|p1a: Blissey
|-sidestart|p1: Nardgo|Spikes
|move|p1a: Blissey|Seismic Toss|p2a: Skarmory
|-damage|p2a: Skarmory|29/100
|
|-weather|Sandstorm|[upkeep]
|-damage|p1a: Blissey|94/100|[from] Sandstorm
|-heal|p2a: Skarmory|35/100|[from] item: Leftovers
|-heal|p1a: Blissey|100/100|[from] item: Leftovers
|upkeep
|turn|10
|
|t:|1730138561
|switch|p2a: Celebi|Celebi|100/100
|-damage|p2a: Celebi|88/100|[from] Spikes
|move|p1a: Blissey|Aromatherapy|p1a: Blissey
|-cureteam|p1a: Blissey|[from] move: Aromatherapy
|
|-weather|Sandstorm|[upkeep]
|-damage|p2a: Celebi|82/100|[from] Sandstorm
|-damage|p1a: Blissey|94/100|[from] Sandstorm
|-heal|p2a: Celebi|88/100|[from] item: Leftovers
|-heal|p1a: Blissey|100/100|[from] item: Leftovers
|upkeep
|turn|11
|
|t:|1730138565
|switch|p1a: Moltres|Moltres|100/100
|move|p2a: Celebi|Leech Seed|p1a: Moltres
|-start|p1a: Moltres|move: Leech Seed
|
|-weather|Sandstorm|[upkeep]
|-damage|p1a: Moltres|94/100|[from] Sandstorm
|-damage|p2a: Celebi|82/100|[from] Sandstorm
|-heal|p1a: Moltres|100/100|[from] item: Leftovers
|-damage|p1a: Moltres|88/100|[from] Leech Seed|[of] p2a: Celebi
|-heal|p2a: Celebi|92/100|[silent]
|-heal|p2a: Celebi|98/100|[from] item: Leftovers
|upkeep
|turn|12
|
|t:|1730138569
|switch|p2a: Tyranitar|Tyranitar, F, shiny|100/100
|-damage|p2a: Tyranitar|88/100|[from] Spikes
|move|p1a: Moltres|Will-O-Wisp|p2a: Tyranitar
|-status|p2a: Tyranitar|brn
|
|-weather|Sandstorm|[upkeep]
|-damage|p1a: Moltres|82/100|[from] Sandstorm
|-heal|p1a: Moltres|88/100|[from] item: Leftovers
|-damage|p1a: Moltres|76/100|[from] Leech Seed|[of] p2a: Tyranitar
|-heal|p2a: Tyranitar|98/100 brn|[silent]
|-heal|p2a: Tyranitar|100/100 brn|[from] item: Leftovers
|-damage|p2a: Tyranitar|88/100 brn|[from] brn
|upkeep
|turn|13
|
|t:|1730138573
|-activate|p1a: Moltres|move: Pursuit
|move|p2a: Tyranitar|Pursuit|p1a: Moltres|[from]Pursuit
|-damage|p1a: Moltres|32/100
|switch|p1a: Flygon|Flygon, M|94/100
|
|-weather|Sandstorm|[upkeep]
|-heal|p1a: Flygon|100/100|[from] item: Leftovers
|-heal|p2a: Tyranitar|94/100 brn|[from] item: Leftovers
|-damage|p2a: Tyranitar|82/100 brn|[from] brn
|upkeep
|turn|14
|
|t:|1730138583
|switch|p2a: Skarmory|Skarmory, F|35/100
|move|p1a: Flygon|Rock Slide|p2a: Skarmory
|-damage|p2a: Skarmory|21/100
|
|-weather|Sandstorm|[upkeep]
|-heal|p2a: Skarmory|27/100|[from] item: Leftovers
|upkeep
|turn|15
|
|t:|1730138588
|switch|p1a: Zapdos|Zapdos|100/100
|move|p2a: Skarmory|Protect||[still]
|-fail|p2a: Skarmory
|
|-weather|Sandstorm|[upkeep]
|-damage|p1a: Zapdos|94/100|[from] Sandstorm
|-heal|p1a: Zapdos|100/100|[from] item: Leftovers
|-heal|p2a: Skarmory|33/100|[from] item: Leftovers
|upkeep
|turn|16
|
|t:|1730138595
|move|p2a: Skarmory|Protect|p2a: Skarmory
|-singleturn|p2a: Skarmory|Protect
|move|p1a: Zapdos|Roar|p2a: Skarmory
|-activate|p2a: Skarmory|Protect
|
|-weather|Sandstorm|[upkeep]
|-damage|p1a: Zapdos|94/100|[from] Sandstorm
|-heal|p1a: Zapdos|100/100|[from] item: Leftovers
|-heal|p2a: Skarmory|39/100|[from] item: Leftovers
|upkeep
|turn|17
|
|t:|1730138599
|switch|p2a: Donphan|Donphan, F|94/100
|-damage|p2a: Donphan|82/100|[from] Spikes
|move|p1a: Zapdos|Thunderbolt|p2a: Donphan
|-immune|p2a: Donphan
|
|-weather|Sandstorm|[upkeep]
|-damage|p1a: Zapdos|94/100|[from] Sandstorm
|-heal|p1a: Zapdos|100/100|[from] item: Leftovers
|-heal|p2a: Donphan|88/100|[from] item: Leftovers
|upkeep
|turn|18
|
|t:|1730138601
|switch|p1a: Misdreavus|Misdreavus, F|100/100
|move|p2a: Donphan|Hidden Power|p1a: Misdreavus
|-damage|p1a: Misdreavus|72/100
|
|-weather|Sandstorm|[upkeep]
|-damage|p1a: Misdreavus|66/100|[from] Sandstorm
|-heal|p1a: Misdreavus|72/100|[from] item: Leftovers
|-heal|p2a: Donphan|94/100|[from] item: Leftovers
|upkeep
|turn|19
|
|t:|1730138628
|switch|p1a: Zapdos|Zapdos|100/100
|move|p2a: Donphan|Hidden Power|p1a: Zapdos
|-supereffective|p1a: Zapdos
|-damage|p1a: Zapdos|59/100
|
|-weather|Sandstorm|[upkeep]
|-damage|p1a: Zapdos|52/100|[from] Sandstorm
|-heal|p1a: Zapdos|59/100|[from] item: Leftovers
|-heal|p2a: Donphan|99/100|[from] item: Leftovers
|upkeep
|turn|20
|
|t:|1730138634
|switch|p1a: Misdreavus|Misdreavus, F|72/100
|move|p2a: Donphan|Hidden Power|p1a: Misdreavus
|-damage|p1a: Misdreavus|41/100
|
|-weather|Sandstorm|[upkeep]
|-damage|p1a: Misdreavus|35/100|[from] Sandstorm
|-heal|p1a: Misdreavus|41/100|[from] item: Leftovers
|-heal|p2a: Donphan|100/100|[from] item: Leftovers
|upkeep
|turn|21
|
|t:|1730138653
|move|p1a: Misdreavus|Mean Look|p2a: Donphan
|-activate|p2a: Donphan|trapped
|move|p2a: Donphan|Hidden Power|p1a: Misdreavus
|-damage|p1a: Misdreavus|10/100
|
|-weather|Sandstorm|[upkeep]
|-damage|p1a: Misdreavus|4/100|[from] Sandstorm
|-heal|p1a: Misdreavus|10/100|[from] item: Leftovers
|upkeep
|turn|22
|
|t:|1730138656
|move|p1a: Misdreavus|Rest|p1a: Misdreavus
|-status|p1a: Misdreavus|slp|[from] move: Rest
|-heal|p1a: Misdreavus|100/100 slp|[silent]
|move|p2a: Donphan|Hidden Power|p1a: Misdreavus
|-damage|p1a: Misdreavus|70/100 slp
|
|-weather|Sandstorm|[upkeep]
|-damage|p1a: Misdreavus|64/100 slp|[from] Sandstorm
|-heal|p1a: Misdreavus|70/100 slp|[from] item: Leftovers
|upkeep
|turn|23
|inactive|Nardgo has 270 seconds left.
|
|t:|1730138686
|switch|p1a: Flygon|Flygon, M|100/100
|move|p2a: Donphan|Hidden Power|p1a: Flygon
|-resisted|p1a: Flygon
|-damage|p1a: Flygon|93/100
|
|-weather|Sandstorm|[upkeep]
|-heal|p1a: Flygon|99/100|[from] item: Leftovers
|upkeep
|turn|24
|
|t:|1730138688
|move|p1a: Flygon|Toxic|p2a: Donphan|[miss]
|-miss|p1a: Flygon|p2a: Donphan
|move|p2a: Donphan|Rapid Spin|p1a: Flygon
|-damage|p1a: Flygon|94/100
|-sideend|p2: knexhawk2|Spikes|[from] move: Rapid Spin|[of] p2a: Donphan
|
|-weather|Sandstorm|[upkeep]
|-heal|p1a: Flygon|99/100|[from] item: Leftovers
|upkeep
|turn|25
|
|t:|1730138699
|switch|p1a: Moltres|Moltres|32/100
|switch|p2a: Skarmory|Skarmory, F|39/100
|
|-weather|Sandstorm|[upkeep]
|-damage|p1a: Moltres|25/100|[from] Sandstorm
|-heal|p1a: Moltres|32/100|[from] item: Leftovers
|-heal|p2a: Skarmory|45/100|[from] item: Leftovers
|upkeep
|turn|26
|
|t:|1730138706
|switch|p2a: Milotic|Milotic, M|100/100
|move|p1a: Moltres|Flamethrower|p2a: Milotic
|-resisted|p2a: Milotic
|-damage|p2a: Milotic|80/100
|
|-weather|Sandstorm|[upkeep]
|-damage|p1a: Moltres|25/100|[from] Sandstorm
|-damage|p2a: Milotic|74/100|[from] Sandstorm
|-heal|p1a: Moltres|32/100|[from] item: Leftovers
|-heal|p2a: Milotic|80/100|[from] item: Leftovers
|upkeep
|turn|27
|
|t:|1730138716
|switch|p2a: Celebi|Celebi|98/100
|move|p1a: Moltres|Rest|p1a: Moltres
|-status|p1a: Moltres|slp|[from] move: Rest
|-heal|p1a: Moltres|100/100 slp|[silent]
|
|-weather|Sandstorm|[upkeep]
|-damage|p1a: Moltres|94/100 slp|[from] Sandstorm
|-damage|p2a: Celebi|92/100|[from] Sandstorm
|-heal|p1a: Moltres|100/100 slp|[from] item: Leftovers
|-heal|p2a: Celebi|98/100|[from] item: Leftovers
|upkeep
|turn|28
|
|t:|1730138723
|cant|p1a: Moltres|slp
|move|p2a: Celebi|Leech Seed|p1a: Moltres
|-start|p1a: Moltres|move: Leech Seed
|
|-weather|Sandstorm|[upkeep]
|-damage|p1a: Moltres|94/100 slp|[from] Sandstorm
|-damage|p2a: Celebi|92/100|[from] Sandstorm
|-heal|p1a: Moltres|100/100 slp|[from] item: Leftovers
|-damage|p1a: Moltres|88/100 slp|[from] Leech Seed|[of] p2a: Celebi
|-heal|p2a: Celebi|100/100|[silent]
|upkeep
|turn|29
|
|t:|1730138725
|switch|p1a: Blissey|Blissey, F|100/100
|-damage|p1a: Blissey|76/100|[from] Spikes
|switch|p2a: Tyranitar|Tyranitar, F, shiny|82/100 brn
|
|-weather|Sandstorm|[upkeep]
|-damage|p1a: Blissey|69/100|[from] Sandstorm
|-heal|p2a: Tyranitar|88/100 brn|[from] item: Leftovers
|-damage|p2a: Tyranitar|76/100 brn|[from] brn
|-heal|p1a: Blissey|76/100|[from] item: Leftovers
|upkeep
|turn|30
|
|t:|1730138737
|switch|p2a: Skarmory|Skarmory, F|45/100
|move|p1a: Blissey|Ice Beam|p2a: Skarmory
|-damage|p2a: Skarmory|21/100
|
|-weather|Sandstorm|[upkeep]
|-damage|p1a: Blissey|69/100|[from] Sandstorm
|-heal|p2a: Skarmory|27/100|[from] item: Leftovers
|-heal|p1a: Blissey|76/100|[from] item: Leftovers
|upkeep
|turn|31
|
|t:|1730138743
|switch|p2a: Celebi|Celebi|100/100
|move|p1a: Blissey|Aromatherapy|p1a: Blissey
|-cureteam|p1a: Blissey|[from] move: Aromatherapy
|
|-weather|Sandstorm|[upkeep]
|-damage|p2a: Celebi|94/100|[from] Sandstorm
|-damage|p1a: Blissey|69/100|[from] Sandstorm
|-heal|p2a: Celebi|100/100|[from] item: Leftovers
|-heal|p1a: Blissey|76/100|[from] item: Leftovers
|upkeep
|turn|32
|
|t:|1730138755
|switch|p2a: Milotic|Milotic, M|80/100
|switch|p1a: Zapdos|Zapdos|59/100
|
|-weather|Sandstorm|[upkeep]
|-damage|p1a: Zapdos|52/100|[from] Sandstorm
|-damage|p2a: Milotic|74/100|[from] Sandstorm
|-heal|p1a: Zapdos|59/100|[from] item: Leftovers
|-heal|p2a: Milotic|80/100|[from] item: Leftovers
|upkeep
|turn|33
|
|t:|1730138772
|switch|p2a: Celebi|Celebi|100/100
|move|p1a: Zapdos|Thunderbolt|p2a: Celebi
|-resisted|p2a: Celebi
|-damage|p2a: Celebi|85/100
|
|-weather|Sandstorm|[upkeep]
|-damage|p1a: Zapdos|52/100|[from] Sandstorm
|-damage|p2a: Celebi|79/100|[from] Sandstorm
|-heal|p1a: Zapdos|59/100|[from] item: Leftovers
|-heal|p2a: Celebi|85/100|[from] item: Leftovers
|upkeep
|turn|34
|
|t:|1730138776
|move|p1a: Zapdos|Rest|p1a: Zapdos
|-status|p1a: Zapdos|slp|[from] move: Rest
|-heal|p1a: Zapdos|100/100 slp|[silent]
|move|p2a: Celebi|Hidden Power|p1a: Zapdos
|-resisted|p1a: Zapdos
|-damage|p1a: Zapdos|92/100 slp
|
|-weather|Sandstorm|[upkeep]
|-damage|p1a: Zapdos|86/100 slp|[from] Sandstorm
|-damage|p2a: Celebi|79/100|[from] Sandstorm
|-heal|p1a: Zapdos|92/100 slp|[from] item: Leftovers
|-heal|p2a: Celebi|85/100|[from] item: Leftovers
|upkeep
|turn|35
|
|t:|1730138792
|switch|p2a: Magneton|Magneton|99/100
|cant|p1a: Zapdos|slp
|
|-weather|Sandstorm|[upkeep]
|-damage|p1a: Zapdos|86/100 slp|[from] Sandstorm
|-heal|p1a: Zapdos|92/100 slp|[from] item: Leftovers
|-heal|p2a: Magneton|100/100|[from] item: Leftovers
|upkeep
|turn|36
|
|t:|1730138802
|switch|p1a: Flygon|Flygon, M|99/100
|move|p2a: Magneton|Thunderbolt|p1a: Flygon
|-immune|p1a: Flygon
|
|-weather|Sandstorm|[upkeep]
|-heal|p1a: Flygon|100/100|[from] item: Leftovers
|upkeep
|turn|37
|
|t:|1730138810
|switch|p2a: Celebi|Celebi|85/100
|move|p1a: Flygon|Rock Slide|p2a: Celebi
|-damage|p2a: Celebi|73/100
|
|-weather|Sandstorm|[upkeep]
|-damage|p2a: Celebi|67/100|[from] Sandstorm
|-heal|p2a: Celebi|73/100|[from] item: Leftovers
|upkeep
|turn|38
|
|t:|1730138815
|switch|p2a: Milotic|Milotic, M|80/100
|move|p1a: Flygon|Protect||[still]
|-fail|p1a: Flygon
|
|-weather|Sandstorm|[upkeep]
|-damage|p2a: Milotic|74/100|[from] Sandstorm
|-heal|p2a: Milotic|80/100|[from] item: Leftovers
|upkeep
|turn|39
|
|t:|1730138826
|switch|p1a: Zapdos|Zapdos|92/100 slp
|move|p2a: Milotic|Surf|p1a: Zapdos
|-damage|p1a: Zapdos|69/100 slp
|
|-weather|Sandstorm|[upkeep]
|-damage|p1a: Zapdos|63/100 slp|[from] Sandstorm
|-damage|p2a: Milotic|74/100|[from] Sandstorm
|-heal|p1a: Zapdos|69/100 slp|[from] item: Leftovers
|-heal|p2a: Milotic|80/100|[from] item: Leftovers
|upkeep
|turn|40
|
|t:|1730138830
|switch|p2a: Celebi|Celebi|73/100
|cant|p1a: Zapdos|slp
|
|-weather|Sandstorm|[upkeep]
|-damage|p1a: Zapdos|63/100 slp|[from] Sandstorm
|-damage|p2a: Celebi|67/100|[from] Sandstorm
|-heal|p1a: Zapdos|69/100 slp|[from] item: Leftovers
|-heal|p2a: Celebi|73/100|[from] item: Leftovers
|upkeep
|turn|41
|
|t:|1730138842
|switch|p2a: Magneton|Magneton|100/100
|-curestatus|p1a: Zapdos|slp|[msg]
|move|p1a: Zapdos|Rest|p1a: Zapdos
|-status|p1a: Zapdos|slp|[from] move: Rest
|-heal|p1a: Zapdos|100/100 slp|[silent]
|
|-weather|Sandstorm|[upkeep]
|-damage|p1a: Zapdos|94/100 slp|[from] Sandstorm
|-heal|p1a: Zapdos|100/100 slp|[from] item: Leftovers
|upkeep
|turn|42
|
|t:|1730138846
|cant|p1a: Zapdos|slp
|move|p1a: Zapdos|Sleep Talk|p1a: Zapdos
|move|p1a: Zapdos|Roar|p2a: Magneton|[from]Sleep Talk
|drag|p2a: Donphan|Donphan, F|100/100
|
|-weather|Sandstorm|[upkeep]
|-damage|p1a: Zapdos|94/100 slp|[from] Sandstorm
|-heal|p1a: Zapdos|100/100 slp|[from] item: Leftovers
|upkeep
|turn|43
|
|t:|1730138851
|cant|p1a: Zapdos|slp
|move|p2a: Donphan|Hidden Power|p1a: Zapdos
|-supereffective|p1a: Zapdos
|-crit|p1a: Zapdos
|-damage|p1a: Zapdos|21/100 slp
|
|-weather|Sandstorm|[upkeep]
|-damage|p1a: Zapdos|15/100 slp|[from] Sandstorm
|-heal|p1a: Zapdos|21/100 slp|[from] item: Leftovers
|upkeep
|turn|44
|
|t:|1730138858
|-curestatus|p1a: Zapdos|slp|[msg]
|move|p1a: Zapdos|Rest|p1a: Zapdos
|-status|p1a: Zapdos|slp|[from] move: Rest
|-heal|p1a: Zapdos|100/100 slp|[silent]
|move|p2a: Donphan|Hidden Power|p1a: Zapdos
|-supereffective|p1a: Zapdos
|-damage|p1a: Zapdos|59/100 slp
|
|-weather|Sandstorm|[upkeep]
|-damage|p1a: Zapdos|53/100 slp|[from] Sandstorm
|-heal|p1a: Zapdos|59/100 slp|[from] item: Leftovers
|upkeep
|turn|45
|inactive|knexhawk2 has 270 seconds left.
|
|t:|1730138893
|switch|p1a: Flygon|Flygon, M|100/100
|switch|p2a: Tyranitar|Tyranitar, F, shiny|76/100 brn
|
|-weather|Sandstorm|[upkeep]
|-heal|p2a: Tyranitar|82/100 brn|[from] item: Leftovers
|-damage|p2a: Tyranitar|69/100 brn|[from] brn
|upkeep
|turn|46
|
|t:|1730138902
|move|p1a: Flygon|Protect|p1a: Flygon
|-singleturn|p1a: Flygon|Protect
|move|p2a: Tyranitar|Ice Beam|p1a: Flygon
|-activate|p1a: Flygon|Protect
|
|-weather|Sandstorm|[upkeep]
|-heal|p2a: Tyranitar|76/100 brn|[from] item: Leftovers
|-damage|p2a: Tyranitar|63/100 brn|[from] brn
|upkeep
|turn|47
|
|t:|1730138914
|switch|p1a: Blissey|Blissey, F|76/100
|-damage|p1a: Blissey|51/100|[from] Spikes
|move|p2a: Tyranitar|Ice Beam|p1a: Blissey
|-damage|p1a: Blissey|38/100
|
|-weather|Sandstorm|[upkeep]
|-damage|p1a: Blissey|32/100|[from] Sandstorm
|-heal|p2a: Tyranitar|69/100 brn|[from] item: Leftovers
|-damage|p2a: Tyranitar|57/100 brn|[from] brn
|-heal|p1a: Blissey|38/100|[from] item: Leftovers
|upkeep
|turn|48
|
|t:|1730138926
|switch|p2a: Celebi|Celebi|73/100
|move|p1a: Blissey|Soft-Boiled|p1a: Blissey
|-heal|p1a: Blissey|88/100
|
|-weather|Sandstorm|[upkeep]
|-damage|p2a: Celebi|67/100|[from] Sandstorm
|-damage|p1a: Blissey|82/100|[from] Sandstorm
|-heal|p2a: Celebi|73/100|[from] item: Leftovers
|-heal|p1a: Blissey|88/100|[from] item: Leftovers
|upkeep
|turn|49
|
|t:|1730138932
|move|p2a: Celebi|Leech Seed|p1a: Blissey
|-start|p1a: Blissey|move: Leech Seed
|move|p1a: Blissey|Aromatherapy|p1a: Blissey
|-cureteam|p1a: Blissey|[from] move: Aromatherapy
|
|-weather|Sandstorm|[upkeep]
|-damage|p2a: Celebi|67/100|[from] Sandstorm
|-damage|p1a: Blissey|82/100|[from] Sandstorm
|-heal|p2a: Celebi|73/100|[from] item: Leftovers
|-heal|p1a: Blissey|88/100|[from] item: Leftovers
|-damage|p1a: Blissey|76/100|[from] Leech Seed|[of] p2a: Celebi
|-heal|p2a: Celebi|94/100|[silent]
|upkeep
|turn|50
|
|t:|1730138936
|switch|p2a: Magneton|Magneton|100/100
|switch|p1a: Moltres|Moltres|88/100
|
|-weather|Sandstorm|[upkeep]
|-damage|p1a: Moltres|82/100|[from] Sandstorm
|-heal|p1a: Moltres|88/100|[from] item: Leftovers
|upkeep
|turn|51
|
|t:|1730138941
|switch|p2a: Milotic|Milotic, M|80/100
|move|p1a: Moltres|Flamethrower|p2a: Milotic
|-resisted|p2a: Milotic
|-damage|p2a: Milotic|61/100
|
|-weather|Sandstorm|[upkeep]
|-damage|p1a: Moltres|82/100|[from] Sandstorm
|-damage|p2a: Milotic|55/100|[from] Sandstorm
|-heal|p1a: Moltres|88/100|[from] item: Leftovers
|-heal|p2a: Milotic|61/100|[from] item: Leftovers
|upkeep
|turn|52
|
|t:|1730138945
|switch|p1a: Zapdos|Zapdos|59/100
|move|p2a: Milotic|Recover|p2a: Milotic
|-heal|p2a: Milotic|100/100
|
|-weather|Sandstorm|[upkeep]
|-damage|p1a: Zapdos|53/100|[from] Sandstorm
|-damage|p2a: Milotic|94/100|[from] Sandstorm
|-heal|p1a: Zapdos|59/100|[from] item: Leftovers
|-heal|p2a: Milotic|100/100|[from] item: Leftovers
|upkeep
|turn|53
|
|t:|1730138954
|switch|p2a: Celebi|Celebi|94/100
|move|p1a: Zapdos|Rest|p1a: Zapdos
|-status|p1a: Zapdos|slp|[from] move: Rest
|-heal|p1a: Zapdos|100/100 slp|[silent]
|
|-weather|Sandstorm|[upkeep]
|-damage|p1a: Zapdos|94/100 slp|[from] Sandstorm
|-damage|p2a: Celebi|87/100|[from] Sandstorm
|-heal|p1a: Zapdos|100/100 slp|[from] item: Leftovers
|-heal|p2a: Celebi|94/100|[from] item: Leftovers
|upkeep
|turn|54
|
|t:|1730138958
|switch|p2a: Magneton|Magneton|100/100
|cant|p1a: Zapdos|slp
|
|-weather|Sandstorm|[upkeep]
|-damage|p1a: Zapdos|94/100 slp|[from] Sandstorm
|-heal|p1a: Zapdos|100/100 slp|[from] item: Leftovers
|upkeep
|turn|55
|
|t:|1730138963
|switch|p1a: Flygon|Flygon, M|100/100
|move|p2a: Magneton|Toxic|p1a: Flygon|[miss]
|-miss|p2a: Magneton|p1a: Flygon
|
|-weather|Sandstorm|[upkeep]
|upkeep
|turn|56
|
|t:|1730138967
|switch|p2a: Skarmory|Skarmory, F|27/100
|move|p1a: Flygon|Earthquake|p2a: Skarmory
|-immune|p2a: Skarmory
|
|-weather|Sandstorm|[upkeep]
|-heal|p2a: Skarmory|33/100|[from] item: Leftovers
|upkeep
|turn|57
|
|t:|1730138973
|switch|p1a: Moltres|Moltres|88/100
|switch|p2a: Magneton|Magneton|100/100
|
|-weather|Sandstorm|[upkeep]
|-damage|p1a: Moltres|82/100|[from] Sandstorm
|-heal|p1a: Moltres|88/100|[from] item: Leftovers
|upkeep
|turn|58
|
|t:|1730138988
|switch|p2a: Milotic|Milotic, M|100/100
|move|p1a: Moltres|Flamethrower|p2a: Milotic
|-resisted|p2a: Milotic
|-damage|p2a: Milotic|82/100
|
|-weather|Sandstorm|[upkeep]
|-damage|p1a: Moltres|82/100|[from] Sandstorm
|-damage|p2a: Milotic|76/100|[from] Sandstorm
|-heal|p1a: Moltres|88/100|[from] item: Leftovers
|-heal|p2a: Milotic|82/100|[from] item: Leftovers
|upkeep
|turn|59
|
|t:|1730138992
|switch|p1a: Zapdos|Zapdos|100/100 slp
|move|p2a: Milotic|Surf|p1a: Zapdos
|-damage|p1a: Zapdos|77/100 slp
|
|-weather|Sandstorm|[upkeep]
|-damage|p1a: Zapdos|71/100 slp|[from] Sandstorm
|-damage|p2a: Milotic|76/100|[from] Sandstorm
|-heal|p1a: Zapdos|77/100 slp|[from] item: Leftovers
|-heal|p2a: Milotic|82/100|[from] item: Leftovers
|upkeep
|turn|60
|
|t:|1730138998
|switch|p2a: Magneton|Magneton|100/100
|cant|p1a: Zapdos|slp
|
|-weather|Sandstorm|[upkeep]
|-damage|p1a: Zapdos|71/100 slp|[from] Sandstorm
|-heal|p1a: Zapdos|77/100 slp|[from] item: Leftovers
|upkeep
|turn|61
|
|t:|1730139004
|-curestatus|p1a: Zapdos|slp|[msg]
|move|p1a: Zapdos|Thunderbolt|p2a: Magneton
|-resisted|p2a: Magneton
|-damage|p2a: Magneton|71/100
|move|p2a: Magneton|Toxic|p1a: Zapdos
|-status|p1a: Zapdos|tox
|
|-weather|Sandstorm|[upkeep]
|-damage|p1a: Zapdos|71/100 tox|[from] Sandstorm
|-heal|p1a: Zapdos|77/100 tox|[from] item: Leftovers
|-damage|p1a: Zapdos|71/100 tox|[from] psn
|-heal|p2a: Magneton|77/100|[from] item: Leftovers
|upkeep
|turn|62
|
|t:|1730139025
|move|p1a: Zapdos|Rest|p1a: Zapdos
|-status|p1a: Zapdos|slp|[from] move: Rest
|-heal|p1a: Zapdos|100/100 slp|[silent]
|move|p2a: Magneton|Toxic||[still]
|-fail|p2a: Magneton
|
|-weather|Sandstorm|[upkeep]
|-damage|p1a: Zapdos|94/100 slp|[from] Sandstorm
|-heal|p1a: Zapdos|100/100 slp|[from] item: Leftovers
|-heal|p2a: Magneton|83/100|[from] item: Leftovers
|upkeep
|turn|63
|
|t:|1730139027
|cant|p1a: Zapdos|slp
|move|p2a: Magneton|Thunderbolt|p1a: Zapdos
|-damage|p1a: Zapdos|65/100 slp
|
|-weather|Sandstorm|[upkeep]
|-damage|p1a: Zapdos|59/100 slp|[from] Sandstorm
|-heal|p1a: Zapdos|65/100 slp|[from] item: Leftovers
|-heal|p2a: Magneton|89/100|[from] item: Leftovers
|upkeep
|turn|64
|
|t:|1730139032
|cant|p1a: Zapdos|slp
|move|p1a: Zapdos|Sleep Talk|p1a: Zapdos
|move|p1a: Zapdos|Thunderbolt|p2a: Magneton|[from]Sleep Talk
|-resisted|p2a: Magneton
|-damage|p2a: Magneton|59/100
|move|p2a: Magneton|Thunderbolt|p1a: Zapdos
|-damage|p1a: Zapdos|29/100 slp
|
|-weather|Sandstorm|[upkeep]
|-damage|p1a: Zapdos|23/100 slp|[from] Sandstorm
|-heal|p1a: Zapdos|29/100 slp|[from] item: Leftovers
|-heal|p2a: Magneton|65/100|[from] item: Leftovers
|upkeep
|turn|65
|
|t:|1730139034
|-curestatus|p1a: Zapdos|slp|[msg]
|move|p1a: Zapdos|Rest|p1a: Zapdos
|-status|p1a: Zapdos|slp|[from] move: Rest
|-heal|p1a: Zapdos|100/100 slp|[silent]
|move|p2a: Magneton|Thunderbolt|p1a: Zapdos
|-damage|p1a: Zapdos|66/100 slp
|
|-weather|Sandstorm|[upkeep]
|-damage|p1a: Zapdos|60/100 slp|[from] Sandstorm
|-heal|p1a: Zapdos|66/100 slp|[from] item: Leftovers
|-heal|p2a: Magneton|71/100|[from] item: Leftovers
|upkeep
|turn|66
|
|t:|1730139042
|switch|p1a: Flygon|Flygon, M|100/100
|move|p2a: Magneton|Toxic|p1a: Flygon
|-status|p1a: Flygon|tox
|
|-weather|Sandstorm|[upkeep]
|-damage|p1a: Flygon|94/100 tox|[from] psn
|-heal|p2a: Magneton|77/100|[from] item: Leftovers
|upkeep
|turn|67
|
|t:|1730139047
|switch|p1a: Zapdos|Zapdos|66/100 slp
|switch|p2a: Celebi|Celebi|94/100
|
|-weather|Sandstorm|[upkeep]
|-damage|p1a: Zapdos|60/100 slp|[from] Sandstorm
|-damage|p2a: Celebi|87/100|[from] Sandstorm
|-heal|p1a: Zapdos|66/100 slp|[from] item: Leftovers
|-heal|p2a: Celebi|94/100|[from] item: Leftovers
|upkeep
|turn|68
|
|t:|1730139051
|switch|p2a: Magneton|Magneton|77/100
|cant|p1a: Zapdos|slp
|
|-weather|Sandstorm|[upkeep]
|-damage|p1a: Zapdos|60/100 slp|[from] Sandstorm
|-heal|p1a: Zapdos|66/100 slp|[from] item: Leftovers
|-heal|p2a: Magneton|83/100|[from] item: Leftovers
|upkeep
|turn|69
|
|t:|1730139054
|switch|p2a: Donphan|Donphan, F|100/100
|cant|p1a: Zapdos|slp
|
|-weather|Sandstorm|[upkeep]
|-damage|p1a: Zapdos|60/100 slp|[from] Sandstorm
|-heal|p1a: Zapdos|66/100 slp|[from] item: Leftovers
|upkeep
|turn|70
|
|t:|1730139059
|switch|p1a: Flygon|Flygon, M|94/100 tox
|move|p2a: Donphan|Earthquake|p1a: Flygon
|-immune|p1a: Flygon
|
|-weather|Sandstorm|[upkeep]
|-heal|p1a: Flygon|100/100 tox|[from] item: Leftovers
|-damage|p1a: Flygon|94/100 tox|[from] psn
|upkeep
|turn|71
|
|t:|1730139068
|switch|p2a: Skarmory|Skarmory, F|33/100
|move|p1a: Flygon|Rock Slide|p2a: Skarmory
|-damage|p2a: Skarmory|19/100
|
|-weather|Sandstorm|[upkeep]
|-heal|p1a: Flygon|100/100 tox|[from] item: Leftovers
|-damage|p1a: Flygon|88/100 tox|[from] psn
|-heal|p2a: Skarmory|25/100|[from] item: Leftovers
|upkeep
|turn|72
|
|t:|1730139073
|switch|p1a: Moltres|Moltres|88/100
|move|p2a: Skarmory|Drill Peck|p1a: Moltres
|-damage|p1a: Moltres|63/100
|
|-weather|Sandstorm|[upkeep]
|-damage|p1a: Moltres|57/100|[from] Sandstorm
|-heal|p1a: Moltres|63/100|[from] item: Leftovers
|-heal|p2a: Skarmory|31/100|[from] item: Leftovers
|upkeep
|turn|73
|
|t:|1730139080
|move|p2a: Skarmory|Protect|p2a: Skarmory
|-singleturn|p2a: Skarmory|Protect
|move|p1a: Moltres|Will-O-Wisp|p2a: Skarmory
|-activate|p2a: Skarmory|Protect
|
|-weather|Sandstorm|[upkeep]
|-damage|p1a: Moltres|57/100|[from] Sandstorm
|-heal|p1a: Moltres|63/100|[from] item: Leftovers
|-heal|p2a: Skarmory|37/100|[from] item: Leftovers
|upkeep
|turn|74
|
|t:|1730139085
|switch|p2a: Tyranitar|Tyranitar, F, shiny|57/100 brn
|move|p1a: Moltres|Will-O-Wisp|p2a: Tyranitar
|-fail|p2a: Tyranitar|brn
|
|-weather|Sandstorm|[upkeep]
|-damage|p1a: Moltres|57/100|[from] Sandstorm
|-heal|p1a: Moltres|63/100|[from] item: Leftovers
|-heal|p2a: Tyranitar|63/100 brn|[from] item: Leftovers
|-damage|p2a: Tyranitar|51/100 brn|[from] brn
|upkeep
|turn|75
|
|t:|1730139089
|move|p1a: Moltres|Hidden Power|p2a: Tyranitar
|-supereffective|p2a: Tyranitar
|-damage|p2a: Tyranitar|3/100 brn
|move|p2a: Tyranitar|Crunch|p1a: Moltres
|-damage|p1a: Moltres|17/100
|
|-weather|Sandstorm|[upkeep]
|-damage|p1a: Moltres|11/100|[from] Sandstorm
|-heal|p1a: Moltres|17/100|[from] item: Leftovers
|-heal|p2a: Tyranitar|9/100 brn|[from] item: Leftovers
|-damage|p2a: Tyranitar|0 fnt|[from] brn
|faint|p2a: Tyranitar
|upkeep
|
|t:|1730139091
|switch|p2a: Milotic|Milotic, M|82/100
|turn|76
|
|t:|1730139102
|move|p1a: Moltres|Rest|p1a: Moltres
|-status|p1a: Moltres|slp|[from] move: Rest
|-heal|p1a: Moltres|100/100 slp|[silent]
|move|p2a: Milotic|Surf|p1a: Moltres
|-supereffective|p1a: Moltres
|-damage|p1a: Moltres|21/100 slp
|
|-weather|Sandstorm|[upkeep]
|-damage|p1a: Moltres|15/100 slp|[from] Sandstorm
|-damage|p2a: Milotic|76/100|[from] Sandstorm
|-heal|p1a: Moltres|21/100 slp|[from] item: Leftovers
|-heal|p2a: Milotic|82/100|[from] item: Leftovers
|upkeep
|turn|77
|
|t:|1730139107
|switch|p1a: Blissey|Blissey, F|76/100
|-damage|p1a: Blissey|51/100|[from] Spikes
|move|p2a: Milotic|Surf|p1a: Blissey
|-damage|p1a: Blissey|37/100
|
|-weather|Sandstorm|[upkeep]
|-damage|p2a: Milotic|76/100|[from] Sandstorm
|-damage|p1a: Blissey|31/100|[from] Sandstorm
|-heal|p2a: Milotic|82/100|[from] item: Leftovers
|-heal|p1a: Blissey|37/100|[from] item: Leftovers
|upkeep
|turn|78
|
|t:|1730139112
|switch|p2a: Celebi|Celebi|94/100
|move|p1a: Blissey|Aromatherapy|p1a: Blissey
|-cureteam|p1a: Blissey|[from] move: Aromatherapy
|
|-weather|Sandstorm|[upkeep]
|-damage|p2a: Celebi|87/100|[from] Sandstorm
|-damage|p1a: Blissey|31/100|[from] Sandstorm
|-heal|p2a: Celebi|94/100|[from] item: Leftovers
|-heal|p1a: Blissey|37/100|[from] item: Leftovers
|upkeep
|turn|79
|
|t:|1730139114
|move|p2a: Celebi|Leech Seed|p1a: Blissey
|-start|p1a: Blissey|move: Leech Seed
|move|p1a: Blissey|Soft-Boiled|p1a: Blissey
|-heal|p1a: Blissey|87/100
|
|-weather|Sandstorm|[upkeep]
|-damage|p2a: Celebi|87/100|[from] Sandstorm
|-damage|p1a: Blissey|81/100|[from] Sandstorm
|-heal|p2a: Celebi|94/100|[from] item: Leftovers
|-heal|p1a: Blissey|87/100|[from] item: Leftovers
|-damage|p1a: Blissey|74/100|[from] Leech Seed|[of] p2a: Celebi
|-heal|p2a: Celebi|100/100|[silent]
|upkeep
|turn|80
|
|t:|1730139120
|switch|p1a: Zapdos|Zapdos|66/100
|move|p2a: Celebi|Leech Seed|p1a: Zapdos
|-start|p1a: Zapdos|move: Leech Seed
|
|-weather|Sandstorm|[upkeep]
|-damage|p1a: Zapdos|60/100|[from] Sandstorm
|-damage|p2a: Celebi|94/100|[from] Sandstorm
|-heal|p1a: Zapdos|66/100|[from] item: Leftovers
|-damage|p1a: Zapdos|54/100|[from] Leech Seed|[of] p2a: Celebi
|-heal|p2a: Celebi|100/100|[silent]
|upkeep
|turn|81
|
|t:|1730139127
|switch|p1a: Flygon|Flygon, M|88/100
|switch|p2a: Donphan|Donphan, F|100/100
|
|-weather|Sandstorm|[upkeep]
|-heal|p1a: Flygon|94/100|[from] item: Leftovers
|upkeep
|turn|82
|
|t:|1730139133
|switch|p1a: Moltres|Moltres|21/100
|switch|p2a: Milotic|Milotic, M|82/100
|
|-weather|Sandstorm|[upkeep]
|-damage|p1a: Moltres|15/100|[from] Sandstorm
|-damage|p2a: Milotic|76/100|[from] Sandstorm
|-heal|p1a: Moltres|21/100|[from] item: Leftovers
|-heal|p2a: Milotic|82/100|[from] item: Leftovers
|upkeep
|turn|83
|
|t:|1730139139
|switch|p1a: Zapdos|Zapdos|54/100
|move|p2a: Milotic|Surf|p1a: Zapdos
|-damage|p1a: Zapdos|31/100
|
|-weather|Sandstorm|[upkeep]
|-damage|p1a: Zapdos|25/100|[from] Sandstorm
|-damage|p2a: Milotic|76/100|[from] Sandstorm
|-heal|p1a: Zapdos|31/100|[from] item: Leftovers
|-heal|p2a: Milotic|82/100|[from] item: Leftovers
|upkeep
|turn|84
|
|t:|1730139143
|switch|p2a: Magneton|Magneton|83/100
|move|p1a: Zapdos|Rest|p1a: Zapdos
|-status|p1a: Zapdos|slp|[from] move: Rest
|-heal|p1a: Zapdos|100/100 slp|[silent]
|
|-weather|Sandstorm|[upkeep]
|-damage|p1a: Zapdos|94/100 slp|[from] Sandstorm
|-heal|p1a: Zapdos|100/100 slp|[from] item: Leftovers
|-heal|p2a: Magneton|89/100|[from] item: Leftovers
|upkeep
|turn|85
|
|t:|1730139145
|switch|p1a: Flygon|Flygon, M|94/100
|move|p2a: Magneton|Thunderbolt|p1a: Flygon
|-immune|p1a: Flygon
|
|-weather|Sandstorm|[upkeep]
|-heal|p1a: Flygon|100/100|[from] item: Leftovers
|-heal|p2a: Magneton|95/100|[from] item: Leftovers
|upkeep
|turn|86
|
|t:|1730139148
|switch|p2a: Skarmory|Skarmory, F|37/100
|move|p1a: Flygon|Earthquake|p2a: Skarmory
|-immune|p2a: Skarmory
|
|-weather|Sandstorm|[upkeep]
|-heal|p2a: Skarmory|43/100|[from] item: Leftovers
|upkeep
|turn|87
|
|t:|1730139156
|switch|p1a: Zapdos|Zapdos|100/100 slp
|move|p2a: Skarmory|Drill Peck|p1a: Zapdos
|-resisted|p1a: Zapdos
|-damage|p1a: Zapdos|89/100 slp
|
|-weather|Sandstorm|[upkeep]
|-damage|p1a: Zapdos|83/100 slp|[from] Sandstorm
|-heal|p1a: Zapdos|89/100 slp|[from] item: Leftovers
|-heal|p2a: Skarmory|49/100|[from] item: Leftovers
|upkeep
|turn|88
|
|t:|1730139159
|move|p2a: Skarmory|Protect|p2a: Skarmory
|-singleturn|p2a: Skarmory|Protect
|cant|p1a: Zapdos|slp
|
|-weather|Sandstorm|[upkeep]
|-damage|p1a: Zapdos|83/100 slp|[from] Sandstorm
|-heal|p1a: Zapdos|89/100 slp|[from] item: Leftovers
|-heal|p2a: Skarmory|55/100|[from] item: Leftovers
|upkeep
|turn|89
|
|t:|1730139162
|switch|p2a: Celebi|Celebi|100/100
|cant|p1a: Zapdos|slp
|
|-weather|Sandstorm|[upkeep]
|-damage|p1a: Zapdos|83/100 slp|[from] Sandstorm
|-damage|p2a: Celebi|94/100|[from] Sandstorm
|-heal|p1a: Zapdos|89/100 slp|[from] item: Leftovers
|-heal|p2a: Celebi|100/100|[from] item: Leftovers
|upkeep
|turn|90
|
|t:|1730139175
|switch|p2a: Donphan|Donphan, F|100/100
|-curestatus|p1a: Zapdos|slp|[msg]
|move|p1a: Zapdos|Thunderbolt|p2a: Donphan
|-immune|p2a: Donphan
|
|-weather|Sandstorm|[upkeep]
|-damage|p1a: Zapdos|83/100|[from] Sandstorm
|-heal|p1a: Zapdos|89/100|[from] item: Leftovers
|upkeep
|turn|91
|
|t:|1730139179
|switch|p1a: Flygon|Flygon, M|100/100
|switch|p2a: Celebi|Celebi|100/100
|
|-weather|Sandstorm|[upkeep]
|-damage|p2a: Celebi|94/100|[from] Sandstorm
|-heal|p2a: Celebi|100/100|[from] item: Leftovers
|upkeep
|turn|92
|
|t:|1730139189
|switch|p2a: Donphan|Donphan, F|100/100
|move|p1a: Flygon|Toxic|p2a: Donphan
|-status|p2a: Donphan|tox
|
|-weather|Sandstorm|[upkeep]
|-damage|p2a: Donphan|94/100 tox|[from] psn
|upkeep
|turn|93
|
|t:|1730139193
|switch|p2a: Celebi|Celebi|100/100
|move|p1a: Flygon|Protect||[still]
|-fail|p1a: Flygon
|
|-weather|Sandstorm|[upkeep]
|-damage|p2a: Celebi|94/100|[from] Sandstorm
|-heal|p2a: Celebi|100/100|[from] item: Leftovers
|upkeep
|turn|94
|
|t:|1730139198
|switch|p2a: Milotic|Milotic, M|82/100
|move|p1a: Flygon|Toxic|p2a: Milotic
|-status|p2a: Milotic|tox
|
|-weather|Sandstorm|[upkeep]
|-damage|p2a: Milotic|76/100 tox|[from] Sandstorm
|-heal|p2a: Milotic|82/100 tox|[from] item: Leftovers
|-damage|p2a: Milotic|76/100 tox|[from] psn
|upkeep
|turn|95
|
|t:|1730139205
|switch|p1a: Zapdos|Zapdos|89/100
|move|p2a: Milotic|Surf|p1a: Zapdos
|-crit|p1a: Zapdos
|-damage|p1a: Zapdos|46/100
|
|-weather|Sandstorm|[upkeep]
|-damage|p1a: Zapdos|40/100|[from] Sandstorm
|-damage|p2a: Milotic|70/100 tox|[from] Sandstorm
|-heal|p1a: Zapdos|46/100|[from] item: Leftovers
|-heal|p2a: Milotic|76/100 tox|[from] item: Leftovers
|-damage|p2a: Milotic|64/100 tox|[from] psn
|upkeep
|turn|96
|
|t:|1730139213
|switch|p2a: Celebi|Celebi|100/100
|move|p1a: Zapdos|Rest|p1a: Zapdos
|-status|p1a: Zapdos|slp|[from] move: Rest
|-heal|p1a: Zapdos|100/100 slp|[silent]
|
|-weather|Sandstorm|[upkeep]
|-damage|p1a: Zapdos|94/100 slp|[from] Sandstorm
|-damage|p2a: Celebi|94/100|[from] Sandstorm
|-heal|p1a: Zapdos|100/100 slp|[from] item: Leftovers
|-heal|p2a: Celebi|100/100|[from] item: Leftovers
|upkeep
|turn|97
|
|t:|1730139221
|switch|p2a: Magneton|Magneton|95/100
|cant|p1a: Zapdos|slp
|
|-weather|Sandstorm|[upkeep]
|-damage|p1a: Zapdos|94/100 slp|[from] Sandstorm
|-heal|p1a: Zapdos|100/100 slp|[from] item: Leftovers
|-heal|p2a: Magneton|100/100|[from] item: Leftovers
|upkeep
|turn|98
|
|t:|1730139231
|switch|p1a: Flygon|Flygon, M|100/100
|move|p2a: Magneton|Thunderbolt|p1a: Flygon
|-immune|p1a: Flygon
|
|-weather|Sandstorm|[upkeep]
|upkeep
|turn|99
|
|t:|1730139235
|switch|p2a: Skarmory|Skarmory, F|55/100
|move|p1a: Flygon|Protect||[still]
|-fail|p1a: Flygon
|
|-weather|Sandstorm|[upkeep]
|-heal|p2a: Skarmory|61/100|[from] item: Leftovers
|upkeep
|turn|100
|
|t:|1730139242
|switch|p1a: Zapdos|Zapdos|100/100 slp
|move|p2a: Skarmory|Roar|p1a: Zapdos
|drag|p1a: Skarmory|Skarmory, M|17/100
|
|-weather|Sandstorm|[upkeep]
|-heal|p2a: Skarmory|67/100|[from] item: Leftovers
|-heal|p1a: Skarmory|23/100|[from] item: Leftovers
|upkeep
|turn|101
|
|t:|1730139252
|switch|p2a: Magneton|Magneton|100/100
|move|p1a: Skarmory|Spikes|p2a: Magneton
|-sidestart|p2: knexhawk2|Spikes
|
|-weather|Sandstorm|[upkeep]
|-heal|p1a: Skarmory|29/100|[from] item: Leftovers
|upkeep
|turn|102
|
|t:|1730139255
|move|p1a: Skarmory|Protect|p1a: Skarmory
|-singleturn|p1a: Skarmory|Protect
|move|p2a: Magneton|Thunderbolt|p1a: Skarmory
|-activate|p1a: Skarmory|Protect
|
|-weather|Sandstorm|[upkeep]
|-heal|p1a: Skarmory|35/100|[from] item: Leftovers
|upkeep
|turn|103
|
|t:|1730139256
|move|p2a: Magneton|Thunderbolt|p1a: Skarmory
|-supereffective|p1a: Skarmory
|-damage|p1a: Skarmory|0 fnt
|faint|p1a: Skarmory
|
|t:|1730139260
|switch|p1a: Moltres|Moltres|21/100
|
|-weather|Sandstorm|[upkeep]
|-damage|p1a: Moltres|15/100|[from] Sandstorm
|-heal|p1a: Moltres|21/100|[from] item: Leftovers
|upkeep
|turn|104
|
|t:|1730139268
|switch|p2a: Donphan|Donphan, F|94/100 tox
|-damage|p2a: Donphan|82/100 tox|[from] Spikes
|move|p1a: Moltres|Flamethrower|p2a: Donphan
|-crit|p2a: Donphan
|-damage|p2a: Donphan|0 fnt
|faint|p2a: Donphan
|
|t:|1730139270
|switch|p2a: Milotic|Milotic, M|64/100 tox
|-damage|p2a: Milotic|52/100 tox|[from] Spikes
|
|-weather|Sandstorm|[upkeep]
|-damage|p1a: Moltres|15/100|[from] Sandstorm
|-damage|p2a: Milotic|46/100 tox|[from] Sandstorm
|-heal|p1a: Moltres|21/100|[from] item: Leftovers
|-heal|p2a: Milotic|52/100 tox|[from] item: Leftovers
|-damage|p2a: Milotic|46/100 tox|[from] psn
|upkeep
|turn|105
|
|t:|1730139279
|switch|p1a: Blissey|Blissey, F|74/100
|-damage|p1a: Blissey|50/100|[from] Spikes
|move|p2a: Milotic|Recover|p2a: Milotic
|-heal|p2a: Milotic|95/100 tox
|
|-weather|Sandstorm|[upkeep]
|-damage|p2a: Milotic|89/100 tox|[from] Sandstorm
|-damage|p1a: Blissey|43/100|[from] Sandstorm
|-heal|p2a: Milotic|95/100 tox|[from] item: Leftovers
|-damage|p2a: Milotic|83/100 tox|[from] psn
|-heal|p1a: Blissey|50/100|[from] item: Leftovers
|upkeep
|turn|106
|
|t:|1730139281
|move|p2a: Milotic|Refresh|p2a: Milotic
|-curestatus|p2a: Milotic|tox|[msg]
|move|p1a: Blissey|Soft-Boiled|p1a: Blissey
|-heal|p1a: Blissey|99/100
|
|-weather|Sandstorm|[upkeep]
|-damage|p2a: Milotic|77/100|[from] Sandstorm
|-damage|p1a: Blissey|93/100|[from] Sandstorm
|-heal|p2a: Milotic|83/100|[from] item: Leftovers
|-heal|p1a: Blissey|99/100|[from] item: Leftovers
|upkeep
|turn|107
|
|t:|1730139284
|move|p2a: Milotic|Toxic|p1a: Blissey
|-status|p1a: Blissey|tox
|move|p1a: Blissey|Seismic Toss|p2a: Milotic
|-damage|p2a: Milotic|58/100
|
|-weather|Sandstorm|[upkeep]
|-damage|p2a: Milotic|52/100|[from] Sandstorm
|-damage|p1a: Blissey|93/100 tox|[from] Sandstorm
|-heal|p2a: Milotic|58/100|[from] item: Leftovers
|-heal|p1a: Blissey|99/100 tox|[from] item: Leftovers
|-damage|p1a: Blissey|93/100 tox|[from] psn
|upkeep
|turn|108
|
|t:|1730139306
|-curestatus|p1a: Blissey|tox|[from] ability: Natural Cure
|switch|p1a: Zapdos|Zapdos|100/100 slp
|move|p2a: Milotic|Recover|p2a: Milotic
|-heal|p2a: Milotic|100/100
|
|-weather|Sandstorm|[upkeep]
|-damage|p1a: Zapdos|94/100 slp|[from] Sandstorm
|-damage|p2a: Milotic|94/100|[from] Sandstorm
|-heal|p1a: Zapdos|100/100 slp|[from] item: Leftovers
|-heal|p2a: Milotic|100/100|[from] item: Leftovers
|upkeep
|turn|109
|
|t:|1730139311
|switch|p2a: Celebi|Celebi|100/100
|-damage|p2a: Celebi|88/100|[from] Spikes
|cant|p1a: Zapdos|slp
|move|p1a: Zapdos|Sleep Talk|p1a: Zapdos
|move|p1a: Zapdos|Thunderbolt|p2a: Celebi|[from]Sleep Talk
|-resisted|p2a: Celebi
|-damage|p2a: Celebi|73/100
|
|-weather|Sandstorm|[upkeep]
|-damage|p1a: Zapdos|94/100 slp|[from] Sandstorm
|-damage|p2a: Celebi|67/100|[from] Sandstorm
|-heal|p1a: Zapdos|100/100 slp|[from] item: Leftovers
|-heal|p2a: Celebi|73/100|[from] item: Leftovers
|upkeep
|turn|110
|
|t:|1730139315
|move|p2a: Celebi|Leech Seed|p1a: Zapdos
|-start|p1a: Zapdos|move: Leech Seed
|-curestatus|p1a: Zapdos|slp|[msg]
|move|p1a: Zapdos|Roar|p2a: Celebi
|drag|p2a: Magneton|Magneton|100/100
|-damage|p2a: Magneton|88/100|[from] Spikes
|
|-weather|Sandstorm|[upkeep]
|-damage|p1a: Zapdos|94/100|[from] Sandstorm
|-heal|p1a: Zapdos|100/100|[from] item: Leftovers
|-damage|p1a: Zapdos|88/100|[from] Leech Seed|[of] p2a: Magneton
|-heal|p2a: Magneton|100/100|[silent]
|upkeep
|turn|111
|
|t:|1730139323
|switch|p1a: Flygon|Flygon, M|100/100
|move|p2a: Magneton|Toxic|p1a: Flygon
|-status|p1a: Flygon|tox
|
|-weather|Sandstorm|[upkeep]
|-damage|p1a: Flygon|94/100 tox|[from] psn
|upkeep
|turn|112
|
|t:|1730139328
|switch|p1a: Zapdos|Zapdos|88/100
|switch|p2a: Skarmory|Skarmory, F|67/100
|
|-weather|Sandstorm|[upkeep]
|-damage|p1a: Zapdos|82/100|[from] Sandstorm
|-heal|p1a: Zapdos|88/100|[from] item: Leftovers
|-heal|p2a: Skarmory|73/100|[from] item: Leftovers
|upkeep
|turn|113
|
|t:|1730139332
|move|p2a: Skarmory|Protect|p2a: Skarmory
|-singleturn|p2a: Skarmory|Protect
|move|p1a: Zapdos|Thunderbolt|p2a: Skarmory
|-activate|p2a: Skarmory|Protect
|
|-weather|Sandstorm|[upkeep]
|-damage|p1a: Zapdos|82/100|[from] Sandstorm
|-heal|p1a: Zapdos|88/100|[from] item: Leftovers
|-heal|p2a: Skarmory|79/100|[from] item: Leftovers
|upkeep
|turn|114
|
|t:|1730139334
|switch|p2a: Celebi|Celebi|73/100
|-damage|p2a: Celebi|61/100|[from] Spikes
|move|p1a: Zapdos|Roar|p2a: Celebi
|drag|p2a: Skarmory|Skarmory, F|79/100
|
|-weather|Sandstorm|[upkeep]
|-damage|p1a: Zapdos|82/100|[from] Sandstorm
|-heal|p1a: Zapdos|88/100|[from] item: Leftovers
|-heal|p2a: Skarmory|85/100|[from] item: Leftovers
|upkeep
|turn|115
|
|t:|1730139339
|switch|p1a: Misdreavus|Misdreavus, F|70/100
|move|p2a: Skarmory|Protect||[still]
|-fail|p2a: Skarmory
|
|-weather|Sandstorm|[upkeep]
|-damage|p1a: Misdreavus|64/100|[from] Sandstorm
|-heal|p1a: Misdreavus|70/100|[from] item: Leftovers
|-heal|p2a: Skarmory|91/100|[from] item: Leftovers
|upkeep
|turn|116
|
|t:|1730139343
|move|p1a: Misdreavus|Thunderbolt|p2a: Skarmory
|-supereffective|p2a: Skarmory
|-damage|p2a: Skarmory|58/100
|move|p2a: Skarmory|Drill Peck|p1a: Misdreavus
|-damage|p1a: Misdreavus|36/100
|
|-weather|Sandstorm|[upkeep]
|-damage|p1a: Misdreavus|30/100|[from] Sandstorm
|-heal|p1a: Misdreavus|36/100|[from] item: Leftovers
|-heal|p2a: Skarmory|64/100|[from] item: Leftovers
|upkeep
|turn|117
|
|t:|1730139346
|move|p1a: Misdreavus|Rest|p1a: Misdreavus
|-status|p1a: Misdreavus|slp|[from] move: Rest
|-heal|p1a: Misdreavus|100/100 slp|[silent]
|move|p2a: Skarmory|Drill Peck|p1a: Misdreavus
|-damage|p1a: Misdreavus|65/100 slp
|
|-weather|Sandstorm|[upkeep]
|-damage|p1a: Misdreavus|59/100 slp|[from] Sandstorm
|-heal|p1a: Misdreavus|65/100 slp|[from] item: Leftovers
|-heal|p2a: Skarmory|70/100|[from] item: Leftovers
|upkeep
|turn|118
|
|t:|1730139348
|switch|p1a: Zapdos|Zapdos|88/100
|move|p2a: Skarmory|Drill Peck|p1a: Zapdos
|-resisted|p1a: Zapdos
|-damage|p1a: Zapdos|77/100
|
|-weather|Sandstorm|[upkeep]
|-damage|p1a: Zapdos|71/100|[from] Sandstorm
|-heal|p1a: Zapdos|77/100|[from] item: Leftovers
|-heal|p2a: Skarmory|76/100|[from] item: Leftovers
|upkeep
|turn|119
|
|t:|1730139355
|move|p2a: Skarmory|Protect|p2a: Skarmory
|-singleturn|p2a: Skarmory|Protect
|move|p1a: Zapdos|Thunderbolt|p2a: Skarmory
|-activate|p2a: Skarmory|Protect
|
|-weather|Sandstorm|[upkeep]
|-damage|p1a: Zapdos|71/100|[from] Sandstorm
|-heal|p1a: Zapdos|77/100|[from] item: Leftovers
|-heal|p2a: Skarmory|82/100|[from] item: Leftovers
|upkeep
|turn|120
|
|t:|1730139375
|switch|p2a: Celebi|Celebi|61/100
|-damage|p2a: Celebi|49/100|[from] Spikes
|move|p1a: Zapdos|Thunderbolt|p2a: Celebi
|-resisted|p2a: Celebi
|-damage|p2a: Celebi|34/100
|
|-weather|Sandstorm|[upkeep]
|-damage|p1a: Zapdos|71/100|[from] Sandstorm
|-damage|p2a: Celebi|27/100|[from] Sandstorm
|-heal|p1a: Zapdos|77/100|[from] item: Leftovers
|-heal|p2a: Celebi|34/100|[from] item: Leftovers
|upkeep
|turn|121
|
|t:|1730139382
|move|p2a: Celebi|Recover|p2a: Celebi
|-heal|p2a: Celebi|83/100
|move|p1a: Zapdos|Roar|p2a: Celebi
|drag|p2a: Magneton|Magneton|100/100
|-damage|p2a: Magneton|88/100|[from] Spikes
|
|-weather|Sandstorm|[upkeep]
|-damage|p1a: Zapdos|71/100|[from] Sandstorm
|-heal|p1a: Zapdos|77/100|[from] item: Leftovers
|-heal|p2a: Magneton|94/100|[from] item: Leftovers
|upkeep
|turn|122
|
|t:|1730139386
|switch|p1a: Flygon|Flygon, M|94/100 tox
|move|p2a: Magneton|Hidden Power|p1a: Flygon
|-resisted|p1a: Flygon
|-damage|p1a: Flygon|81/100 tox
|
|-weather|Sandstorm|[upkeep]
|-heal|p1a: Flygon|87/100 tox|[from] item: Leftovers
|-damage|p1a: Flygon|81/100 tox|[from] psn
|-heal|p2a: Magneton|99/100|[from] item: Leftovers
|upkeep
|turn|123
|
|t:|1730139394
|switch|p2a: Skarmory|Skarmory, F|82/100
|move|p1a: Flygon|Earthquake|p2a: Skarmory
|-immune|p2a: Skarmory
|
|-weather|Sandstorm|[upkeep]
|-heal|p1a: Flygon|87/100 tox|[from] item: Leftovers
|-damage|p1a: Flygon|75/100 tox|[from] psn
|-heal|p2a: Skarmory|88/100|[from] item: Leftovers
|upkeep
|turn|124
|
|t:|1730139406
|switch|p1a: Zapdos|Zapdos|77/100
|move|p2a: Skarmory|Roar|p1a: Zapdos
|drag|p1a: Misdreavus|Misdreavus, F|65/100 slp
|
|-weather|Sandstorm|[upkeep]
|-damage|p1a: Misdreavus|59/100 slp|[from] Sandstorm
|-heal|p1a: Misdreavus|65/100 slp|[from] item: Leftovers
|-heal|p2a: Skarmory|94/100|[from] item: Leftovers
|upkeep
|turn|125
|
|t:|1730139408
|switch|p1a: Zapdos|Zapdos|77/100
|move|p2a: Skarmory|Roar|p1a: Zapdos
|drag|p1a: Misdreavus|Misdreavus, F|65/100 slp
|
|-weather|Sandstorm|[upkeep]
|-damage|p1a: Misdreavus|59/100 slp|[from] Sandstorm
|-heal|p1a: Misdreavus|65/100 slp|[from] item: Leftovers
|-heal|p2a: Skarmory|99/100|[from] item: Leftovers
|upkeep
|turn|126
|
|t:|1730139412
|switch|p1a: Zapdos|Zapdos|77/100
|move|p2a: Skarmory|Roar|p1a: Zapdos
|drag|p1a: Moltres|Moltres|21/100
|
|-weather|Sandstorm|[upkeep]
|-damage|p1a: Moltres|15/100|[from] Sandstorm
|-heal|p1a: Moltres|21/100|[from] item: Leftovers
|-heal|p2a: Skarmory|100/100|[from] item: Leftovers
|upkeep
|turn|127
|
|t:|1730139418
|switch|p2a: Milotic|Milotic, M|100/100
|-damage|p2a: Milotic|88/100|[from] Spikes
|move|p1a: Moltres|Rest|p1a: Moltres
|-status|p1a: Moltres|slp|[from] move: Rest
|-heal|p1a: Moltres|100/100 slp|[silent]
|
|-weather|Sandstorm|[upkeep]
|-damage|p1a: Moltres|94/100 slp|[from] Sandstorm
|-damage|p2a: Milotic|82/100|[from] Sandstorm
|-heal|p1a: Moltres|100/100 slp|[from] item: Leftovers
|-heal|p2a: Milotic|88/100|[from] item: Leftovers
|upkeep
|turn|128
|
|t:|1730139422
|switch|p1a: Blissey|Blissey, F|93/100
|-damage|p1a: Blissey|68/100|[from] Spikes
|switch|p2a: Skarmory|Skarmory, F|100/100
|
|-weather|Sandstorm|[upkeep]
|-damage|p1a: Blissey|62/100|[from] Sandstorm
|-heal|p1a: Blissey|68/100|[from] item: Leftovers
|upkeep
|turn|129
|
|t:|1730139428
|move|p2a: Skarmory|Drill Peck|p1a: Blissey
|-damage|p1a: Blissey|44/100
|move|p1a: Blissey|Aromatherapy|p1a: Blissey
|-cureteam|p1a: Blissey|[from] move: Aromatherapy
|
|-weather|Sandstorm|[upkeep]
|-damage|p1a: Blissey|38/100|[from] Sandstorm
|-heal|p1a: Blissey|44/100|[from] item: Leftovers
|upkeep
|turn|130
|
|t:|1730139434
|switch|p2a: Milotic|Milotic, M|88/100
|-damage|p2a: Milotic|76/100|[from] Spikes
|move|p1a: Blissey|Soft-Boiled|p1a: Blissey
|-heal|p1a: Blissey|94/100
|
|-weather|Sandstorm|[upkeep]
|-damage|p2a: Milotic|69/100|[from] Sandstorm
|-damage|p1a: Blissey|87/100|[from] Sandstorm
|-heal|p2a: Milotic|76/100|[from] item: Leftovers
|-heal|p1a: Blissey|94/100|[from] item: Leftovers
|upkeep
|turn|131
|
|t:|1730139437
|move|p2a: Milotic|Toxic|p1a: Blissey|[miss]
|-miss|p2a: Milotic|p1a: Blissey
|move|p1a: Blissey|Seismic Toss|p2a: Milotic
|-damage|p2a: Milotic|50/100
|
|-weather|Sandstorm|[upkeep]
|-damage|p2a: Milotic|44/100|[from] Sandstorm
|-damage|p1a: Blissey|87/100|[from] Sandstorm
|-heal|p2a: Milotic|50/100|[from] item: Leftovers
|-heal|p1a: Blissey|94/100|[from] item: Leftovers
|upkeep
|turn|132
|
|t:|1730139439
|move|p2a: Milotic|Refresh||[still]
|-fail|p2a: Milotic
|move|p1a: Blissey|Seismic Toss|p2a: Milotic
|-damage|p2a: Milotic|25/100
|
|-weather|Sandstorm|[upkeep]
|-damage|p2a: Milotic|19/100|[from] Sandstorm
|-damage|p1a: Blissey|87/100|[from] Sandstorm
|-heal|p2a: Milotic|25/100|[from] item: Leftovers
|-heal|p1a: Blissey|94/100|[from] item: Leftovers
|upkeep
|turn|133
|
|t:|1730139449
|switch|p1a: Misdreavus|Misdreavus, F|65/100
|move|p2a: Milotic|Recover|p2a: Milotic
|-heal|p2a: Milotic|75/100
|
|-weather|Sandstorm|[upkeep]
|-damage|p2a: Milotic|68/100|[from] Sandstorm
|-damage|p1a: Misdreavus|59/100|[from] Sandstorm
|-heal|p2a: Milotic|75/100|[from] item: Leftovers
|-heal|p1a: Misdreavus|65/100|[from] item: Leftovers
|upkeep
|turn|134
|
|t:|1730139455
|switch|p2a: Skarmory|Skarmory, F|100/100
|move|p1a: Misdreavus|Mean Look|p2a: Skarmory
|-activate|p2a: Skarmory|trapped
|
|-weather|Sandstorm|[upkeep]
|-damage|p1a: Misdreavus|59/100|[from] Sandstorm
|-heal|p1a: Misdreavus|65/100|[from] item: Leftovers
|upkeep
|turn|135
|
|t:|1730139457
|move|p1a: Misdreavus|Thunderbolt|p2a: Skarmory
|-supereffective|p2a: Skarmory
|-damage|p2a: Skarmory|64/100
|move|p2a: Skarmory|Roar|p1a: Misdreavus
|drag|p1a: Moltres|Moltres|100/100
|
|-weather|Sandstorm|[upkeep]
|-damage|p1a: Moltres|94/100|[from] Sandstorm
|-heal|p1a: Moltres|100/100|[from] item: Leftovers
|-heal|p2a: Skarmory|70/100|[from] item: Leftovers
|upkeep
|turn|136
|
|t:|1730139463
|move|p2a: Skarmory|Protect|p2a: Skarmory
|-singleturn|p2a: Skarmory|Protect
|move|p1a: Moltres|Will-O-Wisp|p2a: Skarmory
|-activate|p2a: Skarmory|Protect
|
|-weather|Sandstorm|[upkeep]
|-damage|p1a: Moltres|94/100|[from] Sandstorm
|-heal|p1a: Moltres|100/100|[from] item: Leftovers
|-heal|p2a: Skarmory|76/100|[from] item: Leftovers
|upkeep
|turn|137
|
|t:|1730139471
|move|p1a: Moltres|Will-O-Wisp|p2a: Skarmory
|-status|p2a: Skarmory|brn
|move|p2a: Skarmory|Roar|p1a: Moltres
|drag|p1a: Misdreavus|Misdreavus, F|65/100
|
|-weather|Sandstorm|[upkeep]
|-damage|p1a: Misdreavus|59/100|[from] Sandstorm
|-heal|p1a: Misdreavus|65/100|[from] item: Leftovers
|-heal|p2a: Skarmory|82/100 brn|[from] item: Leftovers
|-damage|p2a: Skarmory|70/100 brn|[from] brn
|upkeep
|turn|138
|
|t:|1730139474
|switch|p2a: Milotic|Milotic, M|75/100
|-damage|p2a: Milotic|62/100|[from] Spikes
|move|p1a: Misdreavus|Mean Look|p2a: Milotic
|-activate|p2a: Milotic|trapped
|
|-weather|Sandstorm|[upkeep]
|-damage|p2a: Milotic|56/100|[from] Sandstorm
|-damage|p1a: Misdreavus|59/100|[from] Sandstorm
|-heal|p2a: Milotic|62/100|[from] item: Leftovers
|-heal|p1a: Misdreavus|65/100|[from] item: Leftovers
|upkeep
|turn|139
|
|t:|1730139477
|move|p2a: Milotic|Surf|p1a: Misdreavus
|-damage|p1a: Misdreavus|39/100
|move|p1a: Misdreavus|Perish Song|p1a: Misdreavus
|-start|p1a: Misdreavus|perish3|[silent]
|-start|p2a: Milotic|perish3|[silent]
|-fieldactivate|move: Perish Song
|
|-weather|Sandstorm|[upkeep]
|-damage|p2a: Milotic|56/100|[from] Sandstorm
|-damage|p1a: Misdreavus|33/100|[from] Sandstorm
|-heal|p2a: Milotic|62/100|[from] item: Leftovers
|-heal|p1a: Misdreavus|39/100|[from] item: Leftovers
|-start|p2a: Milotic|perish3
|-start|p1a: Misdreavus|perish3
|upkeep
|turn|140
|
|t:|1730139480
|move|p2a: Milotic|Surf|p1a: Misdreavus
|-damage|p1a: Misdreavus|9/100
|move|p1a: Misdreavus|Rest|p1a: Misdreavus
|-status|p1a: Misdreavus|slp|[from] move: Rest
|-heal|p1a: Misdreavus|100/100 slp|[silent]
|
|-weather|Sandstorm|[upkeep]
|-damage|p2a: Milotic|56/100|[from] Sandstorm
|-damage|p1a: Misdreavus|94/100 slp|[from] Sandstorm
|-heal|p2a: Milotic|62/100|[from] item: Leftovers
|-heal|p1a: Misdreavus|100/100 slp|[from] item: Leftovers
|-start|p2a: Milotic|perish2
|-start|p1a: Misdreavus|perish2
|upkeep
|turn|141
|
|t:|1730139483
|move|p2a: Milotic|Surf|p1a: Misdreavus
|-damage|p1a: Misdreavus|73/100 slp
|cant|p1a: Misdreavus|slp
|
|-weather|Sandstorm|[upkeep]
|-damage|p2a: Milotic|56/100|[from] Sandstorm
|-damage|p1a: Misdreavus|67/100 slp|[from] Sandstorm
|-heal|p2a: Milotic|62/100|[from] item: Leftovers
|-heal|p1a: Misdreavus|73/100 slp|[from] item: Leftovers
|-start|p2a: Milotic|perish1
|-start|p1a: Misdreavus|perish1
|upkeep
|turn|142
|
|t:|1730139486
|switch|p1a: Blissey|Blissey, F|94/100
|-damage|p1a: Blissey|69/100|[from] Spikes
|move|p2a: Milotic|Toxic|p1a: Blissey|[miss]
|-miss|p2a: Milotic|p1a: Blissey
|
|-weather|Sandstorm|[upkeep]
|-damage|p2a: Milotic|56/100|[from] Sandstorm
|-damage|p1a: Blissey|63/100|[from] Sandstorm
|-heal|p2a: Milotic|62/100|[from] item: Leftovers
|-heal|p1a: Blissey|69/100|[from] item: Leftovers
|-start|p2a: Milotic|perish0
|upkeep
|faint|p2a: Milotic
|
|t:|1730139489
|switch|p2a: Magneton|Magneton|99/100
|-damage|p2a: Magneton|88/100|[from] Spikes
|turn|143
|
|t:|1730139496
|move|p2a: Magneton|Toxic|p1a: Blissey
|-status|p1a: Blissey|tox
|move|p1a: Blissey|Seismic Toss|p2a: Magneton
|-damage|p2a: Magneton|55/100
|
|-weather|Sandstorm|[upkeep]
|-damage|p1a: Blissey|63/100 tox|[from] Sandstorm
|-heal|p2a: Magneton|61/100|[from] item: Leftovers
|-heal|p1a: Blissey|69/100 tox|[from] item: Leftovers
|-damage|p1a: Blissey|63/100 tox|[from] psn
|upkeep
|turn|144
|
|t:|1730139499
|move|p2a: Magneton|Toxic|p1a: Blissey
|-fail|p1a: Blissey|tox
|move|p1a: Blissey|Aromatherapy|p1a: Blissey
|-cureteam|p1a: Blissey|[from] move: Aromatherapy
|
|-weather|Sandstorm|[upkeep]
|-damage|p1a: Blissey|56/100|[from] Sandstorm
|-heal|p2a: Magneton|67/100|[from] item: Leftovers
|-heal|p1a: Blissey|63/100|[from] item: Leftovers
|upkeep
|turn|145
|
|t:|1730139501
|move|p2a: Magneton|Toxic|p1a: Blissey
|-status|p1a: Blissey|tox
|move|p1a: Blissey|Soft-Boiled|p1a: Blissey
|-heal|p1a: Blissey|100/100 tox
|
|-weather|Sandstorm|[upkeep]
|-damage|p1a: Blissey|94/100 tox|[from] Sandstorm
|-heal|p2a: Magneton|73/100|[from] item: Leftovers
|-heal|p1a: Blissey|100/100 tox|[from] item: Leftovers
|-damage|p1a: Blissey|94/100 tox|[from] psn
|upkeep
|turn|146
|
|t:|1730139508
|-curestatus|p1a: Blissey|tox|[from] ability: Natural Cure
|switch|p1a: Flygon|Flygon, M|75/100
|move|p2a: Magneton|Toxic|p1a: Flygon
|-status|p1a: Flygon|tox
|
|-weather|Sandstorm|[upkeep]
|-heal|p1a: Flygon|81/100 tox|[from] item: Leftovers
|-damage|p1a: Flygon|75/100 tox|[from] psn
|-heal|p2a: Magneton|79/100|[from] item: Leftovers
|upkeep
|turn|147
|
|t:|1730139512
|switch|p1a: Zapdos|Zapdos|77/100
|switch|p2a: Celebi|Celebi|83/100
|-damage|p2a: Celebi|71/100|[from] Spikes
|
|-weather|Sandstorm|[upkeep]
|-damage|p1a: Zapdos|71/100|[from] Sandstorm
|-damage|p2a: Celebi|65/100|[from] Sandstorm
|-heal|p1a: Zapdos|77/100|[from] item: Leftovers
|-heal|p2a: Celebi|71/100|[from] item: Leftovers
|upkeep
|turn|148
|
|t:|1730139521
|switch|p1a: Moltres|Moltres|100/100
|move|p2a: Celebi|Leech Seed|p1a: Moltres
|-start|p1a: Moltres|move: Leech Seed
|
|-weather|Sandstorm|[upkeep]
|-damage|p1a: Moltres|94/100|[from] Sandstorm
|-damage|p2a: Celebi|65/100|[from] Sandstorm
|-heal|p1a: Moltres|100/100|[from] item: Leftovers
|-damage|p1a: Moltres|88/100|[from] Leech Seed|[of] p2a: Celebi
|-heal|p2a: Celebi|75/100|[silent]
|-heal|p2a: Celebi|81/100|[from] item: Leftovers
|upkeep
|turn|149
|
|t:|1730139526
|move|p1a: Moltres|Flamethrower|p2a: Celebi
|-supereffective|p2a: Celebi
|-damage|p2a: Celebi|5/100
|move|p2a: Celebi|Recover|p2a: Celebi
|-heal|p2a: Celebi|55/100
|
|-weather|Sandstorm|[upkeep]
|-damage|p1a: Moltres|82/100|[from] Sandstorm
|-damage|p2a: Celebi|49/100|[from] Sandstorm
|-heal|p1a: Moltres|88/100|[from] item: Leftovers
|-damage|p1a: Moltres|76/100|[from] Leech Seed|[of] p2a: Celebi
|-heal|p2a: Celebi|59/100|[silent]
|-heal|p2a: Celebi|65/100|[from] item: Leftovers
|upkeep
|turn|150
|-message|knexhawk2 forfeited.
|
|win|Nardgo

</script>
<script type="application/json" class="data" id="replaydata-smogtours-gen3ou-803093">
{"id":"smogtours-gen3ou-803093","format":"[Gen 3] OU","players":["Nardgo","knexhawk2"],"uploadtime":1730139532,"views":57,"formatid":"gen3ou","rating":null,"private":0,"password":null}
</script>

<script defer src="js/replays.js?9d40a366"></script>
