<!DOCTYPE html>
<meta charset="utf-8" />
<meta name="viewport" content="width=device-width" />

<title>[Gen 3] OU: BlazingDark vs. Big Chungus irl - Replays - Pok&eacute;mon Showdown!</title>

<meta name="description" content="Watch a replay of a Pok&eacute;mon battle between BlazingDark and Big Chungus irl! Format: [Gen 3] OU; Date: Oct 25, 2024" />
<!--

Hey, you! Looking in the source for the replay log?

You can find them in JSON format, just add `.json` at the end of a replay URL.

https://replay.pokemonshowdown.com/gen7randomdoublesbattle-865046831.json

Or, if you only need the log itself, add `.log` instead:

https://replay.pokemonshowdown.com/gen7randomdoublesbattle-865046831.log

-->

<link rel="stylesheet" href="//pokemonshowdown.com/style/global.css?0.023195364461161105" />
<link rel="stylesheet" href="//play.pokemonshowdown.com/style/font-awesome.css?0.13261647063804238" />
<link rel="stylesheet" href="//play.pokemonshowdown.com/style/battle.css?0.8753245789963631" />
<link rel="stylesheet" href="//play.pokemonshowdown.com/style/utilichart.css?0.8627959624976733" />

<!-- Global site tag (gtag.js) - Google Analytics -->
<script async src="https://www.googletagmanager.com/gtag/js?id=UA-26211653-1"></script>
<script>
  window.dataLayer = window.dataLayer || [];
  function gtag(){dataLayer.push(arguments);}
  gtag('js', new Date());

  gtag('config', 'UA-26211653-1');
</script>
<!-- End Google Analytics -->
<!-- Venatus Ad Manager - Install in <HEAD> of page -->
	<script src="https://hb.vntsm.com/v3/live/ad-manager.min.js" type="text/javascript" data-site-id="642aba63ec9a7b11c3c9c1be" data-mode="scan" async></script>
<!-- / Venatus Ad Manager -->

<style>
	@media (max-width:820px) {
		.battle {
			margin: 0 auto;
		}
		.battle-log {
			margin: 7px auto 0;
			max-width: 640px;
			height: 300px;
			position: static;
		}
	}
	.optgroup {
		display: inline-block;
		line-height: 22px;
		font-size: 10pt;
	}
	.optgroup .button {
		height: 25px;
		padding-top: 0;
		padding-bottom: 0;
	}
	.optgroup button.button {
		padding-left: 12px;
		padding-right: 12px;
	}
	.linklist {
		list-style: none;
		margin: 0.5em 0;
		padding: 0;
	}
	.linklist li {
		padding: 2px 0;
	}
	.sidebar {
		float: left;
		width: 320px;
	}
	.bar-wrapper {
		max-width: 1100px;
		margin: 0 auto;
	}
	.bar-wrapper.has-sidebar {
		max-width: 1430px;
	}
	.mainbar {
		margin: 0;
		padding-right: 1px;
	}
	.mainbar.has-sidebar {
		margin-left: 330px;
	}
	@media (min-width: 1511px) {
		.sidebar {
			width: 400px;
		}
		.bar-wrapper.has-sidebar {
			max-width: 1510px;
		}
		.mainbar.has-sidebar {
			margin-left: 410px;
		}
	}
	.section.first-section {
		margin-top: 9px;
	}
	.blocklink small {
		white-space: normal;
	}
	.button {
		vertical-align: middle;
	}
	.replay-controls {
		padding-top: 10px;
	}
	.replay-controls h1 {
		font-size: 16pt;
		font-weight: normal;
		color: #CCC;
	}
	.pagelink {
		text-align: center;
	}
	.pagelink a {
		width: 150px;
	}
	.textbox, .button {
		font-size: 11pt;
		vertical-align: middle;
	}
	@media (max-width: 450px) {
		.button {
			font-size: 9pt;
		}
	}
</style>

<div>

	<header>
		<div class="nav-wrapper"><ul class="nav">
			<li><a class="button nav-first" href="//pokemonshowdown.com/"><img src="//pokemonshowdown.com/images/pokemonshowdownbeta.png" srcset="//pokemonshowdown.com/images/pokemonshowdownbeta.png 1x, //pokemonshowdown.com/images/pokemonshowdownbeta@2x.png 2x" alt="Pok&eacute;mon Showdown" width="146" height="44" /> Home</a></li>
			<li><a class="button" href="//pokemonshowdown.com/dex/">Pok&eacute;dex</a></li>
			<li><a class="button cur" href="/">Replays</a></li>
			<li><a class="button" href="//pokemonshowdown.com/ladder/">Ladder</a></li>
			<li><a class="button nav-last" href="//pokemonshowdown.com/forums/">Forum</a></li>
			<li><a class="button greenbutton nav-first nav-last" href="//play.pokemonshowdown.com/">Play</a></li>
		</ul></div>
	</header>

	<div class="main" id="main">

		<noscript><section class="section">You need to enable JavaScript to use this page; sorry!</section></noscript>

	</div>

</div>

<script defer nomodule src="//play.pokemonshowdown.com/js/lib/ps-polyfill.js"></script>
<script defer src="//play.pokemonshowdown.com/js/lib/preact.min.js"></script>

<script defer src="//play.pokemonshowdown.com/config/config.js?2bddbc15"></script>
<script defer src="//play.pokemonshowdown.com/js/lib/jquery-1.11.0.min.js"></script>
<script defer src="//play.pokemonshowdown.com/js/lib/html-sanitizer-minified.js"></script>
<script defer src="//play.pokemonshowdown.com/js/battle-sound.js"></script>
<script defer src="//play.pokemonshowdown.com/js/battledata.js?0.7209276989879541"></script>
<script defer src="//play.pokemonshowdown.com/data/pokedex-mini.js?0.6111056340867951"></script>
<script defer src="//play.pokemonshowdown.com/data/pokedex-mini-bw.js?0.3532142036491459"></script>
<script defer src="//play.pokemonshowdown.com/data/graphics.js?0.24223875632456182"></script>
<script defer src="//play.pokemonshowdown.com/data/pokedex.js?0.38839984266356864"></script>
<script defer src="//play.pokemonshowdown.com/data/moves.js?0.21866028504024015"></script>
<script defer src="//play.pokemonshowdown.com/data/abilities.js?0.2005157953846628"></script>
<script defer src="//play.pokemonshowdown.com/data/items.js?0.9894211263848525"></script>
<script defer src="//play.pokemonshowdown.com/data/teambuilder-tables.js?0.6008791140282215"></script>
<script defer src="//play.pokemonshowdown.com/js/battle-tooltips.js?0.7580118955022959"></script>
<script defer src="//play.pokemonshowdown.com/js/battle.js?0.6057722274234274"></script>

<script defer src="js/utils.js?e31f9a17"></script>
<script defer src="js/replays-battle.js?7008c182"></script>

<!-- don't scrape this data! just add .json or .log after the URL!
Full API docs: https://github.com/smogon/pokemon-showdown-client/blob/master/WEB-API.md -->
<script type="text/plain" class="log" id="replaylog-smogtours-gen3ou-801901">
|inactive|Battle timer is ON: inactive players will automatically lose when time's up.
|t:|1729886969
|gametype|singles
|player|p1|BlazingDark|blue|
|player|p2|Big Chungus irl|firebreather|
|teamsize|p1|6
|teamsize|p2|6
|gen|3
|tier|[Gen 3] OU
|rule|Sleep Clause Mod: Limit one foe put to sleep
|rule|Switch Priority Clause Mod: Faster Pokémon switch first
|rule|Species Clause: Limit one of each Pokémon
|rule|OHKO Clause: OHKO moves are banned
|rule|Evasion Items Clause: Evasion items are banned
|rule|Evasion Moves Clause: Evasion moves are banned
|rule|Endless Battle Clause: Forcing endless battles is banned
|rule|HP Percentage Mod: HP is shown in percentages
|rule|One Boost Passer Clause: Limit one Baton Passer that has a way to boost its stats
|rule|Freeze Clause Mod: Limit one foe frozen
|
|t:|1729886969
|start
|switch|p1a: Milotic|Milotic, M, shiny|100/100
|switch|p2a: Great Height|Tyranitar, F|100/100
|-weather|Sandstorm|[from] ability: Sand Stream|[of] p2a: Great Height
|turn|1
|inactive|BlazingDark also wants the timer to be on.
|inactive|BlazingDark has 270 seconds left.
|
|t:|1729887011
|switch|p2a: Great Lard|Blissey, F|100/100
|move|p1a: Milotic|Surf|p2a: Great Lard
|-damage|p2a: Great Lard|88/100
|
|-weather|Sandstorm|[upkeep]
|-damage|p1a: Milotic|94/100|[from] Sandstorm
|-damage|p2a: Great Lard|81/100|[from] Sandstorm
|-heal|p1a: Milotic|100/100|[from] item: Leftovers
|-heal|p2a: Great Lard|88/100|[from] item: Leftovers
|upkeep
|turn|2
|
|t:|1729887018
|move|p1a: Milotic|Toxic|p2a: Great Lard
|-status|p2a: Great Lard|tox
|move|p2a: Great Lard|Seismic Toss|p1a: Milotic
|-damage|p1a: Milotic|75/100
|
|-weather|Sandstorm|[upkeep]
|-damage|p1a: Milotic|69/100|[from] Sandstorm
|-damage|p2a: Great Lard|81/100 tox|[from] Sandstorm
|-heal|p1a: Milotic|75/100|[from] item: Leftovers
|-heal|p2a: Great Lard|88/100 tox|[from] item: Leftovers
|-damage|p2a: Great Lard|81/100 tox|[from] psn
|upkeep
|turn|3
|
|t:|1729887022
|-curestatus|p2a: Great Lard|tox|[from] ability: Natural Cure
|switch|p2a: Great Neck|Milotic, M|100/100
|move|p1a: Milotic|Recover|p1a: Milotic
|-heal|p1a: Milotic|100/100
|
|-weather|Sandstorm|[upkeep]
|-damage|p1a: Milotic|94/100|[from] Sandstorm
|-damage|p2a: Great Neck|94/100|[from] Sandstorm
|-heal|p1a: Milotic|100/100|[from] item: Leftovers
|-heal|p2a: Great Neck|100/100|[from] item: Leftovers
|upkeep
|turn|4
|
|t:|1729887027
|move|p1a: Milotic|Toxic|p2a: Great Neck|[miss]
|-miss|p1a: Milotic|p2a: Great Neck
|move|p2a: Great Neck|Toxic|p1a: Milotic
|-status|p1a: Milotic|tox
|
|-weather|Sandstorm|[upkeep]
|-damage|p1a: Milotic|94/100 tox|[from] Sandstorm
|-damage|p2a: Great Neck|94/100|[from] Sandstorm
|-heal|p1a: Milotic|100/100 tox|[from] item: Leftovers
|-damage|p1a: Milotic|94/100 tox|[from] psn
|-heal|p2a: Great Neck|100/100|[from] item: Leftovers
|upkeep
|turn|5
|
|t:|1729887035
|switch|p2a: Great Wings|Skarmory, M|100/100
|move|p1a: Milotic|Refresh|p1a: Milotic
|-curestatus|p1a: Milotic|tox|[msg]
|
|-weather|Sandstorm|[upkeep]
|-damage|p1a: Milotic|88/100|[from] Sandstorm
|-heal|p1a: Milotic|94/100|[from] item: Leftovers
|upkeep
|turn|6
|inactive|BlazingDark has 270 seconds left.
|
|t:|1729887086
|move|p1a: Milotic|Surf|p2a: Great Wings
|-damage|p2a: Great Wings|73/100
|move|p2a: Great Wings|Spikes|p1a: Milotic
|-sidestart|p1: BlazingDark|Spikes
|
|-weather|Sandstorm|[upkeep]
|-damage|p1a: Milotic|88/100|[from] Sandstorm
|-heal|p1a: Milotic|94/100|[from] item: Leftovers
|-heal|p2a: Great Wings|79/100|[from] item: Leftovers
|upkeep
|turn|7
|
|t:|1729887092
|move|p2a: Great Wings|Protect|p2a: Great Wings
|-singleturn|p2a: Great Wings|Protect
|move|p1a: Milotic|Surf|p2a: Great Wings
|-activate|p2a: Great Wings|Protect
|
|-weather|Sandstorm|[upkeep]
|-damage|p1a: Milotic|88/100|[from] Sandstorm
|-heal|p1a: Milotic|94/100|[from] item: Leftovers
|-heal|p2a: Great Wings|85/100|[from] item: Leftovers
|upkeep
|turn|8
|
|t:|1729887095
|switch|p2a: Great Lard|Blissey, F|81/100
|move|p1a: Milotic|Surf|p2a: Great Lard
|-damage|p2a: Great Lard|69/100
|
|-weather|Sandstorm|[upkeep]
|-damage|p1a: Milotic|88/100|[from] Sandstorm
|-damage|p2a: Great Lard|63/100|[from] Sandstorm
|-heal|p1a: Milotic|94/100|[from] item: Leftovers
|-heal|p2a: Great Lard|69/100|[from] item: Leftovers
|upkeep
|turn|9
|inactive|BlazingDark has 270 seconds left.
|
|t:|1729887101
|move|p1a: Milotic|Toxic|p2a: Great Lard
|-status|p2a: Great Lard|tox
|move|p2a: Great Lard|Seismic Toss|p1a: Milotic
|-damage|p1a: Milotic|69/100
|
|-weather|Sandstorm|[upkeep]
|-damage|p1a: Milotic|63/100|[from] Sandstorm
|-damage|p2a: Great Lard|63/100 tox|[from] Sandstorm
|-heal|p1a: Milotic|69/100|[from] item: Leftovers
|-heal|p2a: Great Lard|69/100 tox|[from] item: Leftovers
|-damage|p2a: Great Lard|63/100 tox|[from] psn
|upkeep
|turn|10
|inactive|BlazingDark has 270 seconds left.
|
|t:|1729887114
|switch|p1a: Dugtrio|Dugtrio, M|100/100
|-damage|p1a: Dugtrio|88/100|[from] Spikes
|move|p2a: Great Lard|Soft-Boiled|p2a: Great Lard
|-heal|p2a: Great Lard|100/100 tox
|
|-weather|Sandstorm|[upkeep]
|-damage|p2a: Great Lard|94/100 tox|[from] Sandstorm
|-heal|p2a: Great Lard|100/100 tox|[from] item: Leftovers
|-damage|p2a: Great Lard|88/100 tox|[from] psn
|upkeep
|turn|11
|
|t:|1729887119
|move|p1a: Dugtrio|Earthquake|p2a: Great Lard
|-damage|p2a: Great Lard|36/100 tox
|move|p2a: Great Lard|Ice Beam|p1a: Dugtrio
|-supereffective|p1a: Dugtrio
|-damage|p1a: Dugtrio|0 fnt
|faint|p1a: Dugtrio
|
|t:|1729887123
|switch|p1a: Gengar|Gengar, M|100/100
|
|-weather|Sandstorm|[upkeep]
|-damage|p1a: Gengar|94/100|[from] Sandstorm
|-damage|p2a: Great Lard|29/100 tox|[from] Sandstorm
|-heal|p1a: Gengar|100/100|[from] item: Leftovers
|-heal|p2a: Great Lard|36/100 tox|[from] item: Leftovers
|-damage|p2a: Great Lard|17/100 tox|[from] psn
|upkeep
|turn|12
|
|t:|1729887134
|-curestatus|p2a: Great Lard|tox|[from] ability: Natural Cure
|switch|p2a: Great Eyes|Claydol|100/100
|move|p1a: Gengar|Taunt|p2a: Great Eyes
|-start|p2a: Great Eyes|move: Taunt
|
|-weather|Sandstorm|[upkeep]
|-damage|p1a: Gengar|94/100|[from] Sandstorm
|-heal|p1a: Gengar|100/100|[from] item: Leftovers
|upkeep
|turn|13
|
|t:|1729887138
|switch|p1a: Skarmory|Skarmory, M|100/100
|move|p2a: Great Eyes|Psychic|p1a: Skarmory
|-resisted|p1a: Skarmory
|-damage|p1a: Skarmory|89/100
|
|-weather|Sandstorm|[upkeep]
|-heal|p1a: Skarmory|95/100|[from] item: Leftovers
|-end|p2a: Great Eyes|move: Taunt|[silent]
|upkeep
|turn|14
|
|t:|1729887147
|switch|p2a: Great Lard|Blissey, F|17/100
|move|p1a: Skarmory|Spikes|p2a: Great Lard
|-sidestart|p2: Big Chungus irl|Spikes
|
|-weather|Sandstorm|[upkeep]
|-damage|p2a: Great Lard|11/100|[from] Sandstorm
|-heal|p1a: Skarmory|100/100|[from] item: Leftovers
|-heal|p2a: Great Lard|17/100|[from] item: Leftovers
|upkeep
|turn|15
|
|t:|1729887152
|move|p1a: Skarmory|Taunt|p2a: Great Lard
|-start|p2a: Great Lard|move: Taunt
|cant|p2a: Great Lard|move: Taunt|Soft-Boiled
|
|-weather|Sandstorm|[upkeep]
|-damage|p2a: Great Lard|11/100|[from] Sandstorm
|-heal|p2a: Great Lard|17/100|[from] item: Leftovers
|upkeep
|turn|16
|
|t:|1729887169
|move|p1a: Skarmory|Toxic|p2a: Great Lard
|-status|p2a: Great Lard|tox
|move|p2a: Great Lard|Ice Beam|p1a: Skarmory
|-damage|p1a: Skarmory|79/100
|
|-weather|Sandstorm|[upkeep]
|-damage|p2a: Great Lard|11/100 tox|[from] Sandstorm
|-heal|p1a: Skarmory|85/100|[from] item: Leftovers
|-heal|p2a: Great Lard|17/100 tox|[from] item: Leftovers
|-damage|p2a: Great Lard|11/100 tox|[from] psn
|-end|p2a: Great Lard|move: Taunt|[silent]
|upkeep
|turn|17
|
|t:|1729887175
|move|p1a: Skarmory|Taunt|p2a: Great Lard
|-start|p2a: Great Lard|move: Taunt
|move|p2a: Great Lard|Ice Beam|p1a: Skarmory
|-damage|p1a: Skarmory|61/100
|
|-weather|Sandstorm|[upkeep]
|-damage|p2a: Great Lard|5/100 tox|[from] Sandstorm
|-heal|p1a: Skarmory|67/100|[from] item: Leftovers
|-heal|p2a: Great Lard|11/100 tox|[from] item: Leftovers
|-damage|p2a: Great Lard|0 fnt|[from] psn
|faint|p2a: Great Lard
|upkeep
|
|t:|1729887191
|switch|p2a: Great Head|Jirachi|100/100
|-damage|p2a: Great Head|88/100|[from] Spikes
|turn|18
|
|t:|1729887206
|switch|p1a: Blissey|Blissey, F|100/100
|-damage|p1a: Blissey|88/100|[from] Spikes
|move|p2a: Great Head|Fire Punch|p1a: Blissey
|-crit|p1a: Blissey
|-damage|p1a: Blissey|73/100
|
|-weather|Sandstorm|[upkeep]
|-damage|p1a: Blissey|67/100|[from] Sandstorm
|-heal|p2a: Great Head|94/100|[from] item: Leftovers
|-heal|p1a: Blissey|73/100|[from] item: Leftovers
|upkeep
|turn|19
|
|t:|1729887218
|move|p2a: Great Head|Protect|p2a: Great Head
|-singleturn|p2a: Great Head|Protect
|move|p1a: Blissey|Seismic Toss|p2a: Great Head
|-activate|p2a: Great Head|Protect
|
|-weather|Sandstorm|[upkeep]
|-damage|p1a: Blissey|67/100|[from] Sandstorm
|-heal|p2a: Great Head|100/100|[from] item: Leftovers
|-heal|p1a: Blissey|73/100|[from] item: Leftovers
|upkeep
|turn|20
|
|t:|1729887226
|move|p2a: Great Head|Toxic|p1a: Blissey
|-status|p1a: Blissey|tox
|move|p1a: Blissey|Seismic Toss|p2a: Great Head
|-damage|p2a: Great Head|76/100
|
|-weather|Sandstorm|[upkeep]
|-damage|p1a: Blissey|67/100 tox|[from] Sandstorm
|-heal|p2a: Great Head|82/100|[from] item: Leftovers
|-heal|p1a: Blissey|73/100 tox|[from] item: Leftovers
|-damage|p1a: Blissey|67/100 tox|[from] psn
|upkeep
|turn|21
|
|t:|1729887232
|move|p2a: Great Head|Wish|p2a: Great Head
|move|p1a: Blissey|Soft-Boiled|p1a: Blissey
|-heal|p1a: Blissey|100/100 tox
|
|-weather|Sandstorm|[upkeep]
|-damage|p1a: Blissey|94/100 tox|[from] Sandstorm
|-heal|p2a: Great Head|88/100|[from] item: Leftovers
|-heal|p1a: Blissey|100/100 tox|[from] item: Leftovers
|-damage|p1a: Blissey|88/100 tox|[from] psn
|upkeep
|turn|22
|
|t:|1729887239
|-curestatus|p1a: Blissey|tox|[from] ability: Natural Cure
|switch|p1a: Milotic|Milotic, M, shiny|69/100
|-damage|p1a: Milotic|56/100|[from] Spikes
|move|p2a: Great Head|Fire Punch|p1a: Milotic
|-resisted|p1a: Milotic
|-damage|p1a: Milotic|51/100
|-status|p1a: Milotic|brn
|
|-heal|p2a: Great Head|100/100|[from] move: Wish|[wisher] Great Head
|-weather|Sandstorm|[upkeep]
|-damage|p1a: Milotic|45/100 brn|[from] Sandstorm
|-heal|p1a: Milotic|51/100 brn|[from] item: Leftovers
|-damage|p1a: Milotic|38/100 brn|[from] brn
|upkeep
|turn|23
|
|t:|1729887258
|switch|p2a: Great Height|Tyranitar, F|100/100
|-damage|p2a: Great Height|88/100|[from] Spikes
|move|p1a: Milotic|Recover|p1a: Milotic
|-heal|p1a: Milotic|88/100 brn
|
|-weather|Sandstorm|[upkeep]
|-damage|p1a: Milotic|82/100 brn|[from] Sandstorm
|-heal|p1a: Milotic|88/100 brn|[from] item: Leftovers
|-damage|p1a: Milotic|76/100 brn|[from] brn
|upkeep
|turn|24
|
|t:|1729887273
|move|p1a: Milotic|Surf|p2a: Great Height
|-supereffective|p2a: Great Height
|-damage|p2a: Great Height|29/100
|move|p2a: Great Height|Crunch|p1a: Milotic
|-damage|p1a: Milotic|47/100 brn
|-unboost|p1a: Milotic|spd|1
|
|-weather|Sandstorm|[upkeep]
|-damage|p1a: Milotic|41/100 brn|[from] Sandstorm
|-heal|p1a: Milotic|47/100 brn|[from] item: Leftovers
|-damage|p1a: Milotic|35/100 brn|[from] brn
|upkeep
|turn|25
|
|t:|1729887283
|move|p1a: Milotic|Surf|p2a: Great Height
|-supereffective|p2a: Great Height
|-damage|p2a: Great Height|0 fnt
|faint|p2a: Great Height
|
|t:|1729887288
|switch|p2a: Great Eyes|Claydol|100/100
|
|-weather|Sandstorm|[upkeep]
|-damage|p1a: Milotic|28/100 brn|[from] Sandstorm
|-heal|p1a: Milotic|35/100 brn|[from] item: Leftovers
|-damage|p1a: Milotic|22/100 brn|[from] brn
|upkeep
|turn|26
|
|t:|1729887293
|move|p1a: Milotic|Recover|p1a: Milotic
|-heal|p1a: Milotic|72/100 brn
|move|p2a: Great Eyes|Psychic|p1a: Milotic
|-damage|p1a: Milotic|49/100 brn
|
|-weather|Sandstorm|[upkeep]
|-damage|p1a: Milotic|43/100 brn|[from] Sandstorm
|-heal|p1a: Milotic|49/100 brn|[from] item: Leftovers
|-damage|p1a: Milotic|36/100 brn|[from] brn
|upkeep
|turn|27
|
|t:|1729887300
|move|p1a: Milotic|Recover|p1a: Milotic
|-heal|p1a: Milotic|86/100 brn
|move|p2a: Great Eyes|Psychic|p1a: Milotic
|-damage|p1a: Milotic|63/100 brn
|
|-weather|Sandstorm|[upkeep]
|-damage|p1a: Milotic|57/100 brn|[from] Sandstorm
|-heal|p1a: Milotic|63/100 brn|[from] item: Leftovers
|-damage|p1a: Milotic|51/100 brn|[from] brn
|upkeep
|turn|28
|
|t:|1729887306
|move|p1a: Milotic|Refresh|p1a: Milotic
|-curestatus|p1a: Milotic|brn|[msg]
|move|p2a: Great Eyes|Explosion|p1a: Milotic
|-damage|p1a: Milotic|0 fnt
|faint|p2a: Great Eyes
|faint|p1a: Milotic
|
|t:|1729887319
|switch|p1a: Gengar|Gengar, M|100/100
|switch|p2a: Great Head|Jirachi|100/100
|-damage|p2a: Great Head|88/100|[from] Spikes
|
|-weather|Sandstorm|[upkeep]
|-damage|p1a: Gengar|94/100|[from] Sandstorm
|-heal|p1a: Gengar|100/100|[from] item: Leftovers
|-heal|p2a: Great Head|94/100|[from] item: Leftovers
|upkeep
|turn|29
|
|t:|1729887323
|switch|p2a: Great Neck|Milotic, M|100/100
|-damage|p2a: Great Neck|88/100|[from] Spikes
|move|p1a: Gengar|Will-O-Wisp|p2a: Great Neck
|-status|p2a: Great Neck|brn
|
|-weather|Sandstorm|[upkeep]
|-damage|p1a: Gengar|94/100|[from] Sandstorm
|-damage|p2a: Great Neck|82/100 brn|[from] Sandstorm
|-heal|p1a: Gengar|100/100|[from] item: Leftovers
|-heal|p2a: Great Neck|88/100 brn|[from] item: Leftovers
|-damage|p2a: Great Neck|76/100 brn|[from] brn
|upkeep
|turn|30
|
|t:|1729887330
|move|p1a: Gengar|Taunt|p2a: Great Neck
|-start|p2a: Great Neck|move: Taunt
|move|p2a: Great Neck|Surf|p1a: Gengar
|-damage|p1a: Gengar|60/100
|
|-weather|Sandstorm|[upkeep]
|-damage|p1a: Gengar|53/100|[from] Sandstorm
|-damage|p2a: Great Neck|70/100 brn|[from] Sandstorm
|-heal|p1a: Gengar|60/100|[from] item: Leftovers
|-heal|p2a: Great Neck|76/100 brn|[from] item: Leftovers
|-damage|p2a: Great Neck|63/100 brn|[from] brn
|upkeep
|turn|31
|
|t:|1729887332
|move|p1a: Gengar|Thunderbolt|p2a: Great Neck
|-supereffective|p2a: Great Neck
|-damage|p2a: Great Neck|27/100 brn
|move|p2a: Great Neck|Surf|p1a: Gengar
|-damage|p1a: Gengar|21/100
|
|-weather|Sandstorm|[upkeep]
|-damage|p1a: Gengar|14/100|[from] Sandstorm
|-damage|p2a: Great Neck|21/100 brn|[from] Sandstorm
|-heal|p1a: Gengar|21/100|[from] item: Leftovers
|-heal|p2a: Great Neck|27/100 brn|[from] item: Leftovers
|-damage|p2a: Great Neck|15/100 brn|[from] brn
|-end|p2a: Great Neck|move: Taunt|[silent]
|upkeep
|turn|32
|
|t:|1729887337
|move|p1a: Gengar|Thunderbolt|p2a: Great Neck
|-supereffective|p2a: Great Neck
|-crit|p2a: Great Neck
|-damage|p2a: Great Neck|0 fnt
|faint|p2a: Great Neck
|
|t:|1729887340
|switch|p2a: Great Head|Jirachi|94/100
|-damage|p2a: Great Head|82/100|[from] Spikes
|
|-weather|Sandstorm|[upkeep]
|-damage|p1a: Gengar|14/100|[from] Sandstorm
|-heal|p1a: Gengar|21/100|[from] item: Leftovers
|-heal|p2a: Great Head|88/100|[from] item: Leftovers
|upkeep
|turn|33
|
|t:|1729887346
|move|p1a: Gengar|Will-O-Wisp|p2a: Great Head
|-status|p2a: Great Head|brn
|move|p2a: Great Head|Fire Punch|p1a: Gengar
|-damage|p1a: Gengar|0 fnt
|faint|p1a: Gengar
|
|t:|1729887360
|switch|p1a: Blissey|Blissey, F|88/100
|-damage|p1a: Blissey|76/100|[from] Spikes
|
|-weather|Sandstorm|[upkeep]
|-damage|p1a: Blissey|70/100|[from] Sandstorm
|-heal|p2a: Great Head|94/100 brn|[from] item: Leftovers
|-damage|p2a: Great Head|82/100 brn|[from] brn
|-heal|p1a: Blissey|76/100|[from] item: Leftovers
|upkeep
|turn|34
|
|t:|1729887365
|move|p2a: Great Head|Toxic|p1a: Blissey
|-status|p1a: Blissey|tox
|move|p1a: Blissey|Fire Blast|p2a: Great Head|[miss]
|-miss|p1a: Blissey|p2a: Great Head
|
|-weather|Sandstorm|[upkeep]
|-damage|p1a: Blissey|70/100 tox|[from] Sandstorm
|-heal|p2a: Great Head|88/100 brn|[from] item: Leftovers
|-damage|p2a: Great Head|76/100 brn|[from] brn
|-heal|p1a: Blissey|76/100 tox|[from] item: Leftovers
|-damage|p1a: Blissey|70/100 tox|[from] psn
|upkeep
|turn|35
|
|t:|1729887370
|move|p2a: Great Head|Wish|p2a: Great Head
|move|p1a: Blissey|Fire Blast|p2a: Great Head
|-supereffective|p2a: Great Head
|-damage|p2a: Great Head|26/100 brn
|
|-weather|Sandstorm|[upkeep]
|-damage|p1a: Blissey|63/100 tox|[from] Sandstorm
|-heal|p2a: Great Head|32/100 brn|[from] item: Leftovers
|-damage|p2a: Great Head|20/100 brn|[from] brn
|-heal|p1a: Blissey|70/100 tox|[from] item: Leftovers
|-damage|p1a: Blissey|57/100 tox|[from] psn
|upkeep
|turn|36
|
|t:|1729887385
|move|p2a: Great Head|Protect|p2a: Great Head
|-singleturn|p2a: Great Head|Protect
|move|p1a: Blissey|Soft-Boiled|p1a: Blissey
|-heal|p1a: Blissey|100/100 tox
|
|-heal|p2a: Great Head|70/100 brn|[from] move: Wish|[wisher] Great Head
|-weather|Sandstorm|[upkeep]
|-damage|p1a: Blissey|94/100 tox|[from] Sandstorm
|-heal|p2a: Great Head|76/100 brn|[from] item: Leftovers
|-damage|p2a: Great Head|63/100 brn|[from] brn
|-heal|p1a: Blissey|100/100 tox|[from] item: Leftovers
|-damage|p1a: Blissey|82/100 tox|[from] psn
|upkeep
|turn|37
|
|t:|1729887389
|move|p2a: Great Head|Wish|p2a: Great Head
|move|p1a: Blissey|Fire Blast|p2a: Great Head
|-supereffective|p2a: Great Head
|-crit|p2a: Great Head
|-damage|p2a: Great Head|0 fnt
|faint|p2a: Great Head
|c|☆Big Chungus irl|ggs
|c|☆BlazingDark|ggs
|
|t:|1729887395
|switch|p2a: Great Wings|Skarmory, M|85/100
|
|-weather|Sandstorm|[upkeep]
|-damage|p1a: Blissey|76/100 tox|[from] Sandstorm
|-heal|p2a: Great Wings|91/100|[from] item: Leftovers
|-heal|p1a: Blissey|82/100 tox|[from] item: Leftovers
|-damage|p1a: Blissey|57/100 tox|[from] psn
|upkeep
|turn|38
|
|t:|1729887403
|move|p2a: Great Wings|Spikes|p1a: Blissey
|-sidestart|p1: BlazingDark|Spikes
|move|p1a: Blissey|Soft-Boiled|p1a: Blissey
|-heal|p1a: Blissey|100/100 tox
|
|-heal|p2a: Great Wings|100/100|[from] move: Wish|[wisher] Great Head
|-weather|Sandstorm|[upkeep]
|-damage|p1a: Blissey|94/100 tox|[from] Sandstorm
|-heal|p1a: Blissey|100/100 tox|[from] item: Leftovers
|-damage|p1a: Blissey|70/100 tox|[from] psn
|upkeep
|turn|39
|c|☆Big Chungus irl|missplayed really horribly this game
|c|☆BlazingDark|i think
|c|☆BlazingDark|you lacked patience y
|c|☆BlazingDark|but tbh
|c|☆Big Chungus irl|I for some reason
|c|☆BlazingDark|i was lucky in this one
|c|☆Big Chungus irl|looked at my team
|c|☆BlazingDark|especially MU wise
|inactive|Big Chungus irl has 270 seconds left.
|c|☆Big Chungus irl|and I saw claydol
|c|☆Big Chungus irl|and I somehow forgot it had spin
|c|☆Big Chungus irl|so once the spike was set I thought that bliss was dead
|inactive|Big Chungus irl has 240 seconds left.
|c|☆Big Chungus irl|I just had my brain completely short circut
|c|☆Big Chungus irl|that I could spin the spike and heal on milo for example
|
|t:|1729887478
|-curestatus|p1a: Blissey|tox|[from] ability: Natural Cure
|switch|p1a: Skarmory|Skarmory, M|67/100
|move|p2a: Great Wings|Spikes|p1a: Skarmory
|-sidestart|p1: BlazingDark|Spikes
|
|-weather|Sandstorm|[upkeep]
|-heal|p1a: Skarmory|73/100|[from] item: Leftovers
|upkeep
|turn|40
|
|t:|1729887499
|move|p1a: Skarmory|Taunt|p2a: Great Wings
|-start|p2a: Great Wings|move: Taunt
|cant|p2a: Great Wings|move: Taunt|Roar
|
|-weather|Sandstorm|[upkeep]
|-heal|p1a: Skarmory|79/100|[from] item: Leftovers
|upkeep
|turn|41
|
|t:|1729887504
|move|p1a: Skarmory|Spikes|p2a: Great Wings
|-sidestart|p2: Big Chungus irl|Spikes
|move|p2a: Great Wings|Struggle|p1a: Skarmory
|-damage|p1a: Skarmory|73/100
|-damage|p2a: Great Wings|99/100|[from] Recoil|[of] p1a: Skarmory
|
|-weather|Sandstorm|[upkeep]
|-heal|p1a: Skarmory|79/100|[from] item: Leftovers
|-heal|p2a: Great Wings|100/100|[from] item: Leftovers
|-end|p2a: Great Wings|move: Taunt|[silent]
|upkeep
|turn|42
|c|☆Big Chungus irl|honestly it's an embarassment
|
|t:|1729887513
|move|p1a: Skarmory|Taunt|p2a: Great Wings
|-start|p2a: Great Wings|move: Taunt
|cant|p2a: Great Wings|move: Taunt|Spikes
|
|-weather|Sandstorm|[upkeep]
|-heal|p1a: Skarmory|85/100|[from] item: Leftovers
|upkeep
|turn|43
|
|t:|1729887518
|switch|p1a: Jirachi|Jirachi|100/100
|-damage|p1a: Jirachi|75/100|[from] Spikes
|move|p2a: Great Wings|Struggle|p1a: Jirachi
|-damage|p1a: Jirachi|71/100
|-damage|p2a: Great Wings|99/100|[from] Recoil|[of] p1a: Jirachi
|
|-weather|Sandstorm|[upkeep]
|-heal|p1a: Jirachi|77/100|[from] item: Leftovers
|-heal|p2a: Great Wings|100/100|[from] item: Leftovers
|-end|p2a: Great Wings|move: Taunt|[silent]
|upkeep
|turn|44
|
|t:|1729887521
|move|p1a: Jirachi|Thunder|p2a: Great Wings
|-supereffective|p2a: Great Wings
|-damage|p2a: Great Wings|43/100
|move|p2a: Great Wings|Roar|p1a: Jirachi
|drag|p1a: Skarmory|Skarmory, M|85/100
|
|-weather|Sandstorm|[upkeep]
|-heal|p1a: Skarmory|91/100|[from] item: Leftovers
|-heal|p2a: Great Wings|49/100|[from] item: Leftovers
|upkeep
|turn|45
|
|t:|1729887528
|move|p2a: Great Wings|Protect|p2a: Great Wings
|-singleturn|p2a: Great Wings|Protect
|move|p1a: Skarmory|Taunt|p2a: Great Wings
|-activate|p2a: Great Wings|Protect
|
|-weather|Sandstorm|[upkeep]
|-heal|p1a: Skarmory|97/100|[from] item: Leftovers
|-heal|p2a: Great Wings|55/100|[from] item: Leftovers
|upkeep
|turn|46
|
|t:|1729887533
|move|p1a: Skarmory|Taunt|p2a: Great Wings
|-start|p2a: Great Wings|move: Taunt
|cant|p2a: Great Wings|move: Taunt|Roar
|
|-weather|Sandstorm|[upkeep]
|-heal|p1a: Skarmory|100/100|[from] item: Leftovers
|-heal|p2a: Great Wings|61/100|[from] item: Leftovers
|upkeep
|turn|47
|
|t:|1729887545
|switch|p1a: Blissey|Blissey, F|70/100
|-damage|p1a: Blissey|45/100|[from] Spikes
|move|p2a: Great Wings|Struggle|p1a: Blissey
|-damage|p1a: Blissey|37/100
|-damage|p2a: Great Wings|57/100|[from] Recoil|[of] p1a: Blissey
|
|-weather|Sandstorm|[upkeep]
|-damage|p1a: Blissey|31/100|[from] Sandstorm
|-heal|p2a: Great Wings|63/100|[from] item: Leftovers
|-end|p2a: Great Wings|move: Taunt|[silent]
|-heal|p1a: Blissey|37/100|[from] item: Leftovers
|upkeep
|turn|48
|
|t:|1729887554
|move|p1a: Blissey|Fire Blast|p2a: Great Wings
|-supereffective|p2a: Great Wings
|-damage|p2a: Great Wings|4/100
|move|p2a: Great Wings|Roar|p1a: Blissey
|drag|p1a: Skarmory|Skarmory, M|100/100
|
|-weather|Sandstorm|[upkeep]
|-heal|p2a: Great Wings|10/100|[from] item: Leftovers
|upkeep
|turn|49
|
|t:|1729887560
|move|p1a: Skarmory|Taunt|p2a: Great Wings
|-start|p2a: Great Wings|move: Taunt
|cant|p2a: Great Wings|move: Taunt|Roar
|
|-weather|Sandstorm|[upkeep]
|-heal|p2a: Great Wings|16/100|[from] item: Leftovers
|upkeep
|turn|50
|
|t:|1729887562
|switch|p1a: Jirachi|Jirachi|77/100
|-damage|p1a: Jirachi|52/100|[from] Spikes
|move|p2a: Great Wings|Struggle|p1a: Jirachi
|-damage|p1a: Jirachi|48/100
|-damage|p2a: Great Wings|15/100|[from] Recoil|[of] p1a: Jirachi
|
|-weather|Sandstorm|[upkeep]
|-heal|p1a: Jirachi|54/100|[from] item: Leftovers
|-heal|p2a: Great Wings|21/100|[from] item: Leftovers
|-end|p2a: Great Wings|move: Taunt|[silent]
|upkeep
|turn|51
|
|t:|1729887564
|move|p2a: Great Wings|Protect|p2a: Great Wings
|-singleturn|p2a: Great Wings|Protect
|move|p1a: Jirachi|Psychic|p2a: Great Wings
|-activate|p2a: Great Wings|Protect
|
|-weather|Sandstorm|[upkeep]
|-heal|p1a: Jirachi|60/100|[from] item: Leftovers
|-heal|p2a: Great Wings|27/100|[from] item: Leftovers
|upkeep
|turn|52
|
|t:|1729887567
|move|p1a: Jirachi|Psychic|p2a: Great Wings
|-resisted|p2a: Great Wings
|-damage|p2a: Great Wings|12/100
|move|p2a: Great Wings|Roar|p1a: Jirachi
|drag|p1a: Skarmory|Skarmory, M|100/100
|
|-weather|Sandstorm|[upkeep]
|-heal|p2a: Great Wings|18/100|[from] item: Leftovers
|upkeep
|turn|53
|
|t:|1729887570
|move|p2a: Great Wings|Protect|p2a: Great Wings
|-singleturn|p2a: Great Wings|Protect
|move|p1a: Skarmory|Taunt|p2a: Great Wings
|-activate|p2a: Great Wings|Protect
|
|-weather|Sandstorm|[upkeep]
|-heal|p2a: Great Wings|24/100|[from] item: Leftovers
|upkeep
|turn|54
|
|t:|1729887572
|move|p1a: Skarmory|Taunt|p2a: Great Wings
|-start|p2a: Great Wings|move: Taunt
|cant|p2a: Great Wings|move: Taunt|Roar
|
|-weather|Sandstorm|[upkeep]
|-heal|p2a: Great Wings|30/100|[from] item: Leftovers
|upkeep
|turn|55
|
|t:|1729887584
|switch|p1a: Blissey|Blissey, F|37/100
|-damage|p1a: Blissey|12/100|[from] Spikes
|move|p2a: Great Wings|Struggle|p1a: Blissey
|-damage|p1a: Blissey|5/100
|-damage|p2a: Great Wings|27/100|[from] Recoil|[of] p1a: Blissey
|
|-weather|Sandstorm|[upkeep]
|-damage|p1a: Blissey|0 fnt|[from] Sandstorm
|faint|p1a: Blissey
|-heal|p2a: Great Wings|33/100|[from] item: Leftovers
|-end|p2a: Great Wings|move: Taunt|[silent]
|upkeep
|
|t:|1729887587
|switch|p1a: Jirachi|Jirachi|60/100
|-damage|p1a: Jirachi|35/100|[from] Spikes
|turn|56
|
|t:|1729887598
|move|p2a: Great Wings|Protect|p2a: Great Wings
|-singleturn|p2a: Great Wings|Protect
|move|p1a: Jirachi|Thunder|p2a: Great Wings
|-activate|p2a: Great Wings|Protect
|
|-weather|Sandstorm|[upkeep]
|-heal|p1a: Jirachi|41/100|[from] item: Leftovers
|-heal|p2a: Great Wings|39/100|[from] item: Leftovers
|upkeep
|turn|57
|
|t:|1729887601
|move|p1a: Jirachi|Thunder|p2a: Great Wings
|-supereffective|p2a: Great Wings
|-damage|p2a: Great Wings|0 fnt
|faint|p2a: Great Wings
|
|win|BlazingDark
|c|☆Big Chungus irl|damn
|c|☆BlazingDark|/log BlazingDark made the replay of this battle unlisted.
|c|☆Big Chungus irl|I won if you missed 2 thunders
|c|☆BlazingDark|probably
|c|☆Big Chungus irl|or or whiffed that fire blast with bliss and missed one thunder
|c|☆Big Chungus irl|closer than I thought it would be
|c|☆Big Chungus irl|gg
|c|☆Big Chungus irl|at least I'm still not out
|c|☆BlazingDark|yeah
|c|☆Big Chungus irl|And I have the crowns of 2 fake ass tiers to my name
|c|☆BlazingDark|good luck for your remaining games
|c|☆Big Chungus irl|same to you
|c|☆Big Chungus irl|good luck
|c|☆BlazingDark|you will get in
|c|☆BlazingDark|im psure
|c|☆Big Chungus irl|and have fun
|c|☆BlazingDark|thx
|c|☆Big Chungus irl|nah it's 10 rounds
|c|☆Big Chungus irl|and you gotta lose only like 3 to not get disquaified
|c|☆Big Chungus irl|it's a high bar
|c|☆BlazingDark|i thin
|c|☆BlazingDark|i lost only 1 time
|c|☆BlazingDark|due to some
|c|☆BlazingDark|coinflip
|c|☆BlazingDark|or activity win
|c|☆BlazingDark|i don't remember
|c|☆Big Chungus irl|oh then I got upmatched
|c|☆BlazingDark|lmao
|c|☆Big Chungus irl|wait no
|c|☆Big Chungus irl|I didn't
|player|p1|
|c|☆Big Chungus irl|I just counted my own loss here
|c|☆Big Chungus irl|for some reaon
|player|p1|BlazingDark|blue|
|c|☆Big Chungus irl|*reason

</script>
<script type="application/json" class="data" id="replaydata-smogtours-gen3ou-801901">
{"id":"smogtours-gen3ou-801901","format":"[Gen 3] OU","players":["BlazingDark","Big Chungus irl"],"uploadtime":1729887601,"views":74,"formatid":"gen3ou","rating":null,"private":1,"password":null}
</script>

<script defer src="js/replays.js?9d40a366"></script>
