<!DOCTYPE html>
<meta charset="utf-8" />
<meta name="viewport" content="width=device-width" />

<title>[Gen 3] OU: Bongmoodeus vs. lunasran - Replays - Pok&eacute;mon Showdown!</title>

<meta name="description" content="Watch a replay of a Pok&eacute;mon battle between Bongmoodeus and lunasran! Format: [Gen 3] OU; Date: Oct 25, 2024" />
<!--

Hey, you! Looking in the source for the replay log?

You can find them in JSON format, just add `.json` at the end of a replay URL.

https://replay.pokemonshowdown.com/gen7randomdoublesbattle-865046831.json

Or, if you only need the log itself, add `.log` instead:

https://replay.pokemonshowdown.com/gen7randomdoublesbattle-865046831.log

-->

<link rel="stylesheet" href="//pokemonshowdown.com/style/global.css?0.023195364461161105" />
<link rel="stylesheet" href="//play.pokemonshowdown.com/style/font-awesome.css?0.13261647063804238" />
<link rel="stylesheet" href="//play.pokemonshowdown.com/style/battle.css?0.8753245789963631" />
<link rel="stylesheet" href="//play.pokemonshowdown.com/style/utilichart.css?0.8627959624976733" />

<!-- Global site tag (gtag.js) - Google Analytics -->
<script async src="https://www.googletagmanager.com/gtag/js?id=UA-26211653-1"></script>
<script>
  window.dataLayer = window.dataLayer || [];
  function gtag(){dataLayer.push(arguments);}
  gtag('js', new Date());

  gtag('config', 'UA-26211653-1');
</script>
<!-- End Google Analytics -->
<!-- Venatus Ad Manager - Install in <HEAD> of page -->
	<script src="https://hb.vntsm.com/v3/live/ad-manager.min.js" type="text/javascript" data-site-id="642aba63ec9a7b11c3c9c1be" data-mode="scan" async></script>
<!-- / Venatus Ad Manager -->

<style>
	@media (max-width:820px) {
		.battle {
			margin: 0 auto;
		}
		.battle-log {
			margin: 7px auto 0;
			max-width: 640px;
			height: 300px;
			position: static;
		}
	}
	.optgroup {
		display: inline-block;
		line-height: 22px;
		font-size: 10pt;
	}
	.optgroup .button {
		height: 25px;
		padding-top: 0;
		padding-bottom: 0;
	}
	.optgroup button.button {
		padding-left: 12px;
		padding-right: 12px;
	}
	.linklist {
		list-style: none;
		margin: 0.5em 0;
		padding: 0;
	}
	.linklist li {
		padding: 2px 0;
	}
	.sidebar {
		float: left;
		width: 320px;
	}
	.bar-wrapper {
		max-width: 1100px;
		margin: 0 auto;
	}
	.bar-wrapper.has-sidebar {
		max-width: 1430px;
	}
	.mainbar {
		margin: 0;
		padding-right: 1px;
	}
	.mainbar.has-sidebar {
		margin-left: 330px;
	}
	@media (min-width: 1511px) {
		.sidebar {
			width: 400px;
		}
		.bar-wrapper.has-sidebar {
			max-width: 1510px;
		}
		.mainbar.has-sidebar {
			margin-left: 410px;
		}
	}
	.section.first-section {
		margin-top: 9px;
	}
	.blocklink small {
		white-space: normal;
	}
	.button {
		vertical-align: middle;
	}
	.replay-controls {
		padding-top: 10px;
	}
	.replay-controls h1 {
		font-size: 16pt;
		font-weight: normal;
		color: #CCC;
	}
	.pagelink {
		text-align: center;
	}
	.pagelink a {
		width: 150px;
	}
	.textbox, .button {
		font-size: 11pt;
		vertical-align: middle;
	}
	@media (max-width: 450px) {
		.button {
			font-size: 9pt;
		}
	}
</style>

<div>

	<header>
		<div class="nav-wrapper"><ul class="nav">
			<li><a class="button nav-first" href="//pokemonshowdown.com/"><img src="//pokemonshowdown.com/images/pokemonshowdownbeta.png" srcset="//pokemonshowdown.com/images/pokemonshowdownbeta.png 1x, //pokemonshowdown.com/images/pokemonshowdownbeta@2x.png 2x" alt="Pok&eacute;mon Showdown" width="146" height="44" /> Home</a></li>
			<li><a class="button" href="//pokemonshowdown.com/dex/">Pok&eacute;dex</a></li>
			<li><a class="button cur" href="/">Replays</a></li>
			<li><a class="button" href="//pokemonshowdown.com/ladder/">Ladder</a></li>
			<li><a class="button nav-last" href="//pokemonshowdown.com/forums/">Forum</a></li>
			<li><a class="button greenbutton nav-first nav-last" href="//play.pokemonshowdown.com/">Play</a></li>
		</ul></div>
	</header>

	<div class="main" id="main">

		<noscript><section class="section">You need to enable JavaScript to use this page; sorry!</section></noscript>

	</div>

</div>

<script defer nomodule src="//play.pokemonshowdown.com/js/lib/ps-polyfill.js"></script>
<script defer src="//play.pokemonshowdown.com/js/lib/preact.min.js"></script>

<script defer src="//play.pokemonshowdown.com/config/config.js?2bddbc15"></script>
<script defer src="//play.pokemonshowdown.com/js/lib/jquery-1.11.0.min.js"></script>
<script defer src="//play.pokemonshowdown.com/js/lib/html-sanitizer-minified.js"></script>
<script defer src="//play.pokemonshowdown.com/js/battle-sound.js"></script>
<script defer src="//play.pokemonshowdown.com/js/battledata.js?0.7209276989879541"></script>
<script defer src="//play.pokemonshowdown.com/data/pokedex-mini.js?0.6111056340867951"></script>
<script defer src="//play.pokemonshowdown.com/data/pokedex-mini-bw.js?0.3532142036491459"></script>
<script defer src="//play.pokemonshowdown.com/data/graphics.js?0.24223875632456182"></script>
<script defer src="//play.pokemonshowdown.com/data/pokedex.js?0.38839984266356864"></script>
<script defer src="//play.pokemonshowdown.com/data/moves.js?0.21866028504024015"></script>
<script defer src="//play.pokemonshowdown.com/data/abilities.js?0.2005157953846628"></script>
<script defer src="//play.pokemonshowdown.com/data/items.js?0.9894211263848525"></script>
<script defer src="//play.pokemonshowdown.com/data/teambuilder-tables.js?0.6008791140282215"></script>
<script defer src="//play.pokemonshowdown.com/js/battle-tooltips.js?0.7580118955022959"></script>
<script defer src="//play.pokemonshowdown.com/js/battle.js?0.6057722274234274"></script>

<script defer src="js/utils.js?e31f9a17"></script>
<script defer src="js/replays-battle.js?7008c182"></script>

<!-- don't scrape this data! just add .json or .log after the URL!
Full API docs: https://github.com/smogon/pokemon-showdown-client/blob/master/WEB-API.md -->
<script type="text/plain" class="log" id="replaylog-smogtours-gen3ou-801841">
|inactive|Battle timer is ON: inactive players will automatically lose when time's up.
|t:|1729875236
|gametype|singles
|player|p1|Bongmoodeus|266|
|player|p2|lunasran|erika|
|teamsize|p1|6
|teamsize|p2|6
|gen|3
|tier|[Gen 3] OU
|rule|Sleep Clause Mod: Limit one foe put to sleep
|rule|Switch Priority Clause Mod: Faster Pokémon switch first
|rule|Species Clause: Limit one of each Pokémon
|rule|OHKO Clause: OHKO moves are banned
|rule|Evasion Items Clause: Evasion items are banned
|rule|Evasion Moves Clause: Evasion moves are banned
|rule|Endless Battle Clause: Forcing endless battles is banned
|rule|HP Percentage Mod: HP is shown in percentages
|rule|One Boost Passer Clause: Limit one Baton Passer that has a way to boost its stats
|rule|Freeze Clause Mod: Limit one foe frozen
|
|t:|1729875236
|start
|switch|p1a: Blaziken|Blaziken, M|100/100
|switch|p2a: Twizzy|Breloom, F, shiny|100/100
|turn|1
|c|☆Bongmoodeus|gl hf!
|c|☆lunasran|glhf c:
|inactive|lunasran has 270 seconds left.
|inactive|Bongmoodeus has 270 seconds left.
|inactive|lunasran has 240 seconds left.
|
|t:|1729875299
|move|p2a: Twizzy|Spore|p1a: Blaziken
|-status|p1a: Blaziken|slp|[from] move: Spore
|cant|p1a: Blaziken|slp
|
|upkeep
|turn|2
|
|t:|1729875305
|switch|p2a: Senkko|Suicune|100/100
|switch|p1a: Jirachi|Jirachi|100/100
|
|upkeep
|turn|3
|
|t:|1729875312
|switch|p1a: Celebi|Celebi|100/100
|move|p2a: Senkko|Roar|p1a: Celebi
|drag|p1a: Porygon2|Porygon2|100/100
|-ability|p1a: Porygon2|Pressure|[from] ability: Trace|[of] p2a: Senkko
|
|upkeep
|turn|4
|
|t:|1729875331
|switch|p2a: Dusty|Snorlax, F, shiny|100/100
|move|p1a: Porygon2|Thunder Wave|p2a: Dusty
|-status|p2a: Dusty|par
|
|upkeep
|turn|5
|
|t:|1729875343
|switch|p1a: Celebi|Celebi|100/100
|cant|p2a: Dusty|par
|
|upkeep
|turn|6
|
|t:|1729875358
|move|p1a: Celebi|Leech Seed|p2a: Dusty|[miss]
|-miss|p1a: Celebi|p2a: Dusty
|move|p2a: Dusty|Curse|p2a: Dusty
|-unboost|p2a: Dusty|spe|1
|-boost|p2a: Dusty|atk|1
|-boost|p2a: Dusty|def|1
|
|upkeep
|turn|7
|
|t:|1729875366
|move|p1a: Celebi|Leech Seed|p2a: Dusty|[miss]
|-miss|p1a: Celebi|p2a: Dusty
|move|p2a: Dusty|Curse|p2a: Dusty
|-unboost|p2a: Dusty|spe|1
|-boost|p2a: Dusty|atk|1
|-boost|p2a: Dusty|def|1
|
|upkeep
|turn|8
|
|t:|1729875389
|move|p1a: Celebi|Leech Seed|p2a: Dusty
|-start|p2a: Dusty|move: Leech Seed
|cant|p2a: Dusty|par
|
|-damage|p2a: Dusty|88/100 par|[from] Leech Seed|[of] p1a: Celebi
|upkeep
|turn|9
|
|t:|1729875408
|move|p1a: Celebi|Psychic|p2a: Dusty
|-damage|p2a: Dusty|69/100 par
|move|p2a: Dusty|Curse|p2a: Dusty
|-unboost|p2a: Dusty|spe|1
|-boost|p2a: Dusty|atk|1
|-boost|p2a: Dusty|def|1
|
|-heal|p2a: Dusty|75/100 par|[from] item: Leftovers
|-damage|p2a: Dusty|63/100 par|[from] Leech Seed|[of] p1a: Celebi
|upkeep
|turn|10
|inactive|lunasran has 270 seconds left.
|
|t:|1729875432
|move|p1a: Celebi|Psychic|p2a: Dusty
|-damage|p2a: Dusty|46/100 par
|-unboost|p2a: Dusty|spd|1
|cant|p2a: Dusty|par
|
|-heal|p2a: Dusty|52/100 par|[from] item: Leftovers
|-damage|p2a: Dusty|40/100 par|[from] Leech Seed|[of] p1a: Celebi
|upkeep
|turn|11
|inactive|lunasran has 270 seconds left.
|
|t:|1729875444
|move|p1a: Celebi|Psychic|p2a: Dusty
|-damage|p2a: Dusty|13/100 par
|cant|p2a: Dusty|par
|
|-heal|p2a: Dusty|19/100 par|[from] item: Leftovers
|-damage|p2a: Dusty|6/100 par|[from] Leech Seed|[of] p1a: Celebi
|upkeep
|turn|12
|inactive|lunasran has 270 seconds left.
|
|t:|1729875474
|switch|p2a: Jinx|Jirachi|100/100
|move|p1a: Celebi|Psychic|p2a: Jinx
|-resisted|p2a: Jinx
|-damage|p2a: Jinx|93/100
|
|-heal|p2a: Jinx|99/100|[from] item: Leftovers
|upkeep
|turn|13
|
|t:|1729875483
|move|p2a: Jinx|Wish|p2a: Jinx
|move|p1a: Celebi|Leech Seed|p2a: Jinx
|-start|p2a: Jinx|move: Leech Seed
|
|-heal|p2a: Jinx|100/100|[from] item: Leftovers
|-damage|p2a: Jinx|88/100|[from] Leech Seed|[of] p1a: Celebi
|upkeep
|turn|14
|
|t:|1729875500
|move|p2a: Jinx|Calm Mind|p2a: Jinx
|-boost|p2a: Jinx|spa|1
|-boost|p2a: Jinx|spd|1
|move|p1a: Celebi|Baton Pass|p1a: Celebi
|
|t:|1729875504
|switch|p1a: Dugtrio|Dugtrio, M|100/100|[from] Baton Pass
|
|-heal|p2a: Jinx|100/100|[from] move: Wish|[wisher] Jinx
|-damage|p2a: Jinx|88/100|[from] Leech Seed|[of] p1a: Dugtrio
|upkeep
|turn|15
|
|t:|1729875521
|move|p1a: Dugtrio|Earthquake|p2a: Jinx
|-supereffective|p2a: Jinx
|-damage|p2a: Jinx|9/100
|move|p2a: Jinx|Psychic|p1a: Dugtrio
|-damage|p1a: Dugtrio|15/100
|
|-heal|p2a: Jinx|15/100|[from] item: Leftovers
|-damage|p2a: Jinx|3/100|[from] Leech Seed|[of] p1a: Dugtrio
|-heal|p1a: Dugtrio|39/100|[silent]
|upkeep
|turn|16
|
|t:|1729875533
|move|p1a: Dugtrio|Earthquake|p2a: Jinx
|-supereffective|p2a: Jinx
|-damage|p2a: Jinx|0 fnt
|faint|p2a: Jinx
|
|t:|1729875540
|switch|p2a: Andy|Aerodactyl, F, shiny|100/100
|
|upkeep
|turn|17
|
|t:|1729875559
|switch|p1a: Porygon2|Porygon2|100/100
|-ability|p1a: Porygon2|Rock Head|[from] ability: Trace|[of] p2a: Andy
|move|p2a: Andy|Hidden Power|p1a: Porygon2
|-damage|p1a: Porygon2|67/100
|
|-heal|p1a: Porygon2|73/100|[from] item: Leftovers
|upkeep
|turn|18
|inactive|lunasran has 240 seconds left.
|inactive|Bongmoodeus has 270 seconds left.
|
|t:|1729875595
|switch|p2a: Dusty|Snorlax, F, shiny|6/100 par
|switch|p1a: Suicune|Suicune|100/100
|
|-heal|p2a: Dusty|12/100 par|[from] item: Leftovers
|upkeep
|turn|19
|
|t:|1729875607
|switch|p2a: Senkko|Suicune|100/100
|move|p1a: Suicune|Ice Beam|p2a: Senkko
|-resisted|p2a: Senkko
|-damage|p2a: Senkko|88/100
|
|-heal|p2a: Senkko|94/100|[from] item: Leftovers
|upkeep
|turn|20
|
|t:|1729875616
|move|p1a: Suicune|Roar|p2a: Senkko
|drag|p2a: Andy|Aerodactyl, F, shiny|100/100
|
|upkeep
|turn|21
|
|t:|1729875639
|switch|p2a: Senkko|Suicune|94/100
|move|p1a: Suicune|Ice Beam|p2a: Senkko
|-resisted|p2a: Senkko
|-damage|p2a: Senkko|82/100
|
|-heal|p2a: Senkko|88/100|[from] item: Leftovers
|upkeep
|turn|22
|inactive|lunasran has 210 seconds left.
|
|t:|1729875658
|move|p1a: Suicune|Calm Mind|p1a: Suicune
|-boost|p1a: Suicune|spa|1
|-boost|p1a: Suicune|spd|1
|move|p2a: Senkko|Ice Beam|p1a: Suicune
|-resisted|p1a: Suicune
|-damage|p1a: Suicune|92/100
|
|-heal|p1a: Suicune|98/100|[from] item: Leftovers
|-heal|p2a: Senkko|94/100|[from] item: Leftovers
|upkeep
|turn|23
|
|t:|1729875667
|move|p2a: Senkko|Roar|p1a: Suicune
|drag|p1a: Blaziken|Blaziken, M|100/100 slp
|
|-heal|p2a: Senkko|100/100|[from] item: Leftovers
|upkeep
|turn|24
|
|t:|1729875673
|switch|p2a: Dusty|Snorlax, F, shiny|12/100 par
|switch|p1a: Celebi|Celebi|100/100
|
|-heal|p2a: Dusty|18/100 par|[from] item: Leftovers
|upkeep
|turn|25
|
|t:|1729875692
|switch|p1a: Dugtrio|Dugtrio, M|39/100
|move|p2a: Dusty|Rest|p2a: Dusty
|-status|p2a: Dusty|slp|[from] move: Rest
|-heal|p2a: Dusty|100/100 slp|[silent]
|
|upkeep
|turn|26
|
|t:|1729875702
|move|p1a: Dugtrio|Earthquake|p2a: Dusty
|-damage|p2a: Dusty|59/100 slp
|cant|p2a: Dusty|slp
|move|p2a: Dusty|Sleep Talk|p2a: Dusty
|move|p2a: Dusty|Rest|p2a: Dusty|[from]Sleep Talk
|
|-heal|p2a: Dusty|65/100 slp|[from] item: Leftovers
|upkeep
|turn|27
|
|t:|1729875711
|move|p1a: Dugtrio|Earthquake|p2a: Dusty
|-damage|p2a: Dusty|21/100 slp
|cant|p2a: Dusty|slp
|move|p2a: Dusty|Sleep Talk|p2a: Dusty
|move|p2a: Dusty|Rest|p2a: Dusty|[from]Sleep Talk
|
|-heal|p2a: Dusty|28/100 slp|[from] item: Leftovers
|upkeep
|turn|28
|
|t:|1729875725
|move|p1a: Dugtrio|Earthquake|p2a: Dusty
|-damage|p2a: Dusty|0 fnt
|faint|p2a: Dusty
|
|t:|1729875735
|switch|p2a: Flex|Zapdos|100/100
|
|upkeep
|turn|29
|
|t:|1729875740
|switch|p1a: Celebi|Celebi|100/100
|move|p2a: Flex|Substitute|p2a: Flex
|-start|p2a: Flex|Substitute
|-damage|p2a: Flex|76/100
|
|-heal|p2a: Flex|82/100|[from] item: Leftovers
|upkeep
|turn|30
|
|t:|1729875757
|move|p2a: Flex|Thunderbolt|p1a: Celebi
|-resisted|p1a: Celebi
|-damage|p1a: Celebi|82/100
|move|p1a: Celebi|Psychic|p2a: Flex
|-end|p2a: Flex|Substitute
|
|-heal|p2a: Flex|88/100|[from] item: Leftovers
|-heal|p1a: Celebi|88/100|[from] item: Leftovers
|upkeep
|turn|31
|inactive|lunasran has 210 seconds left.
|
|t:|1729875785
|switch|p2a: Andy|Aerodactyl, F, shiny|100/100
|move|p1a: Celebi|Psychic|p2a: Andy
|-damage|p2a: Andy|57/100
|
|-heal|p1a: Celebi|94/100|[from] item: Leftovers
|upkeep
|turn|32
|inactive|lunasran has 210 seconds left.
|
|t:|1729875807
|switch|p1a: Dugtrio|Dugtrio, M|39/100
|move|p2a: Andy|Double-Edge|p1a: Dugtrio
|-damage|p1a: Dugtrio|0 fnt
|faint|p1a: Dugtrio
|
|t:|1729875811
|switch|p1a: Jirachi|Jirachi|100/100
|
|upkeep
|turn|33
|inactive|lunasran has 210 seconds left.
|
|t:|1729875819
|switch|p2a: Senkko|Suicune|100/100
|move|p1a: Jirachi|Calm Mind|p1a: Jirachi
|-boost|p1a: Jirachi|spa|1
|-boost|p1a: Jirachi|spd|1
|
|upkeep
|turn|34
|
|t:|1729875828
|move|p1a: Jirachi|Hidden Power|p2a: Senkko
|-supereffective|p2a: Senkko
|-damage|p2a: Senkko|50/100
|move|p2a: Senkko|Roar|p1a: Jirachi
|drag|p1a: Blaziken|Blaziken, M|100/100 slp
|
|-heal|p2a: Senkko|56/100|[from] item: Leftovers
|upkeep
|turn|35
|inactive|lunasran has 210 seconds left.
|
|t:|1729875857
|switch|p1a: Suicune|Suicune|98/100
|move|p2a: Senkko|Calm Mind|p2a: Senkko
|-boost|p2a: Senkko|spa|1
|-boost|p2a: Senkko|spd|1
|
|-heal|p2a: Senkko|62/100|[from] item: Leftovers
|-heal|p1a: Suicune|100/100|[from] item: Leftovers
|upkeep
|turn|36
|
|t:|1729875867
|move|p2a: Senkko|Roar|p1a: Suicune
|drag|p1a: Blaziken|Blaziken, M|100/100 slp
|
|-heal|p2a: Senkko|68/100|[from] item: Leftovers
|upkeep
|turn|37
|
|t:|1729875875
|switch|p1a: Suicune|Suicune|100/100
|move|p2a: Senkko|Calm Mind|p2a: Senkko
|-boost|p2a: Senkko|spa|1
|-boost|p2a: Senkko|spd|1
|
|-heal|p2a: Senkko|74/100|[from] item: Leftovers
|upkeep
|turn|38
|inactive|lunasran has 210 seconds left.
|
|t:|1729875889
|move|p2a: Senkko|Roar|p1a: Suicune
|drag|p1a: Celebi|Celebi|94/100
|
|-heal|p2a: Senkko|80/100|[from] item: Leftovers
|-heal|p1a: Celebi|99/100|[from] item: Leftovers
|upkeep
|turn|39
|inactive|lunasran has 210 seconds left.
|
|t:|1729875906
|move|p2a: Senkko|Ice Beam|p1a: Celebi
|-supereffective|p1a: Celebi
|-damage|p1a: Celebi|15/100
|move|p1a: Celebi|Leech Seed|p2a: Senkko
|-start|p2a: Senkko|move: Leech Seed
|
|-heal|p2a: Senkko|86/100|[from] item: Leftovers
|-damage|p2a: Senkko|74/100|[from] Leech Seed|[of] p1a: Celebi
|-heal|p1a: Celebi|26/100|[silent]
|-heal|p1a: Celebi|32/100|[from] item: Leftovers
|upkeep
|turn|40
|
|t:|1729875921
|switch|p1a: Suicune|Suicune|100/100
|move|p2a: Senkko|Ice Beam|p1a: Suicune
|-resisted|p1a: Suicune
|-damage|p1a: Suicune|78/100
|
|-heal|p2a: Senkko|80/100|[from] item: Leftovers
|-heal|p1a: Suicune|84/100|[from] item: Leftovers
|-damage|p2a: Senkko|67/100|[from] Leech Seed|[of] p1a: Suicune
|-heal|p1a: Suicune|96/100|[silent]
|upkeep
|turn|41
|
|t:|1729875935
|switch|p2a: Flex|Zapdos|88/100
|move|p1a: Suicune|Ice Beam|p2a: Flex
|-supereffective|p2a: Flex
|-damage|p2a: Flex|20/100
|
|-heal|p2a: Flex|26/100|[from] item: Leftovers
|-heal|p1a: Suicune|100/100|[from] item: Leftovers
|upkeep
|turn|42
|
|t:|1729875962
|switch|p1a: Porygon2|Porygon2|73/100
|-ability|p1a: Porygon2|Pressure|[from] ability: Trace|[of] p2a: Flex
|move|p2a: Flex|Thunderbolt|p1a: Porygon2
|-damage|p1a: Porygon2|26/100
|-status|p1a: Porygon2|par
|
|-heal|p2a: Flex|32/100|[from] item: Leftovers
|-heal|p1a: Porygon2|32/100 par|[from] item: Leftovers
|upkeep
|turn|43
|
|t:|1729875974
|move|p2a: Flex|Thunderbolt|p1a: Porygon2
|-damage|p1a: Porygon2|0 fnt
|faint|p1a: Porygon2
|
|t:|1729875976
|switch|p1a: Celebi|Celebi|32/100
|
|-heal|p2a: Flex|38/100|[from] item: Leftovers
|-heal|p1a: Celebi|38/100|[from] item: Leftovers
|upkeep
|turn|44
|inactive|lunasran has 180 seconds left.
|
|t:|1729876005
|move|p2a: Flex|Thunder Wave|p1a: Celebi
|-status|p1a: Celebi|par
|cant|p1a: Celebi|par
|
|-heal|p2a: Flex|45/100|[from] item: Leftovers
|-heal|p1a: Celebi|44/100 par|[from] item: Leftovers
|upkeep
|turn|45
|inactive|lunasran has 180 seconds left.
|
|t:|1729876019
|switch|p2a: Andy|Aerodactyl, F, shiny|57/100
|-curestatus|p1a: Celebi|par|[from] ability: Natural Cure
|switch|p1a: Jirachi|Jirachi|100/100
|
|upkeep
|turn|46
|inactive|lunasran has 180 seconds left.
|
|t:|1729876042
|move|p2a: Andy|Earthquake|p1a: Jirachi
|-supereffective|p1a: Jirachi
|-damage|p1a: Jirachi|16/100
|move|p1a: Jirachi|Psychic|p2a: Andy
|-damage|p2a: Andy|2/100
|
|-heal|p1a: Jirachi|22/100|[from] item: Leftovers
|upkeep
|turn|47
|
|t:|1729876050
|switch|p1a: Celebi|Celebi|44/100
|move|p2a: Andy|Earthquake|p1a: Celebi
|-resisted|p1a: Celebi
|-damage|p1a: Celebi|29/100
|
|-heal|p1a: Celebi|36/100|[from] item: Leftovers
|upkeep
|turn|48
|inactive|lunasran has 180 seconds left.
|
|t:|1729876061
|switch|p2a: Twizzy|Breloom, F, shiny|100/100
|move|p1a: Celebi|Leech Seed|p2a: Twizzy
|-immune|p2a: Twizzy
|
|-heal|p1a: Celebi|42/100|[from] item: Leftovers
|upkeep
|turn|49
|inactive|lunasran has 180 seconds left.
|
|t:|1729876075
|move|p2a: Twizzy|Hidden Power|p1a: Celebi
|-supereffective|p1a: Celebi
|-damage|p1a: Celebi|9/100
|move|p1a: Celebi|Psychic|p2a: Twizzy
|-supereffective|p2a: Twizzy
|-damage|p2a: Twizzy|0 fnt
|faint|p2a: Twizzy
|
|t:|1729876082
|switch|p2a: Andy|Aerodactyl, F, shiny|2/100
|
|-heal|p1a: Celebi|16/100|[from] item: Leftovers
|upkeep
|turn|50
|inactive|lunasran has 180 seconds left.
|
|t:|1729876097
|move|p2a: Andy|Double-Edge|p1a: Celebi
|-damage|p1a: Celebi|0 fnt
|faint|p1a: Celebi
|
|t:|1729876104
|switch|p1a: Suicune|Suicune|100/100
|
|upkeep
|turn|51
|inactive|lunasran has 180 seconds left.
|
|t:|1729876112
|switch|p2a: Senkko|Suicune|67/100
|move|p1a: Suicune|Ice Beam|p2a: Senkko
|-resisted|p2a: Senkko
|-damage|p2a: Senkko|55/100
|
|-heal|p2a: Senkko|61/100|[from] item: Leftovers
|upkeep
|turn|52
|
|t:|1729876122
|move|p1a: Suicune|Calm Mind|p1a: Suicune
|-boost|p1a: Suicune|spa|1
|-boost|p1a: Suicune|spd|1
|move|p2a: Senkko|Roar|p1a: Suicune
|drag|p1a: Blaziken|Blaziken, M|100/100 slp
|
|-heal|p2a: Senkko|67/100|[from] item: Leftovers
|upkeep
|turn|53
|inactive|lunasran has 180 seconds left.
|
|t:|1729876138
|move|p2a: Senkko|Calm Mind|p2a: Senkko
|-boost|p2a: Senkko|spa|1
|-boost|p2a: Senkko|spd|1
|cant|p1a: Blaziken|slp
|
|-heal|p2a: Senkko|73/100|[from] item: Leftovers
|upkeep
|turn|54
|
|t:|1729876145
|move|p2a: Senkko|Surf|p1a: Blaziken
|-supereffective|p1a: Blaziken
|-damage|p1a: Blaziken|0 fnt
|faint|p1a: Blaziken
|inactive|Bongmoodeus has 270 seconds left.
|
|t:|1729876203
|switch|p1a: Jirachi|Jirachi|22/100
|
|-heal|p1a: Jirachi|29/100|[from] item: Leftovers
|-heal|p2a: Senkko|79/100|[from] item: Leftovers
|upkeep
|turn|55
|
|t:|1729876210
|move|p1a: Jirachi|Hidden Power|p2a: Senkko
|-supereffective|p2a: Senkko
|-damage|p2a: Senkko|53/100
|move|p2a: Senkko|Surf|p1a: Jirachi
|-damage|p1a: Jirachi|0 fnt
|faint|p1a: Jirachi
|
|t:|1729876213
|switch|p1a: Suicune|Suicune|100/100
|
|-heal|p2a: Senkko|59/100|[from] item: Leftovers
|upkeep
|turn|56
|inactive|lunasran has 180 seconds left.
|
|t:|1729876255
|switch|p2a: Andy|Aerodactyl, F, shiny|2/100
|move|p1a: Suicune|Ice Beam|p2a: Andy
|-supereffective|p2a: Andy
|-damage|p2a: Andy|0 fnt
|faint|p2a: Andy
|
|t:|1729876261
|switch|p2a: Flex|Zapdos|45/100
|
|-heal|p2a: Flex|51/100|[from] item: Leftovers
|upkeep
|turn|57
|
|t:|1729876276
|move|p2a: Flex|Thunder Wave|p1a: Suicune
|-status|p1a: Suicune|par
|move|p1a: Suicune|Ice Beam|p2a: Flex
|-supereffective|p2a: Flex
|-crit|p2a: Flex
|-damage|p2a: Flex|0 fnt
|faint|p2a: Flex
|
|t:|1729876284
|switch|p2a: Senkko|Suicune|59/100
|
|-heal|p2a: Senkko|65/100|[from] item: Leftovers
|upkeep
|turn|58
|
|t:|1729876288
|move|p2a: Senkko|Calm Mind|p2a: Senkko
|-boost|p2a: Senkko|spa|1
|-boost|p2a: Senkko|spd|1
|cant|p1a: Suicune|par
|
|-heal|p2a: Senkko|71/100|[from] item: Leftovers
|upkeep
|turn|59
|
|t:|1729876295
|move|p2a: Senkko|Calm Mind|p2a: Senkko
|-boost|p2a: Senkko|spa|1
|-boost|p2a: Senkko|spd|1
|move|p1a: Suicune|Calm Mind|p1a: Suicune
|-boost|p1a: Suicune|spa|1
|-boost|p1a: Suicune|spd|1
|
|-heal|p2a: Senkko|77/100|[from] item: Leftovers
|upkeep
|turn|60
|
|t:|1729876303
|move|p2a: Senkko|Calm Mind|p2a: Senkko
|-boost|p2a: Senkko|spa|1
|-boost|p2a: Senkko|spd|1
|move|p1a: Suicune|Calm Mind|p1a: Suicune
|-boost|p1a: Suicune|spa|1
|-boost|p1a: Suicune|spd|1
|
|-heal|p2a: Senkko|83/100|[from] item: Leftovers
|upkeep
|turn|61
|
|t:|1729876310
|move|p2a: Senkko|Calm Mind|p2a: Senkko
|-boost|p2a: Senkko|spa|1
|-boost|p2a: Senkko|spd|1
|cant|p1a: Suicune|par
|
|-heal|p2a: Senkko|89/100|[from] item: Leftovers
|upkeep
|turn|62
|
|t:|1729876319
|move|p2a: Senkko|Calm Mind|p2a: Senkko
|-boost|p2a: Senkko|spa|1
|-boost|p2a: Senkko|spd|1
|cant|p1a: Suicune|par
|
|-heal|p2a: Senkko|95/100|[from] item: Leftovers
|upkeep
|turn|63
|
|t:|1729876325
|move|p2a: Senkko|Calm Mind|p2a: Senkko
|-boost|p2a: Senkko|spa|1
|-boost|p2a: Senkko|spd|1
|move|p1a: Suicune|Calm Mind|p1a: Suicune
|-boost|p1a: Suicune|spa|1
|-boost|p1a: Suicune|spd|1
|
|-heal|p2a: Senkko|100/100|[from] item: Leftovers
|upkeep
|turn|64
|inactive|lunasran has 210 seconds left.
|
|t:|1729876333
|move|p2a: Senkko|Surf|p1a: Suicune
|-resisted|p1a: Suicune
|-damage|p1a: Suicune|69/100 par
|move|p1a: Suicune|Calm Mind|p1a: Suicune
|-boost|p1a: Suicune|spa|1
|-boost|p1a: Suicune|spd|1
|
|-heal|p1a: Suicune|75/100 par|[from] item: Leftovers
|upkeep
|turn|65
|
|t:|1729876340
|move|p2a: Senkko|Surf|p1a: Suicune
|-resisted|p1a: Suicune
|-damage|p1a: Suicune|52/100 par
|cant|p1a: Suicune|par
|
|-heal|p1a: Suicune|58/100 par|[from] item: Leftovers
|upkeep
|turn|66
|
|t:|1729876346
|move|p2a: Senkko|Surf|p1a: Suicune
|-resisted|p1a: Suicune
|-damage|p1a: Suicune|32/100 par
|move|p1a: Suicune|Calm Mind|p1a: Suicune
|-boost|p1a: Suicune|spa|1
|-boost|p1a: Suicune|spd|1
|
|-heal|p1a: Suicune|38/100 par|[from] item: Leftovers
|upkeep
|turn|67
|
|t:|1729876354
|move|p2a: Senkko|Surf|p1a: Suicune
|-resisted|p1a: Suicune
|-damage|p1a: Suicune|15/100 par
|cant|p1a: Suicune|par
|
|-heal|p1a: Suicune|21/100 par|[from] item: Leftovers
|upkeep
|turn|68
|
|t:|1729876361
|move|p2a: Senkko|Surf|p1a: Suicune
|-resisted|p1a: Suicune
|-damage|p1a: Suicune|1/100 par
|cant|p1a: Suicune|par
|
|-heal|p1a: Suicune|7/100 par|[from] item: Leftovers
|upkeep
|turn|69
|
|t:|1729876367
|move|p2a: Senkko|Surf|p1a: Suicune
|-resisted|p1a: Suicune
|-damage|p1a: Suicune|0 fnt
|faint|p1a: Suicune
|
|win|lunasran
|c|☆lunasran|GG WP
|c|☆lunasran|HOLY
|c|☆Bongmoodeus|gg u2
|player|p2|

</script>
<script type="application/json" class="data" id="replaydata-smogtours-gen3ou-801841">
{"id":"smogtours-gen3ou-801841","format":"[Gen 3] OU","players":["Bongmoodeus","lunasran"],"uploadtime":1729876367,"views":124,"formatid":"gen3ou","rating":null,"private":0,"password":null}
</script>

<script defer src="js/replays.js?9d40a366"></script>
