<!DOCTYPE html>
<meta charset="utf-8" />
<meta name="viewport" content="width=device-width" />

<title>[Gen 3] OU: kalarse vs. icypatek - Replays - Pok&eacute;mon Showdown!</title>

<meta name="description" content="Watch a replay of a Pok&eacute;mon battle between kalarse and icypatek! Format: [Gen 3] OU; Date: Oct 3, 2024" />
<!--

Hey, you! Looking in the source for the replay log?

You can find them in JSON format, just add `.json` at the end of a replay URL.

https://replay.pokemonshowdown.com/gen7randomdoublesbattle-865046831.json

Or, if you only need the log itself, add `.log` instead:

https://replay.pokemonshowdown.com/gen7randomdoublesbattle-865046831.log

-->

<link rel="stylesheet" href="//pokemonshowdown.com/style/global.css?0.023195364461161105" />
<link rel="stylesheet" href="//play.pokemonshowdown.com/style/font-awesome.css?0.13261647063804238" />
<link rel="stylesheet" href="//play.pokemonshowdown.com/style/battle.css?0.8753245789963631" />
<link rel="stylesheet" href="//play.pokemonshowdown.com/style/utilichart.css?0.8627959624976733" />

<!-- Global site tag (gtag.js) - Google Analytics -->
<script async src="https://www.googletagmanager.com/gtag/js?id=UA-26211653-1"></script>
<script>
  window.dataLayer = window.dataLayer || [];
  function gtag(){dataLayer.push(arguments);}
  gtag('js', new Date());

  gtag('config', 'UA-26211653-1');
</script>
<!-- End Google Analytics -->
<!-- Venatus Ad Manager - Install in <HEAD> of page -->
	<script src="https://hb.vntsm.com/v3/live/ad-manager.min.js" type="text/javascript" data-site-id="642aba63ec9a7b11c3c9c1be" data-mode="scan" async></script>
<!-- / Venatus Ad Manager -->

<style>
	@media (max-width:820px) {
		.battle {
			margin: 0 auto;
		}
		.battle-log {
			margin: 7px auto 0;
			max-width: 640px;
			height: 300px;
			position: static;
		}
	}
	.optgroup {
		display: inline-block;
		line-height: 22px;
		font-size: 10pt;
	}
	.optgroup .button {
		height: 25px;
		padding-top: 0;
		padding-bottom: 0;
	}
	.optgroup button.button {
		padding-left: 12px;
		padding-right: 12px;
	}
	.linklist {
		list-style: none;
		margin: 0.5em 0;
		padding: 0;
	}
	.linklist li {
		padding: 2px 0;
	}
	.sidebar {
		float: left;
		width: 320px;
	}
	.bar-wrapper {
		max-width: 1100px;
		margin: 0 auto;
	}
	.bar-wrapper.has-sidebar {
		max-width: 1430px;
	}
	.mainbar {
		margin: 0;
		padding-right: 1px;
	}
	.mainbar.has-sidebar {
		margin-left: 330px;
	}
	@media (min-width: 1511px) {
		.sidebar {
			width: 400px;
		}
		.bar-wrapper.has-sidebar {
			max-width: 1510px;
		}
		.mainbar.has-sidebar {
			margin-left: 410px;
		}
	}
	.section.first-section {
		margin-top: 9px;
	}
	.blocklink small {
		white-space: normal;
	}
	.button {
		vertical-align: middle;
	}
	.replay-controls {
		padding-top: 10px;
	}
	.replay-controls h1 {
		font-size: 16pt;
		font-weight: normal;
		color: #CCC;
	}
	.pagelink {
		text-align: center;
	}
	.pagelink a {
		width: 150px;
	}
	.textbox, .button {
		font-size: 11pt;
		vertical-align: middle;
	}
	@media (max-width: 450px) {
		.button {
			font-size: 9pt;
		}
	}
</style>

<div>

	<header>
		<div class="nav-wrapper"><ul class="nav">
			<li><a class="button nav-first" href="//pokemonshowdown.com/"><img src="//pokemonshowdown.com/images/pokemonshowdownbeta.png" srcset="//pokemonshowdown.com/images/pokemonshowdownbeta.png 1x, //pokemonshowdown.com/images/pokemonshowdownbeta@2x.png 2x" alt="Pok&eacute;mon Showdown" width="146" height="44" /> Home</a></li>
			<li><a class="button" href="//pokemonshowdown.com/dex/">Pok&eacute;dex</a></li>
			<li><a class="button cur" href="/">Replays</a></li>
			<li><a class="button" href="//pokemonshowdown.com/ladder/">Ladder</a></li>
			<li><a class="button nav-last" href="//pokemonshowdown.com/forums/">Forum</a></li>
			<li><a class="button greenbutton nav-first nav-last" href="//play.pokemonshowdown.com/">Play</a></li>
		</ul></div>
	</header>

	<div class="main" id="main">

		<noscript><section class="section">You need to enable JavaScript to use this page; sorry!</section></noscript>

	</div>

</div>

<script defer nomodule src="//play.pokemonshowdown.com/js/lib/ps-polyfill.js"></script>
<script defer src="//play.pokemonshowdown.com/js/lib/preact.min.js"></script>

<script defer src="//play.pokemonshowdown.com/config/config.js?2bddbc15"></script>
<script defer src="//play.pokemonshowdown.com/js/lib/jquery-1.11.0.min.js"></script>
<script defer src="//play.pokemonshowdown.com/js/lib/html-sanitizer-minified.js"></script>
<script defer src="//play.pokemonshowdown.com/js/battle-sound.js"></script>
<script defer src="//play.pokemonshowdown.com/js/battledata.js?0.7209276989879541"></script>
<script defer src="//play.pokemonshowdown.com/data/pokedex-mini.js?0.6111056340867951"></script>
<script defer src="//play.pokemonshowdown.com/data/pokedex-mini-bw.js?0.3532142036491459"></script>
<script defer src="//play.pokemonshowdown.com/data/graphics.js?0.24223875632456182"></script>
<script defer src="//play.pokemonshowdown.com/data/pokedex.js?0.38839984266356864"></script>
<script defer src="//play.pokemonshowdown.com/data/moves.js?0.21866028504024015"></script>
<script defer src="//play.pokemonshowdown.com/data/abilities.js?0.2005157953846628"></script>
<script defer src="//play.pokemonshowdown.com/data/items.js?0.9894211263848525"></script>
<script defer src="//play.pokemonshowdown.com/data/teambuilder-tables.js?0.6008791140282215"></script>
<script defer src="//play.pokemonshowdown.com/js/battle-tooltips.js?0.7580118955022959"></script>
<script defer src="//play.pokemonshowdown.com/js/battle.js?0.6057722274234274"></script>

<script defer src="js/utils.js?e31f9a17"></script>
<script defer src="js/replays-battle.js?7008c182"></script>

<!-- don't scrape this data! just add .json or .log after the URL!
Full API docs: https://github.com/smogon/pokemon-showdown-client/blob/master/WEB-API.md -->
<script type="text/plain" class="log" id="replaylog-smogtours-gen3ou-794416">
|inactive|Battle timer is ON: inactive players will automatically lose when time's up.
|t:|1727993795
|gametype|singles
|player|p1|kalarse|fantina|
|player|p2|icypatek|2|
|teamsize|p1|6
|teamsize|p2|6
|gen|3
|tier|[Gen 3] OU
|rule|Sleep Clause Mod: Limit one foe put to sleep
|rule|Switch Priority Clause Mod: Faster Pokémon switch first
|rule|Species Clause: Limit one of each Pokémon
|rule|OHKO Clause: OHKO moves are banned
|rule|Evasion Items Clause: Evasion items are banned
|rule|Evasion Moves Clause: Evasion moves are banned
|rule|Endless Battle Clause: Forcing endless battles is banned
|rule|HP Percentage Mod: HP is shown in percentages
|rule|One Boost Passer Clause: Limit one Baton Passer that has a way to boost its stats
|rule|Freeze Clause Mod: Limit one foe frozen
|
|t:|1727993795
|start
|switch|p1a: Forry|Forretress, F|100/100
|switch|p2a: VOIR DIRE|Smeargle, F, shiny|100/100
|turn|1
|
|t:|1727993805
|switch|p1a: Suicune|Suicune|100/100
|move|p2a: VOIR DIRE|Spore|p1a: Suicune
|-status|p1a: Suicune|slp|[from] move: Spore
|
|upkeep
|turn|2
|
|t:|1727993815
|switch|p1a: Forry|Forretress, F|100/100
|move|p2a: VOIR DIRE|Spikes|p1a: Forry
|-sidestart|p1: kalarse|Spikes
|
|upkeep
|turn|3
|
|t:|1727993825
|switch|p2a: Hood Baby|Salamence, M|100/100
|-ability|p2a: Hood Baby|Intimidate|boost
|-unboost|p1a: Forry|atk|1
|move|p1a: Forry|Rapid Spin|p2a: Hood Baby
|-damage|p2a: Hood Baby|97/100
|-sideend|p1: kalarse|Spikes|[from] move: Rapid Spin|[of] p1a: Forry
|
|-heal|p2a: Hood Baby|100/100|[from] item: Leftovers
|upkeep
|turn|4
|
|t:|1727993838
|switch|p1a: MyDog|Arcanine, F|100/100
|-ability|p1a: MyDog|Intimidate|boost
|-unboost|p2a: Hood Baby|atk|1
|move|p2a: Hood Baby|Flamethrower|p1a: MyDog
|-resisted|p1a: MyDog
|-damage|p1a: MyDog|89/100
|
|-heal|p1a: MyDog|95/100|[from] item: Leftovers
|upkeep
|turn|5
|
|t:|1727993856
|switch|p2a: TP.3 Reloaded|Swampert, M|100/100
|move|p1a: MyDog|Howl|p1a: MyDog
|-boost|p1a: MyDog|atk|1
|
|-heal|p1a: MyDog|100/100|[from] item: Leftovers
|upkeep
|turn|6
|
|t:|1727993879
|switch|p1a: Celebi|Celebi|100/100
|move|p2a: TP.3 Reloaded|Substitute|p2a: TP.3 Reloaded
|-start|p2a: TP.3 Reloaded|Substitute
|-damage|p2a: TP.3 Reloaded|76/100
|
|upkeep
|turn|7
|inactive|icypatek has 270 seconds left.
|
|t:|1727993905
|move|p1a: Celebi|Psychic|p2a: TP.3 Reloaded
|-end|p2a: TP.3 Reloaded|Substitute
|move|p2a: TP.3 Reloaded|Roar|p1a: Celebi
|drag|p1a: Suicune|Suicune|100/100 slp
|
|upkeep
|turn|8
|inactive|icypatek has 270 seconds left.
|
|t:|1727993923
|cant|p1a: Suicune|slp
|move|p1a: Suicune|Sleep Talk|p1a: Suicune
|move|p1a: Suicune|Rest|p1a: Suicune|[from]Sleep Talk
|move|p2a: TP.3 Reloaded|Roar|p1a: Suicune
|drag|p1a: Magneton|Magneton|100/100
|
|upkeep
|turn|9
|inactive|icypatek has 270 seconds left.
|
|t:|1727993941
|move|p1a: Magneton|Hidden Power|p2a: TP.3 Reloaded
|-supereffective|p2a: TP.3 Reloaded
|-damage|p2a: TP.3 Reloaded|0 fnt
|faint|p2a: TP.3 Reloaded
|inactive|icypatek has 240 seconds left.
|
|t:|1727993974
|switch|p2a: 10|Metagross|100/100
|
|upkeep
|turn|10
|
|t:|1727993985
|switch|p1a: Celebi|Celebi|100/100
|move|p2a: 10|Hidden Power|p1a: Celebi
|-supereffective|p1a: Celebi
|-damage|p1a: Celebi|63/100
|
|-heal|p1a: Celebi|70/100|[from] item: Leftovers
|upkeep
|turn|11
|
|t:|1727993999
|switch|p2a: Dummy|Forretress, F|100/100
|move|p1a: Celebi|Recover|p1a: Celebi
|-heal|p1a: Celebi|100/100
|
|upkeep
|turn|12
|
|t:|1727994009
|switch|p1a: MyDog|Arcanine, F|100/100
|-ability|p1a: MyDog|Intimidate|boost
|-unboost|p2a: Dummy|atk|1
|move|p2a: Dummy|Hidden Power|p1a: MyDog
|-resisted|p1a: MyDog
|-damage|p1a: MyDog|93/100
|
|-heal|p1a: MyDog|99/100|[from] item: Leftovers
|upkeep
|turn|13
|
|t:|1727994024
|switch|p1a: Gengar|Gengar, F|100/100
|switch|p2a: Hood Baby|Salamence, M|100/100
|-ability|p2a: Hood Baby|Intimidate|boost
|-unboost|p1a: Gengar|atk|1
|
|upkeep
|turn|14
|
|t:|1727994036
|switch|p2a: 10|Metagross|100/100
|move|p1a: Gengar|Substitute|p1a: Gengar
|-start|p1a: Gengar|Substitute
|-damage|p1a: Gengar|76/100
|
|-heal|p1a: Gengar|82/100|[from] item: Leftovers
|upkeep
|turn|15
|
|t:|1727994048
|move|p1a: Gengar|Thunderbolt|p2a: 10
|-damage|p2a: 10|68/100
|move|p2a: 10|Psychic|p1a: Gengar
|-supereffective|p1a: Gengar
|-end|p1a: Gengar|Substitute
|
|-heal|p1a: Gengar|88/100|[from] item: Leftovers
|-heal|p2a: 10|74/100|[from] item: Leftovers
|upkeep
|turn|16
|
|t:|1727994061
|switch|p1a: Celebi|Celebi|100/100
|move|p2a: 10|Hidden Power|p1a: Celebi
|-supereffective|p1a: Celebi
|-damage|p1a: Celebi|63/100
|
|-heal|p1a: Celebi|69/100|[from] item: Leftovers
|-heal|p2a: 10|80/100|[from] item: Leftovers
|upkeep
|turn|17
|
|t:|1727994075
|switch|p2a: Hood Baby|Salamence, M|100/100
|-ability|p2a: Hood Baby|Intimidate|boost
|-unboost|p1a: Celebi|atk|1
|move|p1a: Celebi|Leech Seed|p2a: Hood Baby
|-start|p2a: Hood Baby|move: Leech Seed
|
|-damage|p2a: Hood Baby|88/100|[from] Leech Seed|[of] p1a: Celebi
|-heal|p1a: Celebi|79/100|[silent]
|-heal|p1a: Celebi|85/100|[from] item: Leftovers
|upkeep
|turn|18
|
|t:|1727994088
|switch|p2a: Dummy|Forretress, F|100/100
|switch|p1a: MyDog|Arcanine, F|99/100
|-ability|p1a: MyDog|Intimidate|boost
|-unboost|p2a: Dummy|atk|1
|
|-heal|p1a: MyDog|100/100|[from] item: Leftovers
|upkeep
|turn|19
|inactive|icypatek has 270 seconds left.
|
|t:|1727994102
|switch|p2a: Hall & Nash 2|Starmie, shiny|100/100
|move|p1a: MyDog|Overheat|p2a: Hall & Nash 2
|-resisted|p2a: Hall & Nash 2
|-damage|p2a: Hall & Nash 2|64/100
|-unboost|p1a: MyDog|spa|2
|
|-heal|p2a: Hall & Nash 2|71/100|[from] item: Leftovers
|upkeep
|turn|20
|inactive|icypatek has 270 seconds left.
|inactive|kalarse has 270 seconds left.
|
|t:|1727994126
|switch|p1a: Magneton|Magneton|100/100
|move|p2a: Hall & Nash 2|Ice Beam|p1a: Magneton
|-resisted|p1a: Magneton
|-damage|p1a: Magneton|75/100
|
|-heal|p2a: Hall & Nash 2|77/100|[from] item: Leftovers
|upkeep
|turn|21
|inactive|kalarse has 270 seconds left.
|
|t:|1727994145
|move|p1a: Magneton|Endure|p1a: Magneton
|-singleturn|p1a: Magneton|move: Endure
|move|p2a: Hall & Nash 2|Surf|p1a: Magneton
|-activate|p1a: Magneton|move: Endure
|-damage|p1a: Magneton|1/100
|
|-heal|p2a: Hall & Nash 2|83/100|[from] item: Leftovers
|-enditem|p1a: Magneton|Salac Berry|[eat]
|-boost|p1a: Magneton|spe|1|[from] item: Salac Berry
|upkeep
|turn|22
|inactive|kalarse has 270 seconds left.
|inactive|icypatek has 270 seconds left.
|
|t:|1727994158
|switch|p2a: VOIR DIRE|Smeargle, F, shiny|100/100
|move|p1a: Magneton|Thunderbolt|p2a: VOIR DIRE
|-damage|p2a: VOIR DIRE|13/100
|
|upkeep
|turn|23
|inactive|kalarse has 270 seconds left.
|inactive|icypatek has 270 seconds left.
|
|t:|1727994168
|move|p1a: Magneton|Thunderbolt|p2a: VOIR DIRE
|-damage|p2a: VOIR DIRE|0 fnt
|faint|p2a: VOIR DIRE
|inactive|icypatek has 270 seconds left.
|
|t:|1727994199
|switch|p2a: 10|Metagross|80/100
|
|-heal|p2a: 10|86/100|[from] item: Leftovers
|upkeep
|turn|24
|inactive|kalarse has 270 seconds left.
|
|t:|1727994209
|move|p1a: Magneton|Thunderbolt|p2a: 10
|-damage|p2a: 10|36/100
|move|p2a: 10|Hidden Power|p1a: Magneton
|-supereffective|p1a: Magneton
|-damage|p1a: Magneton|0 fnt
|faint|p1a: Magneton
|inactive|kalarse has 270 seconds left.
|
|t:|1727994230
|switch|p1a: MyDog|Arcanine, F|100/100
|-ability|p1a: MyDog|Intimidate|boost
|-fail|p2a: 10|unboost|[from] ability: Clear Body|[of] p2a: 10
|
|-heal|p2a: 10|42/100|[from] item: Leftovers
|upkeep
|turn|25
|
|t:|1727994244
|switch|p2a: Hood Baby|Salamence, M|88/100
|-ability|p2a: Hood Baby|Intimidate|boost
|-unboost|p1a: MyDog|atk|1
|move|p1a: MyDog|Overheat|p2a: Hood Baby
|-resisted|p2a: Hood Baby
|-damage|p2a: Hood Baby|57/100
|-unboost|p1a: MyDog|spa|2
|
|-heal|p2a: Hood Baby|63/100|[from] item: Leftovers
|upkeep
|turn|26
|inactive|icypatek has 270 seconds left.
|
|t:|1727994258
|switch|p1a: Forry|Forretress, F|100/100
|move|p2a: Hood Baby|Dragon Dance|p2a: Hood Baby
|-boost|p2a: Hood Baby|atk|1
|-boost|p2a: Hood Baby|spe|1
|
|-heal|p2a: Hood Baby|69/100|[from] item: Leftovers
|upkeep
|turn|27
|
|t:|1727994270
|switch|p1a: MyDog|Arcanine, F|100/100
|-ability|p1a: MyDog|Intimidate|boost
|-unboost|p2a: Hood Baby|atk|1
|move|p2a: Hood Baby|Flamethrower|p1a: MyDog
|-resisted|p1a: MyDog
|-damage|p1a: MyDog|90/100
|
|-heal|p2a: Hood Baby|75/100|[from] item: Leftovers
|-heal|p1a: MyDog|97/100|[from] item: Leftovers
|upkeep
|turn|28
|
|t:|1727994288
|switch|p1a: Forry|Forretress, F|100/100
|move|p2a: Hood Baby|Earthquake|p1a: Forry
|-damage|p1a: Forry|79/100
|
|-heal|p2a: Hood Baby|81/100|[from] item: Leftovers
|-heal|p1a: Forry|85/100|[from] item: Leftovers
|upkeep
|turn|29
|inactive|kalarse has 240 seconds left.
|
|t:|1727994309
|switch|p2a: 10|Metagross|42/100
|switch|p1a: MyDog|Arcanine, F|97/100
|-ability|p1a: MyDog|Intimidate|boost
|-fail|p2a: 10|unboost|[from] ability: Clear Body|[of] p2a: 10
|
|-heal|p1a: MyDog|100/100|[from] item: Leftovers
|-heal|p2a: 10|48/100|[from] item: Leftovers
|upkeep
|turn|30
|inactive|kalarse has 240 seconds left.
|
|t:|1727994323
|switch|p2a: Hood Baby|Salamence, M|81/100
|-ability|p2a: Hood Baby|Intimidate|boost
|-unboost|p1a: MyDog|atk|1
|move|p1a: MyDog|Howl|p1a: MyDog
|-boost|p1a: MyDog|atk|1
|
|-heal|p2a: Hood Baby|87/100|[from] item: Leftovers
|upkeep
|turn|31
|inactive|kalarse has 240 seconds left.
|
|t:|1727994339
|switch|p1a: Gengar|Gengar, F|88/100
|move|p2a: Hood Baby|Dragon Dance|p2a: Hood Baby
|-boost|p2a: Hood Baby|atk|1
|-boost|p2a: Hood Baby|spe|1
|
|-heal|p2a: Hood Baby|93/100|[from] item: Leftovers
|-heal|p1a: Gengar|94/100|[from] item: Leftovers
|upkeep
|turn|32
|inactive|kalarse has 240 seconds left.
|
|t:|1727994353
|switch|p1a: Celebi|Celebi|85/100
|move|p2a: Hood Baby|Hidden Power|p1a: Celebi
|-supereffective|p1a: Celebi
|-damage|p1a: Celebi|4/100
|
|-heal|p2a: Hood Baby|99/100|[from] item: Leftovers
|-heal|p1a: Celebi|11/100|[from] item: Leftovers
|upkeep
|turn|33
|inactive|kalarse has 240 seconds left.
|
|t:|1727994367
|move|p2a: Hood Baby|Hidden Power|p1a: Celebi
|-supereffective|p1a: Celebi
|-damage|p1a: Celebi|0 fnt
|faint|p1a: Celebi
|
|t:|1727994393
|switch|p1a: Forry|Forretress, F|85/100
|
|-heal|p2a: Hood Baby|100/100|[from] item: Leftovers
|-heal|p1a: Forry|91/100|[from] item: Leftovers
|upkeep
|turn|34
|
|t:|1727994403
|switch|p1a: MyDog|Arcanine, F|100/100
|-ability|p1a: MyDog|Intimidate|boost
|-unboost|p2a: Hood Baby|atk|1
|move|p2a: Hood Baby|Flamethrower|p1a: MyDog
|-resisted|p1a: MyDog
|-damage|p1a: MyDog|89/100
|
|-heal|p1a: MyDog|95/100|[from] item: Leftovers
|upkeep
|turn|35
|
|t:|1727994417
|switch|p1a: Gengar|Gengar, F|94/100
|move|p2a: Hood Baby|Dragon Dance|p2a: Hood Baby
|-boost|p2a: Hood Baby|atk|1
|-boost|p2a: Hood Baby|spe|1
|
|-heal|p1a: Gengar|99/100|[from] item: Leftovers
|upkeep
|turn|36
|
|t:|1727994429
|move|p2a: Hood Baby|Hidden Power|p1a: Gengar
|-damage|p1a: Gengar|0 fnt
|faint|p1a: Gengar
|
|t:|1727994436
|switch|p1a: Suicune|Suicune|100/100 slp
|
|upkeep
|turn|37
|
|t:|1727994456
|move|p2a: Hood Baby|Hidden Power|p1a: Suicune
|-damage|p1a: Suicune|66/100 slp
|cant|p1a: Suicune|slp
|move|p1a: Suicune|Sleep Talk|p1a: Suicune
|move|p1a: Suicune|Calm Mind|p1a: Suicune|[from]Sleep Talk
|-boost|p1a: Suicune|spa|1
|-boost|p1a: Suicune|spd|1
|
|-heal|p1a: Suicune|72/100 slp|[from] item: Leftovers
|upkeep
|turn|38
|inactive|kalarse has 210 seconds left.
|
|t:|1727994485
|move|p2a: Hood Baby|Dragon Dance|p2a: Hood Baby
|-boost|p2a: Hood Baby|atk|1
|-boost|p2a: Hood Baby|spe|1
|cant|p1a: Suicune|slp
|
|-heal|p1a: Suicune|78/100 slp|[from] item: Leftovers
|upkeep
|turn|39
|inactive|kalarse has 210 seconds left.
|
|t:|1727994496
|move|p2a: Hood Baby|Hidden Power|p1a: Suicune
|-damage|p1a: Suicune|36/100 slp
|-curestatus|p1a: Suicune|slp|[msg]
|move|p1a: Suicune|Rest|p1a: Suicune
|-status|p1a: Suicune|slp|[from] move: Rest
|-heal|p1a: Suicune|100/100 slp|[silent]
|
|upkeep
|turn|40
|inactive|kalarse has 210 seconds left.
|
|t:|1727994508
|move|p2a: Hood Baby|Dragon Dance|p2a: Hood Baby
|-boost|p2a: Hood Baby|atk|1
|-boost|p2a: Hood Baby|spe|1
|cant|p1a: Suicune|slp
|move|p1a: Suicune|Sleep Talk|p1a: Suicune
|move|p1a: Suicune|Rest|p1a: Suicune|[from]Sleep Talk
|
|upkeep
|turn|41
|inactive|kalarse has 210 seconds left.
|
|t:|1727994524
|move|p2a: Hood Baby|Hidden Power|p1a: Suicune
|-damage|p1a: Suicune|48/100 slp
|cant|p1a: Suicune|slp
|move|p1a: Suicune|Sleep Talk|p1a: Suicune
|move|p1a: Suicune|Surf|p2a: Hood Baby|[from]Sleep Talk
|-resisted|p2a: Hood Baby
|-damage|p2a: Hood Baby|74/100
|
|-heal|p2a: Hood Baby|80/100|[from] item: Leftovers
|-heal|p1a: Suicune|54/100 slp|[from] item: Leftovers
|upkeep
|turn|42
|inactive|kalarse has 210 seconds left.
|
|t:|1727994542
|move|p2a: Hood Baby|Hidden Power|p1a: Suicune
|-damage|p1a: Suicune|1/100 slp
|-curestatus|p1a: Suicune|slp|[msg]
|move|p1a: Suicune|Rest|p1a: Suicune
|-status|p1a: Suicune|slp|[from] move: Rest
|-heal|p1a: Suicune|100/100 slp|[silent]
|
|-heal|p2a: Hood Baby|86/100|[from] item: Leftovers
|upkeep
|turn|43
|inactive|kalarse has 210 seconds left.
|
|t:|1727994556
|move|p2a: Hood Baby|Dragon Dance|p2a: Hood Baby
|-boost|p2a: Hood Baby|atk|1
|-boost|p2a: Hood Baby|spe|1
|cant|p1a: Suicune|slp
|move|p1a: Suicune|Sleep Talk|p1a: Suicune
|move|p1a: Suicune|Calm Mind|p1a: Suicune|[from]Sleep Talk
|-boost|p1a: Suicune|spa|1
|-boost|p1a: Suicune|spd|1
|
|-heal|p2a: Hood Baby|92/100|[from] item: Leftovers
|upkeep
|turn|44
|inactive|kalarse has 210 seconds left.
|
|t:|1727994570
|move|p2a: Hood Baby|Hidden Power|p1a: Suicune
|-damage|p1a: Suicune|37/100 slp
|cant|p1a: Suicune|slp
|move|p1a: Suicune|Sleep Talk|p1a: Suicune
|move|p1a: Suicune|Rest|p1a: Suicune|[from]Sleep Talk
|
|-heal|p2a: Hood Baby|98/100|[from] item: Leftovers
|-heal|p1a: Suicune|43/100 slp|[from] item: Leftovers
|upkeep
|turn|45
|inactive|kalarse has 210 seconds left.
|
|t:|1727994583
|move|p2a: Hood Baby|Hidden Power|p1a: Suicune
|-damage|p1a: Suicune|0 fnt
|faint|p1a: Suicune
|
|t:|1727994592
|switch|p1a: Forry|Forretress, F|91/100
|
|-heal|p2a: Hood Baby|100/100|[from] item: Leftovers
|-heal|p1a: Forry|97/100|[from] item: Leftovers
|upkeep
|turn|46
|inactive|kalarse has 210 seconds left.
|
|t:|1727994602
|move|p2a: Hood Baby|Flamethrower|p1a: Forry
|-supereffective|p1a: Forry
|-damage|p1a: Forry|0 fnt
|faint|p1a: Forry
|
|t:|1727994607
|switch|p1a: MyDog|Arcanine, F|95/100
|-ability|p1a: MyDog|Intimidate|boost
|-unboost|p2a: Hood Baby|atk|1
|
|-heal|p1a: MyDog|100/100|[from] item: Leftovers
|upkeep
|turn|47
|inactive|kalarse has 210 seconds left.
|
|t:|1727994618
|move|p2a: Hood Baby|Earthquake|p1a: MyDog
|-supereffective|p1a: MyDog
|-damage|p1a: MyDog|0 fnt
|faint|p1a: MyDog
|
|win|icypatek
|c|☆icypatek|gg
|c|☆kalarse|gg
|player|p1|

</script>
<script type="application/json" class="data" id="replaydata-smogtours-gen3ou-794416">
{"id":"smogtours-gen3ou-794416","format":"[Gen 3] OU","players":["kalarse","icypatek"],"uploadtime":1727994618,"views":112,"formatid":"gen3ou","rating":null,"private":0,"password":null}
</script>

<script defer src="js/replays.js?9d40a366"></script>
