<!DOCTYPE html>
<meta charset="utf-8" />
<meta name="viewport" content="width=device-width" />

<title>[Gen 3] OU: Humorous Husband vs. yyyyyfyyyyy - Replays - Pok&eacute;mon Showdown!</title>

<meta name="description" content="Watch a replay of a Pok&eacute;mon battle between Humorous Husband and yyyyyfyyyyy! Format: [Gen 3] OU; Date: Oct 8, 2024" />
<!--

Hey, you! Looking in the source for the replay log?

You can find them in JSON format, just add `.json` at the end of a replay URL.

https://replay.pokemonshowdown.com/gen7randomdoublesbattle-865046831.json

Or, if you only need the log itself, add `.log` instead:

https://replay.pokemonshowdown.com/gen7randomdoublesbattle-865046831.log

-->

<link rel="stylesheet" href="//pokemonshowdown.com/style/global.css?0.023195364461161105" />
<link rel="stylesheet" href="//play.pokemonshowdown.com/style/font-awesome.css?0.13261647063804238" />
<link rel="stylesheet" href="//play.pokemonshowdown.com/style/battle.css?0.8753245789963631" />
<link rel="stylesheet" href="//play.pokemonshowdown.com/style/utilichart.css?0.8627959624976733" />

<!-- Global site tag (gtag.js) - Google Analytics -->
<script async src="https://www.googletagmanager.com/gtag/js?id=UA-26211653-1"></script>
<script>
  window.dataLayer = window.dataLayer || [];
  function gtag(){dataLayer.push(arguments);}
  gtag('js', new Date());

  gtag('config', 'UA-26211653-1');
</script>
<!-- End Google Analytics -->
<!-- Venatus Ad Manager - Install in <HEAD> of page -->
	<script src="https://hb.vntsm.com/v3/live/ad-manager.min.js" type="text/javascript" data-site-id="642aba63ec9a7b11c3c9c1be" data-mode="scan" async></script>
<!-- / Venatus Ad Manager -->

<style>
	@media (max-width:820px) {
		.battle {
			margin: 0 auto;
		}
		.battle-log {
			margin: 7px auto 0;
			max-width: 640px;
			height: 300px;
			position: static;
		}
	}
	.optgroup {
		display: inline-block;
		line-height: 22px;
		font-size: 10pt;
	}
	.optgroup .button {
		height: 25px;
		padding-top: 0;
		padding-bottom: 0;
	}
	.optgroup button.button {
		padding-left: 12px;
		padding-right: 12px;
	}
	.linklist {
		list-style: none;
		margin: 0.5em 0;
		padding: 0;
	}
	.linklist li {
		padding: 2px 0;
	}
	.sidebar {
		float: left;
		width: 320px;
	}
	.bar-wrapper {
		max-width: 1100px;
		margin: 0 auto;
	}
	.bar-wrapper.has-sidebar {
		max-width: 1430px;
	}
	.mainbar {
		margin: 0;
		padding-right: 1px;
	}
	.mainbar.has-sidebar {
		margin-left: 330px;
	}
	@media (min-width: 1511px) {
		.sidebar {
			width: 400px;
		}
		.bar-wrapper.has-sidebar {
			max-width: 1510px;
		}
		.mainbar.has-sidebar {
			margin-left: 410px;
		}
	}
	.section.first-section {
		margin-top: 9px;
	}
	.blocklink small {
		white-space: normal;
	}
	.button {
		vertical-align: middle;
	}
	.replay-controls {
		padding-top: 10px;
	}
	.replay-controls h1 {
		font-size: 16pt;
		font-weight: normal;
		color: #CCC;
	}
	.pagelink {
		text-align: center;
	}
	.pagelink a {
		width: 150px;
	}
	.textbox, .button {
		font-size: 11pt;
		vertical-align: middle;
	}
	@media (max-width: 450px) {
		.button {
			font-size: 9pt;
		}
	}
</style>

<div>

	<header>
		<div class="nav-wrapper"><ul class="nav">
			<li><a class="button nav-first" href="//pokemonshowdown.com/"><img src="//pokemonshowdown.com/images/pokemonshowdownbeta.png" srcset="//pokemonshowdown.com/images/pokemonshowdownbeta.png 1x, //pokemonshowdown.com/images/pokemonshowdownbeta@2x.png 2x" alt="Pok&eacute;mon Showdown" width="146" height="44" /> Home</a></li>
			<li><a class="button" href="//pokemonshowdown.com/dex/">Pok&eacute;dex</a></li>
			<li><a class="button cur" href="/">Replays</a></li>
			<li><a class="button" href="//pokemonshowdown.com/ladder/">Ladder</a></li>
			<li><a class="button nav-last" href="//pokemonshowdown.com/forums/">Forum</a></li>
			<li><a class="button greenbutton nav-first nav-last" href="//play.pokemonshowdown.com/">Play</a></li>
		</ul></div>
	</header>

	<div class="main" id="main">

		<noscript><section class="section">You need to enable JavaScript to use this page; sorry!</section></noscript>

	</div>

</div>

<script defer nomodule src="//play.pokemonshowdown.com/js/lib/ps-polyfill.js"></script>
<script defer src="//play.pokemonshowdown.com/js/lib/preact.min.js"></script>

<script defer src="//play.pokemonshowdown.com/config/config.js?2bddbc15"></script>
<script defer src="//play.pokemonshowdown.com/js/lib/jquery-1.11.0.min.js"></script>
<script defer src="//play.pokemonshowdown.com/js/lib/html-sanitizer-minified.js"></script>
<script defer src="//play.pokemonshowdown.com/js/battle-sound.js"></script>
<script defer src="//play.pokemonshowdown.com/js/battledata.js?0.7209276989879541"></script>
<script defer src="//play.pokemonshowdown.com/data/pokedex-mini.js?0.6111056340867951"></script>
<script defer src="//play.pokemonshowdown.com/data/pokedex-mini-bw.js?0.3532142036491459"></script>
<script defer src="//play.pokemonshowdown.com/data/graphics.js?0.24223875632456182"></script>
<script defer src="//play.pokemonshowdown.com/data/pokedex.js?0.38839984266356864"></script>
<script defer src="//play.pokemonshowdown.com/data/moves.js?0.21866028504024015"></script>
<script defer src="//play.pokemonshowdown.com/data/abilities.js?0.2005157953846628"></script>
<script defer src="//play.pokemonshowdown.com/data/items.js?0.9894211263848525"></script>
<script defer src="//play.pokemonshowdown.com/data/teambuilder-tables.js?0.6008791140282215"></script>
<script defer src="//play.pokemonshowdown.com/js/battle-tooltips.js?0.7580118955022959"></script>
<script defer src="//play.pokemonshowdown.com/js/battle.js?0.6057722274234274"></script>

<script defer src="js/utils.js?e31f9a17"></script>
<script defer src="js/replays-battle.js?7008c182"></script>

<!-- don't scrape this data! just add .json or .log after the URL!
Full API docs: https://github.com/smogon/pokemon-showdown-client/blob/master/WEB-API.md -->
<script type="text/plain" class="log" id="replaylog-smogtours-gen3ou-796530">
|inactive|Battle timer is ON: inactive players will automatically lose when time's up.
|t:|1728427939
|gametype|singles
|player|p1|Humorous Husband|wattson|
|player|p2|yyyyyfyyyyy|265|
|teamsize|p1|6
|teamsize|p2|6
|gen|3
|tier|[Gen 3] OU
|rule|Sleep Clause Mod: Limit one foe put to sleep
|rule|Switch Priority Clause Mod: Faster Pokémon switch first
|rule|Species Clause: Limit one of each Pokémon
|rule|OHKO Clause: OHKO moves are banned
|rule|Evasion Items Clause: Evasion items are banned
|rule|Evasion Moves Clause: Evasion moves are banned
|rule|Endless Battle Clause: Forcing endless battles is banned
|rule|HP Percentage Mod: HP is shown in percentages
|rule|One Boost Passer Clause: Limit one Baton Passer that has a way to boost its stats
|rule|Freeze Clause Mod: Limit one foe frozen
|
|t:|1728427939
|start
|switch|p1a: Beverly|Charizard, M, shiny|100/100
|switch|p2a: Kevin|Metagross|100/100
|turn|1
|c|☆yyyyyfyyyyy|glhf
|
|t:|1728427948
|switch|p2a: Darin|Gyarados, M|100/100
|-ability|p2a: Darin|Intimidate|boost
|-unboost|p1a: Beverly|atk|1
|move|p1a: Beverly|Substitute|p1a: Beverly
|-start|p1a: Beverly|Substitute
|-damage|p1a: Beverly|76/100
|
|upkeep
|turn|2
|
|t:|1728427957
|move|p2a: Darin|Hidden Power|p1a: Beverly
|-crit|p1a: Beverly
|-end|p1a: Beverly|Substitute
|move|p1a: Beverly|Flamethrower|p2a: Darin
|-resisted|p2a: Darin
|-damage|p2a: Darin|76/100
|
|-heal|p2a: Darin|82/100|[from] item: Leftovers
|upkeep
|turn|3
|
|t:|1728427981
|switch|p1a: Bevearly|Zapdos|100/100
|move|p2a: Darin|Hidden Power|p1a: Bevearly
|-damage|p1a: Bevearly|72/100
|
|-heal|p1a: Bevearly|78/100|[from] item: Leftovers
|-heal|p2a: Darin|88/100|[from] item: Leftovers
|upkeep
|turn|4
|c|☆Humorous Husband|gl
|
|t:|1728427990
|switch|p2a: Cameron|Celebi|100/100
|move|p1a: Bevearly|Thunder Wave|p2a: Cameron
|-status|p2a: Cameron|par
|
|-heal|p1a: Bevearly|84/100|[from] item: Leftovers
|upkeep
|turn|5
|
|t:|1728428001
|switch|p1a: Beverly|Charizard, M, shiny|76/100
|cant|p2a: Cameron|par
|
|upkeep
|turn|6
|
|t:|1728428009
|-curestatus|p2a: Cameron|par|[from] ability: Natural Cure
|switch|p2a: Darin|Gyarados, M|88/100
|-ability|p2a: Darin|Intimidate|boost
|-unboost|p1a: Beverly|atk|1
|move|p1a: Beverly|Substitute|p1a: Beverly
|-start|p1a: Beverly|Substitute
|-damage|p1a: Beverly|51/100
|
|-heal|p2a: Darin|94/100|[from] item: Leftovers
|upkeep
|turn|7
|
|t:|1728428018
|move|p2a: Darin|Hidden Power|p1a: Beverly
|-end|p1a: Beverly|Substitute
|move|p1a: Beverly|Flamethrower|p2a: Darin
|-resisted|p2a: Darin
|-damage|p2a: Darin|70/100
|
|-heal|p2a: Darin|76/100|[from] item: Leftovers
|upkeep
|turn|8
|
|t:|1728428030
|switch|p1a: Bev-R-Lee|Forretress, M|100/100
|move|p2a: Darin|Double-Edge|p1a: Bev-R-Lee
|-resisted|p1a: Bev-R-Lee
|-damage|p1a: Bev-R-Lee|85/100
|-damage|p2a: Darin|71/100|[from] Recoil|[of] p1a: Bev-R-Lee
|
|-heal|p2a: Darin|77/100|[from] item: Leftovers
|-heal|p1a: Bev-R-Lee|91/100|[from] item: Leftovers
|upkeep
|turn|9
|
|t:|1728428045
|switch|p2a: Nathan|Magneton|100/100
|move|p1a: Bev-R-Lee|Spikes|p2a: Nathan
|-sidestart|p2: yyyyyfyyyyy|Spikes
|
|-heal|p1a: Bev-R-Lee|98/100|[from] item: Leftovers
|upkeep
|turn|10
|
|t:|1728428051
|move|p2a: Nathan|Substitute|p2a: Nathan
|-start|p2a: Nathan|Substitute
|-damage|p2a: Nathan|76/100
|move|p1a: Bev-R-Lee|Earthquake|p2a: Nathan
|-supereffective|p2a: Nathan
|-end|p2a: Nathan|Substitute
|
|-heal|p1a: Bev-R-Lee|100/100|[from] item: Leftovers
|upkeep
|turn|11
|
|t:|1728428060
|move|p2a: Nathan|Thunderbolt|p1a: Bev-R-Lee
|-crit|p1a: Bev-R-Lee
|-damage|p1a: Bev-R-Lee|4/100
|move|p1a: Bev-R-Lee|Earthquake|p2a: Nathan
|-supereffective|p2a: Nathan
|-damage|p2a: Nathan|0 fnt
|faint|p2a: Nathan
|c|☆yyyyyfyyyyy|mb
|c|☆Humorous Husband|All good
|
|t:|1728428086
|switch|p2a: Darin|Gyarados, M|77/100
|-ability|p2a: Darin|Intimidate|boost
|-unboost|p1a: Bev-R-Lee|atk|1
|
|-heal|p2a: Darin|83/100|[from] item: Leftovers
|-heal|p1a: Bev-R-Lee|10/100|[from] item: Leftovers
|upkeep
|turn|12
|
|t:|1728428101
|move|p2a: Darin|Double-Edge|p1a: Bev-R-Lee
|-resisted|p1a: Bev-R-Lee
|-damage|p1a: Bev-R-Lee|0 fnt
|-damage|p2a: Darin|80/100|[from] Recoil|[of] p1a: Bev-R-Lee
|faint|p1a: Bev-R-Lee
|
|t:|1728428108
|switch|p1a: Bevearly|Zapdos|84/100
|
|-heal|p1a: Bevearly|91/100|[from] item: Leftovers
|-heal|p2a: Darin|86/100|[from] item: Leftovers
|upkeep
|turn|13
|
|t:|1728428119
|switch|p2a: Yuya|Salamence, F|100/100
|-ability|p2a: Yuya|Intimidate|boost
|-unboost|p1a: Bevearly|atk|1
|move|p1a: Bevearly|Thunderbolt|p2a: Yuya
|-damage|p2a: Yuya|49/100
|
|-heal|p1a: Bevearly|97/100|[from] item: Leftovers
|-heal|p2a: Yuya|55/100|[from] item: Leftovers
|upkeep
|turn|14
|
|t:|1728428128
|move|p1a: Bevearly|Thunder Wave|p2a: Yuya
|-status|p2a: Yuya|par
|move|p2a: Yuya|Dragon Dance|p2a: Yuya
|-boost|p2a: Yuya|atk|1
|-boost|p2a: Yuya|spe|1
|
|-heal|p1a: Bevearly|100/100|[from] item: Leftovers
|-heal|p2a: Yuya|61/100 par|[from] item: Leftovers
|upkeep
|turn|15
|
|t:|1728428138
|move|p1a: Bevearly|Thunderbolt|p2a: Yuya
|-damage|p2a: Yuya|7/100 par
|move|p2a: Yuya|Rock Slide|p1a: Bevearly
|-supereffective|p1a: Bevearly
|-damage|p1a: Bevearly|5/100
|
|-heal|p1a: Bevearly|11/100|[from] item: Leftovers
|-heal|p2a: Yuya|13/100 par|[from] item: Leftovers
|upkeep
|turn|16
|
|t:|1728428147
|move|p1a: Bevearly|Thunderbolt|p2a: Yuya
|-damage|p2a: Yuya|0 fnt
|faint|p2a: Yuya
|
|t:|1728428150
|switch|p2a: Cameron|Celebi|100/100
|-damage|p2a: Cameron|88/100|[from] Spikes
|
|-heal|p2a: Cameron|94/100|[from] item: Leftovers
|-heal|p1a: Bevearly|17/100|[from] item: Leftovers
|upkeep
|turn|17
|
|t:|1728428157
|switch|p1a: Beverly|Charizard, M, shiny|51/100
|move|p2a: Cameron|Psychic|p1a: Beverly
|-damage|p1a: Beverly|13/100
|
|-heal|p2a: Cameron|100/100|[from] item: Leftovers
|-enditem|p1a: Beverly|Salac Berry|[eat]
|-boost|p1a: Beverly|spe|1|[from] item: Salac Berry
|upkeep
|turn|18
|
|t:|1728428165
|switch|p2a: Darin|Gyarados, M|86/100
|-ability|p2a: Darin|Intimidate|boost
|-unboost|p1a: Beverly|atk|1
|move|p1a: Beverly|Flamethrower|p2a: Darin
|-resisted|p2a: Darin
|-damage|p2a: Darin|47/100
|
|-heal|p2a: Darin|53/100|[from] item: Leftovers
|upkeep
|turn|19
|
|t:|1728428174
|move|p1a: Beverly|Flamethrower|p2a: Darin
|-resisted|p2a: Darin
|-damage|p2a: Darin|16/100
|-status|p2a: Darin|brn
|move|p2a: Darin|Dragon Dance|p2a: Darin
|-boost|p2a: Darin|atk|1
|-boost|p2a: Darin|spe|1
|
|-heal|p2a: Darin|22/100 brn|[from] item: Leftovers
|-damage|p2a: Darin|10/100 brn|[from] brn
|upkeep
|turn|20
|
|t:|1728428184
|move|p2a: Darin|Double-Edge|p1a: Beverly
|-damage|p1a: Beverly|0 fnt
|-damage|p2a: Darin|6/100 brn|[from] Recoil|[of] p1a: Beverly
|faint|p1a: Beverly
|
|t:|1728428192
|switch|p1a: Bevearly|Zapdos|17/100
|
|-heal|p2a: Darin|12/100 brn|[from] item: Leftovers
|-damage|p2a: Darin|0 fnt|[from] brn
|faint|p2a: Darin
|-heal|p1a: Bevearly|24/100|[from] item: Leftovers
|upkeep
|
|t:|1728428209
|switch|p2a: Cameron|Celebi|100/100
|-damage|p2a: Cameron|88/100|[from] Spikes
|turn|21
|
|t:|1728428215
|switch|p1a: Befferly|Metagross|100/100
|move|p2a: Cameron|Psychic|p1a: Befferly
|-resisted|p1a: Befferly
|-damage|p1a: Befferly|91/100
|
|-heal|p2a: Cameron|94/100|[from] item: Leftovers
|-heal|p1a: Befferly|97/100|[from] item: Leftovers
|upkeep
|turn|22
|
|t:|1728428229
|move|p2a: Cameron|Leech Seed|p1a: Befferly
|-start|p1a: Befferly|move: Leech Seed
|move|p1a: Befferly|Earthquake|p2a: Cameron
|-resisted|p2a: Cameron
|-damage|p2a: Cameron|81/100
|
|-heal|p2a: Cameron|87/100|[from] item: Leftovers
|-heal|p1a: Befferly|100/100|[from] item: Leftovers
|-damage|p1a: Befferly|88/100|[from] Leech Seed|[of] p2a: Cameron
|-heal|p2a: Cameron|97/100|[silent]
|upkeep
|turn|23
|
|t:|1728428244
|switch|p1a: Beverlee|Blissey, F, shiny|100/100
|move|p2a: Cameron|Substitute|p2a: Cameron
|-start|p2a: Cameron|Substitute
|-damage|p2a: Cameron|72/100
|
|-heal|p2a: Cameron|78/100|[from] item: Leftovers
|upkeep
|turn|24
|
|t:|1728428252
|move|p2a: Cameron|Leech Seed|p1a: Beverlee
|-start|p1a: Beverlee|move: Leech Seed
|move|p1a: Beverlee|Ice Beam|p2a: Cameron
|-supereffective|p2a: Cameron
|-end|p2a: Cameron|Substitute
|
|-heal|p2a: Cameron|84/100|[from] item: Leftovers
|-damage|p1a: Beverlee|88/100|[from] Leech Seed|[of] p2a: Cameron
|-heal|p2a: Cameron|100/100|[silent]
|upkeep
|turn|25
|
|t:|1728428260
|move|p2a: Cameron|Substitute|p2a: Cameron
|-start|p2a: Cameron|Substitute
|-damage|p2a: Cameron|75/100
|move|p1a: Beverlee|Wish|p1a: Beverlee
|
|-heal|p2a: Cameron|82/100|[from] item: Leftovers
|-heal|p1a: Beverlee|94/100|[from] item: Leftovers
|-damage|p1a: Beverlee|82/100|[from] Leech Seed|[of] p2a: Cameron
|-heal|p2a: Cameron|100/100|[silent]
|upkeep
|turn|26
|
|t:|1728428269
|switch|p1a: Bevearly|Zapdos|24/100
|move|p2a: Cameron|Baton Pass|p2a: Cameron
|
|t:|1728428271
|switch|p2a: Justin|Tyranitar, F|100/100|[from] Baton Pass
|-damage|p2a: Justin|88/100|[from] Spikes
|-weather|Sandstorm|[from] ability: Sand Stream|[of] p2a: Justin
|
|-heal|p1a: Bevearly|73/100|[from] move: Wish|[wisher] Beverlee
|-weather|Sandstorm|[upkeep]
|-damage|p1a: Bevearly|67/100|[from] Sandstorm
|-heal|p1a: Bevearly|73/100|[from] item: Leftovers
|upkeep
|turn|27
|
|t:|1728428286
|move|p2a: Justin|Rock Slide|p1a: Bevearly
|-supereffective|p1a: Bevearly
|-damage|p1a: Bevearly|0 fnt
|faint|p1a: Bevearly
|
|t:|1728428296
|switch|p1a: Befferly|Metagross|88/100
|
|-weather|Sandstorm|[upkeep]
|-heal|p1a: Befferly|94/100|[from] item: Leftovers
|upkeep
|turn|28
|
|t:|1728428314
|move|p1a: Befferly|Earthquake|p2a: Justin
|-supereffective|p2a: Justin
|-end|p2a: Justin|Substitute
|move|p2a: Justin|Earthquake|p1a: Befferly
|-supereffective|p1a: Befferly
|-damage|p1a: Befferly|34/100
|
|-weather|Sandstorm|[upkeep]
|-heal|p1a: Befferly|40/100|[from] item: Leftovers
|upkeep
|turn|29
|
|t:|1728428327
|switch|p2a: Cameron|Celebi|100/100
|-damage|p2a: Cameron|88/100|[from] Spikes
|move|p1a: Befferly|Meteor Mash|p2a: Cameron|[miss]
|-miss|p1a: Befferly|p2a: Cameron
|
|-weather|Sandstorm|[upkeep]
|-damage|p2a: Cameron|82/100|[from] Sandstorm
|-heal|p2a: Cameron|88/100|[from] item: Leftovers
|-heal|p1a: Befferly|46/100|[from] item: Leftovers
|upkeep
|turn|30
|
|t:|1728428342
|switch|p1a: Beverlee|Blissey, F, shiny|82/100
|move|p2a: Cameron|Substitute|p2a: Cameron
|-start|p2a: Cameron|Substitute
|-damage|p2a: Cameron|63/100
|
|-weather|Sandstorm|[upkeep]
|-damage|p2a: Cameron|57/100|[from] Sandstorm
|-damage|p1a: Beverlee|76/100|[from] Sandstorm
|-heal|p2a: Cameron|63/100|[from] item: Leftovers
|-heal|p1a: Beverlee|82/100|[from] item: Leftovers
|upkeep
|turn|31
|
|t:|1728428354
|move|p2a: Cameron|Baton Pass|p2a: Cameron
|
|t:|1728428356
|switch|p2a: Justin|Tyranitar, F|88/100|[from] Baton Pass
|-damage|p2a: Justin|76/100|[from] Spikes
|move|p1a: Beverlee|Ice Beam|p2a: Justin
|-activate|p2a: Justin|Substitute|[damage]
|
|-weather|Sandstorm|[upkeep]
|-damage|p1a: Beverlee|76/100|[from] Sandstorm
|-heal|p1a: Beverlee|82/100|[from] item: Leftovers
|upkeep
|turn|32
|
|t:|1728428367
|move|p2a: Justin|Dragon Dance|p2a: Justin
|-boost|p2a: Justin|atk|1
|-boost|p2a: Justin|spe|1
|move|p1a: Beverlee|Wish|p1a: Beverlee
|
|-weather|Sandstorm|[upkeep]
|-damage|p1a: Beverlee|76/100|[from] Sandstorm
|-heal|p1a: Beverlee|82/100|[from] item: Leftovers
|upkeep
|turn|33
|c|☆Humorous Husband|no getting over this
|
|t:|1728428395
|move|p2a: Justin|Earthquake|p1a: Beverlee
|-damage|p1a: Beverlee|36/100
|move|p1a: Beverlee|Ice Beam|p2a: Justin
|-end|p2a: Justin|Substitute
|
|-heal|p1a: Beverlee|85/100|[from] move: Wish|[wisher] Beverlee
|-weather|Sandstorm|[upkeep]
|-damage|p1a: Beverlee|79/100|[from] Sandstorm
|-heal|p1a: Beverlee|85/100|[from] item: Leftovers
|upkeep
|turn|34
|
|t:|1728428406
|move|p2a: Justin|Rock Slide|p1a: Beverlee
|-damage|p1a: Beverlee|25/100
|cant|p1a: Beverlee|flinch
|
|-weather|Sandstorm|[upkeep]
|-damage|p1a: Beverlee|19/100|[from] Sandstorm
|-heal|p1a: Beverlee|25/100|[from] item: Leftovers
|upkeep
|turn|35
|c|☆Humorous Husband|that was my last hope
|c|☆yyyyyfyyyyy|oof
|inactive|Humorous Husband has 270 seconds left.
|c|☆yyyyyfyyyyy|ggs
|c|☆yyyyyfyyyyy|well maybe lol
|
|t:|1728428426
|move|p2a: Justin|Earthquake|p1a: Beverlee
|-damage|p1a: Beverlee|0 fnt
|faint|p1a: Beverlee
|inactive|Humorous Husband has 270 seconds left.
|
|t:|1728428434
|switch|p1a: Bevvie|Salamence, M|100/100
|-ability|p1a: Bevvie|Intimidate|boost
|-unboost|p2a: Justin|atk|1
|
|-weather|Sandstorm|[upkeep]
|-damage|p1a: Bevvie|94/100|[from] Sandstorm
|upkeep
|turn|36
|
|t:|1728428444
|move|p2a: Justin|Rock Slide|p1a: Bevvie
|-supereffective|p1a: Bevvie
|-damage|p1a: Bevvie|0 fnt
|faint|p1a: Bevvie
|inactive|Humorous Husband has 270 seconds left.
|c|☆Humorous Husband|yup im done I needed the miss
|
|t:|1728428458
|switch|p1a: Befferly|Metagross|46/100
|
|-weather|Sandstorm|[upkeep]
|-heal|p1a: Befferly|53/100|[from] item: Leftovers
|upkeep
|turn|37
|
|t:|1728428463
|move|p2a: Justin|Earthquake|p1a: Befferly
|-supereffective|p1a: Befferly
|-damage|p1a: Befferly|0 fnt
|faint|p1a: Befferly
|
|win|yyyyyfyyyyy
|c|☆yyyyyfyyyyy|ggs man fun g ames
|c|☆Humorous Husband|yeah it was fun
|c|☆Humorous Husband|who submits?
|c|☆yyyyyfyyyyy|cant believce i choked g1
|c|☆yyyyyfyyyyy|i do
|player|p2|
|c|☆Humorous Husband|I've gotten a lot of people on latter with that Medi. It's turned around entire games

</script>
<script type="application/json" class="data" id="replaydata-smogtours-gen3ou-796530">
{"id":"smogtours-gen3ou-796530","format":"[Gen 3] OU","players":["Humorous Husband","yyyyyfyyyyy"],"uploadtime":1728428463,"views":124,"formatid":"gen3ou","rating":null,"private":0,"password":null}
</script>

<script defer src="js/replays.js?9d40a366"></script>
