<!DOCTYPE html>
<meta charset="utf-8" />
<meta name="viewport" content="width=device-width" />

<title>[Gen 3] OU: draccuscomun vs. Thebadger1230 - Replays - Pok&eacute;mon Showdown!</title>

<meta name="description" content="Watch a replay of a Pok&eacute;mon battle between draccuscomun and Thebadger1230! Format: [Gen 3] OU; Date: Oct 2, 2024" />
<!--

Hey, you! Looking in the source for the replay log?

You can find them in JSON format, just add `.json` at the end of a replay URL.

https://replay.pokemonshowdown.com/gen7randomdoublesbattle-865046831.json

Or, if you only need the log itself, add `.log` instead:

https://replay.pokemonshowdown.com/gen7randomdoublesbattle-865046831.log

-->

<link rel="stylesheet" href="//pokemonshowdown.com/style/global.css?0.023195364461161105" />
<link rel="stylesheet" href="//play.pokemonshowdown.com/style/font-awesome.css?0.13261647063804238" />
<link rel="stylesheet" href="//play.pokemonshowdown.com/style/battle.css?0.8753245789963631" />
<link rel="stylesheet" href="//play.pokemonshowdown.com/style/utilichart.css?0.8627959624976733" />

<!-- Global site tag (gtag.js) - Google Analytics -->
<script async src="https://www.googletagmanager.com/gtag/js?id=UA-26211653-1"></script>
<script>
  window.dataLayer = window.dataLayer || [];
  function gtag(){dataLayer.push(arguments);}
  gtag('js', new Date());

  gtag('config', 'UA-26211653-1');
</script>
<!-- End Google Analytics -->
<!-- Venatus Ad Manager - Install in <HEAD> of page -->
	<script src="https://hb.vntsm.com/v3/live/ad-manager.min.js" type="text/javascript" data-site-id="642aba63ec9a7b11c3c9c1be" data-mode="scan" async></script>
<!-- / Venatus Ad Manager -->

<style>
	@media (max-width:820px) {
		.battle {
			margin: 0 auto;
		}
		.battle-log {
			margin: 7px auto 0;
			max-width: 640px;
			height: 300px;
			position: static;
		}
	}
	.optgroup {
		display: inline-block;
		line-height: 22px;
		font-size: 10pt;
	}
	.optgroup .button {
		height: 25px;
		padding-top: 0;
		padding-bottom: 0;
	}
	.optgroup button.button {
		padding-left: 12px;
		padding-right: 12px;
	}
	.linklist {
		list-style: none;
		margin: 0.5em 0;
		padding: 0;
	}
	.linklist li {
		padding: 2px 0;
	}
	.sidebar {
		float: left;
		width: 320px;
	}
	.bar-wrapper {
		max-width: 1100px;
		margin: 0 auto;
	}
	.bar-wrapper.has-sidebar {
		max-width: 1430px;
	}
	.mainbar {
		margin: 0;
		padding-right: 1px;
	}
	.mainbar.has-sidebar {
		margin-left: 330px;
	}
	@media (min-width: 1511px) {
		.sidebar {
			width: 400px;
		}
		.bar-wrapper.has-sidebar {
			max-width: 1510px;
		}
		.mainbar.has-sidebar {
			margin-left: 410px;
		}
	}
	.section.first-section {
		margin-top: 9px;
	}
	.blocklink small {
		white-space: normal;
	}
	.button {
		vertical-align: middle;
	}
	.replay-controls {
		padding-top: 10px;
	}
	.replay-controls h1 {
		font-size: 16pt;
		font-weight: normal;
		color: #CCC;
	}
	.pagelink {
		text-align: center;
	}
	.pagelink a {
		width: 150px;
	}
	.textbox, .button {
		font-size: 11pt;
		vertical-align: middle;
	}
	@media (max-width: 450px) {
		.button {
			font-size: 9pt;
		}
	}
</style>

<div>

	<header>
		<div class="nav-wrapper"><ul class="nav">
			<li><a class="button nav-first" href="//pokemonshowdown.com/"><img src="//pokemonshowdown.com/images/pokemonshowdownbeta.png" srcset="//pokemonshowdown.com/images/pokemonshowdownbeta.png 1x, //pokemonshowdown.com/images/pokemonshowdownbeta@2x.png 2x" alt="Pok&eacute;mon Showdown" width="146" height="44" /> Home</a></li>
			<li><a class="button" href="//pokemonshowdown.com/dex/">Pok&eacute;dex</a></li>
			<li><a class="button cur" href="/">Replays</a></li>
			<li><a class="button" href="//pokemonshowdown.com/ladder/">Ladder</a></li>
			<li><a class="button nav-last" href="//pokemonshowdown.com/forums/">Forum</a></li>
			<li><a class="button greenbutton nav-first nav-last" href="//play.pokemonshowdown.com/">Play</a></li>
		</ul></div>
	</header>

	<div class="main" id="main">

		<noscript><section class="section">You need to enable JavaScript to use this page; sorry!</section></noscript>

	</div>

</div>

<script defer nomodule src="//play.pokemonshowdown.com/js/lib/ps-polyfill.js"></script>
<script defer src="//play.pokemonshowdown.com/js/lib/preact.min.js"></script>

<script defer src="//play.pokemonshowdown.com/config/config.js?2bddbc15"></script>
<script defer src="//play.pokemonshowdown.com/js/lib/jquery-1.11.0.min.js"></script>
<script defer src="//play.pokemonshowdown.com/js/lib/html-sanitizer-minified.js"></script>
<script defer src="//play.pokemonshowdown.com/js/battle-sound.js"></script>
<script defer src="//play.pokemonshowdown.com/js/battledata.js?0.7209276989879541"></script>
<script defer src="//play.pokemonshowdown.com/data/pokedex-mini.js?0.6111056340867951"></script>
<script defer src="//play.pokemonshowdown.com/data/pokedex-mini-bw.js?0.3532142036491459"></script>
<script defer src="//play.pokemonshowdown.com/data/graphics.js?0.24223875632456182"></script>
<script defer src="//play.pokemonshowdown.com/data/pokedex.js?0.38839984266356864"></script>
<script defer src="//play.pokemonshowdown.com/data/moves.js?0.21866028504024015"></script>
<script defer src="//play.pokemonshowdown.com/data/abilities.js?0.2005157953846628"></script>
<script defer src="//play.pokemonshowdown.com/data/items.js?0.9894211263848525"></script>
<script defer src="//play.pokemonshowdown.com/data/teambuilder-tables.js?0.6008791140282215"></script>
<script defer src="//play.pokemonshowdown.com/js/battle-tooltips.js?0.7580118955022959"></script>
<script defer src="//play.pokemonshowdown.com/js/battle.js?0.6057722274234274"></script>

<script defer src="js/utils.js?e31f9a17"></script>
<script defer src="js/replays-battle.js?7008c182"></script>

<!-- don't scrape this data! just add .json or .log after the URL!
Full API docs: https://github.com/smogon/pokemon-showdown-client/blob/master/WEB-API.md -->
<script type="text/plain" class="log" id="replaylog-smogtours-gen3ou-794050">
|inactive|Battle timer is ON: inactive players will automatically lose when time's up.
|t:|1727902686
|gametype|singles
|player|p1|draccuscomun|101|
|player|p2|Thebadger1230|102|
|teamsize|p1|6
|teamsize|p2|6
|gen|3
|tier|[Gen 3] OU
|rule|Sleep Clause Mod: Limit one foe put to sleep
|rule|Switch Priority Clause Mod: Faster Pokémon switch first
|rule|Species Clause: Limit one of each Pokémon
|rule|OHKO Clause: OHKO moves are banned
|rule|Evasion Items Clause: Evasion items are banned
|rule|Evasion Moves Clause: Evasion moves are banned
|rule|Endless Battle Clause: Forcing endless battles is banned
|rule|HP Percentage Mod: HP is shown in percentages
|rule|One Boost Passer Clause: Limit one Baton Passer that has a way to boost its stats
|rule|Freeze Clause Mod: Limit one foe frozen
|
|t:|1727902686
|start
|switch|p1a: Hariyama|Hariyama, M|100/100
|switch|p2a: Jimmy|Zapdos|100/100
|turn|1
|
|t:|1727902702
|move|p2a: Jimmy|Thunderbolt|p1a: Hariyama
|-damage|p1a: Hariyama|50/100
|move|p1a: Hariyama|Knock Off|p2a: Jimmy
|-damage|p2a: Jimmy|98/100
|-enditem|p2a: Jimmy|Leftovers|[from] move: Knock Off|[of] p1a: Hariyama
|-hint|In Gens 3-4, Knock Off only makes the target's item unusable; it cannot obtain a new item.
|
|-heal|p1a: Hariyama|56/100|[from] item: Leftovers
|upkeep
|turn|2
|
|t:|1727902714
|move|p2a: Jimmy|Baton Pass|p2a: Jimmy
|
|t:|1727902721
|switch|p2a: James|Swampert, F|100/100|[from] Baton Pass
|move|p1a: Hariyama|Rock Slide|p2a: James
|-resisted|p2a: James
|-damage|p2a: James|88/100
|
|-heal|p2a: James|94/100|[from] item: Leftovers
|-heal|p1a: Hariyama|62/100|[from] item: Leftovers
|upkeep
|turn|3
|
|t:|1727902748
|switch|p1a: Zapdos|Zapdos|100/100
|move|p2a: James|Hydro Pump|p1a: Zapdos
|-damage|p1a: Zapdos|64/100
|
|-heal|p1a: Zapdos|70/100|[from] item: Leftovers
|-heal|p2a: James|99/100|[from] item: Leftovers
|upkeep
|turn|4
|
|t:|1727902765
|switch|p2a: Jimothy|Blaziken, M|100/100
|move|p1a: Zapdos|Toxic|p2a: Jimothy|[miss]
|-miss|p1a: Zapdos|p2a: Jimothy
|
|-heal|p1a: Zapdos|76/100|[from] item: Leftovers
|upkeep
|turn|5
|
|t:|1727902777
|switch|p2a: Jamie|Blissey, F|100/100
|move|p1a: Zapdos|Thunderbolt|p2a: Jamie
|-damage|p2a: Jamie|85/100
|-status|p2a: Jamie|par
|
|-heal|p1a: Zapdos|82/100|[from] item: Leftovers
|-heal|p2a: Jamie|91/100 par|[from] item: Leftovers
|upkeep
|turn|6
|inactive|draccuscomun has 270 seconds left.
|
|t:|1727902798
|switch|p1a: Metagross|Metagross|100/100
|-curestatus|p2a: Jamie|par|[from] ability: Natural Cure
|switch|p2a: Jimbo|Claydol|100/100
|
|upkeep
|turn|7
|inactive|draccuscomun has 270 seconds left.
|inactive|Thebadger1230 has 270 seconds left.
|
|t:|1727902833
|switch|p1a: Forretress|Forretress, M|100/100
|move|p2a: Jimbo|Earthquake|p1a: Forretress
|-damage|p1a: Forretress|75/100
|
|-heal|p1a: Forretress|81/100|[from] item: Leftovers
|upkeep
|turn|8
|inactive|draccuscomun has 270 seconds left.
|
|t:|1727902851
|switch|p2a: Jimothy|Blaziken, M|100/100
|move|p1a: Forretress|Spikes|p2a: Jimothy
|-sidestart|p2: Thebadger1230|Spikes
|
|-heal|p1a: Forretress|87/100|[from] item: Leftovers
|upkeep
|turn|9
|inactive|Thebadger1230 has 270 seconds left.
|
|t:|1727902861
|switch|p1a: Suicune|Suicune|100/100
|move|p2a: Jimothy|Fire Blast|p1a: Suicune
|-resisted|p1a: Suicune
|-damage|p1a: Suicune|81/100
|
|-heal|p1a: Suicune|87/100|[from] item: Leftovers
|upkeep
|turn|10
|inactive|draccuscomun has 270 seconds left.
|
|t:|1727902870
|switch|p2a: Jimmy|Zapdos|98/100
|move|p1a: Suicune|Surf|p2a: Jimmy
|-damage|p2a: Jimmy|64/100
|
|-heal|p1a: Suicune|94/100|[from] item: Leftovers
|upkeep
|turn|11
|inactive|draccuscomun has 270 seconds left.
|inactive|Thebadger1230 has 270 seconds left.
|
|t:|1727902916
|switch|p1a: Zapdos|Zapdos|82/100
|move|p2a: Jimmy|Agility|p2a: Jimmy
|-boost|p2a: Jimmy|spe|2
|
|-heal|p1a: Zapdos|88/100|[from] item: Leftovers
|upkeep
|turn|12
|
|t:|1727902930
|move|p2a: Jimmy|Thunderbolt|p1a: Zapdos
|-damage|p1a: Zapdos|53/100
|move|p1a: Zapdos|Toxic|p2a: Jimmy
|-status|p2a: Jimmy|tox
|
|-damage|p2a: Jimmy|57/100 tox|[from] psn
|-heal|p1a: Zapdos|59/100|[from] item: Leftovers
|upkeep
|turn|13
|
|t:|1727902938
|move|p2a: Jimmy|Thunderbolt|p1a: Zapdos
|-damage|p1a: Zapdos|25/100
|move|p1a: Zapdos|Roar|p2a: Jimmy
|drag|p2a: Jimothy|Blaziken, M|100/100
|-damage|p2a: Jimothy|88/100|[from] Spikes
|
|-heal|p2a: Jimothy|94/100|[from] item: Leftovers
|-heal|p1a: Zapdos|31/100|[from] item: Leftovers
|upkeep
|turn|14
|inactive|Thebadger1230 has 270 seconds left.
|inactive|draccuscomun has 240 seconds left.
|
|t:|1727902973
|move|p2a: Jimothy|Thunder Punch|p1a: Zapdos
|-crit|p1a: Zapdos
|-damage|p1a: Zapdos|0 fnt
|faint|p1a: Zapdos
|inactive|draccuscomun has 240 seconds left.
|
|t:|1727902990
|switch|p1a: Suicune|Suicune|94/100
|
|-heal|p2a: Jimothy|99/100|[from] item: Leftovers
|-heal|p1a: Suicune|99/100|[from] item: Leftovers
|upkeep
|turn|15
|
|t:|1727903001
|switch|p2a: Jamie|Blissey, F|91/100
|-damage|p2a: Jamie|79/100|[from] Spikes
|move|p1a: Suicune|Calm Mind|p1a: Suicune
|-boost|p1a: Suicune|spa|1
|-boost|p1a: Suicune|spd|1
|
|-heal|p1a: Suicune|100/100|[from] item: Leftovers
|-heal|p2a: Jamie|85/100|[from] item: Leftovers
|upkeep
|turn|16
|inactive|draccuscomun has 240 seconds left.
|
|t:|1727903010
|move|p1a: Suicune|Surf|p2a: Jamie
|-damage|p2a: Jamie|65/100
|move|p2a: Jamie|Thunder Wave|p1a: Suicune
|-status|p1a: Suicune|par
|
|-heal|p2a: Jamie|71/100|[from] item: Leftovers
|upkeep
|turn|17
|
|t:|1727903018
|switch|p1a: Hariyama|Hariyama, M|62/100
|move|p2a: Jamie|Seismic Toss|p1a: Hariyama
|-damage|p1a: Hariyama|38/100
|
|-heal|p2a: Jamie|78/100|[from] item: Leftovers
|-heal|p1a: Hariyama|45/100|[from] item: Leftovers
|upkeep
|turn|18
|inactive|Thebadger1230 has 270 seconds left.
|
|t:|1727903044
|switch|p2a: Jimbo|Claydol|100/100
|move|p1a: Hariyama|Hidden Power|p2a: Jimbo
|-supereffective|p2a: Jimbo
|-damage|p2a: Jimbo|51/100
|
|-heal|p2a: Jimbo|57/100|[from] item: Leftovers
|-heal|p1a: Hariyama|51/100|[from] item: Leftovers
|upkeep
|turn|19
|
|t:|1727903055
|move|p2a: Jimbo|Rapid Spin|p1a: Hariyama
|-crit|p1a: Hariyama
|-damage|p1a: Hariyama|41/100
|-sideend|p2: Thebadger1230|Spikes|[from] move: Rapid Spin|[of] p2a: Jimbo
|move|p1a: Hariyama|Hidden Power|p2a: Jimbo
|-supereffective|p2a: Jimbo
|-damage|p2a: Jimbo|7/100
|
|-heal|p2a: Jimbo|13/100|[from] item: Leftovers
|-heal|p1a: Hariyama|47/100|[from] item: Leftovers
|upkeep
|turn|20
|
|t:|1727903068
|switch|p1a: Metagross|Metagross|100/100
|move|p2a: Jimbo|Earthquake|p1a: Metagross
|-supereffective|p1a: Metagross
|-damage|p1a: Metagross|48/100
|
|-heal|p2a: Jimbo|20/100|[from] item: Leftovers
|-heal|p1a: Metagross|54/100|[from] item: Leftovers
|upkeep
|turn|21
|
|t:|1727903080
|switch|p1a: Forretress|Forretress, M|87/100
|move|p2a: Jimbo|Earthquake|p1a: Forretress
|-damage|p1a: Forretress|62/100
|
|-heal|p2a: Jimbo|26/100|[from] item: Leftovers
|-heal|p1a: Forretress|68/100|[from] item: Leftovers
|upkeep
|turn|22
|
|t:|1727903092
|switch|p2a: Jimothy|Blaziken, M|99/100
|move|p1a: Forretress|Spikes|p2a: Jimothy
|-sidestart|p2: Thebadger1230|Spikes
|
|-heal|p2a: Jimothy|100/100|[from] item: Leftovers
|-heal|p1a: Forretress|74/100|[from] item: Leftovers
|upkeep
|turn|23
|
|t:|1727903102
|switch|p1a: Miltank|Miltank, F|100/100
|move|p2a: Jimothy|Thunder Punch|p1a: Miltank
|-damage|p1a: Miltank|74/100
|-status|p1a: Miltank|par
|
|-heal|p1a: Miltank|80/100 par|[from] item: Leftovers
|upkeep
|turn|24
|c|☆Thebadger1230|mb 
|
|t:|1727903117
|move|p2a: Jimothy|Sky Uppercut|p1a: Miltank
|-supereffective|p1a: Miltank
|-damage|p1a: Miltank|37/100 par
|move|p1a: Miltank|Thunder Wave|p2a: Jimothy
|-status|p2a: Jimothy|par
|
|-heal|p1a: Miltank|43/100 par|[from] item: Leftovers
|upkeep
|turn|25
|
|t:|1727903138
|switch|p1a: Suicune|Suicune|100/100 par
|move|p2a: Jimothy|Sky Uppercut|p1a: Suicune|[miss]
|-miss|p2a: Jimothy|p1a: Suicune
|
|upkeep
|turn|26
|
|t:|1727903149
|switch|p2a: Jimmy|Zapdos|57/100 tox
|cant|p1a: Suicune|par
|
|-damage|p2a: Jimmy|51/100 tox|[from] psn
|upkeep
|turn|27
|inactive|draccuscomun has 240 seconds left.
|
|t:|1727903183
|switch|p1a: Miltank|Miltank, F|43/100 par
|move|p2a: Jimmy|Thunderbolt|p1a: Miltank
|-damage|p1a: Miltank|0 fnt
|faint|p1a: Miltank
|
|t:|1727903197
|switch|p1a: Hariyama|Hariyama, M|47/100
|
|-damage|p2a: Jimmy|39/100 tox|[from] psn
|-heal|p1a: Hariyama|53/100|[from] item: Leftovers
|upkeep
|turn|28
|
|t:|1727903223
|switch|p2a: James|Swampert, F|99/100
|-damage|p2a: James|88/100|[from] Spikes
|move|p1a: Hariyama|Rock Slide|p2a: James
|-resisted|p2a: James
|-crit|p2a: James
|-damage|p2a: James|64/100
|
|-heal|p2a: James|70/100|[from] item: Leftovers
|-heal|p1a: Hariyama|59/100|[from] item: Leftovers
|upkeep
|turn|29
|
|t:|1727903239
|switch|p1a: Suicune|Suicune|100/100 par
|move|p2a: James|Earthquake|p1a: Suicune
|-crit|p1a: Suicune
|-damage|p1a: Suicune|58/100 par
|
|-heal|p2a: James|76/100|[from] item: Leftovers
|-heal|p1a: Suicune|64/100 par|[from] item: Leftovers
|upkeep
|turn|30
|
|t:|1727903247
|move|p2a: James|Earthquake|p1a: Suicune
|-damage|p1a: Suicune|44/100 par
|cant|p1a: Suicune|par
|
|-heal|p2a: James|82/100|[from] item: Leftovers
|-heal|p1a: Suicune|51/100 par|[from] item: Leftovers
|upkeep
|turn|31
|
|t:|1727903254
|move|p2a: James|Earthquake|p1a: Suicune
|-damage|p1a: Suicune|29/100 par
|cant|p1a: Suicune|par
|
|-heal|p2a: James|88/100|[from] item: Leftovers
|-heal|p1a: Suicune|35/100 par|[from] item: Leftovers
|upkeep
|turn|32
|inactive|draccuscomun has 240 seconds left.
|
|t:|1727903262
|move|p2a: James|Earthquake|p1a: Suicune
|-damage|p1a: Suicune|14/100 par
|move|p1a: Suicune|Rest|p1a: Suicune
|-status|p1a: Suicune|slp|[from] move: Rest
|-heal|p1a: Suicune|100/100 slp|[silent]
|
|-heal|p2a: James|94/100|[from] item: Leftovers
|upkeep
|turn|33
|
|t:|1727903271
|switch|p2a: Jimmy|Zapdos|39/100 tox
|cant|p1a: Suicune|slp
|
|-damage|p2a: Jimmy|33/100 tox|[from] psn
|upkeep
|turn|34
|inactive|draccuscomun has 240 seconds left.
|
|t:|1727903301
|switch|p1a: Hariyama|Hariyama, M|59/100
|move|p2a: Jimmy|Thunderbolt|p1a: Hariyama
|-damage|p1a: Hariyama|14/100
|-status|p1a: Hariyama|par
|
|-damage|p2a: Jimmy|20/100 tox|[from] psn
|-heal|p1a: Hariyama|20/100 par|[from] item: Leftovers
|upkeep
|turn|35
|
|t:|1727903311
|move|p2a: Jimmy|Thunderbolt|p1a: Hariyama
|-damage|p1a: Hariyama|0 fnt
|faint|p1a: Hariyama
|
|t:|1727903319
|switch|p1a: Metagross|Metagross|54/100
|
|-damage|p2a: Jimmy|2/100 tox|[from] psn
|-heal|p1a: Metagross|60/100|[from] item: Leftovers
|upkeep
|turn|36
|
|t:|1727903340
|move|p2a: Jimmy|Thunderbolt|p1a: Metagross
|-damage|p1a: Metagross|7/100
|move|p1a: Metagross|Meteor Mash|p2a: Jimmy
|-resisted|p2a: Jimmy
|-damage|p2a: Jimmy|0 fnt
|faint|p2a: Jimmy
|
|t:|1727903354
|switch|p2a: James|Swampert, F|94/100
|-damage|p2a: James|82/100|[from] Spikes
|
|-heal|p2a: James|88/100|[from] item: Leftovers
|-heal|p1a: Metagross|13/100|[from] item: Leftovers
|upkeep
|turn|37
|inactive|draccuscomun has 240 seconds left.
|
|t:|1727903367
|switch|p1a: Forretress|Forretress, M|74/100
|move|p2a: James|Earthquake|p1a: Forretress
|-damage|p1a: Forretress|46/100
|
|-heal|p2a: James|94/100|[from] item: Leftovers
|-heal|p1a: Forretress|52/100|[from] item: Leftovers
|upkeep
|turn|38
|inactive|draccuscomun has 240 seconds left.
|
|t:|1727903380
|move|p2a: James|Earthquake|p1a: Forretress
|-damage|p1a: Forretress|25/100
|move|p1a: Forretress|Explosion|p2a: James
|-damage|p2a: James|0 fnt
|faint|p1a: Forretress
|faint|p2a: James
|inactive|draccuscomun has 240 seconds left.
|
|t:|1727903395
|switch|p2a: Jimbo|Claydol|26/100
|switch|p1a: Metagross|Metagross|13/100
|
|-heal|p2a: Jimbo|32/100|[from] item: Leftovers
|-heal|p1a: Metagross|19/100|[from] item: Leftovers
|upkeep
|turn|39
|
|t:|1727903403
|switch|p1a: Suicune|Suicune|100/100 slp
|move|p2a: Jimbo|Earthquake|p1a: Suicune
|-crit|p1a: Suicune
|-damage|p1a: Suicune|58/100 slp
|
|-heal|p1a: Suicune|64/100 slp|[from] item: Leftovers
|-heal|p2a: Jimbo|38/100|[from] item: Leftovers
|upkeep
|turn|40
|inactive|draccuscomun has 240 seconds left.
|
|t:|1727903418
|cant|p1a: Suicune|slp
|move|p2a: Jimbo|Explosion|p1a: Suicune
|-damage|p1a: Suicune|0 fnt
|faint|p2a: Jimbo
|faint|p1a: Suicune
|inactive|draccuscomun has 240 seconds left.
|
|t:|1727903424
|switch|p1a: Metagross|Metagross|19/100
|switch|p2a: Jim|Tyranitar, M|100/100
|-damage|p2a: Jim|88/100|[from] Spikes
|-weather|Sandstorm|[from] ability: Sand Stream|[of] p2a: Jim
|
|-weather|Sandstorm|[upkeep]
|-heal|p1a: Metagross|25/100|[from] item: Leftovers
|upkeep
|turn|41
|
|t:|1727903434
|move|p2a: Jim|Earthquake|p1a: Metagross
|-supereffective|p1a: Metagross
|-damage|p1a: Metagross|0 fnt
|faint|p1a: Metagross
|
|win|Thebadger1230
|c|☆Thebadger1230|gg
|c|☆draccuscomun|GG
|c|☆Thebadger1230|srry for hax, gl next game
|c|☆draccuscomun|no worries, gl too
|player|p1|

</script>
<script type="application/json" class="data" id="replaydata-smogtours-gen3ou-794050">
{"id":"smogtours-gen3ou-794050","format":"[Gen 3] OU","players":["draccuscomun","Thebadger1230"],"uploadtime":1727903434,"views":104,"formatid":"gen3ou","rating":null,"private":0,"password":null}
</script>

<script defer src="js/replays.js?9d40a366"></script>
