<!DOCTYPE html>
<meta charset="utf-8" />
<meta name="viewport" content="width=device-width" />

<title>[Gen 3] OU: Just_Leonardo vs. social inclusion - Replays - Pok&eacute;mon Showdown!</title>

<meta name="description" content="Watch a replay of a Pok&eacute;mon battle between Just_Leonardo and social inclusion! Format: [Gen 3] OU; Date: Oct 25, 2024" />
<!--

Hey, you! Looking in the source for the replay log?

You can find them in JSON format, just add `.json` at the end of a replay URL.

https://replay.pokemonshowdown.com/gen7randomdoublesbattle-865046831.json

Or, if you only need the log itself, add `.log` instead:

https://replay.pokemonshowdown.com/gen7randomdoublesbattle-865046831.log

-->

<link rel="stylesheet" href="//pokemonshowdown.com/style/global.css?0.767286132409787" />
<link rel="stylesheet" href="//play.pokemonshowdown.com/style/font-awesome.css?0.9266228007934947" />
<link rel="stylesheet" href="//play.pokemonshowdown.com/style/battle.css?0.7924700842790926" />
<link rel="stylesheet" href="//play.pokemonshowdown.com/style/utilichart.css?0.8777417872839479" />

<!-- Global site tag (gtag.js) - Google Analytics -->
<script async src="https://www.googletagmanager.com/gtag/js?id=UA-26211653-1"></script>
<script>
  window.dataLayer = window.dataLayer || [];
  function gtag(){dataLayer.push(arguments);}
  gtag('js', new Date());

  gtag('config', 'UA-26211653-1');
</script>
<!-- End Google Analytics -->
<!-- Venatus Ad Manager - Install in <HEAD> of page -->
	<script src="https://hb.vntsm.com/v3/live/ad-manager.min.js" type="text/javascript" data-site-id="642aba63ec9a7b11c3c9c1be" data-mode="scan" async></script>
<!-- / Venatus Ad Manager -->

<style>
	@media (max-width:820px) {
		.battle {
			margin: 0 auto;
		}
		.battle-log {
			margin: 7px auto 0;
			max-width: 640px;
			height: 300px;
			position: static;
		}
	}
	.optgroup {
		display: inline-block;
		line-height: 22px;
		font-size: 10pt;
	}
	.optgroup .button {
		height: 25px;
		padding-top: 0;
		padding-bottom: 0;
	}
	.optgroup button.button {
		padding-left: 12px;
		padding-right: 12px;
	}
	.linklist {
		list-style: none;
		margin: 0.5em 0;
		padding: 0;
	}
	.linklist li {
		padding: 2px 0;
	}
	.sidebar {
		float: left;
		width: 320px;
	}
	.bar-wrapper {
		max-width: 1100px;
		margin: 0 auto;
	}
	.bar-wrapper.has-sidebar {
		max-width: 1430px;
	}
	.mainbar {
		margin: 0;
		padding-right: 1px;
	}
	.mainbar.has-sidebar {
		margin-left: 330px;
	}
	@media (min-width: 1511px) {
		.sidebar {
			width: 400px;
		}
		.bar-wrapper.has-sidebar {
			max-width: 1510px;
		}
		.mainbar.has-sidebar {
			margin-left: 410px;
		}
	}
	.section.first-section {
		margin-top: 9px;
	}
	.blocklink small {
		white-space: normal;
	}
	.button {
		vertical-align: middle;
	}
	.replay-controls {
		padding-top: 10px;
	}
	.replay-controls h1 {
		font-size: 16pt;
		font-weight: normal;
		color: #CCC;
	}
	.pagelink {
		text-align: center;
	}
	.pagelink a {
		width: 150px;
	}
	.textbox, .button {
		font-size: 11pt;
		vertical-align: middle;
	}
	@media (max-width: 450px) {
		.button {
			font-size: 9pt;
		}
	}
</style>

<div>

	<header>
		<div class="nav-wrapper"><ul class="nav">
			<li><a class="button nav-first" href="//pokemonshowdown.com/"><img src="//pokemonshowdown.com/images/pokemonshowdownbeta.png" srcset="//pokemonshowdown.com/images/pokemonshowdownbeta.png 1x, //pokemonshowdown.com/images/pokemonshowdownbeta@2x.png 2x" alt="Pok&eacute;mon Showdown" width="146" height="44" /> Home</a></li>
			<li><a class="button" href="//pokemonshowdown.com/dex/">Pok&eacute;dex</a></li>
			<li><a class="button cur" href="/">Replays</a></li>
			<li><a class="button" href="//pokemonshowdown.com/ladder/">Ladder</a></li>
			<li><a class="button nav-last" href="//pokemonshowdown.com/forums/">Forum</a></li>
			<li><a class="button greenbutton nav-first nav-last" href="//play.pokemonshowdown.com/">Play</a></li>
		</ul></div>
	</header>

	<div class="main" id="main">

		<noscript><section class="section">You need to enable JavaScript to use this page; sorry!</section></noscript>

	</div>

</div>

<script defer nomodule src="//play.pokemonshowdown.com/js/lib/ps-polyfill.js"></script>
<script defer src="//play.pokemonshowdown.com/js/lib/preact.min.js"></script>

<script defer src="//play.pokemonshowdown.com/config/config.js?6dec07f6"></script>
<script defer src="//play.pokemonshowdown.com/js/lib/jquery-1.11.0.min.js"></script>
<script defer src="//play.pokemonshowdown.com/js/lib/html-sanitizer-minified.js"></script>
<script defer src="//play.pokemonshowdown.com/js/battle-sound.js"></script>
<script defer src="//play.pokemonshowdown.com/js/battledata.js?0.6315294753075389"></script>
<script defer src="//play.pokemonshowdown.com/data/pokedex-mini.js?0.7603743185311358"></script>
<script defer src="//play.pokemonshowdown.com/data/pokedex-mini-bw.js?0.030888842834281283"></script>
<script defer src="//play.pokemonshowdown.com/data/graphics.js?0.05593094747507488"></script>
<script defer src="//play.pokemonshowdown.com/data/pokedex.js?0.47064822249611904"></script>
<script defer src="//play.pokemonshowdown.com/data/moves.js?0.8583693120512459"></script>
<script defer src="//play.pokemonshowdown.com/data/abilities.js?0.16017181182386842"></script>
<script defer src="//play.pokemonshowdown.com/data/items.js?0.4163379185673943"></script>
<script defer src="//play.pokemonshowdown.com/data/teambuilder-tables.js?0.31075597372830477"></script>
<script defer src="//play.pokemonshowdown.com/js/battle-tooltips.js?0.6536193500708172"></script>
<script defer src="//play.pokemonshowdown.com/js/battle.js?0.1916591943277901"></script>

<script defer src="js/utils.js?e31f9a17"></script>
<script defer src="js/replays-battle.js?7008c182"></script>

<!-- don't scrape this data! just add .json or .log after the URL!
Full API docs: https://github.com/smogon/pokemon-showdown-client/blob/master/WEB-API.md -->
<script type="text/plain" class="log" id="replaylog-smogtours-gen3ou-801916">
|inactive|Battle timer is ON: inactive players will automatically lose when time's up.
|t:|1729887792
|gametype|singles
|player|p1|Just_Leonardo|hiker-gen4|
|player|p2|social inclusion|scientist-gen4dp|
|teamsize|p1|6
|teamsize|p2|6
|gen|3
|tier|[Gen 3] OU
|rule|Sleep Clause Mod: Limit one foe put to sleep
|rule|Switch Priority Clause Mod: Faster Pokémon switch first
|rule|Species Clause: Limit one of each Pokémon
|rule|OHKO Clause: OHKO moves are banned
|rule|Evasion Items Clause: Evasion items are banned
|rule|Evasion Moves Clause: Evasion moves are banned
|rule|Endless Battle Clause: Forcing endless battles is banned
|rule|HP Percentage Mod: HP is shown in percentages
|rule|One Boost Passer Clause: Limit one Baton Passer that has a way to boost its stats
|rule|Freeze Clause Mod: Limit one foe frozen
|
|t:|1729887792
|start
|switch|p1a: Suicune|Suicune|100/100
|switch|p2a: Metagross|Metagross, shiny|100/100
|turn|1
|
|t:|1729887807
|switch|p1a: V|Skarmory, F|100/100
|switch|p2a: Celebi|Celebi|100/100
|
|upkeep
|turn|2
|
|t:|1729887815
|switch|p2a: Magneton|Magneton|100/100
|move|p1a: V|Roar|p2a: Magneton
|drag|p2a: Celebi|Celebi|100/100
|
|upkeep
|turn|3
|
|t:|1729887822
|switch|p2a: Magneton|Magneton|100/100
|switch|p1a: Zapdos|Zapdos|100/100
|
|upkeep
|turn|4
|
|t:|1729887836
|switch|p1a: Joy|Blissey, F|100/100
|switch|p2a: Celebi|Celebi|100/100
|
|upkeep
|turn|5
|
|t:|1729887841
|move|p2a: Celebi|Leech Seed|p1a: Joy|[miss]
|-miss|p2a: Celebi|p1a: Joy
|move|p1a: Joy|Ice Beam|p2a: Celebi
|-supereffective|p2a: Celebi
|-damage|p2a: Celebi|61/100
|
|-heal|p2a: Celebi|67/100|[from] item: Leftovers
|upkeep
|turn|6
|
|t:|1729887848
|move|p2a: Celebi|Leech Seed|p1a: Joy
|-start|p1a: Joy|move: Leech Seed
|move|p1a: Joy|Ice Beam|p2a: Celebi
|-supereffective|p2a: Celebi
|-damage|p2a: Celebi|27/100
|
|-heal|p2a: Celebi|33/100|[from] item: Leftovers
|-damage|p1a: Joy|88/100|[from] Leech Seed|[of] p2a: Celebi
|-heal|p2a: Celebi|53/100|[silent]
|upkeep
|turn|7
|
|t:|1729887857
|switch|p1a: Zapdos|Zapdos|100/100
|move|p2a: Celebi|Leech Seed|p1a: Zapdos
|-start|p1a: Zapdos|move: Leech Seed
|
|-heal|p2a: Celebi|59/100|[from] item: Leftovers
|-damage|p1a: Zapdos|88/100|[from] Leech Seed|[of] p2a: Celebi
|-heal|p2a: Celebi|71/100|[silent]
|upkeep
|turn|8
|
|t:|1729887865
|switch|p1a: Joy|Blissey, F|88/100
|move|p2a: Celebi|Recover|p2a: Celebi
|-heal|p2a: Celebi|100/100
|
|-heal|p1a: Joy|94/100|[from] item: Leftovers
|upkeep
|turn|9
|
|t:|1729887871
|move|p2a: Celebi|Swords Dance|p2a: Celebi
|-boost|p2a: Celebi|atk|2
|move|p1a: Joy|Ice Beam|p2a: Celebi
|-supereffective|p2a: Celebi
|-damage|p2a: Celebi|58/100
|
|-heal|p2a: Celebi|64/100|[from] item: Leftovers
|-heal|p1a: Joy|99/100|[from] item: Leftovers
|upkeep
|turn|10
|
|t:|1729887882
|move|p2a: Celebi|Baton Pass|p2a: Celebi
|
|t:|1729887884
|switch|p2a: Metagross|Metagross, shiny|100/100|[from] Baton Pass
|move|p1a: Joy|Seismic Toss|p2a: Metagross
|-damage|p2a: Metagross|70/100
|
|-heal|p1a: Joy|100/100|[from] item: Leftovers
|upkeep
|turn|11
|
|t:|1729887900
|switch|p1a: V|Skarmory, F|100/100
|move|p2a: Metagross|Rock Slide|p1a: V
|-damage|p1a: V|57/100
|
|-heal|p1a: V|63/100|[from] item: Leftovers
|upkeep
|turn|12
|
|t:|1729887926
|move|p2a: Metagross|Rock Slide|p1a: V
|-crit|p1a: V
|-damage|p1a: V|0 fnt
|faint|p1a: V
|
|t:|1729887933
|switch|p1a: Pinky Middle Thumb|Dugtrio, F|100/100
|
|upkeep
|turn|13
|
|t:|1729887937
|move|p1a: Pinky Middle Thumb|Earthquake|p2a: Metagross
|-supereffective|p2a: Metagross
|-damage|p2a: Metagross|0 fnt
|faint|p2a: Metagross
|
|t:|1729887961
|switch|p2a: Celebi|Celebi|64/100
|
|-heal|p2a: Celebi|71/100|[from] item: Leftovers
|upkeep
|turn|14
|
|t:|1729887965
|switch|p1a: Zapdos|Zapdos|88/100
|move|p2a: Celebi|Leech Seed|p1a: Zapdos
|-start|p1a: Zapdos|move: Leech Seed
|
|-heal|p2a: Celebi|77/100|[from] item: Leftovers
|-heal|p1a: Zapdos|94/100|[from] item: Leftovers
|-damage|p1a: Zapdos|82/100|[from] Leech Seed|[of] p2a: Celebi
|-heal|p2a: Celebi|88/100|[silent]
|upkeep
|turn|15
|
|t:|1729887971
|move|p2a: Celebi|Swords Dance|p2a: Celebi
|-boost|p2a: Celebi|atk|2
|move|p1a: Zapdos|Roar|p2a: Celebi
|drag|p2a: Zapdos|Zapdos|100/100
|
|-heal|p1a: Zapdos|88/100|[from] item: Leftovers
|-damage|p1a: Zapdos|76/100|[from] Leech Seed|[of] p2a: Zapdos
|upkeep
|turn|16
|
|t:|1729887976
|switch|p1a: Joy|Blissey, F|100/100
|move|p2a: Zapdos|Baton Pass|p2a: Zapdos
|
|t:|1729887997
|switch|p2a: Tyranitar|Tyranitar, F|100/100|[from] Baton Pass
|-weather|Sandstorm|[from] ability: Sand Stream|[of] p2a: Tyranitar
|
|-weather|Sandstorm|[upkeep]
|-damage|p1a: Joy|94/100|[from] Sandstorm
|-heal|p1a: Joy|100/100|[from] item: Leftovers
|upkeep
|turn|17
|
|t:|1729888003
|switch|p1a: Suicune|Suicune|100/100
|move|p2a: Tyranitar|Dragon Dance|p2a: Tyranitar
|-boost|p2a: Tyranitar|atk|1
|-boost|p2a: Tyranitar|spe|1
|
|-weather|Sandstorm|[upkeep]
|-damage|p1a: Suicune|94/100|[from] Sandstorm
|-heal|p1a: Suicune|100/100|[from] item: Leftovers
|upkeep
|turn|18
|
|t:|1729888008
|move|p2a: Tyranitar|Rock Slide|p1a: Suicune
|-damage|p1a: Suicune|63/100
|move|p1a: Suicune|Surf|p2a: Tyranitar
|-supereffective|p2a: Tyranitar
|-damage|p2a: Tyranitar|40/100
|
|-weather|Sandstorm|[upkeep]
|-damage|p1a: Suicune|57/100|[from] Sandstorm
|-heal|p1a: Suicune|63/100|[from] item: Leftovers
|upkeep
|turn|19
|
|t:|1729888023
|move|p2a: Tyranitar|Rock Slide|p1a: Suicune
|-damage|p1a: Suicune|26/100
|move|p1a: Suicune|Surf|p2a: Tyranitar
|-supereffective|p2a: Tyranitar
|-damage|p2a: Tyranitar|0 fnt
|faint|p2a: Tyranitar
|inactive|social inclusion has 270 seconds left.
|inactive|social inclusion has 240 seconds left.
|
|t:|1729888086
|switch|p2a: Celebi|Celebi|88/100
|
|-weather|Sandstorm|[upkeep]
|-damage|p2a: Celebi|82/100|[from] Sandstorm
|-damage|p1a: Suicune|20/100|[from] Sandstorm
|-heal|p2a: Celebi|88/100|[from] item: Leftovers
|-heal|p1a: Suicune|26/100|[from] item: Leftovers
|upkeep
|turn|20
|
|t:|1729888103
|switch|p1a: Zapdos|Zapdos|76/100
|move|p2a: Celebi|Leech Seed|p1a: Zapdos
|-start|p1a: Zapdos|move: Leech Seed
|
|-weather|Sandstorm|[upkeep]
|-damage|p2a: Celebi|82/100|[from] Sandstorm
|-damage|p1a: Zapdos|70/100|[from] Sandstorm
|-heal|p2a: Celebi|88/100|[from] item: Leftovers
|-heal|p1a: Zapdos|76/100|[from] item: Leftovers
|-damage|p1a: Zapdos|63/100|[from] Leech Seed|[of] p2a: Celebi
|-heal|p2a: Celebi|99/100|[silent]
|upkeep
|turn|21
|
|t:|1729888111
|move|p2a: Celebi|Swords Dance|p2a: Celebi
|-boost|p2a: Celebi|atk|2
|move|p1a: Zapdos|Roar|p2a: Celebi
|drag|p2a: Gyarados|Gyarados, M, shiny|100/100
|-ability|p2a: Gyarados|Intimidate|boost
|-unboost|p1a: Zapdos|atk|1
|
|-weather|Sandstorm|[upkeep]
|-damage|p2a: Gyarados|94/100|[from] Sandstorm
|-damage|p1a: Zapdos|57/100|[from] Sandstorm
|-heal|p2a: Gyarados|100/100|[from] item: Leftovers
|-heal|p1a: Zapdos|63/100|[from] item: Leftovers
|-damage|p1a: Zapdos|51/100|[from] Leech Seed|[of] p2a: Gyarados
|upkeep
|turn|22
|
|t:|1729888132
|switch|p2a: Celebi|Celebi|99/100
|move|p1a: Zapdos|Toxic|p2a: Celebi
|-status|p2a: Celebi|tox
|
|-weather|Sandstorm|[upkeep]
|-damage|p2a: Celebi|94/100 tox|[from] Sandstorm
|-damage|p1a: Zapdos|45/100|[from] Sandstorm
|-heal|p2a: Celebi|99/100 tox|[from] item: Leftovers
|-damage|p2a: Celebi|94/100 tox|[from] psn
|-heal|p1a: Zapdos|51/100|[from] item: Leftovers
|-damage|p1a: Zapdos|39/100|[from] Leech Seed|[of] p2a: Celebi
|-heal|p2a: Celebi|100/100 tox|[silent]
|upkeep
|turn|23
|
|t:|1729888139
|switch|p1a: Joy|Blissey, F|100/100
|move|p2a: Celebi|Swords Dance|p2a: Celebi
|-boost|p2a: Celebi|atk|2
|
|-weather|Sandstorm|[upkeep]
|-damage|p2a: Celebi|94/100 tox|[from] Sandstorm
|-damage|p1a: Joy|94/100|[from] Sandstorm
|-heal|p2a: Celebi|100/100 tox|[from] item: Leftovers
|-damage|p2a: Celebi|88/100 tox|[from] psn
|-heal|p1a: Joy|100/100|[from] item: Leftovers
|upkeep
|turn|24
|
|t:|1729888155
|switch|p1a: Zapdos|Zapdos|39/100
|move|p2a: Celebi|Leech Seed|p1a: Zapdos
|-start|p1a: Zapdos|move: Leech Seed
|
|-weather|Sandstorm|[upkeep]
|-damage|p2a: Celebi|82/100 tox|[from] Sandstorm
|-damage|p1a: Zapdos|33/100|[from] Sandstorm
|-heal|p2a: Celebi|88/100 tox|[from] item: Leftovers
|-damage|p2a: Celebi|70/100 tox|[from] psn
|-heal|p1a: Zapdos|39/100|[from] item: Leftovers
|-damage|p1a: Zapdos|27/100|[from] Leech Seed|[of] p2a: Celebi
|-heal|p2a: Celebi|81/100 tox|[silent]
|upkeep
|turn|25
|inactive|Just_Leonardo has 270 seconds left.
|
|t:|1729888180
|switch|p1a: Suicune|Suicune|26/100
|move|p2a: Celebi|Baton Pass|p2a: Celebi
|
|t:|1729888184
|-curestatus|p2a: Celebi|tox|[from] ability: Natural Cure
|switch|p2a: Gyarados|Gyarados, M, shiny|100/100|[from] Baton Pass
|-ability|p2a: Gyarados|Intimidate|boost
|-unboost|p1a: Suicune|atk|1
|
|-weather|Sandstorm|[upkeep]
|-damage|p2a: Gyarados|94/100|[from] Sandstorm
|-damage|p1a: Suicune|20/100|[from] Sandstorm
|-heal|p2a: Gyarados|100/100|[from] item: Leftovers
|-heal|p1a: Suicune|26/100|[from] item: Leftovers
|upkeep
|turn|26
|inactive|Just_Leonardo has 270 seconds left.
|
|t:|1729888200
|switch|p1a: Joy|Blissey, F|100/100
|move|p2a: Gyarados|Dragon Dance|p2a: Gyarados
|-boost|p2a: Gyarados|atk|1
|-boost|p2a: Gyarados|spe|1
|
|-weather|Sandstorm|[upkeep]
|-damage|p2a: Gyarados|94/100|[from] Sandstorm
|-damage|p1a: Joy|94/100|[from] Sandstorm
|-heal|p2a: Gyarados|100/100|[from] item: Leftovers
|-heal|p1a: Joy|100/100|[from] item: Leftovers
|upkeep
|turn|27
|inactive|social inclusion has 270 seconds left.
|
|t:|1729888206
|move|p2a: Gyarados|Hidden Power|p1a: Joy
|-damage|p1a: Joy|4/100
|move|p1a: Joy|Ice Beam|p2a: Gyarados
|-crit|p2a: Gyarados
|-damage|p2a: Gyarados|52/100
|
|-weather|Sandstorm|[upkeep]
|-damage|p2a: Gyarados|45/100|[from] Sandstorm
|-damage|p1a: Joy|0 fnt|[from] Sandstorm
|faint|p1a: Joy
|-heal|p2a: Gyarados|52/100|[from] item: Leftovers
|upkeep
|inactive|Just_Leonardo has 270 seconds left.
|
|t:|1729888233
|switch|p1a: Pinky Middle Thumb|Dugtrio, F|100/100
|turn|28
|
|t:|1729888238
|move|p2a: Gyarados|Hidden Power|p1a: Pinky Middle Thumb
|-damage|p1a: Pinky Middle Thumb|0 fnt
|faint|p1a: Pinky Middle Thumb
|
|t:|1729888243
|switch|p1a: Eye see you|Claydol|100/100
|
|-weather|Sandstorm|[upkeep]
|-damage|p2a: Gyarados|45/100|[from] Sandstorm
|-heal|p2a: Gyarados|52/100|[from] item: Leftovers
|upkeep
|turn|29
|
|t:|1729888265
|move|p2a: Gyarados|Hidden Power|p1a: Eye see you
|-damage|p1a: Eye see you|13/100
|move|p1a: Eye see you|Psychic|p2a: Gyarados
|-crit|p2a: Gyarados
|-damage|p2a: Gyarados|9/100
|
|-weather|Sandstorm|[upkeep]
|-damage|p2a: Gyarados|2/100|[from] Sandstorm
|-heal|p2a: Gyarados|9/100|[from] item: Leftovers
|-heal|p1a: Eye see you|19/100|[from] item: Leftovers
|upkeep
|turn|30
|
|t:|1729888274
|move|p2a: Gyarados|Hidden Power|p1a: Eye see you
|-damage|p1a: Eye see you|0 fnt
|faint|p1a: Eye see you
|
|t:|1729888276
|switch|p1a: Zapdos|Zapdos|27/100
|
|-weather|Sandstorm|[upkeep]
|-damage|p2a: Gyarados|2/100|[from] Sandstorm
|-damage|p1a: Zapdos|21/100|[from] Sandstorm
|-heal|p2a: Gyarados|9/100|[from] item: Leftovers
|-heal|p1a: Zapdos|27/100|[from] item: Leftovers
|upkeep
|turn|31
|
|t:|1729888281
|move|p2a: Gyarados|Hidden Power|p1a: Zapdos
|-resisted|p1a: Zapdos
|-damage|p1a: Zapdos|0 fnt
|faint|p1a: Zapdos
|
|t:|1729888283
|switch|p1a: Suicune|Suicune|26/100
|
|-weather|Sandstorm|[upkeep]
|-damage|p2a: Gyarados|2/100|[from] Sandstorm
|-damage|p1a: Suicune|20/100|[from] Sandstorm
|-heal|p2a: Gyarados|9/100|[from] item: Leftovers
|-heal|p1a: Suicune|26/100|[from] item: Leftovers
|upkeep
|turn|32
|
|t:|1729888285
|move|p2a: Gyarados|Hidden Power|p1a: Suicune
|-crit|p1a: Suicune
|-damage|p1a: Suicune|0 fnt
|faint|p1a: Suicune
|
|win|social inclusion
|c|☆Just_Leonardo|gg
|c|☆social inclusion|ggs

</script>
<script type="application/json" class="data" id="replaydata-smogtours-gen3ou-801916">
{"id":"smogtours-gen3ou-801916","format":"[Gen 3] OU","players":["Just_Leonardo","social inclusion"],"uploadtime":1729888285,"views":120,"formatid":"gen3ou","rating":null,"private":0,"password":null}
</script>

<script defer src="js/replays.js?9d40a366"></script>
