<!DOCTYPE html>
<meta charset="utf-8" />
<meta name="viewport" content="width=device-width" />

<title>[Gen 3] OU: caloominum vs. Nardgo - Replays - Pok&eacute;mon Showdown!</title>

<meta name="description" content="Watch a replay of a Pok&eacute;mon battle between caloominum and Nardgo! Format: [Gen 3] OU; Date: Nov 11, 2024" />
<!--

Hey, you! Looking in the source for the replay log?

You can find them in JSON format, just add `.json` at the end of a replay URL.

https://replay.pokemonshowdown.com/gen7randomdoublesbattle-865046831.json

Or, if you only need the log itself, add `.log` instead:

https://replay.pokemonshowdown.com/gen7randomdoublesbattle-865046831.log

-->

<link rel="stylesheet" href="//pokemonshowdown.com/style/global.css?0.767286132409787" />
<link rel="stylesheet" href="//play.pokemonshowdown.com/style/font-awesome.css?0.9266228007934947" />
<link rel="stylesheet" href="//play.pokemonshowdown.com/style/battle.css?0.7924700842790926" />
<link rel="stylesheet" href="//play.pokemonshowdown.com/style/utilichart.css?0.8777417872839479" />

<!-- Global site tag (gtag.js) - Google Analytics -->
<script async src="https://www.googletagmanager.com/gtag/js?id=UA-26211653-1"></script>
<script>
  window.dataLayer = window.dataLayer || [];
  function gtag(){dataLayer.push(arguments);}
  gtag('js', new Date());

  gtag('config', 'UA-26211653-1');
</script>
<!-- End Google Analytics -->
<!-- Venatus Ad Manager - Install in <HEAD> of page -->
	<script src="https://hb.vntsm.com/v3/live/ad-manager.min.js" type="text/javascript" data-site-id="642aba63ec9a7b11c3c9c1be" data-mode="scan" async></script>
<!-- / Venatus Ad Manager -->

<style>
	@media (max-width:820px) {
		.battle {
			margin: 0 auto;
		}
		.battle-log {
			margin: 7px auto 0;
			max-width: 640px;
			height: 300px;
			position: static;
		}
	}
	.optgroup {
		display: inline-block;
		line-height: 22px;
		font-size: 10pt;
	}
	.optgroup .button {
		height: 25px;
		padding-top: 0;
		padding-bottom: 0;
	}
	.optgroup button.button {
		padding-left: 12px;
		padding-right: 12px;
	}
	.linklist {
		list-style: none;
		margin: 0.5em 0;
		padding: 0;
	}
	.linklist li {
		padding: 2px 0;
	}
	.sidebar {
		float: left;
		width: 320px;
	}
	.bar-wrapper {
		max-width: 1100px;
		margin: 0 auto;
	}
	.bar-wrapper.has-sidebar {
		max-width: 1430px;
	}
	.mainbar {
		margin: 0;
		padding-right: 1px;
	}
	.mainbar.has-sidebar {
		margin-left: 330px;
	}
	@media (min-width: 1511px) {
		.sidebar {
			width: 400px;
		}
		.bar-wrapper.has-sidebar {
			max-width: 1510px;
		}
		.mainbar.has-sidebar {
			margin-left: 410px;
		}
	}
	.section.first-section {
		margin-top: 9px;
	}
	.blocklink small {
		white-space: normal;
	}
	.button {
		vertical-align: middle;
	}
	.replay-controls {
		padding-top: 10px;
	}
	.replay-controls h1 {
		font-size: 16pt;
		font-weight: normal;
		color: #CCC;
	}
	.pagelink {
		text-align: center;
	}
	.pagelink a {
		width: 150px;
	}
	.textbox, .button {
		font-size: 11pt;
		vertical-align: middle;
	}
	@media (max-width: 450px) {
		.button {
			font-size: 9pt;
		}
	}
</style>

<div>

	<header>
		<div class="nav-wrapper"><ul class="nav">
			<li><a class="button nav-first" href="//pokemonshowdown.com/"><img src="//pokemonshowdown.com/images/pokemonshowdownbeta.png" srcset="//pokemonshowdown.com/images/pokemonshowdownbeta.png 1x, //pokemonshowdown.com/images/pokemonshowdownbeta@2x.png 2x" alt="Pok&eacute;mon Showdown" width="146" height="44" /> Home</a></li>
			<li><a class="button" href="//pokemonshowdown.com/dex/">Pok&eacute;dex</a></li>
			<li><a class="button cur" href="/">Replays</a></li>
			<li><a class="button" href="//pokemonshowdown.com/ladder/">Ladder</a></li>
			<li><a class="button nav-last" href="//pokemonshowdown.com/forums/">Forum</a></li>
			<li><a class="button greenbutton nav-first nav-last" href="//play.pokemonshowdown.com/">Play</a></li>
		</ul></div>
	</header>

	<div class="main" id="main">

		<noscript><section class="section">You need to enable JavaScript to use this page; sorry!</section></noscript>

	</div>

</div>

<script defer nomodule src="//play.pokemonshowdown.com/js/lib/ps-polyfill.js"></script>
<script defer src="//play.pokemonshowdown.com/js/lib/preact.min.js"></script>

<script defer src="//play.pokemonshowdown.com/config/config.js?6dec07f6"></script>
<script defer src="//play.pokemonshowdown.com/js/lib/jquery-1.11.0.min.js"></script>
<script defer src="//play.pokemonshowdown.com/js/lib/html-sanitizer-minified.js"></script>
<script defer src="//play.pokemonshowdown.com/js/battle-sound.js"></script>
<script defer src="//play.pokemonshowdown.com/js/battledata.js?0.6315294753075389"></script>
<script defer src="//play.pokemonshowdown.com/data/pokedex-mini.js?0.7603743185311358"></script>
<script defer src="//play.pokemonshowdown.com/data/pokedex-mini-bw.js?0.030888842834281283"></script>
<script defer src="//play.pokemonshowdown.com/data/graphics.js?0.05593094747507488"></script>
<script defer src="//play.pokemonshowdown.com/data/pokedex.js?0.47064822249611904"></script>
<script defer src="//play.pokemonshowdown.com/data/moves.js?0.8583693120512459"></script>
<script defer src="//play.pokemonshowdown.com/data/abilities.js?0.16017181182386842"></script>
<script defer src="//play.pokemonshowdown.com/data/items.js?0.4163379185673943"></script>
<script defer src="//play.pokemonshowdown.com/data/teambuilder-tables.js?0.31075597372830477"></script>
<script defer src="//play.pokemonshowdown.com/js/battle-tooltips.js?0.6536193500708172"></script>
<script defer src="//play.pokemonshowdown.com/js/battle.js?0.1916591943277901"></script>

<script defer src="js/utils.js?e31f9a17"></script>
<script defer src="js/replays-battle.js?7008c182"></script>

<!-- don't scrape this data! just add .json or .log after the URL!
Full API docs: https://github.com/smogon/pokemon-showdown-client/blob/master/WEB-API.md -->
<script type="text/plain" class="log" id="replaylog-smogtours-gen3ou-806045">
|inactive|Battle timer is ON: inactive players will automatically lose when time's up.
|t:|1731364220
|gametype|singles
|player|p1|caloominum|#advpliii|
|player|p2|Nardgo|steven|
|teamsize|p1|6
|teamsize|p2|6
|gen|3
|tier|[Gen 3] OU
|rule|Sleep Clause Mod: Limit one foe put to sleep
|rule|Switch Priority Clause Mod: Faster Pokémon switch first
|rule|Species Clause: Limit one of each Pokémon
|rule|OHKO Clause: OHKO moves are banned
|rule|Evasion Items Clause: Evasion items are banned
|rule|Evasion Moves Clause: Evasion moves are banned
|rule|Endless Battle Clause: Forcing endless battles is banned
|rule|HP Percentage Mod: HP is shown in percentages
|rule|One Boost Passer Clause: Limit one Baton Passer that has a way to boost its stats
|rule|Freeze Clause Mod: Limit one foe frozen
|
|t:|1731364220
|start
|switch|p1a: Skarmory|Skarmory, M|100/100
|switch|p2a: Skarmory|Skarmory, F|100/100
|turn|1
|
|t:|1731364227
|switch|p2a: Magneton|Magneton|100/100
|move|p1a: Skarmory|Spikes|p2a: Magneton
|-sidestart|p2: Nardgo|Spikes
|
|upkeep
|turn|2
|c|☆caloominum|glhf
|c|☆Nardgo|you too
|
|t:|1731364251
|move|p2a: Magneton|Thunderbolt|p1a: Skarmory
|-supereffective|p1a: Skarmory
|-damage|p1a: Skarmory|4/100
|move|p1a: Skarmory|Spikes|p2a: Magneton
|-sidestart|p2: Nardgo|Spikes
|
|-heal|p1a: Skarmory|10/100|[from] item: Leftovers
|upkeep
|turn|3
|
|t:|1731364257
|move|p2a: Magneton|Thunderbolt|p1a: Skarmory
|-supereffective|p1a: Skarmory
|-damage|p1a: Skarmory|0 fnt
|faint|p1a: Skarmory
|
|t:|1731364272
|switch|p1a: Dugtrio|Dugtrio, M|100/100
|
|upkeep
|turn|4
|
|t:|1731364275
|move|p1a: Dugtrio|Earthquake|p2a: Magneton
|-supereffective|p2a: Magneton
|-damage|p2a: Magneton|0 fnt
|faint|p2a: Magneton
|
|t:|1731364277
|switch|p2a: Skarmory|Skarmory, F|100/100
|
|upkeep
|turn|5
|
|t:|1731364279
|switch|p1a: Jirachi|Jirachi|100/100
|move|p2a: Skarmory|Spikes|p1a: Jirachi
|-sidestart|p1: caloominum|Spikes
|
|upkeep
|turn|6
|
|t:|1731364283
|move|p1a: Jirachi|Thunderbolt|p2a: Skarmory
|-supereffective|p2a: Skarmory
|-damage|p2a: Skarmory|49/100
|move|p2a: Skarmory|Roar|p1a: Jirachi
|drag|p1a: Claydol|Claydol|100/100
|
|-heal|p2a: Skarmory|55/100|[from] item: Leftovers
|upkeep
|turn|7
|
|t:|1731364288
|move|p2a: Skarmory|Protect|p2a: Skarmory
|-singleturn|p2a: Skarmory|Protect
|move|p1a: Claydol|Rapid Spin|p2a: Skarmory
|-activate|p2a: Skarmory|Protect
|
|-heal|p2a: Skarmory|61/100|[from] item: Leftovers
|upkeep
|turn|8
|
|t:|1731364297
|move|p2a: Skarmory|Spikes|p1a: Claydol
|-sidestart|p1: caloominum|Spikes
|move|p1a: Claydol|Rapid Spin|p2a: Skarmory
|-resisted|p2a: Skarmory
|-damage|p2a: Skarmory|60/100
|-sideend|p1: caloominum|Spikes|[from] move: Rapid Spin|[of] p1a: Claydol
|
|-heal|p2a: Skarmory|66/100|[from] item: Leftovers
|upkeep
|turn|9
|
|t:|1731364301
|switch|p1a: Jirachi|Jirachi|100/100
|move|p2a: Skarmory|Spikes|p1a: Jirachi
|-sidestart|p1: caloominum|Spikes
|
|-heal|p2a: Skarmory|72/100|[from] item: Leftovers
|upkeep
|turn|10
|
|t:|1731364304
|switch|p2a: Celebi|Celebi|100/100
|-damage|p2a: Celebi|84/100|[from] Spikes
|move|p1a: Jirachi|Thunderbolt|p2a: Celebi
|-resisted|p2a: Celebi
|-damage|p2a: Celebi|73/100
|
|-heal|p2a: Celebi|79/100|[from] item: Leftovers
|upkeep
|turn|11
|
|t:|1731364310
|move|p1a: Jirachi|Substitute|p1a: Jirachi
|-start|p1a: Jirachi|Substitute
|-damage|p1a: Jirachi|75/100
|move|p2a: Celebi|Leech Seed||[still]
|-fail|p2a: Celebi
|
|-heal|p1a: Jirachi|82/100|[from] item: Leftovers
|-heal|p2a: Celebi|85/100|[from] item: Leftovers
|upkeep
|turn|12
|
|t:|1731364312
|move|p1a: Jirachi|Calm Mind|p1a: Jirachi
|-boost|p1a: Jirachi|spa|1
|-boost|p1a: Jirachi|spd|1
|move|p2a: Celebi|Perish Song|p2a: Celebi
|-start|p1a: Jirachi|perish3|[silent]
|-start|p2a: Celebi|perish3|[silent]
|-fieldactivate|move: Perish Song
|
|-heal|p1a: Jirachi|88/100|[from] item: Leftovers
|-heal|p2a: Celebi|91/100|[from] item: Leftovers
|-start|p1a: Jirachi|perish3
|-start|p2a: Celebi|perish3
|upkeep
|turn|13
|
|t:|1731364320
|switch|p2a: Blissey|Blissey, F|100/100
|-damage|p2a: Blissey|84/100|[from] Spikes
|move|p1a: Jirachi|Ice Punch|p2a: Blissey
|-damage|p2a: Blissey|71/100
|
|-heal|p1a: Jirachi|94/100|[from] item: Leftovers
|-heal|p2a: Blissey|77/100|[from] item: Leftovers
|-start|p1a: Jirachi|perish2
|upkeep
|turn|14
|
|t:|1731364326
|move|p1a: Jirachi|Thunderbolt|p2a: Blissey
|-damage|p2a: Blissey|61/100
|-status|p2a: Blissey|par
|move|p2a: Blissey|Soft-Boiled|p2a: Blissey
|-heal|p2a: Blissey|100/100 par
|
|-heal|p1a: Jirachi|99/100|[from] item: Leftovers
|-start|p1a: Jirachi|perish1
|upkeep
|turn|15
|
|t:|1731364332
|switch|p1a: Blissey|Blissey, F|100/100
|-damage|p1a: Blissey|88/100|[from] Spikes
|-curestatus|p2a: Blissey|par|[from] ability: Natural Cure
|switch|p2a: Skarmory|Skarmory, F|72/100
|
|-heal|p2a: Skarmory|78/100|[from] item: Leftovers
|-heal|p1a: Blissey|94/100|[from] item: Leftovers
|upkeep
|turn|16
|
|t:|1731364342
|move|p2a: Skarmory|Drill Peck|p1a: Blissey
|-damage|p1a: Blissey|71/100
|move|p1a: Blissey|Seismic Toss|p2a: Skarmory
|-damage|p2a: Skarmory|48/100
|
|-heal|p2a: Skarmory|54/100|[from] item: Leftovers
|-heal|p1a: Blissey|77/100|[from] item: Leftovers
|upkeep
|turn|17
|
|t:|1731364347
|move|p2a: Skarmory|Protect|p2a: Skarmory
|-singleturn|p2a: Skarmory|Protect
|move|p1a: Blissey|Seismic Toss|p2a: Skarmory
|-activate|p2a: Skarmory|Protect
|
|-heal|p2a: Skarmory|60/100|[from] item: Leftovers
|-heal|p1a: Blissey|83/100|[from] item: Leftovers
|upkeep
|turn|18
|
|t:|1731364350
|switch|p2a: Celebi|Celebi|91/100
|-damage|p2a: Celebi|75/100|[from] Spikes
|move|p1a: Blissey|Seismic Toss|p2a: Celebi
|-damage|p2a: Celebi|50/100
|
|-heal|p2a: Celebi|56/100|[from] item: Leftovers
|-heal|p1a: Blissey|89/100|[from] item: Leftovers
|upkeep
|turn|19
|
|t:|1731364353
|move|p2a: Celebi|Leech Seed|p1a: Blissey
|-start|p1a: Blissey|move: Leech Seed
|move|p1a: Blissey|Ice Beam|p2a: Celebi
|-supereffective|p2a: Celebi
|-damage|p2a: Celebi|18/100
|
|-heal|p2a: Celebi|24/100|[from] item: Leftovers
|-heal|p1a: Blissey|95/100|[from] item: Leftovers
|-damage|p1a: Blissey|83/100|[from] Leech Seed|[of] p2a: Celebi
|-heal|p2a: Celebi|44/100|[silent]
|upkeep
|turn|20
|
|t:|1731364358
|switch|p1a: Claydol|Claydol|100/100
|move|p2a: Celebi|Recover|p2a: Celebi
|-heal|p2a: Celebi|94/100
|
|-heal|p2a: Celebi|99/100|[from] item: Leftovers
|upkeep
|turn|21
|
|t:|1731364361
|move|p2a: Celebi|Hidden Power|p1a: Claydol
|-supereffective|p1a: Claydol
|-damage|p1a: Claydol|69/100
|move|p1a: Claydol|Rapid Spin|p2a: Celebi
|-damage|p2a: Celebi|98/100
|-sideend|p1: caloominum|Spikes|[from] move: Rapid Spin|[of] p1a: Claydol
|
|-heal|p2a: Celebi|100/100|[from] item: Leftovers
|-heal|p1a: Claydol|75/100|[from] item: Leftovers
|upkeep
|turn|22
|
|t:|1731364366
|switch|p1a: Blissey|Blissey, F|83/100
|move|p2a: Celebi|Leech Seed|p1a: Blissey|[miss]
|-miss|p2a: Celebi|p1a: Blissey
|
|-heal|p1a: Blissey|89/100|[from] item: Leftovers
|upkeep
|turn|23
|
|t:|1731364368
|move|p2a: Celebi|Leech Seed|p1a: Blissey
|-start|p1a: Blissey|move: Leech Seed
|move|p1a: Blissey|Wish|p1a: Blissey
|
|-heal|p1a: Blissey|95/100|[from] item: Leftovers
|-damage|p1a: Blissey|83/100|[from] Leech Seed|[of] p2a: Celebi
|upkeep
|turn|24
|
|t:|1731364374
|switch|p1a: Claydol|Claydol|75/100
|move|p2a: Celebi|Hidden Power|p1a: Claydol
|-supereffective|p1a: Claydol
|-damage|p1a: Claydol|42/100
|
|-heal|p1a: Claydol|92/100|[from] move: Wish|[wisher] Blissey
|-heal|p1a: Claydol|98/100|[from] item: Leftovers
|upkeep
|turn|25
|
|t:|1731364378
|switch|p1a: Blissey|Blissey, F|83/100
|move|p2a: Celebi|Hidden Power|p1a: Blissey
|-damage|p1a: Blissey|73/100
|
|-heal|p1a: Blissey|79/100|[from] item: Leftovers
|upkeep
|turn|26
|
|t:|1731364387
|move|p2a: Celebi|Leech Seed|p1a: Blissey
|-start|p1a: Blissey|move: Leech Seed
|move|p1a: Blissey|Ice Beam|p2a: Celebi
|-supereffective|p2a: Celebi
|-damage|p2a: Celebi|67/100
|
|-heal|p2a: Celebi|73/100|[from] item: Leftovers
|-heal|p1a: Blissey|85/100|[from] item: Leftovers
|-damage|p1a: Blissey|72/100|[from] Leech Seed|[of] p2a: Celebi
|-heal|p2a: Celebi|93/100|[silent]
|upkeep
|turn|27
|
|t:|1731364391
|switch|p2a: Skarmory|Skarmory, F|60/100
|switch|p1a: Jirachi|Jirachi|99/100
|
|-heal|p1a: Jirachi|100/100|[from] item: Leftovers
|-heal|p2a: Skarmory|66/100|[from] item: Leftovers
|upkeep
|turn|28
|
|t:|1731364394
|switch|p2a: Celebi|Celebi|93/100
|-damage|p2a: Celebi|77/100|[from] Spikes
|move|p1a: Jirachi|Calm Mind|p1a: Jirachi
|-boost|p1a: Jirachi|spa|1
|-boost|p1a: Jirachi|spd|1
|
|-heal|p2a: Celebi|83/100|[from] item: Leftovers
|upkeep
|turn|29
|
|t:|1731364400
|move|p1a: Jirachi|Ice Punch|p2a: Celebi
|-supereffective|p2a: Celebi
|-damage|p2a: Celebi|26/100
|-status|p2a: Celebi|frz
|cant|p2a: Celebi|frz
|
|-heal|p2a: Celebi|32/100 frz|[from] item: Leftovers
|upkeep
|turn|30
|
|t:|1731364404
|-curestatus|p2a: Celebi|frz|[from] ability: Natural Cure
|switch|p2a: Blissey|Blissey, F|100/100
|-damage|p2a: Blissey|84/100|[from] Spikes
|move|p1a: Jirachi|Substitute|p1a: Jirachi
|-start|p1a: Jirachi|Substitute
|-damage|p1a: Jirachi|75/100
|
|-heal|p1a: Jirachi|82/100|[from] item: Leftovers
|-heal|p2a: Blissey|90/100|[from] item: Leftovers
|upkeep
|turn|31
|
|t:|1731364413
|switch|p2a: Swampert|Swampert, M|100/100
|-damage|p2a: Swampert|84/100|[from] Spikes
|move|p1a: Jirachi|Calm Mind|p1a: Jirachi
|-boost|p1a: Jirachi|spa|1
|-boost|p1a: Jirachi|spd|1
|
|-heal|p1a: Jirachi|88/100|[from] item: Leftovers
|-heal|p2a: Swampert|90/100|[from] item: Leftovers
|upkeep
|turn|32
|
|t:|1731364415
|move|p1a: Jirachi|Ice Punch|p2a: Swampert
|-damage|p2a: Swampert|50/100
|move|p2a: Swampert|Earthquake|p1a: Jirachi
|-supereffective|p1a: Jirachi
|-end|p1a: Jirachi|Substitute
|
|-heal|p1a: Jirachi|94/100|[from] item: Leftovers
|-heal|p2a: Swampert|56/100|[from] item: Leftovers
|upkeep
|turn|33
|
|t:|1731364422
|switch|p1a: Swampert|Swampert, M|100/100
|move|p2a: Swampert|Earthquake|p1a: Swampert
|-damage|p1a: Swampert|76/100
|
|-heal|p1a: Swampert|82/100|[from] item: Leftovers
|-heal|p2a: Swampert|63/100|[from] item: Leftovers
|upkeep
|turn|34
|
|t:|1731364434
|move|p1a: Swampert|Surf|p2a: Swampert
|-damage|p2a: Swampert|35/100
|move|p2a: Swampert|Earthquake|p1a: Swampert
|-damage|p1a: Swampert|56/100
|
|-heal|p1a: Swampert|63/100|[from] item: Leftovers
|-heal|p2a: Swampert|42/100|[from] item: Leftovers
|upkeep
|turn|35
|
|t:|1731364438
|move|p1a: Swampert|Surf|p2a: Swampert
|-damage|p2a: Swampert|14/100
|move|p2a: Swampert|Rest|p2a: Swampert
|-status|p2a: Swampert|slp|[from] move: Rest
|-heal|p2a: Swampert|100/100 slp|[silent]
|
|-heal|p1a: Swampert|69/100|[from] item: Leftovers
|upkeep
|turn|36
|
|t:|1731364442
|switch|p2a: Blissey|Blissey, F|90/100
|-damage|p2a: Blissey|73/100|[from] Spikes
|move|p1a: Swampert|Surf|p2a: Blissey
|-damage|p2a: Blissey|62/100
|
|-heal|p1a: Swampert|75/100|[from] item: Leftovers
|-heal|p2a: Blissey|68/100|[from] item: Leftovers
|upkeep
|turn|37
|
|t:|1731364448
|switch|p1a: Dugtrio|Dugtrio, M|100/100
|move|p2a: Blissey|Aromatherapy|p2a: Blissey
|-cureteam|p2a: Blissey|[from] move: Aromatherapy
|
|-heal|p2a: Blissey|75/100|[from] item: Leftovers
|upkeep
|turn|38
|
|t:|1731364451
|move|p1a: Dugtrio|Earthquake|p2a: Blissey
|-damage|p2a: Blissey|25/100
|move|p2a: Blissey|Soft-Boiled|p2a: Blissey
|-heal|p2a: Blissey|75/100
|
|-heal|p2a: Blissey|81/100|[from] item: Leftovers
|upkeep
|turn|39
|
|t:|1731364455
|move|p1a: Dugtrio|Earthquake|p2a: Blissey
|-crit|p2a: Blissey
|-damage|p2a: Blissey|0 fnt
|faint|p2a: Blissey
|
|t:|1731364472
|switch|p2a: Skarmory|Skarmory, F|66/100
|
|-heal|p2a: Skarmory|72/100|[from] item: Leftovers
|upkeep
|turn|40
|
|t:|1731364474
|switch|p1a: Jirachi|Jirachi|94/100
|move|p2a: Skarmory|Spikes|p1a: Jirachi
|-sidestart|p1: caloominum|Spikes
|
|-heal|p1a: Jirachi|99/100|[from] item: Leftovers
|-heal|p2a: Skarmory|78/100|[from] item: Leftovers
|upkeep
|turn|41
|
|t:|1731364479
|switch|p2a: Swampert|Swampert, M|100/100
|-damage|p2a: Swampert|84/100|[from] Spikes
|move|p1a: Jirachi|Thunderbolt|p2a: Swampert
|-immune|p2a: Swampert
|
|-heal|p1a: Jirachi|100/100|[from] item: Leftovers
|-heal|p2a: Swampert|90/100|[from] item: Leftovers
|upkeep
|turn|42
|
|t:|1731364484
|switch|p1a: Swampert|Swampert, M|75/100
|-damage|p1a: Swampert|63/100|[from] Spikes
|move|p2a: Swampert|Curse|p2a: Swampert
|-unboost|p2a: Swampert|spe|1
|-boost|p2a: Swampert|atk|1
|-boost|p2a: Swampert|def|1
|
|-heal|p1a: Swampert|69/100|[from] item: Leftovers
|-heal|p2a: Swampert|96/100|[from] item: Leftovers
|upkeep
|turn|43
|
|t:|1731364487
|move|p1a: Swampert|Protect|p1a: Swampert
|-singleturn|p1a: Swampert|Protect
|move|p2a: Swampert|Earthquake|p1a: Swampert
|-activate|p1a: Swampert|Protect
|
|-heal|p1a: Swampert|75/100|[from] item: Leftovers
|-heal|p2a: Swampert|100/100|[from] item: Leftovers
|upkeep
|turn|44
|
|t:|1731364491
|move|p2a: Swampert|Curse|p2a: Swampert
|-unboost|p2a: Swampert|spe|1
|-boost|p2a: Swampert|atk|1
|-boost|p2a: Swampert|def|1
|move|p1a: Swampert|Roar|p2a: Swampert
|drag|p2a: Celebi|Celebi|32/100
|-damage|p2a: Celebi|16/100|[from] Spikes
|
|-heal|p2a: Celebi|22/100|[from] item: Leftovers
|-heal|p1a: Swampert|81/100|[from] item: Leftovers
|upkeep
|turn|45
|
|t:|1731364494
|switch|p1a: Dugtrio|Dugtrio, M|100/100
|-damage|p1a: Dugtrio|88/100|[from] Spikes
|move|p2a: Celebi|Recover|p2a: Celebi
|-heal|p2a: Celebi|72/100
|
|-heal|p2a: Celebi|78/100|[from] item: Leftovers
|upkeep
|turn|46
|
|t:|1731364498
|move|p1a: Dugtrio|Hidden Power|p2a: Celebi
|-supereffective|p2a: Celebi
|-damage|p2a: Celebi|5/100
|move|p2a: Celebi|Hidden Power|p1a: Dugtrio
|-supereffective|p1a: Dugtrio
|-damage|p1a: Dugtrio|0 fnt
|faint|p1a: Dugtrio
|
|t:|1731364502
|switch|p1a: Jirachi|Jirachi|100/100
|-damage|p1a: Jirachi|88/100|[from] Spikes
|
|-heal|p1a: Jirachi|94/100|[from] item: Leftovers
|-heal|p2a: Celebi|11/100|[from] item: Leftovers
|upkeep
|turn|47
|
|t:|1731364515
|move|p1a: Jirachi|Ice Punch|p2a: Celebi
|-supereffective|p2a: Celebi
|-damage|p2a: Celebi|0 fnt
|faint|p2a: Celebi
|
|t:|1731364517
|switch|p2a: Swampert|Swampert, M|100/100
|-damage|p2a: Swampert|84/100|[from] Spikes
|
|-heal|p1a: Jirachi|100/100|[from] item: Leftovers
|-heal|p2a: Swampert|90/100|[from] item: Leftovers
|upkeep
|turn|48
|
|t:|1731364520
|switch|p1a: Swampert|Swampert, M|81/100
|-damage|p1a: Swampert|69/100|[from] Spikes
|move|p2a: Swampert|Curse|p2a: Swampert
|-unboost|p2a: Swampert|spe|1
|-boost|p2a: Swampert|atk|1
|-boost|p2a: Swampert|def|1
|
|-heal|p1a: Swampert|75/100|[from] item: Leftovers
|-heal|p2a: Swampert|96/100|[from] item: Leftovers
|upkeep
|turn|49
|
|t:|1731364523
|move|p1a: Swampert|Protect|p1a: Swampert
|-singleturn|p1a: Swampert|Protect
|move|p2a: Swampert|Earthquake|p1a: Swampert
|-activate|p1a: Swampert|Protect
|
|-heal|p1a: Swampert|81/100|[from] item: Leftovers
|-heal|p2a: Swampert|100/100|[from] item: Leftovers
|upkeep
|turn|50
|
|t:|1731364524
|move|p2a: Swampert|Earthquake|p1a: Swampert
|-damage|p1a: Swampert|46/100
|move|p1a: Swampert|Roar|p2a: Swampert
|drag|p2a: Skarmory|Skarmory, F|78/100
|
|-heal|p2a: Skarmory|84/100|[from] item: Leftovers
|-heal|p1a: Swampert|52/100|[from] item: Leftovers
|upkeep
|turn|51
|
|t:|1731364529
|move|p2a: Skarmory|Drill Peck|p1a: Swampert
|-damage|p1a: Swampert|37/100
|move|p1a: Swampert|Surf|p2a: Skarmory
|-damage|p2a: Skarmory|55/100
|
|-heal|p2a: Skarmory|61/100|[from] item: Leftovers
|-heal|p1a: Swampert|43/100|[from] item: Leftovers
|upkeep
|turn|52
|
|t:|1731364536
|switch|p1a: Claydol|Claydol|98/100
|move|p2a: Skarmory|Drill Peck|p1a: Claydol
|-damage|p1a: Claydol|76/100
|
|-heal|p2a: Skarmory|67/100|[from] item: Leftovers
|-heal|p1a: Claydol|82/100|[from] item: Leftovers
|upkeep
|turn|53
|
|t:|1731364543
|move|p2a: Skarmory|Protect|p2a: Skarmory
|-singleturn|p2a: Skarmory|Protect
|move|p1a: Claydol|Rapid Spin|p2a: Skarmory
|-activate|p2a: Skarmory|Protect
|
|-heal|p2a: Skarmory|73/100|[from] item: Leftovers
|-heal|p1a: Claydol|88/100|[from] item: Leftovers
|upkeep
|turn|54
|
|t:|1731364545
|move|p2a: Skarmory|Drill Peck|p1a: Claydol
|-damage|p1a: Claydol|66/100
|move|p1a: Claydol|Rapid Spin|p2a: Skarmory
|-resisted|p2a: Skarmory
|-damage|p2a: Skarmory|72/100
|-sideend|p1: caloominum|Spikes|[from] move: Rapid Spin|[of] p1a: Claydol
|
|-heal|p2a: Skarmory|78/100|[from] item: Leftovers
|-heal|p1a: Claydol|72/100|[from] item: Leftovers
|upkeep
|turn|55
|
|t:|1731364547
|switch|p1a: Blissey|Blissey, F|72/100
|move|p2a: Skarmory|Spikes|p1a: Blissey
|-sidestart|p1: caloominum|Spikes
|
|-heal|p2a: Skarmory|84/100|[from] item: Leftovers
|-heal|p1a: Blissey|79/100|[from] item: Leftovers
|upkeep
|turn|56
|
|t:|1731364554
|switch|p2a: Swampert|Swampert, M|100/100
|-damage|p2a: Swampert|84/100|[from] Spikes
|move|p1a: Blissey|Wish|p1a: Blissey
|
|-heal|p1a: Blissey|85/100|[from] item: Leftovers
|-heal|p2a: Swampert|90/100|[from] item: Leftovers
|upkeep
|turn|57
|
|t:|1731364556
|switch|p1a: Swampert|Swampert, M|43/100
|-damage|p1a: Swampert|31/100|[from] Spikes
|move|p2a: Swampert|Curse|p2a: Swampert
|-unboost|p2a: Swampert|spe|1
|-boost|p2a: Swampert|atk|1
|-boost|p2a: Swampert|def|1
|
|-heal|p1a: Swampert|81/100|[from] move: Wish|[wisher] Blissey
|-heal|p1a: Swampert|87/100|[from] item: Leftovers
|-heal|p2a: Swampert|96/100|[from] item: Leftovers
|upkeep
|turn|58
|
|t:|1731364560
|move|p2a: Swampert|Earthquake|p1a: Swampert
|-damage|p1a: Swampert|46/100
|move|p1a: Swampert|Roar|p2a: Swampert
|drag|p2a: Skarmory|Skarmory, F|84/100
|
|-heal|p2a: Skarmory|90/100|[from] item: Leftovers
|-heal|p1a: Swampert|52/100|[from] item: Leftovers
|upkeep
|turn|59
|
|t:|1731364567
|move|p1a: Swampert|Protect|p1a: Swampert
|-singleturn|p1a: Swampert|Protect
|move|p2a: Skarmory|Drill Peck|p1a: Swampert
|-activate|p1a: Swampert|Protect
|
|-heal|p2a: Skarmory|96/100|[from] item: Leftovers
|-heal|p1a: Swampert|59/100|[from] item: Leftovers
|upkeep
|turn|60
|
|t:|1731364572
|move|p2a: Skarmory|Drill Peck|p1a: Swampert
|-damage|p1a: Swampert|44/100
|move|p1a: Swampert|Surf|p2a: Skarmory
|-damage|p2a: Skarmory|70/100
|
|-heal|p2a: Skarmory|76/100|[from] item: Leftovers
|-heal|p1a: Swampert|50/100|[from] item: Leftovers
|upkeep
|turn|61
|
|t:|1731364577
|move|p1a: Swampert|Protect|p1a: Swampert
|-singleturn|p1a: Swampert|Protect
|move|p2a: Skarmory|Drill Peck|p1a: Swampert
|-activate|p1a: Swampert|Protect
|
|-heal|p2a: Skarmory|82/100|[from] item: Leftovers
|-heal|p1a: Swampert|56/100|[from] item: Leftovers
|upkeep
|turn|62
|
|t:|1731364581
|switch|p1a: Blissey|Blissey, F|85/100
|-damage|p1a: Blissey|72/100|[from] Spikes
|move|p2a: Skarmory|Drill Peck|p1a: Blissey
|-damage|p1a: Blissey|51/100
|
|-heal|p2a: Skarmory|88/100|[from] item: Leftovers
|-heal|p1a: Blissey|57/100|[from] item: Leftovers
|upkeep
|turn|63
|
|t:|1731364585
|move|p2a: Skarmory|Spikes|p1a: Blissey
|-sidestart|p1: caloominum|Spikes
|move|p1a: Blissey|Wish|p1a: Blissey
|
|-heal|p2a: Skarmory|94/100|[from] item: Leftovers
|-heal|p1a: Blissey|64/100|[from] item: Leftovers
|upkeep
|turn|64
|
|t:|1731364588
|move|p1a: Blissey|Ice Beam|p2a: Skarmory
|-damage|p2a: Skarmory|73/100
|move|p2a: Skarmory|Roar|p1a: Blissey
|drag|p1a: Claydol|Claydol|72/100
|
|-heal|p1a: Claydol|100/100|[from] move: Wish|[wisher] Blissey
|-heal|p2a: Skarmory|79/100|[from] item: Leftovers
|upkeep
|turn|65
|
|t:|1731364594
|move|p2a: Skarmory|Drill Peck|p1a: Claydol
|-damage|p1a: Claydol|77/100
|move|p1a: Claydol|Rapid Spin|p2a: Skarmory
|-resisted|p2a: Skarmory
|-damage|p2a: Skarmory|77/100
|-sideend|p1: caloominum|Spikes|[from] move: Rapid Spin|[of] p1a: Claydol
|
|-heal|p2a: Skarmory|83/100|[from] item: Leftovers
|-heal|p1a: Claydol|83/100|[from] item: Leftovers
|upkeep
|turn|66
|
|t:|1731364597
|switch|p1a: Swampert|Swampert, M|56/100
|move|p2a: Skarmory|Spikes|p1a: Swampert
|-sidestart|p1: caloominum|Spikes
|
|-heal|p2a: Skarmory|89/100|[from] item: Leftovers
|-heal|p1a: Swampert|63/100|[from] item: Leftovers
|upkeep
|turn|67
|
|t:|1731364600
|move|p1a: Swampert|Protect|p1a: Swampert
|-singleturn|p1a: Swampert|Protect
|move|p2a: Skarmory|Spikes|p1a: Swampert
|-sidestart|p1: caloominum|Spikes
|
|-heal|p2a: Skarmory|95/100|[from] item: Leftovers
|-heal|p1a: Swampert|69/100|[from] item: Leftovers
|upkeep
|turn|68
|
|t:|1731364602
|switch|p1a: Claydol|Claydol|83/100
|move|p2a: Skarmory|Drill Peck|p1a: Claydol
|-damage|p1a: Claydol|59/100
|
|-heal|p2a: Skarmory|100/100|[from] item: Leftovers
|-heal|p1a: Claydol|66/100|[from] item: Leftovers
|upkeep
|turn|69
|
|t:|1731364606
|move|p2a: Skarmory|Drill Peck|p1a: Claydol
|-damage|p1a: Claydol|43/100
|move|p1a: Claydol|Rapid Spin|p2a: Skarmory
|-resisted|p2a: Skarmory
|-damage|p2a: Skarmory|99/100
|-sideend|p1: caloominum|Spikes|[from] move: Rapid Spin|[of] p1a: Claydol
|
|-heal|p2a: Skarmory|100/100|[from] item: Leftovers
|-heal|p1a: Claydol|49/100|[from] item: Leftovers
|upkeep
|turn|70
|
|t:|1731364610
|switch|p1a: Blissey|Blissey, F|64/100
|move|p2a: Skarmory|Spikes|p1a: Blissey
|-sidestart|p1: caloominum|Spikes
|
|-heal|p1a: Blissey|70/100|[from] item: Leftovers
|upkeep
|turn|71
|
|t:|1731364614
|move|p2a: Skarmory|Drill Peck|p1a: Blissey
|-damage|p1a: Blissey|48/100
|move|p1a: Blissey|Soft-Boiled|p1a: Blissey
|-heal|p1a: Blissey|98/100
|
|-heal|p1a: Blissey|100/100|[from] item: Leftovers
|upkeep
|turn|72
|
|t:|1731364621
|move|p2a: Skarmory|Spikes|p1a: Blissey
|-sidestart|p1: caloominum|Spikes
|move|p1a: Blissey|Wish|p1a: Blissey
|
|upkeep
|turn|73
|
|t:|1731364624
|move|p1a: Blissey|Ice Beam|p2a: Skarmory
|-damage|p2a: Skarmory|79/100
|move|p2a: Skarmory|Roar|p1a: Blissey
|drag|p1a: Jirachi|Jirachi|100/100
|-damage|p1a: Jirachi|84/100|[from] Spikes
|
|-heal|p1a: Jirachi|100/100|[from] move: Wish|[wisher] Blissey
|-heal|p2a: Skarmory|85/100|[from] item: Leftovers
|upkeep
|turn|74
|
|t:|1731364630
|switch|p2a: Swampert|Swampert, M|96/100
|-damage|p2a: Swampert|80/100|[from] Spikes
|move|p1a: Jirachi|Thunderbolt|p2a: Swampert
|-immune|p2a: Swampert
|
|-heal|p2a: Swampert|86/100|[from] item: Leftovers
|upkeep
|turn|75
|
|t:|1731364633
|switch|p1a: Swampert|Swampert, M|69/100
|-damage|p1a: Swampert|52/100|[from] Spikes
|move|p2a: Swampert|Curse|p2a: Swampert
|-unboost|p2a: Swampert|spe|1
|-boost|p2a: Swampert|atk|1
|-boost|p2a: Swampert|def|1
|
|-heal|p1a: Swampert|59/100|[from] item: Leftovers
|-heal|p2a: Swampert|92/100|[from] item: Leftovers
|upkeep
|turn|76
|
|t:|1731364635
|move|p1a: Swampert|Protect|p1a: Swampert
|-singleturn|p1a: Swampert|Protect
|move|p2a: Swampert|Earthquake|p1a: Swampert
|-activate|p1a: Swampert|Protect
|
|-heal|p1a: Swampert|65/100|[from] item: Leftovers
|-heal|p2a: Swampert|98/100|[from] item: Leftovers
|upkeep
|turn|77
|
|t:|1731364640
|move|p2a: Swampert|Earthquake|p1a: Swampert
|-damage|p1a: Swampert|25/100
|move|p1a: Swampert|Roar|p2a: Swampert
|drag|p2a: Skarmory|Skarmory, F|85/100
|
|-heal|p2a: Skarmory|91/100|[from] item: Leftovers
|-heal|p1a: Swampert|31/100|[from] item: Leftovers
|upkeep
|turn|78
|
|t:|1731364649
|move|p1a: Swampert|Protect|p1a: Swampert
|-singleturn|p1a: Swampert|Protect
|move|p2a: Skarmory|Spikes|p1a: Swampert
|-sidestart|p1: caloominum|Spikes
|
|-heal|p2a: Skarmory|97/100|[from] item: Leftovers
|-heal|p1a: Swampert|37/100|[from] item: Leftovers
|upkeep
|turn|79
|
|t:|1731364653
|switch|p1a: Claydol|Claydol|49/100
|move|p2a: Skarmory|Roar|p1a: Claydol
|drag|p1a: Swampert|Swampert, M|37/100
|-damage|p1a: Swampert|12/100|[from] Spikes
|
|-heal|p2a: Skarmory|100/100|[from] item: Leftovers
|-heal|p1a: Swampert|19/100|[from] item: Leftovers
|upkeep
|turn|80
|
|t:|1731364659
|move|p1a: Swampert|Protect|p1a: Swampert
|-singleturn|p1a: Swampert|Protect
|move|p2a: Skarmory|Drill Peck|p1a: Swampert
|-activate|p1a: Swampert|Protect
|
|-heal|p1a: Swampert|25/100|[from] item: Leftovers
|upkeep
|turn|81
|
|t:|1731364662
|move|p2a: Skarmory|Drill Peck|p1a: Swampert
|-damage|p1a: Swampert|9/100
|move|p1a: Swampert|Surf|p2a: Skarmory
|-damage|p2a: Skarmory|57/100
|
|-heal|p2a: Skarmory|63/100|[from] item: Leftovers
|-heal|p1a: Swampert|15/100|[from] item: Leftovers
|upkeep
|turn|82
|
|t:|1731364668
|switch|p1a: Claydol|Claydol|49/100
|move|p2a: Skarmory|Drill Peck|p1a: Claydol
|-damage|p1a: Claydol|24/100
|
|-heal|p2a: Skarmory|69/100|[from] item: Leftovers
|-heal|p1a: Claydol|31/100|[from] item: Leftovers
|upkeep
|turn|83
|
|t:|1731364676
|move|p2a: Skarmory|Drill Peck|p1a: Claydol
|-damage|p1a: Claydol|6/100
|move|p1a: Claydol|Rapid Spin|p2a: Skarmory
|-resisted|p2a: Skarmory
|-damage|p2a: Skarmory|68/100
|-sideend|p1: caloominum|Spikes|[from] move: Rapid Spin|[of] p1a: Claydol
|
|-heal|p2a: Skarmory|74/100|[from] item: Leftovers
|-heal|p1a: Claydol|12/100|[from] item: Leftovers
|upkeep
|turn|84
|
|t:|1731364682
|switch|p1a: Blissey|Blissey, F|100/100
|move|p2a: Skarmory|Spikes|p1a: Blissey
|-sidestart|p1: caloominum|Spikes
|
|-heal|p2a: Skarmory|80/100|[from] item: Leftovers
|upkeep
|turn|85
|
|t:|1731364687
|move|p2a: Skarmory|Spikes|p1a: Blissey
|-sidestart|p1: caloominum|Spikes
|move|p1a: Blissey|Wish|p1a: Blissey
|
|-heal|p2a: Skarmory|86/100|[from] item: Leftovers
|upkeep
|turn|86
|
|t:|1731364699
|move|p2a: Skarmory|Drill Peck|p1a: Blissey
|-crit|p1a: Blissey
|-damage|p1a: Blissey|58/100
|move|p1a: Blissey|Ice Beam|p2a: Skarmory
|-damage|p2a: Skarmory|64/100
|
|-heal|p1a: Blissey|100/100|[from] move: Wish|[wisher] Blissey
|-heal|p2a: Skarmory|70/100|[from] item: Leftovers
|upkeep
|turn|87
|
|t:|1731364703
|move|p2a: Skarmory|Spikes|p1a: Blissey
|-sidestart|p1: caloominum|Spikes
|move|p1a: Blissey|Ice Beam|p2a: Skarmory
|-damage|p2a: Skarmory|50/100
|
|-heal|p2a: Skarmory|56/100|[from] item: Leftovers
|upkeep
|turn|88
|
|t:|1731364707
|move|p2a: Skarmory|Protect|p2a: Skarmory
|-singleturn|p2a: Skarmory|Protect
|move|p1a: Blissey|Ice Beam|p2a: Skarmory
|-activate|p2a: Skarmory|Protect
|
|-heal|p2a: Skarmory|62/100|[from] item: Leftovers
|upkeep
|turn|89
|
|t:|1731364724
|move|p1a: Blissey|Wish|p1a: Blissey
|move|p2a: Skarmory|Roar|p1a: Blissey
|drag|p1a: Claydol|Claydol|12/100
|
|-heal|p2a: Skarmory|68/100|[from] item: Leftovers
|-heal|p1a: Claydol|18/100|[from] item: Leftovers
|upkeep
|turn|90
|
|t:|1731364729
|move|p2a: Skarmory|Drill Peck|p1a: Claydol
|-damage|p1a: Claydol|0 fnt
|faint|p1a: Claydol
|
|t:|1731364731
|switch|p1a: Swampert|Swampert, M|15/100
|-damage|p1a: Swampert|0 fnt|[from] Spikes
|faint|p1a: Swampert
|
|t:|1731364734
|switch|p1a: Blissey|Blissey, F|100/100
|-damage|p1a: Blissey|76/100|[from] Spikes
|
|-heal|p1a: Blissey|100/100|[from] move: Wish|[wisher] Blissey
|-heal|p2a: Skarmory|74/100|[from] item: Leftovers
|upkeep
|turn|91
|
|t:|1731364737
|move|p2a: Skarmory|Protect|p2a: Skarmory
|-singleturn|p2a: Skarmory|Protect
|move|p1a: Blissey|Seismic Toss|p2a: Skarmory
|-activate|p2a: Skarmory|Protect
|
|-heal|p2a: Skarmory|80/100|[from] item: Leftovers
|upkeep
|turn|92
|
|t:|1731364742
|move|p1a: Blissey|Seismic Toss|p2a: Skarmory
|-damage|p2a: Skarmory|50/100
|move|p2a: Skarmory|Roar|p1a: Blissey
|drag|p1a: Jirachi|Jirachi|100/100
|-damage|p1a: Jirachi|75/100|[from] Spikes
|
|-heal|p1a: Jirachi|82/100|[from] item: Leftovers
|-heal|p2a: Skarmory|56/100|[from] item: Leftovers
|upkeep
|turn|93
|
|t:|1731364751
|move|p1a: Jirachi|Thunderbolt|p2a: Skarmory
|-supereffective|p2a: Skarmory
|-damage|p2a: Skarmory|0 fnt
|faint|p2a: Skarmory
|
|t:|1731364753
|switch|p2a: Swampert|Swampert, M|98/100
|-damage|p2a: Swampert|82/100|[from] Spikes
|
|-heal|p1a: Jirachi|88/100|[from] item: Leftovers
|-heal|p2a: Swampert|88/100|[from] item: Leftovers
|upkeep
|turn|94
|
|t:|1731364759
|move|p1a: Jirachi|Substitute|p1a: Jirachi
|-start|p1a: Jirachi|Substitute
|-damage|p1a: Jirachi|63/100
|move|p2a: Swampert|Curse|p2a: Swampert
|-unboost|p2a: Swampert|spe|1
|-boost|p2a: Swampert|atk|1
|-boost|p2a: Swampert|def|1
|
|-heal|p1a: Jirachi|69/100|[from] item: Leftovers
|-heal|p2a: Swampert|94/100|[from] item: Leftovers
|upkeep
|turn|95
|
|t:|1731364762
|move|p1a: Jirachi|Ice Punch|p2a: Swampert
|-damage|p2a: Swampert|74/100
|move|p2a: Swampert|Earthquake|p1a: Jirachi
|-supereffective|p1a: Jirachi
|-end|p1a: Jirachi|Substitute
|
|-heal|p1a: Jirachi|75/100|[from] item: Leftovers
|-heal|p2a: Swampert|80/100|[from] item: Leftovers
|upkeep
|turn|96
|
|t:|1731364767
|move|p1a: Jirachi|Substitute|p1a: Jirachi
|-start|p1a: Jirachi|Substitute
|-damage|p1a: Jirachi|50/100
|move|p2a: Swampert|Earthquake|p1a: Jirachi
|-supereffective|p1a: Jirachi
|-end|p1a: Jirachi|Substitute
|
|-heal|p1a: Jirachi|56/100|[from] item: Leftovers
|-heal|p2a: Swampert|86/100|[from] item: Leftovers
|upkeep
|turn|97
|
|t:|1731364771
|move|p1a: Jirachi|Substitute|p1a: Jirachi
|-start|p1a: Jirachi|Substitute
|-damage|p1a: Jirachi|31/100
|move|p2a: Swampert|Earthquake|p1a: Jirachi
|-supereffective|p1a: Jirachi
|-end|p1a: Jirachi|Substitute
|
|-heal|p1a: Jirachi|38/100|[from] item: Leftovers
|-heal|p2a: Swampert|93/100|[from] item: Leftovers
|upkeep
|turn|98
|
|t:|1731364776
|move|p1a: Jirachi|Substitute|p1a: Jirachi
|-start|p1a: Jirachi|Substitute
|-damage|p1a: Jirachi|13/100
|move|p2a: Swampert|Earthquake|p1a: Jirachi
|-supereffective|p1a: Jirachi
|-end|p1a: Jirachi|Substitute
|
|-heal|p1a: Jirachi|19/100|[from] item: Leftovers
|-heal|p2a: Swampert|99/100|[from] item: Leftovers
|upkeep
|turn|99
|
|t:|1731364780
|move|p1a: Jirachi|Ice Punch|p2a: Swampert
|-damage|p2a: Swampert|80/100
|move|p2a: Swampert|Earthquake|p1a: Jirachi
|-supereffective|p1a: Jirachi
|-damage|p1a: Jirachi|0 fnt
|faint|p1a: Jirachi
|
|t:|1731364783
|switch|p1a: Blissey|Blissey, F|100/100
|-damage|p1a: Blissey|76/100|[from] Spikes
|
|-heal|p1a: Blissey|82/100|[from] item: Leftovers
|-heal|p2a: Swampert|86/100|[from] item: Leftovers
|upkeep
|turn|100
|
|t:|1731364786
|move|p1a: Blissey|Wish|p1a: Blissey
|move|p2a: Swampert|Curse|p2a: Swampert
|-unboost|p2a: Swampert|spe|1
|-boost|p2a: Swampert|atk|1
|-boost|p2a: Swampert|def|1
|
|-heal|p1a: Blissey|88/100|[from] item: Leftovers
|-heal|p2a: Swampert|93/100|[from] item: Leftovers
|upkeep
|turn|101
|
|t:|1731364788
|move|p1a: Blissey|Ice Beam|p2a: Swampert
|-damage|p2a: Swampert|73/100
|move|p2a: Swampert|Curse|p2a: Swampert
|-unboost|p2a: Swampert|spe|1
|-boost|p2a: Swampert|atk|1
|-boost|p2a: Swampert|def|1
|
|-heal|p1a: Blissey|100/100|[from] move: Wish|[wisher] Blissey
|-heal|p2a: Swampert|79/100|[from] item: Leftovers
|upkeep
|turn|102
|
|t:|1731364794
|move|p1a: Blissey|Ice Beam|p2a: Swampert
|-damage|p2a: Swampert|58/100
|move|p2a: Swampert|Rest|p2a: Swampert
|-status|p2a: Swampert|slp|[from] move: Rest
|-heal|p2a: Swampert|100/100 slp|[silent]
|
|upkeep
|turn|103
|
|t:|1731364798
|move|p1a: Blissey|Seismic Toss|p2a: Swampert
|-damage|p2a: Swampert|76/100 slp
|cant|p2a: Swampert|slp
|
|-heal|p2a: Swampert|82/100 slp|[from] item: Leftovers
|upkeep
|turn|104
|
|t:|1731364800
|move|p1a: Blissey|Seismic Toss|p2a: Swampert
|-damage|p2a: Swampert|57/100 slp
|cant|p2a: Swampert|slp
|
|-heal|p2a: Swampert|63/100 slp|[from] item: Leftovers
|upkeep
|turn|105
|
|t:|1731364804
|move|p1a: Blissey|Wish|p1a: Blissey
|-curestatus|p2a: Swampert|slp|[msg]
|move|p2a: Swampert|Rest|p2a: Swampert
|-status|p2a: Swampert|slp|[from] move: Rest
|-heal|p2a: Swampert|100/100 slp|[silent]
|
|upkeep
|turn|106
|
|t:|1731364808
|move|p1a: Blissey|Seismic Toss|p2a: Swampert
|-damage|p2a: Swampert|76/100 slp
|cant|p2a: Swampert|slp
|
|-heal|p2a: Swampert|82/100 slp|[from] item: Leftovers
|upkeep
|turn|107
|
|t:|1731364810
|move|p1a: Blissey|Seismic Toss|p2a: Swampert
|-damage|p2a: Swampert|57/100 slp
|cant|p2a: Swampert|slp
|
|-heal|p2a: Swampert|63/100 slp|[from] item: Leftovers
|upkeep
|turn|108
|
|t:|1731364814
|move|p1a: Blissey|Seismic Toss|p2a: Swampert
|-damage|p2a: Swampert|39/100 slp
|-curestatus|p2a: Swampert|slp|[msg]
|move|p2a: Swampert|Rest|p2a: Swampert
|-status|p2a: Swampert|slp|[from] move: Rest
|-heal|p2a: Swampert|100/100 slp|[silent]
|
|upkeep
|turn|109
|
|t:|1731364820
|move|p1a: Blissey|Wish|p1a: Blissey
|cant|p2a: Swampert|slp
|
|upkeep
|turn|110
|
|t:|1731364823
|move|p1a: Blissey|Wish||[still]
|-fail|p1a: Blissey
|cant|p2a: Swampert|slp
|
|upkeep
|turn|111
|
|t:|1731364827
|move|p1a: Blissey|Ice Beam|p2a: Swampert
|-crit|p2a: Swampert
|-damage|p2a: Swampert|58/100 slp
|-curestatus|p2a: Swampert|slp|[msg]
|move|p2a: Swampert|Curse|p2a: Swampert
|-unboost|p2a: Swampert|spe|1
|-boost|p2a: Swampert|atk|1
|-boost|p2a: Swampert|def|1
|
|-heal|p2a: Swampert|64/100|[from] item: Leftovers
|upkeep
|turn|112
|
|t:|1731364831
|move|p1a: Blissey|Ice Beam|p2a: Swampert
|-crit|p2a: Swampert
|-damage|p2a: Swampert|24/100
|move|p2a: Swampert|Rest|p2a: Swampert
|-status|p2a: Swampert|slp|[from] move: Rest
|-heal|p2a: Swampert|100/100 slp|[silent]
|
|upkeep
|turn|113
|
|t:|1731364838
|move|p1a: Blissey|Wish|p1a: Blissey
|cant|p2a: Swampert|slp
|
|upkeep
|turn|114
|
|t:|1731364855
|move|p1a: Blissey|Wish||[still]
|-fail|p1a: Blissey
|cant|p2a: Swampert|slp
|
|upkeep
|turn|115
|
|t:|1731364872
|move|p1a: Blissey|Seismic Toss|p2a: Swampert
|-damage|p2a: Swampert|76/100 slp
|-curestatus|p2a: Swampert|slp|[msg]
|move|p2a: Swampert|Earthquake|p1a: Blissey
|-damage|p1a: Blissey|0 fnt
|faint|p1a: Blissey
|
|win|Nardgo
|c|☆caloominum|gg
|c|☆Nardgo|gg
|player|p2|

</script>
<script type="application/json" class="data" id="replaydata-smogtours-gen3ou-806045">
{"id":"smogtours-gen3ou-806045","format":"[Gen 3] OU","players":["caloominum","Nardgo"],"uploadtime":1731364872,"views":8,"formatid":"gen3ou","rating":null,"private":0,"password":null}
</script>

<script defer src="js/replays.js?9d40a366"></script>
