<!DOCTYPE html>
<meta charset="utf-8" />
<meta name="viewport" content="width=device-width" />

<title>[Gen 3] OU: beignet2 vs. KoboldSorcerer - Replays - Pok&eacute;mon Showdown!</title>

<meta name="description" content="Watch a replay of a Pok&eacute;mon battle between beignet2 and KoboldSorcerer! Format: [Gen 3] OU; Date: Oct 29, 2024" />
<!--

Hey, you! Looking in the source for the replay log?

You can find them in JSON format, just add `.json` at the end of a replay URL.

https://replay.pokemonshowdown.com/gen7randomdoublesbattle-865046831.json

Or, if you only need the log itself, add `.log` instead:

https://replay.pokemonshowdown.com/gen7randomdoublesbattle-865046831.log

-->

<link rel="stylesheet" href="//pokemonshowdown.com/style/global.css?0.023195364461161105" />
<link rel="stylesheet" href="//play.pokemonshowdown.com/style/font-awesome.css?0.13261647063804238" />
<link rel="stylesheet" href="//play.pokemonshowdown.com/style/battle.css?0.8753245789963631" />
<link rel="stylesheet" href="//play.pokemonshowdown.com/style/utilichart.css?0.8627959624976733" />

<!-- Global site tag (gtag.js) - Google Analytics -->
<script async src="https://www.googletagmanager.com/gtag/js?id=UA-26211653-1"></script>
<script>
  window.dataLayer = window.dataLayer || [];
  function gtag(){dataLayer.push(arguments);}
  gtag('js', new Date());

  gtag('config', 'UA-26211653-1');
</script>
<!-- End Google Analytics -->
<!-- Venatus Ad Manager - Install in <HEAD> of page -->
	<script src="https://hb.vntsm.com/v3/live/ad-manager.min.js" type="text/javascript" data-site-id="642aba63ec9a7b11c3c9c1be" data-mode="scan" async></script>
<!-- / Venatus Ad Manager -->

<style>
	@media (max-width:820px) {
		.battle {
			margin: 0 auto;
		}
		.battle-log {
			margin: 7px auto 0;
			max-width: 640px;
			height: 300px;
			position: static;
		}
	}
	.optgroup {
		display: inline-block;
		line-height: 22px;
		font-size: 10pt;
	}
	.optgroup .button {
		height: 25px;
		padding-top: 0;
		padding-bottom: 0;
	}
	.optgroup button.button {
		padding-left: 12px;
		padding-right: 12px;
	}
	.linklist {
		list-style: none;
		margin: 0.5em 0;
		padding: 0;
	}
	.linklist li {
		padding: 2px 0;
	}
	.sidebar {
		float: left;
		width: 320px;
	}
	.bar-wrapper {
		max-width: 1100px;
		margin: 0 auto;
	}
	.bar-wrapper.has-sidebar {
		max-width: 1430px;
	}
	.mainbar {
		margin: 0;
		padding-right: 1px;
	}
	.mainbar.has-sidebar {
		margin-left: 330px;
	}
	@media (min-width: 1511px) {
		.sidebar {
			width: 400px;
		}
		.bar-wrapper.has-sidebar {
			max-width: 1510px;
		}
		.mainbar.has-sidebar {
			margin-left: 410px;
		}
	}
	.section.first-section {
		margin-top: 9px;
	}
	.blocklink small {
		white-space: normal;
	}
	.button {
		vertical-align: middle;
	}
	.replay-controls {
		padding-top: 10px;
	}
	.replay-controls h1 {
		font-size: 16pt;
		font-weight: normal;
		color: #CCC;
	}
	.pagelink {
		text-align: center;
	}
	.pagelink a {
		width: 150px;
	}
	.textbox, .button {
		font-size: 11pt;
		vertical-align: middle;
	}
	@media (max-width: 450px) {
		.button {
			font-size: 9pt;
		}
	}
</style>

<div>

	<header>
		<div class="nav-wrapper"><ul class="nav">
			<li><a class="button nav-first" href="//pokemonshowdown.com/"><img src="//pokemonshowdown.com/images/pokemonshowdownbeta.png" srcset="//pokemonshowdown.com/images/pokemonshowdownbeta.png 1x, //pokemonshowdown.com/images/pokemonshowdownbeta@2x.png 2x" alt="Pok&eacute;mon Showdown" width="146" height="44" /> Home</a></li>
			<li><a class="button" href="//pokemonshowdown.com/dex/">Pok&eacute;dex</a></li>
			<li><a class="button cur" href="/">Replays</a></li>
			<li><a class="button" href="//pokemonshowdown.com/ladder/">Ladder</a></li>
			<li><a class="button nav-last" href="//pokemonshowdown.com/forums/">Forum</a></li>
			<li><a class="button greenbutton nav-first nav-last" href="//play.pokemonshowdown.com/">Play</a></li>
		</ul></div>
	</header>

	<div class="main" id="main">

		<noscript><section class="section">You need to enable JavaScript to use this page; sorry!</section></noscript>

	</div>

</div>

<script defer nomodule src="//play.pokemonshowdown.com/js/lib/ps-polyfill.js"></script>
<script defer src="//play.pokemonshowdown.com/js/lib/preact.min.js"></script>

<script defer src="//play.pokemonshowdown.com/config/config.js?2bddbc15"></script>
<script defer src="//play.pokemonshowdown.com/js/lib/jquery-1.11.0.min.js"></script>
<script defer src="//play.pokemonshowdown.com/js/lib/html-sanitizer-minified.js"></script>
<script defer src="//play.pokemonshowdown.com/js/battle-sound.js"></script>
<script defer src="//play.pokemonshowdown.com/js/battledata.js?0.7209276989879541"></script>
<script defer src="//play.pokemonshowdown.com/data/pokedex-mini.js?0.6111056340867951"></script>
<script defer src="//play.pokemonshowdown.com/data/pokedex-mini-bw.js?0.3532142036491459"></script>
<script defer src="//play.pokemonshowdown.com/data/graphics.js?0.24223875632456182"></script>
<script defer src="//play.pokemonshowdown.com/data/pokedex.js?0.38839984266356864"></script>
<script defer src="//play.pokemonshowdown.com/data/moves.js?0.21866028504024015"></script>
<script defer src="//play.pokemonshowdown.com/data/abilities.js?0.2005157953846628"></script>
<script defer src="//play.pokemonshowdown.com/data/items.js?0.9894211263848525"></script>
<script defer src="//play.pokemonshowdown.com/data/teambuilder-tables.js?0.6008791140282215"></script>
<script defer src="//play.pokemonshowdown.com/js/battle-tooltips.js?0.7580118955022959"></script>
<script defer src="//play.pokemonshowdown.com/js/battle.js?0.6057722274234274"></script>

<script defer src="js/utils.js?e31f9a17"></script>
<script defer src="js/replays-battle.js?7008c182"></script>

<!-- don't scrape this data! just add .json or .log after the URL!
Full API docs: https://github.com/smogon/pokemon-showdown-client/blob/master/WEB-API.md -->
<script type="text/plain" class="log" id="replaylog-smogtours-gen3ou-803305">
|inactive|Battle timer is ON: inactive players will automatically lose when time's up.
|t:|1730232967
|gametype|singles
|player|p1|beignet2|blue-gen3two|
|player|p2|KoboldSorcerer|102|
|teamsize|p1|6
|teamsize|p2|6
|gen|3
|tier|[Gen 3] OU
|rule|Sleep Clause Mod: Limit one foe put to sleep
|rule|Switch Priority Clause Mod: Faster Pokémon switch first
|rule|Species Clause: Limit one of each Pokémon
|rule|OHKO Clause: OHKO moves are banned
|rule|Evasion Items Clause: Evasion items are banned
|rule|Evasion Moves Clause: Evasion moves are banned
|rule|Endless Battle Clause: Forcing endless battles is banned
|rule|HP Percentage Mod: HP is shown in percentages
|rule|One Boost Passer Clause: Limit one Baton Passer that has a way to boost its stats
|rule|Freeze Clause Mod: Limit one foe frozen
|
|t:|1730232967
|start
|switch|p1a: The Protagonist|Tyranitar, F|100/100
|switch|p2a: Tyranitar|Tyranitar, M|100/100
|-weather|Sandstorm|[from] ability: Sand Stream|[of] p1a: The Protagonist
|turn|1
|
|t:|1730232986
|-singleturn|p1a: The Protagonist|move: Focus Punch
|switch|p2a: Flygon|Flygon, F|100/100
|move|p1a: The Protagonist|Focus Punch|p2a: Flygon
|-crit|p2a: Flygon
|-damage|p2a: Flygon|0 fnt
|faint|p2a: Flygon
|c|☆KoboldSorcerer|glhf...
|c|☆beignet2|u2
|
|t:|1730233002
|switch|p2a: Swampert|Swampert, F|100/100
|
|-weather|Sandstorm|[upkeep]
|upkeep
|turn|2
|
|t:|1730233008
|switch|p1a: Raw Onion|Celebi|100/100
|move|p2a: Swampert|Hydro Pump|p1a: Raw Onion
|-resisted|p1a: Raw Onion
|-crit|p1a: Raw Onion
|-damage|p1a: Raw Onion|61/100
|
|-weather|Sandstorm|[upkeep]
|-damage|p1a: Raw Onion|54/100|[from] Sandstorm
|-heal|p1a: Raw Onion|61/100|[from] item: Leftovers
|upkeep
|turn|3
|
|t:|1730233015
|switch|p2a: Skarmory|Skarmory, M|100/100
|move|p1a: Raw Onion|Recover|p1a: Raw Onion
|-heal|p1a: Raw Onion|100/100
|
|-weather|Sandstorm|[upkeep]
|-damage|p1a: Raw Onion|94/100|[from] Sandstorm
|-heal|p1a: Raw Onion|100/100|[from] item: Leftovers
|upkeep
|turn|4
|
|t:|1730233033
|move|p1a: Raw Onion|Leech Seed|p2a: Skarmory
|-start|p2a: Skarmory|move: Leech Seed
|move|p2a: Skarmory|Spikes|p1a: Raw Onion
|-sidestart|p1: beignet2|Spikes
|
|-weather|Sandstorm|[upkeep]
|-damage|p1a: Raw Onion|94/100|[from] Sandstorm
|-heal|p1a: Raw Onion|100/100|[from] item: Leftovers
|-damage|p2a: Skarmory|88/100|[from] Leech Seed|[of] p1a: Raw Onion
|upkeep
|turn|5
|
|t:|1730233044
|switch|p1a: ButtonClickerJones|Metagross|100/100
|-damage|p1a: ButtonClickerJones|88/100|[from] Spikes
|switch|p2a: Swampert|Swampert, F|100/100
|
|-weather|Sandstorm|[upkeep]
|upkeep
|turn|6
|
|t:|1730233049
|move|p1a: ButtonClickerJones|Explosion|p2a: Swampert
|-damage|p2a: Swampert|0 fnt
|faint|p1a: ButtonClickerJones
|faint|p2a: Swampert
|
|t:|1730233056
|switch|p1a: Harmory|Skarmory, F|100/100
|switch|p2a: Skarmory|Skarmory, M|88/100
|
|-weather|Sandstorm|[upkeep]
|-heal|p2a: Skarmory|94/100|[from] item: Leftovers
|upkeep
|turn|7
|
|t:|1730233059
|move|p2a: Skarmory|Taunt|p1a: Harmory
|-start|p1a: Harmory|move: Taunt
|cant|p1a: Harmory|move: Taunt|Spikes
|
|-weather|Sandstorm|[upkeep]
|-heal|p2a: Skarmory|99/100|[from] item: Leftovers
|upkeep
|turn|8
|
|t:|1730233067
|switch|p1a: The Pee Is Silent|Aerodactyl, F|100/100
|move|p2a: Skarmory|Spikes|p1a: The Pee Is Silent
|-sidestart|p1: beignet2|Spikes
|
|-weather|Sandstorm|[upkeep]
|-heal|p2a: Skarmory|100/100|[from] item: Leftovers
|upkeep
|turn|9
|
|t:|1730233071
|move|p1a: The Pee Is Silent|Substitute|p1a: The Pee Is Silent
|-start|p1a: The Pee Is Silent|Substitute
|-damage|p1a: The Pee Is Silent|76/100
|move|p2a: Skarmory|Toxic||[still]
|-fail|p2a: Skarmory
|
|-weather|Sandstorm|[upkeep]
|upkeep
|turn|10
|
|t:|1730233073
|move|p1a: The Pee Is Silent|Rock Slide|p2a: Skarmory
|-damage|p2a: Skarmory|77/100
|move|p2a: Skarmory|Roar|p1a: The Pee Is Silent
|drag|p1a: Favorite Record|Claydol|100/100
|
|-weather|Sandstorm|[upkeep]
|-heal|p2a: Skarmory|83/100|[from] item: Leftovers
|upkeep
|turn|11
|
|t:|1730233078
|move|p2a: Skarmory|Toxic|p1a: Favorite Record
|-status|p1a: Favorite Record|tox
|move|p1a: Favorite Record|Rapid Spin|p2a: Skarmory
|-resisted|p2a: Skarmory
|-damage|p2a: Skarmory|81/100
|-sideend|p1: beignet2|Spikes|[from] move: Rapid Spin|[of] p1a: Favorite Record
|
|-weather|Sandstorm|[upkeep]
|-heal|p2a: Skarmory|87/100|[from] item: Leftovers
|-damage|p1a: Favorite Record|94/100 tox|[from] psn
|upkeep
|turn|12
|
|t:|1730233083
|switch|p1a: The Protagonist|Tyranitar, F|100/100
|move|p2a: Skarmory|Taunt|p1a: The Protagonist
|-start|p1a: The Protagonist|move: Taunt
|
|-weather|Sandstorm|[upkeep]
|-heal|p2a: Skarmory|93/100|[from] item: Leftovers
|upkeep
|turn|13
|
|t:|1730233088
|-singleturn|p1a: The Protagonist|move: Focus Punch
|move|p2a: Skarmory|Toxic|p1a: The Protagonist
|-status|p1a: The Protagonist|tox
|move|p1a: The Protagonist|Focus Punch|p2a: Skarmory
|-damage|p2a: Skarmory|51/100
|
|-weather|Sandstorm|[upkeep]
|-heal|p2a: Skarmory|57/100|[from] item: Leftovers
|-damage|p1a: The Protagonist|94/100 tox|[from] psn
|-end|p1a: The Protagonist|move: Taunt|[silent]
|upkeep
|turn|14
|
|t:|1730233100
|move|p2a: Skarmory|Spikes|p1a: The Protagonist
|-sidestart|p1: beignet2|Spikes
|move|p1a: The Protagonist|Rock Slide|p2a: Skarmory
|-damage|p2a: Skarmory|24/100
|
|-weather|Sandstorm|[upkeep]
|-heal|p2a: Skarmory|30/100|[from] item: Leftovers
|-heal|p1a: The Protagonist|100/100 tox|[from] item: Leftovers
|-damage|p1a: The Protagonist|88/100 tox|[from] psn
|upkeep
|turn|15
|
|t:|1730233108
|move|p2a: Skarmory|Spikes|p1a: The Protagonist
|-sidestart|p1: beignet2|Spikes
|move|p1a: The Protagonist|Rock Slide|p2a: Skarmory
|-damage|p2a: Skarmory|0 fnt
|faint|p2a: Skarmory
|
|t:|1730233121
|switch|p2a: Zapdos|Zapdos|100/100
|
|-weather|Sandstorm|[upkeep]
|-damage|p2a: Zapdos|94/100|[from] Sandstorm
|-heal|p2a: Zapdos|100/100|[from] item: Leftovers
|-heal|p1a: The Protagonist|94/100 tox|[from] item: Leftovers
|-damage|p1a: The Protagonist|76/100 tox|[from] psn
|upkeep
|turn|16
|
|t:|1730233124
|move|p2a: Zapdos|Protect|p2a: Zapdos
|-singleturn|p2a: Zapdos|Protect
|move|p1a: The Protagonist|Rock Slide|p2a: Zapdos
|-activate|p2a: Zapdos|Protect
|
|-weather|Sandstorm|[upkeep]
|-damage|p2a: Zapdos|94/100|[from] Sandstorm
|-heal|p2a: Zapdos|100/100|[from] item: Leftovers
|-heal|p1a: The Protagonist|82/100 tox|[from] item: Leftovers
|-damage|p1a: The Protagonist|57/100 tox|[from] psn
|upkeep
|turn|17
|inactive|KoboldSorcerer has 270 seconds left.
|
|t:|1730233155
|switch|p2a: Blissey|Blissey, F|100/100
|move|p1a: The Protagonist|Rock Slide|p2a: Blissey
|-damage|p2a: Blissey|52/100
|
|-weather|Sandstorm|[upkeep]
|-damage|p2a: Blissey|46/100|[from] Sandstorm
|-heal|p1a: The Protagonist|63/100 tox|[from] item: Leftovers
|-damage|p1a: The Protagonist|32/100 tox|[from] psn
|-heal|p2a: Blissey|52/100|[from] item: Leftovers
|upkeep
|turn|18
|
|t:|1730233164
|move|p1a: The Protagonist|Rock Slide|p2a: Blissey
|-damage|p2a: Blissey|8/100
|move|p2a: Blissey|Ice Beam|p1a: The Protagonist
|-damage|p1a: The Protagonist|10/100 tox
|
|-weather|Sandstorm|[upkeep]
|-damage|p2a: Blissey|2/100|[from] Sandstorm
|-heal|p1a: The Protagonist|16/100 tox|[from] item: Leftovers
|-damage|p1a: The Protagonist|0 fnt|[from] psn
|faint|p1a: The Protagonist
|-heal|p2a: Blissey|8/100|[from] item: Leftovers
|upkeep
|
|t:|1730233169
|switch|p1a: The Pee Is Silent|Aerodactyl, F|76/100
|turn|19
|
|t:|1730233174
|move|p1a: The Pee Is Silent|Rock Slide|p2a: Blissey
|-damage|p2a: Blissey|0 fnt
|faint|p2a: Blissey
|
|t:|1730233176
|switch|p2a: Tyranitar|Tyranitar, M|100/100
|
|-weather|Sandstorm|[upkeep]
|upkeep
|turn|20
|
|t:|1730233180
|switch|p1a: Favorite Record|Claydol|94/100 tox
|move|p2a: Tyranitar|Substitute|p2a: Tyranitar
|-start|p2a: Tyranitar|Substitute
|-damage|p2a: Tyranitar|75/100
|
|-weather|Sandstorm|[upkeep]
|-heal|p1a: Favorite Record|100/100 tox|[from] item: Leftovers
|-damage|p1a: Favorite Record|94/100 tox|[from] psn
|-heal|p2a: Tyranitar|82/100|[from] item: Leftovers
|upkeep
|turn|21
|
|t:|1730233182
|move|p1a: Favorite Record|Earthquake|p2a: Tyranitar
|-supereffective|p2a: Tyranitar
|-end|p2a: Tyranitar|Substitute
|move|p2a: Tyranitar|Crunch|p1a: Favorite Record
|-supereffective|p1a: Favorite Record
|-damage|p1a: Favorite Record|25/100 tox
|
|-weather|Sandstorm|[upkeep]
|-heal|p1a: Favorite Record|31/100 tox|[from] item: Leftovers
|-damage|p1a: Favorite Record|19/100 tox|[from] psn
|-heal|p2a: Tyranitar|88/100|[from] item: Leftovers
|upkeep
|turn|22
|
|t:|1730233199
|move|p1a: Favorite Record|Explosion|p2a: Tyranitar
|-resisted|p2a: Tyranitar
|-damage|p2a: Tyranitar|40/100
|faint|p1a: Favorite Record
|
|t:|1730233205
|switch|p1a: The Pee Is Silent|Aerodactyl, F|76/100
|
|-weather|Sandstorm|[upkeep]
|-heal|p2a: Tyranitar|46/100|[from] item: Leftovers
|upkeep
|turn|23
|
|t:|1730233208
|move|p1a: The Pee Is Silent|Earthquake|p2a: Tyranitar
|-supereffective|p2a: Tyranitar
|-damage|p2a: Tyranitar|1/100
|move|p2a: Tyranitar|Substitute|p2a: Tyranitar
|-fail|p2a: Tyranitar|move: Substitute|[weak]
|
|-weather|Sandstorm|[upkeep]
|-heal|p2a: Tyranitar|7/100|[from] item: Leftovers
|upkeep
|turn|24
|
|t:|1730233213
|move|p1a: The Pee Is Silent|Double-Edge|p2a: Tyranitar
|-resisted|p2a: Tyranitar
|-damage|p2a: Tyranitar|0 fnt
|faint|p2a: Tyranitar
|
|t:|1730233215
|switch|p2a: Zapdos|Zapdos|100/100
|
|-weather|Sandstorm|[upkeep]
|-damage|p2a: Zapdos|94/100|[from] Sandstorm
|-heal|p2a: Zapdos|100/100|[from] item: Leftovers
|upkeep
|turn|25
|
|t:|1730233219
|move|p1a: The Pee Is Silent|Substitute|p1a: The Pee Is Silent
|-start|p1a: The Pee Is Silent|Substitute
|-damage|p1a: The Pee Is Silent|51/100
|move|p2a: Zapdos|Thunderbolt|p1a: The Pee Is Silent
|-supereffective|p1a: The Pee Is Silent
|-end|p1a: The Pee Is Silent|Substitute
|
|-weather|Sandstorm|[upkeep]
|-damage|p2a: Zapdos|94/100|[from] Sandstorm
|-heal|p2a: Zapdos|100/100|[from] item: Leftovers
|upkeep
|turn|26
|
|t:|1730233228
|move|p1a: The Pee Is Silent|Substitute|p1a: The Pee Is Silent
|-start|p1a: The Pee Is Silent|Substitute
|-damage|p1a: The Pee Is Silent|26/100
|move|p2a: Zapdos|Hidden Power|p1a: The Pee Is Silent
|-supereffective|p1a: The Pee Is Silent
|-end|p1a: The Pee Is Silent|Substitute
|
|-weather|Sandstorm|[upkeep]
|-damage|p2a: Zapdos|94/100|[from] Sandstorm
|-heal|p2a: Zapdos|100/100|[from] item: Leftovers
|upkeep
|turn|27
|
|t:|1730233232
|move|p1a: The Pee Is Silent|Substitute|p1a: The Pee Is Silent
|-start|p1a: The Pee Is Silent|Substitute
|-damage|p1a: The Pee Is Silent|1/100
|move|p2a: Zapdos|Hidden Power|p1a: The Pee Is Silent
|-supereffective|p1a: The Pee Is Silent
|-end|p1a: The Pee Is Silent|Substitute
|
|-weather|Sandstorm|[upkeep]
|-damage|p2a: Zapdos|94/100|[from] Sandstorm
|-enditem|p1a: The Pee Is Silent|Liechi Berry|[eat]
|-boost|p1a: The Pee Is Silent|atk|1|[from] item: Liechi Berry
|-heal|p2a: Zapdos|100/100|[from] item: Leftovers
|upkeep
|turn|28
|
|t:|1730233239
|move|p2a: Zapdos|Protect|p2a: Zapdos
|-singleturn|p2a: Zapdos|Protect
|move|p1a: The Pee Is Silent|Rock Slide|p2a: Zapdos
|-activate|p2a: Zapdos|Protect
|
|-weather|Sandstorm|[upkeep]
|-damage|p2a: Zapdos|94/100|[from] Sandstorm
|-heal|p2a: Zapdos|100/100|[from] item: Leftovers
|upkeep
|turn|29
|
|t:|1730233245
|move|p1a: The Pee Is Silent|Rock Slide|p2a: Zapdos
|-supereffective|p2a: Zapdos
|-damage|p2a: Zapdos|0 fnt
|faint|p2a: Zapdos
|
|win|beignet2
|player|p2|
|c|☆beignet2|gg
|player|p2|KoboldSorcerer|102|

</script>
<script type="application/json" class="data" id="replaydata-smogtours-gen3ou-803305">
{"id":"smogtours-gen3ou-803305","format":"[Gen 3] OU","players":["beignet2","KoboldSorcerer"],"uploadtime":1730233245,"views":65,"formatid":"gen3ou","rating":null,"private":0,"password":null}
</script>

<script defer src="js/replays.js?9d40a366"></script>
