<!DOCTYPE html>
<meta charset="utf-8" />
<meta name="viewport" content="width=device-width" />

<title>[Gen 3] OU: Figull400 vs. GroundBack - Replays - Pok&eacute;mon Showdown!</title>

<meta name="description" content="Watch a replay of a Pok&eacute;mon battle between Figull400 and GroundBack! Format: [Gen 3] OU; Date: Oct 4, 2024" />
<!--

Hey, you! Looking in the source for the replay log?

You can find them in JSON format, just add `.json` at the end of a replay URL.

https://replay.pokemonshowdown.com/gen7randomdoublesbattle-865046831.json

Or, if you only need the log itself, add `.log` instead:

https://replay.pokemonshowdown.com/gen7randomdoublesbattle-865046831.log

-->

<link rel="stylesheet" href="//pokemonshowdown.com/style/global.css?0.767286132409787" />
<link rel="stylesheet" href="//play.pokemonshowdown.com/style/font-awesome.css?0.9266228007934947" />
<link rel="stylesheet" href="//play.pokemonshowdown.com/style/battle.css?0.7924700842790926" />
<link rel="stylesheet" href="//play.pokemonshowdown.com/style/utilichart.css?0.8777417872839479" />

<!-- Global site tag (gtag.js) - Google Analytics -->
<script async src="https://www.googletagmanager.com/gtag/js?id=UA-26211653-1"></script>
<script>
  window.dataLayer = window.dataLayer || [];
  function gtag(){dataLayer.push(arguments);}
  gtag('js', new Date());

  gtag('config', 'UA-26211653-1');
</script>
<!-- End Google Analytics -->
<!-- Venatus Ad Manager - Install in <HEAD> of page -->
	<script src="https://hb.vntsm.com/v3/live/ad-manager.min.js" type="text/javascript" data-site-id="642aba63ec9a7b11c3c9c1be" data-mode="scan" async></script>
<!-- / Venatus Ad Manager -->

<style>
	@media (max-width:820px) {
		.battle {
			margin: 0 auto;
		}
		.battle-log {
			margin: 7px auto 0;
			max-width: 640px;
			height: 300px;
			position: static;
		}
	}
	.optgroup {
		display: inline-block;
		line-height: 22px;
		font-size: 10pt;
	}
	.optgroup .button {
		height: 25px;
		padding-top: 0;
		padding-bottom: 0;
	}
	.optgroup button.button {
		padding-left: 12px;
		padding-right: 12px;
	}
	.linklist {
		list-style: none;
		margin: 0.5em 0;
		padding: 0;
	}
	.linklist li {
		padding: 2px 0;
	}
	.sidebar {
		float: left;
		width: 320px;
	}
	.bar-wrapper {
		max-width: 1100px;
		margin: 0 auto;
	}
	.bar-wrapper.has-sidebar {
		max-width: 1430px;
	}
	.mainbar {
		margin: 0;
		padding-right: 1px;
	}
	.mainbar.has-sidebar {
		margin-left: 330px;
	}
	@media (min-width: 1511px) {
		.sidebar {
			width: 400px;
		}
		.bar-wrapper.has-sidebar {
			max-width: 1510px;
		}
		.mainbar.has-sidebar {
			margin-left: 410px;
		}
	}
	.section.first-section {
		margin-top: 9px;
	}
	.blocklink small {
		white-space: normal;
	}
	.button {
		vertical-align: middle;
	}
	.replay-controls {
		padding-top: 10px;
	}
	.replay-controls h1 {
		font-size: 16pt;
		font-weight: normal;
		color: #CCC;
	}
	.pagelink {
		text-align: center;
	}
	.pagelink a {
		width: 150px;
	}
	.textbox, .button {
		font-size: 11pt;
		vertical-align: middle;
	}
	@media (max-width: 450px) {
		.button {
			font-size: 9pt;
		}
	}
</style>

<div>

	<header>
		<div class="nav-wrapper"><ul class="nav">
			<li><a class="button nav-first" href="//pokemonshowdown.com/"><img src="//pokemonshowdown.com/images/pokemonshowdownbeta.png" srcset="//pokemonshowdown.com/images/pokemonshowdownbeta.png 1x, //pokemonshowdown.com/images/pokemonshowdownbeta@2x.png 2x" alt="Pok&eacute;mon Showdown" width="146" height="44" /> Home</a></li>
			<li><a class="button" href="//pokemonshowdown.com/dex/">Pok&eacute;dex</a></li>
			<li><a class="button cur" href="/">Replays</a></li>
			<li><a class="button" href="//pokemonshowdown.com/ladder/">Ladder</a></li>
			<li><a class="button nav-last" href="//pokemonshowdown.com/forums/">Forum</a></li>
			<li><a class="button greenbutton nav-first nav-last" href="//play.pokemonshowdown.com/">Play</a></li>
		</ul></div>
	</header>

	<div class="main" id="main">

		<noscript><section class="section">You need to enable JavaScript to use this page; sorry!</section></noscript>

	</div>

</div>

<script defer nomodule src="//play.pokemonshowdown.com/js/lib/ps-polyfill.js"></script>
<script defer src="//play.pokemonshowdown.com/js/lib/preact.min.js"></script>

<script defer src="//play.pokemonshowdown.com/config/config.js?6dec07f6"></script>
<script defer src="//play.pokemonshowdown.com/js/lib/jquery-1.11.0.min.js"></script>
<script defer src="//play.pokemonshowdown.com/js/lib/html-sanitizer-minified.js"></script>
<script defer src="//play.pokemonshowdown.com/js/battle-sound.js"></script>
<script defer src="//play.pokemonshowdown.com/js/battledata.js?0.6315294753075389"></script>
<script defer src="//play.pokemonshowdown.com/data/pokedex-mini.js?0.7603743185311358"></script>
<script defer src="//play.pokemonshowdown.com/data/pokedex-mini-bw.js?0.030888842834281283"></script>
<script defer src="//play.pokemonshowdown.com/data/graphics.js?0.05593094747507488"></script>
<script defer src="//play.pokemonshowdown.com/data/pokedex.js?0.47064822249611904"></script>
<script defer src="//play.pokemonshowdown.com/data/moves.js?0.8583693120512459"></script>
<script defer src="//play.pokemonshowdown.com/data/abilities.js?0.16017181182386842"></script>
<script defer src="//play.pokemonshowdown.com/data/items.js?0.4163379185673943"></script>
<script defer src="//play.pokemonshowdown.com/data/teambuilder-tables.js?0.31075597372830477"></script>
<script defer src="//play.pokemonshowdown.com/js/battle-tooltips.js?0.6536193500708172"></script>
<script defer src="//play.pokemonshowdown.com/js/battle.js?0.1916591943277901"></script>

<script defer src="js/utils.js?e31f9a17"></script>
<script defer src="js/replays-battle.js?7008c182"></script>

<!-- don't scrape this data! just add .json or .log after the URL!
Full API docs: https://github.com/smogon/pokemon-showdown-client/blob/master/WEB-API.md -->
<script type="text/plain" class="log" id="replaylog-smogtours-gen3ou-794691">
|inactive|Battle timer is ON: inactive players will automatically lose when time's up.
|t:|1728073145
|gametype|singles
|player|p1|Figull400|gambler|
|player|p2|GroundBack|waiter-gen4dp|
|teamsize|p1|6
|teamsize|p2|6
|gen|3
|tier|[Gen 3] OU
|rule|Sleep Clause Mod: Limit one foe put to sleep
|rule|Switch Priority Clause Mod: Faster Pokémon switch first
|rule|Species Clause: Limit one of each Pokémon
|rule|OHKO Clause: OHKO moves are banned
|rule|Evasion Items Clause: Evasion items are banned
|rule|Evasion Moves Clause: Evasion moves are banned
|rule|Endless Battle Clause: Forcing endless battles is banned
|rule|HP Percentage Mod: HP is shown in percentages
|rule|One Boost Passer Clause: Limit one Baton Passer that has a way to boost its stats
|rule|Freeze Clause Mod: Limit one foe frozen
|
|t:|1728073145
|start
|switch|p1a: Carlo|Tyranitar, M|100/100
|switch|p2a: Breloom|Breloom, M|100/100
|-weather|Sandstorm|[from] ability: Sand Stream|[of] p1a: Carlo
|turn|1
|c|☆Figull400|hf
|c|☆GroundBack|glhf
|
|t:|1728073158
|switch|p1a: KiKkimunk|Moltres|100/100
|move|p2a: Breloom|Brick Break|p1a: KiKkimunk
|-resisted|p1a: KiKkimunk
|-damage|p1a: KiKkimunk|74/100
|
|-weather|Sandstorm|[upkeep]
|-damage|p1a: KiKkimunk|68/100|[from] Sandstorm
|-damage|p2a: Breloom|94/100|[from] Sandstorm
|-heal|p1a: KiKkimunk|74/100|[from] item: Leftovers
|-heal|p2a: Breloom|100/100|[from] item: Leftovers
|upkeep
|turn|2
|
|t:|1728073169
|switch|p2a: Charizard|Charizard, F|100/100
|move|p1a: KiKkimunk|Will-O-Wisp|p2a: Charizard|[miss]
|-miss|p1a: KiKkimunk|p2a: Charizard
|
|-weather|Sandstorm|[upkeep]
|-damage|p2a: Charizard|94/100|[from] Sandstorm
|-damage|p1a: KiKkimunk|68/100|[from] Sandstorm
|-heal|p2a: Charizard|100/100|[from] item: Leftovers
|-heal|p1a: KiKkimunk|74/100|[from] item: Leftovers
|upkeep
|turn|3
|
|t:|1728073175
|move|p2a: Charizard|Substitute|p2a: Charizard
|-start|p2a: Charizard|Substitute
|-damage|p2a: Charizard|76/100
|move|p1a: KiKkimunk|Flamethrower|p2a: Charizard
|-resisted|p2a: Charizard
|-end|p2a: Charizard|Substitute
|
|-weather|Sandstorm|[upkeep]
|-damage|p2a: Charizard|70/100|[from] Sandstorm
|-damage|p1a: KiKkimunk|68/100|[from] Sandstorm
|-heal|p2a: Charizard|76/100|[from] item: Leftovers
|-heal|p1a: KiKkimunk|74/100|[from] item: Leftovers
|upkeep
|turn|4
|
|t:|1728073184
|switch|p2a: Aerodactyl|Aerodactyl, M, shiny|100/100
|move|p1a: KiKkimunk|Flamethrower|p2a: Aerodactyl
|-resisted|p2a: Aerodactyl
|-damage|p2a: Aerodactyl|64/100
|
|-weather|Sandstorm|[upkeep]
|-damage|p1a: KiKkimunk|68/100|[from] Sandstorm
|-heal|p1a: KiKkimunk|74/100|[from] item: Leftovers
|upkeep
|turn|5
|
|t:|1728073187
|switch|p1a: GreatGreat×2|Swampert, F|100/100
|move|p2a: Aerodactyl|Rock Slide|p1a: GreatGreat×2
|-resisted|p1a: GreatGreat×2
|-damage|p1a: GreatGreat×2|84/100
|
|-weather|Sandstorm|[upkeep]
|-heal|p1a: GreatGreat×2|90/100|[from] item: Leftovers
|upkeep
|turn|6
|
|t:|1728073203
|switch|p2a: Breloom|Breloom, M|100/100
|move|p1a: GreatGreat×2|Ice Beam|p2a: Breloom
|-supereffective|p2a: Breloom
|-crit|p2a: Breloom
|-damage|p2a: Breloom|0 fnt
|faint|p2a: Breloom
|
|t:|1728073210
|switch|p2a: Skarmory|Skarmory, F, shiny|100/100
|
|-weather|Sandstorm|[upkeep]
|-heal|p1a: GreatGreat×2|96/100|[from] item: Leftovers
|upkeep
|turn|7
|
|t:|1728073214
|switch|p1a: KiKkimunk|Moltres|74/100
|move|p2a: Skarmory|Toxic|p1a: KiKkimunk
|-status|p1a: KiKkimunk|tox
|
|-weather|Sandstorm|[upkeep]
|-damage|p1a: KiKkimunk|68/100 tox|[from] Sandstorm
|-heal|p1a: KiKkimunk|74/100 tox|[from] item: Leftovers
|-damage|p1a: KiKkimunk|68/100 tox|[from] psn
|upkeep
|turn|8
|
|t:|1728073221
|move|p2a: Skarmory|Protect|p2a: Skarmory
|-singleturn|p2a: Skarmory|Protect
|move|p1a: KiKkimunk|Flamethrower|p2a: Skarmory
|-activate|p2a: Skarmory|Protect
|
|-weather|Sandstorm|[upkeep]
|-damage|p1a: KiKkimunk|62/100 tox|[from] Sandstorm
|-heal|p1a: KiKkimunk|68/100 tox|[from] item: Leftovers
|-damage|p1a: KiKkimunk|55/100 tox|[from] psn
|upkeep
|turn|9
|
|t:|1728073235
|switch|p2a: Charizard|Charizard, F|76/100
|move|p1a: KiKkimunk|Flamethrower|p2a: Charizard
|-resisted|p2a: Charizard
|-damage|p2a: Charizard|41/100
|
|-weather|Sandstorm|[upkeep]
|-damage|p2a: Charizard|35/100|[from] Sandstorm
|-damage|p1a: KiKkimunk|49/100 tox|[from] Sandstorm
|-heal|p2a: Charizard|41/100|[from] item: Leftovers
|-heal|p1a: KiKkimunk|55/100 tox|[from] item: Leftovers
|-damage|p1a: KiKkimunk|37/100 tox|[from] psn
|upkeep
|turn|10
|
|t:|1728073243
|move|p2a: Charizard|Fire Blast|p1a: KiKkimunk
|-resisted|p1a: KiKkimunk
|-damage|p1a: KiKkimunk|2/100 tox
|move|p1a: KiKkimunk|Flamethrower|p2a: Charizard
|-resisted|p2a: Charizard
|-damage|p2a: Charizard|6/100
|
|-weather|Sandstorm|[upkeep]
|-damage|p2a: Charizard|0 fnt|[from] Sandstorm
|-damage|p1a: KiKkimunk|0 fnt|[from] Sandstorm
|faint|p2a: Charizard
|faint|p1a: KiKkimunk
|upkeep
|
|t:|1728073253
|switch|p2a: Skarmory|Skarmory, F, shiny|100/100
|switch|p1a: Carlo|Tyranitar, M|100/100
|turn|11
|
|t:|1728073262
|switch|p2a: Tyranitar|Tyranitar, F|100/100
|move|p1a: Carlo|Taunt|p2a: Tyranitar
|-start|p2a: Tyranitar|move: Taunt
|
|-weather|Sandstorm|[upkeep]
|upkeep
|turn|12
|
|t:|1728073265
|move|p1a: Carlo|Earthquake|p2a: Tyranitar
|-supereffective|p2a: Tyranitar
|-damage|p2a: Tyranitar|45/100
|move|p2a: Tyranitar|Brick Break|p1a: Carlo
|-supereffective|p1a: Carlo
|-damage|p1a: Carlo|26/100
|
|-weather|Sandstorm|[upkeep]
|-heal|p1a: Carlo|32/100|[from] item: Leftovers
|-heal|p2a: Tyranitar|51/100|[from] item: Leftovers
|-end|p2a: Tyranitar|move: Taunt|[silent]
|upkeep
|turn|13
|
|t:|1728073274
|switch|p2a: Aerodactyl|Aerodactyl, M, shiny|64/100
|move|p1a: Carlo|Earthquake|p2a: Aerodactyl
|-immune|p2a: Aerodactyl
|
|-weather|Sandstorm|[upkeep]
|-heal|p1a: Carlo|38/100|[from] item: Leftovers
|upkeep
|turn|14
|
|t:|1728073283
|switch|p1a: GreatGreat×2|Swampert, F|96/100
|move|p2a: Aerodactyl|Rock Slide|p1a: GreatGreat×2
|-resisted|p1a: GreatGreat×2
|-damage|p1a: GreatGreat×2|80/100
|
|-weather|Sandstorm|[upkeep]
|-heal|p1a: GreatGreat×2|86/100|[from] item: Leftovers
|upkeep
|turn|15
|
|t:|1728073290
|switch|p2a: Skarmory|Skarmory, F, shiny|100/100
|move|p1a: GreatGreat×2|Hydro Pump|p2a: Skarmory
|-damage|p2a: Skarmory|55/100
|
|-weather|Sandstorm|[upkeep]
|-heal|p2a: Skarmory|61/100|[from] item: Leftovers
|-heal|p1a: GreatGreat×2|92/100|[from] item: Leftovers
|upkeep
|turn|16
|
|t:|1728073294
|switch|p1a: Carlo|Tyranitar, M|38/100
|move|p2a: Skarmory|Spikes|p1a: Carlo
|-sidestart|p1: Figull400|Spikes
|
|-weather|Sandstorm|[upkeep]
|-heal|p1a: Carlo|44/100|[from] item: Leftovers
|-heal|p2a: Skarmory|67/100|[from] item: Leftovers
|upkeep
|turn|17
|
|t:|1728073298
|move|p2a: Skarmory|Protect|p2a: Skarmory
|-singleturn|p2a: Skarmory|Protect
|move|p1a: Carlo|Taunt|p2a: Skarmory
|-activate|p2a: Skarmory|Protect
|
|-weather|Sandstorm|[upkeep]
|-heal|p1a: Carlo|50/100|[from] item: Leftovers
|-heal|p2a: Skarmory|73/100|[from] item: Leftovers
|upkeep
|turn|18
|
|t:|1728073301
|switch|p2a: Tyranitar|Tyranitar, F|51/100
|move|p1a: Carlo|Rock Slide|p2a: Tyranitar|[miss]
|-miss|p1a: Carlo|p2a: Tyranitar
|
|-weather|Sandstorm|[upkeep]
|-heal|p1a: Carlo|56/100|[from] item: Leftovers
|-heal|p2a: Tyranitar|57/100|[from] item: Leftovers
|upkeep
|turn|19
|
|t:|1728073304
|move|p1a: Carlo|Earthquake|p2a: Tyranitar
|-supereffective|p2a: Tyranitar
|-damage|p2a: Tyranitar|2/100
|move|p2a: Tyranitar|Brick Break|p1a: Carlo
|-supereffective|p1a: Carlo
|-damage|p1a: Carlo|0 fnt
|faint|p1a: Carlo
|
|t:|1728073308
|switch|p1a: Ninnolo|Gengar, M|100/100
|
|-weather|Sandstorm|[upkeep]
|-damage|p1a: Ninnolo|95/100|[from] Sandstorm
|-heal|p1a: Ninnolo|100/100|[from] item: Leftovers
|-heal|p2a: Tyranitar|9/100|[from] item: Leftovers
|upkeep
|turn|20
|
|t:|1728073324
|switch|p2a: Raikou|Raikou|100/100
|move|p1a: Ninnolo|Thunderbolt|p2a: Raikou
|-resisted|p2a: Raikou
|-damage|p2a: Raikou|86/100
|
|-weather|Sandstorm|[upkeep]
|-damage|p1a: Ninnolo|95/100|[from] Sandstorm
|-damage|p2a: Raikou|80/100|[from] Sandstorm
|-heal|p1a: Ninnolo|100/100|[from] item: Leftovers
|-heal|p2a: Raikou|86/100|[from] item: Leftovers
|upkeep
|turn|21
|
|t:|1728073329
|switch|p1a: Mrs. Uovo|Blissey, F|100/100
|-damage|p1a: Mrs. Uovo|88/100|[from] Spikes
|move|p2a: Raikou|Calm Mind|p2a: Raikou
|-boost|p2a: Raikou|spa|1
|-boost|p2a: Raikou|spd|1
|
|-weather|Sandstorm|[upkeep]
|-damage|p2a: Raikou|80/100|[from] Sandstorm
|-damage|p1a: Mrs. Uovo|82/100|[from] Sandstorm
|-heal|p2a: Raikou|86/100|[from] item: Leftovers
|-heal|p1a: Mrs. Uovo|88/100|[from] item: Leftovers
|upkeep
|turn|22
|
|t:|1728073336
|move|p2a: Raikou|Substitute|p2a: Raikou
|-start|p2a: Raikou|Substitute
|-damage|p2a: Raikou|61/100
|move|p1a: Mrs. Uovo|Toxic||[still]
|-fail|p1a: Mrs. Uovo
|
|-weather|Sandstorm|[upkeep]
|-damage|p2a: Raikou|55/100|[from] Sandstorm
|-damage|p1a: Mrs. Uovo|82/100|[from] Sandstorm
|-heal|p2a: Raikou|61/100|[from] item: Leftovers
|-heal|p1a: Mrs. Uovo|88/100|[from] item: Leftovers
|upkeep
|turn|23
|
|t:|1728073340
|move|p2a: Raikou|Calm Mind|p2a: Raikou
|-boost|p2a: Raikou|spa|1
|-boost|p2a: Raikou|spd|1
|move|p1a: Mrs. Uovo|Ice Beam|p2a: Raikou
|-activate|p2a: Raikou|Substitute|[damage]
|
|-weather|Sandstorm|[upkeep]
|-damage|p2a: Raikou|55/100|[from] Sandstorm
|-damage|p1a: Mrs. Uovo|82/100|[from] Sandstorm
|-heal|p2a: Raikou|61/100|[from] item: Leftovers
|-heal|p1a: Mrs. Uovo|88/100|[from] item: Leftovers
|upkeep
|turn|24
|
|t:|1728073345
|move|p2a: Raikou|Calm Mind|p2a: Raikou
|-boost|p2a: Raikou|spa|1
|-boost|p2a: Raikou|spd|1
|move|p1a: Mrs. Uovo|Ice Beam|p2a: Raikou
|-activate|p2a: Raikou|Substitute|[damage]
|
|-weather|Sandstorm|[upkeep]
|-damage|p2a: Raikou|55/100|[from] Sandstorm
|-damage|p1a: Mrs. Uovo|82/100|[from] Sandstorm
|-heal|p2a: Raikou|61/100|[from] item: Leftovers
|-heal|p1a: Mrs. Uovo|88/100|[from] item: Leftovers
|upkeep
|turn|25
|
|t:|1728073351
|move|p2a: Raikou|Calm Mind|p2a: Raikou
|-boost|p2a: Raikou|spa|1
|-boost|p2a: Raikou|spd|1
|move|p1a: Mrs. Uovo|Ice Beam|p2a: Raikou
|-end|p2a: Raikou|Substitute
|
|-weather|Sandstorm|[upkeep]
|-damage|p2a: Raikou|55/100|[from] Sandstorm
|-damage|p1a: Mrs. Uovo|82/100|[from] Sandstorm
|-heal|p2a: Raikou|61/100|[from] item: Leftovers
|-heal|p1a: Mrs. Uovo|88/100|[from] item: Leftovers
|upkeep
|turn|26
|
|t:|1728073357
|move|p2a: Raikou|Substitute|p2a: Raikou
|-start|p2a: Raikou|Substitute
|-damage|p2a: Raikou|37/100
|move|p1a: Mrs. Uovo|Ice Beam|p2a: Raikou
|-activate|p2a: Raikou|Substitute|[damage]
|
|-weather|Sandstorm|[upkeep]
|-damage|p2a: Raikou|30/100|[from] Sandstorm
|-damage|p1a: Mrs. Uovo|82/100|[from] Sandstorm
|-heal|p2a: Raikou|37/100|[from] item: Leftovers
|-heal|p1a: Mrs. Uovo|88/100|[from] item: Leftovers
|upkeep
|turn|27
|
|t:|1728073362
|move|p2a: Raikou|Thunderbolt|p1a: Mrs. Uovo
|-damage|p1a: Mrs. Uovo|26/100
|move|p1a: Mrs. Uovo|Ice Beam|p2a: Raikou
|-activate|p2a: Raikou|Substitute|[damage]
|
|-weather|Sandstorm|[upkeep]
|-damage|p2a: Raikou|30/100|[from] Sandstorm
|-damage|p1a: Mrs. Uovo|20/100|[from] Sandstorm
|-heal|p2a: Raikou|37/100|[from] item: Leftovers
|-heal|p1a: Mrs. Uovo|26/100|[from] item: Leftovers
|upkeep
|turn|28
|
|t:|1728073366
|move|p2a: Raikou|Thunderbolt|p1a: Mrs. Uovo
|-damage|p1a: Mrs. Uovo|0 fnt
|faint|p1a: Mrs. Uovo
|
|t:|1728073368
|switch|p1a: GreatGreat×2|Swampert, F|92/100
|-damage|p1a: GreatGreat×2|80/100|[from] Spikes
|
|-weather|Sandstorm|[upkeep]
|-damage|p2a: Raikou|30/100|[from] Sandstorm
|-heal|p2a: Raikou|37/100|[from] item: Leftovers
|-heal|p1a: GreatGreat×2|86/100|[from] item: Leftovers
|upkeep
|turn|29
|
|t:|1728073377
|move|p2a: Raikou|Hidden Power|p1a: GreatGreat×2
|-damage|p1a: GreatGreat×2|22/100
|move|p1a: GreatGreat×2|Earthquake|p2a: Raikou
|-supereffective|p2a: Raikou
|-end|p2a: Raikou|Substitute
|
|-weather|Sandstorm|[upkeep]
|-damage|p2a: Raikou|30/100|[from] Sandstorm
|-heal|p2a: Raikou|37/100|[from] item: Leftovers
|-heal|p1a: GreatGreat×2|28/100|[from] item: Leftovers
|upkeep
|turn|30
|
|t:|1728073382
|move|p2a: Raikou|Hidden Power|p1a: GreatGreat×2
|-damage|p1a: GreatGreat×2|0 fnt
|faint|p1a: GreatGreat×2
|
|t:|1728073384
|switch|p1a: Ninnolo|Gengar, M|100/100
|
|-weather|Sandstorm|[upkeep]
|-damage|p1a: Ninnolo|95/100|[from] Sandstorm
|-damage|p2a: Raikou|30/100|[from] Sandstorm
|-heal|p1a: Ninnolo|100/100|[from] item: Leftovers
|-heal|p2a: Raikou|37/100|[from] item: Leftovers
|upkeep
|turn|31
|
|t:|1728073388
|move|p1a: Ninnolo|Destiny Bond|p1a: Ninnolo
|-singlemove|p1a: Ninnolo|Destiny Bond
|move|p2a: Raikou|Thunderbolt|p1a: Ninnolo
|-damage|p1a: Ninnolo|0 fnt
|faint|p1a: Ninnolo
|-activate|p1a: Ninnolo|move: Destiny Bond
|faint|p2a: Raikou
|
|t:|1728073398
|switch|p1a: Harold Houdini|Skarmory, F|100/100
|switch|p2a: Skarmory|Skarmory, F, shiny|73/100
|
|-weather|Sandstorm|[upkeep]
|-heal|p2a: Skarmory|79/100|[from] item: Leftovers
|upkeep
|turn|32
|
|t:|1728073402
|switch|p2a: Tyranitar|Tyranitar, F|9/100
|move|p1a: Harold Houdini|Spikes|p2a: Tyranitar
|-sidestart|p2: GroundBack|Spikes
|
|-weather|Sandstorm|[upkeep]
|-heal|p2a: Tyranitar|15/100|[from] item: Leftovers
|upkeep
|turn|33
|
|t:|1728073407
|move|p2a: Tyranitar|Ice Beam|p1a: Harold Houdini
|-damage|p1a: Harold Houdini|72/100
|move|p1a: Harold Houdini|Roar|p2a: Tyranitar
|drag|p2a: Aerodactyl|Aerodactyl, M, shiny|64/100
|
|-weather|Sandstorm|[upkeep]
|-heal|p1a: Harold Houdini|78/100|[from] item: Leftovers
|upkeep
|turn|34
|
|t:|1728073413
|move|p1a: Harold Houdini|Protect|p1a: Harold Houdini
|-singleturn|p1a: Harold Houdini|Protect
|move|p2a: Aerodactyl|Rock Slide|p1a: Harold Houdini
|-activate|p1a: Harold Houdini|Protect
|
|-weather|Sandstorm|[upkeep]
|-heal|p1a: Harold Houdini|84/100|[from] item: Leftovers
|upkeep
|turn|35
|
|t:|1728073415
|move|p2a: Aerodactyl|Rock Slide|p1a: Harold Houdini
|-damage|p1a: Harold Houdini|47/100
|cant|p1a: Harold Houdini|flinch
|
|-weather|Sandstorm|[upkeep]
|-heal|p1a: Harold Houdini|54/100|[from] item: Leftovers
|upkeep
|turn|36
|
|t:|1728073420
|move|p1a: Harold Houdini|Protect|p1a: Harold Houdini
|-singleturn|p1a: Harold Houdini|Protect
|move|p2a: Aerodactyl|Rock Slide|p1a: Harold Houdini
|-activate|p1a: Harold Houdini|Protect
|
|-weather|Sandstorm|[upkeep]
|-heal|p1a: Harold Houdini|60/100|[from] item: Leftovers
|upkeep
|turn|37
|
|t:|1728073426
|move|p2a: Aerodactyl|Rock Slide|p1a: Harold Houdini
|-damage|p1a: Harold Houdini|19/100
|move|p1a: Harold Houdini|Toxic|p2a: Aerodactyl
|-status|p2a: Aerodactyl|tox
|
|-weather|Sandstorm|[upkeep]
|-damage|p2a: Aerodactyl|58/100 tox|[from] psn
|-heal|p1a: Harold Houdini|25/100|[from] item: Leftovers
|upkeep
|turn|38
|
|t:|1728073433
|move|p1a: Harold Houdini|Protect|p1a: Harold Houdini
|-singleturn|p1a: Harold Houdini|Protect
|move|p2a: Aerodactyl|Rock Slide|p1a: Harold Houdini
|-activate|p1a: Harold Houdini|Protect
|
|-weather|Sandstorm|[upkeep]
|-damage|p2a: Aerodactyl|46/100 tox|[from] psn
|-heal|p1a: Harold Houdini|32/100|[from] item: Leftovers
|upkeep
|turn|39
|
|t:|1728073435
|move|p1a: Harold Houdini|Protect|p1a: Harold Houdini
|-singleturn|p1a: Harold Houdini|Protect
|move|p2a: Aerodactyl|Rock Slide|p1a: Harold Houdini
|-activate|p1a: Harold Houdini|Protect
|
|-weather|Sandstorm|[upkeep]
|-damage|p2a: Aerodactyl|28/100 tox|[from] psn
|-heal|p1a: Harold Houdini|38/100|[from] item: Leftovers
|upkeep
|turn|40
|
|t:|1728073440
|switch|p2a: Tyranitar|Tyranitar, F|15/100
|-damage|p2a: Tyranitar|2/100|[from] Spikes
|move|p1a: Harold Houdini|Spikes|p2a: Tyranitar
|-sidestart|p2: GroundBack|Spikes
|
|-weather|Sandstorm|[upkeep]
|-heal|p1a: Harold Houdini|44/100|[from] item: Leftovers
|-heal|p2a: Tyranitar|9/100|[from] item: Leftovers
|upkeep
|turn|41
|
|t:|1728073446
|move|p1a: Harold Houdini|Protect|p1a: Harold Houdini
|-singleturn|p1a: Harold Houdini|Protect
|move|p2a: Tyranitar|Ice Beam|p1a: Harold Houdini
|-activate|p1a: Harold Houdini|Protect
|
|-weather|Sandstorm|[upkeep]
|-heal|p1a: Harold Houdini|50/100|[from] item: Leftovers
|-heal|p2a: Tyranitar|15/100|[from] item: Leftovers
|upkeep
|turn|42
|
|t:|1728073448
|move|p2a: Tyranitar|Ice Beam|p1a: Harold Houdini
|-damage|p1a: Harold Houdini|23/100
|move|p1a: Harold Houdini|Roar|p2a: Tyranitar
|drag|p2a: Skarmory|Skarmory, F, shiny|79/100
|
|-weather|Sandstorm|[upkeep]
|-heal|p2a: Skarmory|85/100|[from] item: Leftovers
|-heal|p1a: Harold Houdini|29/100|[from] item: Leftovers
|upkeep
|turn|43
|
|t:|1728073458
|move|p2a: Skarmory|Protect|p2a: Skarmory
|-singleturn|p2a: Skarmory|Protect
|move|p1a: Harold Houdini|Spikes|p2a: Skarmory
|-sidestart|p2: GroundBack|Spikes
|
|-weather|Sandstorm|[upkeep]
|-heal|p2a: Skarmory|91/100|[from] item: Leftovers
|-heal|p1a: Harold Houdini|35/100|[from] item: Leftovers
|upkeep
|turn|44
|
|t:|1728073463
|move|p2a: Skarmory|Spikes|p1a: Harold Houdini
|-sidestart|p1: Figull400|Spikes
|move|p1a: Harold Houdini|Toxic|p2a: Skarmory
|-immune|p2a: Skarmory
|
|-weather|Sandstorm|[upkeep]
|-heal|p2a: Skarmory|97/100|[from] item: Leftovers
|-heal|p1a: Harold Houdini|41/100|[from] item: Leftovers
|upkeep
|turn|45
|
|t:|1728073468
|move|p2a: Skarmory|Spikes|p1a: Harold Houdini
|-sidestart|p1: Figull400|Spikes
|move|p1a: Harold Houdini|Toxic|p2a: Skarmory
|-immune|p2a: Skarmory
|
|-weather|Sandstorm|[upkeep]
|-heal|p2a: Skarmory|100/100|[from] item: Leftovers
|-heal|p1a: Harold Houdini|47/100|[from] item: Leftovers
|upkeep
|turn|46
|
|t:|1728073472
|move|p2a: Skarmory|Protect|p2a: Skarmory
|-singleturn|p2a: Skarmory|Protect
|move|p1a: Harold Houdini|Spikes||[still]
|-fail|p1a: Harold Houdini
|
|-weather|Sandstorm|[upkeep]
|-heal|p1a: Harold Houdini|53/100|[from] item: Leftovers
|upkeep
|turn|47
|
|t:|1728073475
|move|p2a: Skarmory|Spikes||[still]
|-fail|p2a: Skarmory
|move|p1a: Harold Houdini|Spikes||[still]
|-fail|p1a: Harold Houdini
|
|-weather|Sandstorm|[upkeep]
|-heal|p1a: Harold Houdini|59/100|[from] item: Leftovers
|upkeep
|turn|48
|
|t:|1728073483
|move|p2a: Skarmory|Protect|p2a: Skarmory
|-singleturn|p2a: Skarmory|Protect
|move|p1a: Harold Houdini|Spikes||[still]
|-fail|p1a: Harold Houdini
|
|-weather|Sandstorm|[upkeep]
|-heal|p1a: Harold Houdini|65/100|[from] item: Leftovers
|upkeep
|turn|49
|
|t:|1728073487
|move|p2a: Skarmory|Toxic|p1a: Harold Houdini
|-immune|p1a: Harold Houdini
|move|p1a: Harold Houdini|Spikes||[still]
|-fail|p1a: Harold Houdini
|
|-weather|Sandstorm|[upkeep]
|-heal|p1a: Harold Houdini|71/100|[from] item: Leftovers
|upkeep
|turn|50
|
|t:|1728073489
|move|p2a: Skarmory|Toxic|p1a: Harold Houdini
|-immune|p1a: Harold Houdini
|move|p1a: Harold Houdini|Spikes||[still]
|-fail|p1a: Harold Houdini
|
|-weather|Sandstorm|[upkeep]
|-heal|p1a: Harold Houdini|77/100|[from] item: Leftovers
|upkeep
|turn|51
|
|t:|1728073491
|move|p2a: Skarmory|Toxic|p1a: Harold Houdini|[miss]
|-miss|p2a: Skarmory|p1a: Harold Houdini
|move|p1a: Harold Houdini|Spikes||[still]
|-fail|p1a: Harold Houdini
|
|-weather|Sandstorm|[upkeep]
|-heal|p1a: Harold Houdini|83/100|[from] item: Leftovers
|upkeep
|turn|52
|
|t:|1728073494
|move|p2a: Skarmory|Toxic|p1a: Harold Houdini
|-immune|p1a: Harold Houdini
|move|p1a: Harold Houdini|Spikes||[still]
|-fail|p1a: Harold Houdini
|
|-weather|Sandstorm|[upkeep]
|-heal|p1a: Harold Houdini|89/100|[from] item: Leftovers
|upkeep
|turn|53
|
|t:|1728073497
|move|p2a: Skarmory|Toxic|p1a: Harold Houdini
|-immune|p1a: Harold Houdini
|move|p1a: Harold Houdini|Spikes||[still]
|-fail|p1a: Harold Houdini
|
|-weather|Sandstorm|[upkeep]
|-heal|p1a: Harold Houdini|95/100|[from] item: Leftovers
|upkeep
|turn|54
|
|t:|1728073501
|move|p2a: Skarmory|Toxic|p1a: Harold Houdini|[miss]
|-miss|p2a: Skarmory|p1a: Harold Houdini
|move|p1a: Harold Houdini|Roar|p2a: Skarmory
|drag|p2a: Aerodactyl|Aerodactyl, M, shiny|28/100 tox
|
|-weather|Sandstorm|[upkeep]
|-damage|p2a: Aerodactyl|22/100 tox|[from] psn
|-heal|p1a: Harold Houdini|100/100|[from] item: Leftovers
|upkeep
|turn|55
|
|t:|1728073516
|move|p1a: Harold Houdini|Protect|p1a: Harold Houdini
|-singleturn|p1a: Harold Houdini|Protect
|move|p2a: Aerodactyl|Rock Slide|p1a: Harold Houdini
|-activate|p1a: Harold Houdini|Protect
|
|-weather|Sandstorm|[upkeep]
|-damage|p2a: Aerodactyl|10/100 tox|[from] psn
|upkeep
|turn|56
|
|t:|1728073518
|move|p1a: Harold Houdini|Protect|p1a: Harold Houdini
|-singleturn|p1a: Harold Houdini|Protect
|move|p2a: Aerodactyl|Rock Slide|p1a: Harold Houdini
|-activate|p1a: Harold Houdini|Protect
|
|-weather|Sandstorm|[upkeep]
|-damage|p2a: Aerodactyl|0 fnt|[from] psn
|faint|p2a: Aerodactyl
|upkeep
|
|t:|1728073521
|switch|p2a: Skarmory|Skarmory, F, shiny|100/100
|turn|57
|c|☆Figull400|this is forced draw
|c|☆GroundBack|oof
|inactive|Figull400 has 270 seconds left.
|c|☆Figull400|i cannot offer a tie 
|c|☆Figull400|on tours
|c|☆Figull400|we either get a mod to force it
|
|t:|1728073567
|move|p2a: Skarmory|Toxic|p1a: Harold Houdini
|-immune|p1a: Harold Houdini
|move|p1a: Harold Houdini|Roar|p2a: Skarmory
|drag|p2a: Tyranitar|Tyranitar, F|15/100
|-damage|p2a: Tyranitar|0 fnt|[from] Spikes
|faint|p2a: Tyranitar
|c|☆Figull400|or we just ignore this game ever happened
|inactive|GroundBack has 270 seconds left.
|c|☆GroundBack|Should we ping a mod and ask what to do?
|
|t:|1728073609
|switch|p2a: Skarmory|Skarmory, F, shiny|100/100
|
|-weather|Sandstorm|[upkeep]
|upkeep
|turn|58
|c|☆Figull400|the mod is just gonna force tie it's the only thing that can happen
|inactive|GroundBack has 240 seconds left.
|c|☆GroundBack|Alright. So do we do another game but save this replay? 
|c|☆Figull400|idt i'm voice on this server tho so you're gonna have to ping
|inactive|GroundBack has 210 seconds left.
|-message|GroundBack forfeited.
|
|win|Figull400

</script>
<script type="application/json" class="data" id="replaydata-smogtours-gen3ou-794691">
{"id":"smogtours-gen3ou-794691","format":"[Gen 3] OU","players":["Figull400","GroundBack"],"uploadtime":1728073696,"views":134,"formatid":"gen3ou","rating":null,"private":0,"password":null}
</script>

<script defer src="js/replays.js?9d40a366"></script>
