<!DOCTYPE html>
<meta charset="utf-8" />
<meta name="viewport" content="width=device-width" />

<title>[Gen 3] OU: SlamonBBQ vs. Churielix - Replays - Pok&eacute;mon Showdown!</title>

<meta name="description" content="Watch a replay of a Pok&eacute;mon battle between SlamonBBQ and Churielix! Format: [Gen 3] OU; Date: Nov 5, 2024" />
<!--

Hey, you! Looking in the source for the replay log?

You can find them in JSON format, just add `.json` at the end of a replay URL.

https://replay.pokemonshowdown.com/gen7randomdoublesbattle-865046831.json

Or, if you only need the log itself, add `.log` instead:

https://replay.pokemonshowdown.com/gen7randomdoublesbattle-865046831.log

-->

<link rel="stylesheet" href="//pokemonshowdown.com/style/global.css?0.023195364461161105" />
<link rel="stylesheet" href="//play.pokemonshowdown.com/style/font-awesome.css?0.13261647063804238" />
<link rel="stylesheet" href="//play.pokemonshowdown.com/style/battle.css?0.8753245789963631" />
<link rel="stylesheet" href="//play.pokemonshowdown.com/style/utilichart.css?0.8627959624976733" />

<!-- Global site tag (gtag.js) - Google Analytics -->
<script async src="https://www.googletagmanager.com/gtag/js?id=UA-26211653-1"></script>
<script>
  window.dataLayer = window.dataLayer || [];
  function gtag(){dataLayer.push(arguments);}
  gtag('js', new Date());

  gtag('config', 'UA-26211653-1');
</script>
<!-- End Google Analytics -->
<!-- Venatus Ad Manager - Install in <HEAD> of page -->
	<script src="https://hb.vntsm.com/v3/live/ad-manager.min.js" type="text/javascript" data-site-id="642aba63ec9a7b11c3c9c1be" data-mode="scan" async></script>
<!-- / Venatus Ad Manager -->

<style>
	@media (max-width:820px) {
		.battle {
			margin: 0 auto;
		}
		.battle-log {
			margin: 7px auto 0;
			max-width: 640px;
			height: 300px;
			position: static;
		}
	}
	.optgroup {
		display: inline-block;
		line-height: 22px;
		font-size: 10pt;
	}
	.optgroup .button {
		height: 25px;
		padding-top: 0;
		padding-bottom: 0;
	}
	.optgroup button.button {
		padding-left: 12px;
		padding-right: 12px;
	}
	.linklist {
		list-style: none;
		margin: 0.5em 0;
		padding: 0;
	}
	.linklist li {
		padding: 2px 0;
	}
	.sidebar {
		float: left;
		width: 320px;
	}
	.bar-wrapper {
		max-width: 1100px;
		margin: 0 auto;
	}
	.bar-wrapper.has-sidebar {
		max-width: 1430px;
	}
	.mainbar {
		margin: 0;
		padding-right: 1px;
	}
	.mainbar.has-sidebar {
		margin-left: 330px;
	}
	@media (min-width: 1511px) {
		.sidebar {
			width: 400px;
		}
		.bar-wrapper.has-sidebar {
			max-width: 1510px;
		}
		.mainbar.has-sidebar {
			margin-left: 410px;
		}
	}
	.section.first-section {
		margin-top: 9px;
	}
	.blocklink small {
		white-space: normal;
	}
	.button {
		vertical-align: middle;
	}
	.replay-controls {
		padding-top: 10px;
	}
	.replay-controls h1 {
		font-size: 16pt;
		font-weight: normal;
		color: #CCC;
	}
	.pagelink {
		text-align: center;
	}
	.pagelink a {
		width: 150px;
	}
	.textbox, .button {
		font-size: 11pt;
		vertical-align: middle;
	}
	@media (max-width: 450px) {
		.button {
			font-size: 9pt;
		}
	}
</style>

<div>

	<header>
		<div class="nav-wrapper"><ul class="nav">
			<li><a class="button nav-first" href="//pokemonshowdown.com/"><img src="//pokemonshowdown.com/images/pokemonshowdownbeta.png" srcset="//pokemonshowdown.com/images/pokemonshowdownbeta.png 1x, //pokemonshowdown.com/images/pokemonshowdownbeta@2x.png 2x" alt="Pok&eacute;mon Showdown" width="146" height="44" /> Home</a></li>
			<li><a class="button" href="//pokemonshowdown.com/dex/">Pok&eacute;dex</a></li>
			<li><a class="button cur" href="/">Replays</a></li>
			<li><a class="button" href="//pokemonshowdown.com/ladder/">Ladder</a></li>
			<li><a class="button nav-last" href="//pokemonshowdown.com/forums/">Forum</a></li>
			<li><a class="button greenbutton nav-first nav-last" href="//play.pokemonshowdown.com/">Play</a></li>
		</ul></div>
	</header>

	<div class="main" id="main">

		<noscript><section class="section">You need to enable JavaScript to use this page; sorry!</section></noscript>

	</div>

</div>

<script defer nomodule src="//play.pokemonshowdown.com/js/lib/ps-polyfill.js"></script>
<script defer src="//play.pokemonshowdown.com/js/lib/preact.min.js"></script>

<script defer src="//play.pokemonshowdown.com/config/config.js?2bddbc15"></script>
<script defer src="//play.pokemonshowdown.com/js/lib/jquery-1.11.0.min.js"></script>
<script defer src="//play.pokemonshowdown.com/js/lib/html-sanitizer-minified.js"></script>
<script defer src="//play.pokemonshowdown.com/js/battle-sound.js"></script>
<script defer src="//play.pokemonshowdown.com/js/battledata.js?0.7209276989879541"></script>
<script defer src="//play.pokemonshowdown.com/data/pokedex-mini.js?0.6111056340867951"></script>
<script defer src="//play.pokemonshowdown.com/data/pokedex-mini-bw.js?0.3532142036491459"></script>
<script defer src="//play.pokemonshowdown.com/data/graphics.js?0.24223875632456182"></script>
<script defer src="//play.pokemonshowdown.com/data/pokedex.js?0.38839984266356864"></script>
<script defer src="//play.pokemonshowdown.com/data/moves.js?0.21866028504024015"></script>
<script defer src="//play.pokemonshowdown.com/data/abilities.js?0.2005157953846628"></script>
<script defer src="//play.pokemonshowdown.com/data/items.js?0.9894211263848525"></script>
<script defer src="//play.pokemonshowdown.com/data/teambuilder-tables.js?0.6008791140282215"></script>
<script defer src="//play.pokemonshowdown.com/js/battle-tooltips.js?0.7580118955022959"></script>
<script defer src="//play.pokemonshowdown.com/js/battle.js?0.6057722274234274"></script>

<script defer src="js/utils.js?e31f9a17"></script>
<script defer src="js/replays-battle.js?7008c182"></script>

<!-- don't scrape this data! just add .json or .log after the URL!
Full API docs: https://github.com/smogon/pokemon-showdown-client/blob/master/WEB-API.md -->
<script type="text/plain" class="log" id="replaylog-smogtours-gen3ou-804860">
|inactive|Battle timer is ON: inactive players will automatically lose when time's up.
|t:|1730777407
|gametype|singles
|player|p1|SlamonBBQ|rood|
|player|p2|Churielix|blackbelt|
|teamsize|p1|6
|teamsize|p2|6
|gen|3
|tier|[Gen 3] OU
|rule|Sleep Clause Mod: Limit one foe put to sleep
|rule|Switch Priority Clause Mod: Faster Pokémon switch first
|rule|Species Clause: Limit one of each Pokémon
|rule|OHKO Clause: OHKO moves are banned
|rule|Evasion Items Clause: Evasion items are banned
|rule|Evasion Moves Clause: Evasion moves are banned
|rule|Endless Battle Clause: Forcing endless battles is banned
|rule|HP Percentage Mod: HP is shown in percentages
|rule|One Boost Passer Clause: Limit one Baton Passer that has a way to boost its stats
|rule|Freeze Clause Mod: Limit one foe frozen
|
|t:|1730777407
|start
|switch|p1a: Jirachi|Jirachi|100/100
|switch|p2a: Salamence|Salamence, F|100/100
|-ability|p2a: Salamence|Intimidate|boost
|-unboost|p1a: Jirachi|atk|1
|turn|1
|inactive|SlamonBBQ has 270 seconds left.
|
|t:|1730777451
|move|p2a: Salamence|Fire Blast|p1a: Jirachi
|-supereffective|p1a: Jirachi
|-damage|p1a: Jirachi|41/100
|move|p1a: Jirachi|Fire Punch|p2a: Salamence
|-resisted|p2a: Salamence
|-crit|p2a: Salamence
|-damage|p2a: Salamence|80/100
|
|-heal|p2a: Salamence|86/100|[from] item: Leftovers
|-heal|p1a: Jirachi|47/100|[from] item: Leftovers
|upkeep
|turn|2
|
|t:|1730777482
|switch|p1a: Blissey|Blissey, F|100/100
|move|p2a: Salamence|Fire Blast|p1a: Blissey|[miss]
|-miss|p2a: Salamence|p1a: Blissey
|
|-heal|p2a: Salamence|92/100|[from] item: Leftovers
|upkeep
|turn|3
|
|t:|1730777493
|switch|p2a: Skarmory|Skarmory, F|100/100
|switch|p1a: Skarmory|Skarmory, F|100/100
|
|upkeep
|turn|4
|
|t:|1730777499
|move|p1a: Skarmory|Thief|p2a: Skarmory
|-resisted|p2a: Skarmory
|-damage|p2a: Skarmory|99/100
|-enditem|p2a: Skarmory|Leftovers|[silent]|[from] move: Thief|[of] p1a: Skarmory
|-item|p1a: Skarmory|Leftovers|[from] move: Thief|[of] p2a: Skarmory
|move|p2a: Skarmory|Roar|p1a: Skarmory
|drag|p1a: Jirachi|Jirachi|47/100
|
|-heal|p1a: Jirachi|53/100|[from] item: Leftovers
|upkeep
|turn|5
|
|t:|1730777503
|move|p1a: Jirachi|Wish|p1a: Jirachi
|move|p2a: Skarmory|Spikes|p1a: Jirachi
|-sidestart|p1: SlamonBBQ|Spikes
|
|-heal|p1a: Jirachi|59/100|[from] item: Leftovers
|upkeep
|turn|6
|
|t:|1730777511
|move|p1a: Jirachi|Fire Punch|p2a: Skarmory
|-supereffective|p2a: Skarmory
|-damage|p2a: Skarmory|64/100
|-status|p2a: Skarmory|brn
|move|p2a: Skarmory|Spikes|p1a: Jirachi
|-sidestart|p1: SlamonBBQ|Spikes
|
|-heal|p1a: Jirachi|100/100|[from] move: Wish|[wisher] Jirachi
|-damage|p2a: Skarmory|52/100 brn|[from] brn
|upkeep
|turn|7
|
|t:|1730777520
|switch|p1a: Claydol|Claydol|100/100
|switch|p2a: Salamence|Salamence, F|92/100
|-ability|p2a: Salamence|Intimidate|boost
|-unboost|p1a: Claydol|atk|1
|
|-heal|p2a: Salamence|98/100|[from] item: Leftovers
|upkeep
|turn|8
|
|t:|1730777528
|switch|p1a: Blissey|Blissey, F|100/100
|-damage|p1a: Blissey|84/100|[from] Spikes
|move|p2a: Salamence|Hydro Pump|p1a: Blissey
|-damage|p1a: Blissey|69/100
|
|-heal|p2a: Salamence|100/100|[from] item: Leftovers
|-heal|p1a: Blissey|75/100|[from] item: Leftovers
|upkeep
|turn|9
|
|t:|1730777546
|switch|p2a: Tyranitar|Tyranitar, M|100/100
|-weather|Sandstorm|[from] ability: Sand Stream|[of] p2a: Tyranitar
|move|p1a: Blissey|Seismic Toss|p2a: Tyranitar
|-damage|p2a: Tyranitar|75/100
|
|-weather|Sandstorm|[upkeep]
|-damage|p1a: Blissey|69/100|[from] Sandstorm
|-heal|p2a: Tyranitar|81/100|[from] item: Leftovers
|-heal|p1a: Blissey|75/100|[from] item: Leftovers
|upkeep
|turn|10
|
|t:|1730777565
|-singleturn|p2a: Tyranitar|move: Focus Punch
|move|p1a: Blissey|Thunder Wave|p2a: Tyranitar
|-status|p2a: Tyranitar|par
|move|p2a: Tyranitar|Focus Punch|p1a: Blissey
|-supereffective|p1a: Blissey
|-damage|p1a: Blissey|0 fnt
|faint|p1a: Blissey
|inactive|SlamonBBQ has 270 seconds left.
|inactive|SlamonBBQ has 240 seconds left.
|
|t:|1730777616
|switch|p1a: Claydol|Claydol|100/100
|
|-weather|Sandstorm|[upkeep]
|-heal|p2a: Tyranitar|87/100 par|[from] item: Leftovers
|upkeep
|turn|11
|inactive|SlamonBBQ has 240 seconds left.
|
|t:|1730777630
|move|p1a: Claydol|Rapid Spin|p2a: Tyranitar
|-resisted|p2a: Tyranitar
|-damage|p2a: Tyranitar|86/100 par
|-sideend|p1: SlamonBBQ|Spikes|[from] move: Rapid Spin|[of] p1a: Claydol
|move|p2a: Tyranitar|Hidden Power|p1a: Claydol
|-supereffective|p1a: Claydol
|-damage|p1a: Claydol|50/100
|
|-weather|Sandstorm|[upkeep]
|-heal|p1a: Claydol|57/100|[from] item: Leftovers
|-heal|p2a: Tyranitar|92/100 par|[from] item: Leftovers
|upkeep
|turn|12
|inactive|SlamonBBQ has 240 seconds left.
|
|t:|1730777645
|switch|p1a: Jirachi|Jirachi|100/100
|switch|p2a: Skarmory|Skarmory, F|52/100 brn
|
|-weather|Sandstorm|[upkeep]
|-damage|p2a: Skarmory|40/100 brn|[from] brn
|upkeep
|turn|13
|inactive|SlamonBBQ has 240 seconds left.
|
|t:|1730777653
|switch|p2a: Tyranitar|Tyranitar, M|92/100 par
|move|p1a: Jirachi|Wish|p1a: Jirachi
|
|-weather|Sandstorm|[upkeep]
|-heal|p2a: Tyranitar|98/100 par|[from] item: Leftovers
|upkeep
|turn|14
|
|t:|1730777658
|move|p1a: Jirachi|Hidden Power|p2a: Tyranitar
|-supereffective|p2a: Tyranitar
|-damage|p2a: Tyranitar|48/100 par
|move|p2a: Tyranitar|Hidden Power|p1a: Jirachi
|-damage|p1a: Jirachi|82/100
|
|-heal|p1a: Jirachi|100/100|[from] move: Wish|[wisher] Jirachi
|-weather|Sandstorm|[upkeep]
|-heal|p2a: Tyranitar|54/100 par|[from] item: Leftovers
|upkeep
|turn|15
|
|t:|1730777671
|switch|p2a: Celebi|Celebi|100/100
|move|p1a: Jirachi|Fire Punch|p2a: Celebi
|-supereffective|p2a: Celebi
|-damage|p2a: Celebi|70/100
|
|-weather|Sandstorm|[upkeep]
|-damage|p2a: Celebi|64/100|[from] Sandstorm
|-heal|p2a: Celebi|70/100|[from] item: Leftovers
|upkeep
|turn|16
|inactive|SlamonBBQ has 240 seconds left.
|
|t:|1730777691
|switch|p1a: Moltres|Moltres|100/100
|move|p2a: Celebi|Leech Seed|p1a: Moltres
|-start|p1a: Moltres|move: Leech Seed
|
|-weather|Sandstorm|[upkeep]
|-damage|p1a: Moltres|94/100|[from] Sandstorm
|-damage|p2a: Celebi|64/100|[from] Sandstorm
|-heal|p1a: Moltres|100/100|[from] item: Leftovers
|-damage|p1a: Moltres|88/100|[from] Leech Seed|[of] p2a: Celebi
|-heal|p2a: Celebi|75/100|[silent]
|-heal|p2a: Celebi|81/100|[from] item: Leftovers
|upkeep
|turn|17
|
|t:|1730777699
|switch|p1a: Skarmory|Skarmory, F|100/100
|switch|p2a: Salamence|Salamence, F|100/100
|-ability|p2a: Salamence|Intimidate|boost
|-unboost|p1a: Skarmory|atk|1
|
|-weather|Sandstorm|[upkeep]
|-damage|p2a: Salamence|94/100|[from] Sandstorm
|-heal|p2a: Salamence|100/100|[from] item: Leftovers
|upkeep
|turn|18
|inactive|SlamonBBQ has 240 seconds left.
|
|t:|1730777718
|switch|p1a: Moltres|Moltres|88/100
|move|p2a: Salamence|Fire Blast|p1a: Moltres
|-resisted|p1a: Moltres
|-damage|p1a: Moltres|66/100
|
|-weather|Sandstorm|[upkeep]
|-damage|p2a: Salamence|94/100|[from] Sandstorm
|-damage|p1a: Moltres|59/100|[from] Sandstorm
|-heal|p2a: Salamence|100/100|[from] item: Leftovers
|-heal|p1a: Moltres|66/100|[from] item: Leftovers
|upkeep
|turn|19
|inactive|SlamonBBQ has 240 seconds left.
|
|t:|1730777729
|switch|p1a: Jirachi|Jirachi|100/100
|move|p2a: Salamence|Hydro Pump|p1a: Jirachi
|-crit|p1a: Jirachi
|-damage|p1a: Jirachi|35/100
|
|-weather|Sandstorm|[upkeep]
|-damage|p2a: Salamence|94/100|[from] Sandstorm
|-heal|p2a: Salamence|100/100|[from] item: Leftovers
|-heal|p1a: Jirachi|42/100|[from] item: Leftovers
|upkeep
|turn|20
|
|t:|1730777734
|move|p1a: Jirachi|Protect|p1a: Jirachi
|-singleturn|p1a: Jirachi|Protect
|move|p2a: Salamence|Fire Blast|p1a: Jirachi
|-activate|p1a: Jirachi|Protect
|
|-weather|Sandstorm|[upkeep]
|-damage|p2a: Salamence|94/100|[from] Sandstorm
|-heal|p2a: Salamence|100/100|[from] item: Leftovers
|-heal|p1a: Jirachi|48/100|[from] item: Leftovers
|upkeep
|turn|21
|
|t:|1730777745
|switch|p1a: Moltres|Moltres|66/100
|move|p2a: Salamence|Dragon Claw|p1a: Moltres
|-damage|p1a: Moltres|21/100
|
|-weather|Sandstorm|[upkeep]
|-damage|p2a: Salamence|94/100|[from] Sandstorm
|-damage|p1a: Moltres|15/100|[from] Sandstorm
|-heal|p2a: Salamence|100/100|[from] item: Leftovers
|-heal|p1a: Moltres|21/100|[from] item: Leftovers
|upkeep
|turn|22
|
|t:|1730777755
|move|p2a: Salamence|Dragon Claw|p1a: Moltres
|-crit|p1a: Moltres
|-damage|p1a: Moltres|0 fnt
|faint|p1a: Moltres
|
|t:|1730777764
|switch|p1a: Celebi|Celebi|100/100
|
|-weather|Sandstorm|[upkeep]
|-damage|p2a: Salamence|94/100|[from] Sandstorm
|-damage|p1a: Celebi|94/100|[from] Sandstorm
|-heal|p2a: Salamence|100/100|[from] item: Leftovers
|-heal|p1a: Celebi|100/100|[from] item: Leftovers
|upkeep
|turn|23
|
|t:|1730777770
|move|p2a: Salamence|Fire Blast|p1a: Celebi
|-supereffective|p1a: Celebi
|-damage|p1a: Celebi|46/100
|-status|p1a: Celebi|brn
|move|p1a: Celebi|Leech Seed|p2a: Salamence
|-start|p2a: Salamence|move: Leech Seed
|
|-weather|Sandstorm|[upkeep]
|-damage|p2a: Salamence|94/100|[from] Sandstorm
|-damage|p1a: Celebi|40/100 brn|[from] Sandstorm
|-heal|p2a: Salamence|100/100|[from] item: Leftovers
|-damage|p2a: Salamence|88/100|[from] Leech Seed|[of] p1a: Celebi
|-heal|p1a: Celebi|50/100 brn|[silent]
|-heal|p1a: Celebi|57/100 brn|[from] item: Leftovers
|-damage|p1a: Celebi|44/100 brn|[from] brn
|upkeep
|turn|24
|
|t:|1730777780
|-curestatus|p1a: Celebi|brn|[from] ability: Natural Cure
|switch|p1a: Claydol|Claydol|57/100
|move|p2a: Salamence|Hydro Pump|p1a: Claydol
|-supereffective|p1a: Claydol
|-damage|p1a: Claydol|0 fnt
|faint|p1a: Claydol
|
|t:|1730777784
|switch|p1a: Jirachi|Jirachi|48/100
|
|-weather|Sandstorm|[upkeep]
|-damage|p2a: Salamence|82/100|[from] Sandstorm
|-heal|p2a: Salamence|88/100|[from] item: Leftovers
|-damage|p2a: Salamence|76/100|[from] Leech Seed|[of] p1a: Jirachi
|-heal|p1a: Jirachi|58/100|[silent]
|-heal|p1a: Jirachi|64/100|[from] item: Leftovers
|upkeep
|turn|25
|
|t:|1730777801
|switch|p2a: Celebi|Celebi|81/100
|move|p1a: Jirachi|Wish|p1a: Jirachi
|
|-weather|Sandstorm|[upkeep]
|-damage|p2a: Celebi|75/100|[from] Sandstorm
|-heal|p2a: Celebi|81/100|[from] item: Leftovers
|-heal|p1a: Jirachi|70/100|[from] item: Leftovers
|upkeep
|turn|26
|
|t:|1730777812
|switch|p1a: Celebi|Celebi|44/100
|move|p2a: Celebi|Hidden Power|p1a: Celebi
|-supereffective|p1a: Celebi
|-damage|p1a: Celebi|11/100
|
|-heal|p1a: Celebi|61/100|[from] move: Wish|[wisher] Jirachi
|-weather|Sandstorm|[upkeep]
|-damage|p2a: Celebi|75/100|[from] Sandstorm
|-damage|p1a: Celebi|55/100|[from] Sandstorm
|-heal|p2a: Celebi|81/100|[from] item: Leftovers
|-heal|p1a: Celebi|61/100|[from] item: Leftovers
|upkeep
|turn|27
|
|t:|1730777818
|move|p2a: Celebi|Hidden Power|p1a: Celebi
|-supereffective|p1a: Celebi
|-damage|p1a: Celebi|30/100
|move|p1a: Celebi|Recover|p1a: Celebi
|-heal|p1a: Celebi|80/100
|
|-weather|Sandstorm|[upkeep]
|-damage|p2a: Celebi|75/100|[from] Sandstorm
|-damage|p1a: Celebi|74/100|[from] Sandstorm
|-heal|p2a: Celebi|81/100|[from] item: Leftovers
|-heal|p1a: Celebi|80/100|[from] item: Leftovers
|upkeep
|turn|28
|
|t:|1730777828
|switch|p2a: Aerodactyl|Aerodactyl, F|100/100
|move|p1a: Celebi|Perish Song|p1a: Celebi
|-start|p1a: Celebi|perish3|[silent]
|-start|p2a: Aerodactyl|perish3|[silent]
|-fieldactivate|move: Perish Song
|
|-weather|Sandstorm|[upkeep]
|-damage|p1a: Celebi|74/100|[from] Sandstorm
|-heal|p1a: Celebi|80/100|[from] item: Leftovers
|-start|p2a: Aerodactyl|perish3
|-start|p1a: Celebi|perish3
|upkeep
|turn|29
|
|t:|1730777833
|switch|p1a: Skarmory|Skarmory, F|100/100
|move|p2a: Aerodactyl|Hidden Power|p1a: Skarmory
|-resisted|p1a: Skarmory
|-damage|p1a: Skarmory|95/100
|
|-weather|Sandstorm|[upkeep]
|-heal|p1a: Skarmory|100/100|[from] item: Leftovers
|-start|p2a: Aerodactyl|perish2
|upkeep
|turn|30
|
|t:|1730777839
|switch|p2a: Skarmory|Skarmory, F|40/100 brn
|move|p1a: Skarmory|Spikes|p2a: Skarmory
|-sidestart|p2: Churielix|Spikes
|
|-weather|Sandstorm|[upkeep]
|-damage|p2a: Skarmory|28/100 brn|[from] brn
|upkeep
|turn|31
|
|t:|1730777851
|move|p2a: Skarmory|Spikes|p1a: Skarmory
|-sidestart|p1: SlamonBBQ|Spikes
|move|p1a: Skarmory|Spikes|p2a: Skarmory
|-sidestart|p2: Churielix|Spikes
|
|-weather|Sandstorm|[upkeep]
|-damage|p2a: Skarmory|15/100 brn|[from] brn
|upkeep
|turn|32
|
|t:|1730777853
|switch|p1a: Jirachi|Jirachi|70/100
|-damage|p1a: Jirachi|58/100|[from] Spikes
|move|p2a: Skarmory|Spikes|p1a: Jirachi
|-sidestart|p1: SlamonBBQ|Spikes
|
|-weather|Sandstorm|[upkeep]
|-heal|p1a: Jirachi|64/100|[from] item: Leftovers
|-damage|p2a: Skarmory|3/100 brn|[from] brn
|upkeep
|turn|33
|
|t:|1730777858
|move|p1a: Jirachi|Protect|p1a: Jirachi
|-singleturn|p1a: Jirachi|Protect
|move|p2a: Skarmory|Spikes|p1a: Jirachi
|-sidestart|p1: SlamonBBQ|Spikes
|
|-weather|Sandstorm|[upkeep]
|-heal|p1a: Jirachi|70/100|[from] item: Leftovers
|-damage|p2a: Skarmory|0 fnt|[from] brn
|faint|p2a: Skarmory
|upkeep
|
|t:|1730777864
|switch|p2a: Salamence|Salamence, F|76/100
|-ability|p2a: Salamence|Intimidate|boost
|-unboost|p1a: Jirachi|atk|1
|turn|34
|
|t:|1730777868
|move|p2a: Salamence|Fire Blast|p1a: Jirachi
|-supereffective|p1a: Jirachi
|-damage|p1a: Jirachi|8/100
|move|p1a: Jirachi|Wish|p1a: Jirachi
|
|-weather|Sandstorm|[upkeep]
|-damage|p2a: Salamence|70/100|[from] Sandstorm
|-heal|p2a: Salamence|76/100|[from] item: Leftovers
|-heal|p1a: Jirachi|14/100|[from] item: Leftovers
|upkeep
|turn|35
|
|t:|1730777888
|move|p1a: Jirachi|Protect|p1a: Jirachi
|-singleturn|p1a: Jirachi|Protect
|move|p2a: Salamence|Dragon Claw|p1a: Jirachi
|-activate|p1a: Jirachi|Protect
|
|-heal|p1a: Jirachi|64/100|[from] move: Wish|[wisher] Jirachi
|-weather|Sandstorm|[upkeep]
|-damage|p2a: Salamence|70/100|[from] Sandstorm
|-heal|p2a: Salamence|76/100|[from] item: Leftovers
|-heal|p1a: Jirachi|70/100|[from] item: Leftovers
|upkeep
|turn|36
|
|t:|1730777893
|move|p2a: Salamence|Brick Break|p1a: Jirachi
|-crit|p1a: Jirachi
|-damage|p1a: Jirachi|42/100
|move|p1a: Jirachi|Wish|p1a: Jirachi
|
|-weather|Sandstorm|[upkeep]
|-damage|p2a: Salamence|70/100|[from] Sandstorm
|-heal|p2a: Salamence|76/100|[from] item: Leftovers
|-heal|p1a: Jirachi|48/100|[from] item: Leftovers
|upkeep
|turn|37
|
|t:|1730777903
|move|p2a: Salamence|Dragon Claw|p1a: Jirachi
|-resisted|p1a: Jirachi
|-damage|p1a: Jirachi|33/100
|move|p1a: Jirachi|Fire Punch|p2a: Salamence
|-resisted|p2a: Salamence
|-damage|p2a: Salamence|65/100
|
|-heal|p1a: Jirachi|83/100|[from] move: Wish|[wisher] Jirachi
|-weather|Sandstorm|[upkeep]
|-damage|p2a: Salamence|59/100|[from] Sandstorm
|-heal|p2a: Salamence|65/100|[from] item: Leftovers
|-heal|p1a: Jirachi|89/100|[from] item: Leftovers
|upkeep
|turn|38
|
|t:|1730777911
|move|p2a: Salamence|Fire Blast|p1a: Jirachi
|-supereffective|p1a: Jirachi
|-damage|p1a: Jirachi|25/100
|move|p1a: Jirachi|Wish|p1a: Jirachi
|
|-weather|Sandstorm|[upkeep]
|-damage|p2a: Salamence|59/100|[from] Sandstorm
|-heal|p2a: Salamence|65/100|[from] item: Leftovers
|-heal|p1a: Jirachi|32/100|[from] item: Leftovers
|upkeep
|turn|39
|
|t:|1730777921
|switch|p2a: Swampert|Swampert, M|100/100
|-damage|p2a: Swampert|84/100|[from] Spikes
|move|p1a: Jirachi|Protect||[still]
|-fail|p1a: Jirachi
|
|-heal|p1a: Jirachi|82/100|[from] move: Wish|[wisher] Jirachi
|-weather|Sandstorm|[upkeep]
|-heal|p1a: Jirachi|88/100|[from] item: Leftovers
|-heal|p2a: Swampert|90/100|[from] item: Leftovers
|upkeep
|turn|40
|
|t:|1730777929
|switch|p1a: Skarmory|Skarmory, F|100/100
|move|p2a: Swampert|Ice Beam|p1a: Skarmory
|-damage|p1a: Skarmory|80/100
|-status|p1a: Skarmory|frz
|
|-weather|Sandstorm|[upkeep]
|-heal|p1a: Skarmory|86/100 frz|[from] item: Leftovers
|-heal|p2a: Swampert|96/100|[from] item: Leftovers
|upkeep
|turn|41
|
|t:|1730777938
|switch|p1a: Celebi|Celebi|80/100
|-damage|p1a: Celebi|55/100|[from] Spikes
|move|p2a: Swampert|Hydro Pump|p1a: Celebi
|-resisted|p1a: Celebi
|-damage|p1a: Celebi|40/100
|
|-weather|Sandstorm|[upkeep]
|-damage|p1a: Celebi|33/100|[from] Sandstorm
|-heal|p1a: Celebi|40/100|[from] item: Leftovers
|-heal|p2a: Swampert|100/100|[from] item: Leftovers
|upkeep
|turn|42
|
|t:|1730777948
|switch|p2a: Aerodactyl|Aerodactyl, F|100/100
|move|p1a: Celebi|Recover|p1a: Celebi
|-heal|p1a: Celebi|90/100
|
|-weather|Sandstorm|[upkeep]
|-damage|p1a: Celebi|83/100|[from] Sandstorm
|-heal|p1a: Celebi|90/100|[from] item: Leftovers
|upkeep
|turn|43
|
|t:|1730777956
|switch|p1a: Skarmory|Skarmory, F|86/100 frz
|move|p2a: Aerodactyl|Earthquake|p1a: Skarmory
|-immune|p1a: Skarmory
|
|-weather|Sandstorm|[upkeep]
|-heal|p1a: Skarmory|92/100 frz|[from] item: Leftovers
|upkeep
|turn|44
|
|t:|1730777972
|switch|p2a: Celebi|Celebi|81/100
|-damage|p2a: Celebi|64/100|[from] Spikes
|switch|p1a: Jirachi|Jirachi|88/100
|-damage|p1a: Jirachi|63/100|[from] Spikes
|
|-weather|Sandstorm|[upkeep]
|-damage|p2a: Celebi|58/100|[from] Sandstorm
|-heal|p2a: Celebi|64/100|[from] item: Leftovers
|-heal|p1a: Jirachi|69/100|[from] item: Leftovers
|upkeep
|turn|45
|
|t:|1730777978
|move|p1a: Jirachi|Protect|p1a: Jirachi
|-singleturn|p1a: Jirachi|Protect
|move|p2a: Celebi|Leech Seed|p1a: Jirachi
|-activate|p1a: Jirachi|Protect
|
|-weather|Sandstorm|[upkeep]
|-damage|p2a: Celebi|58/100|[from] Sandstorm
|-heal|p2a: Celebi|64/100|[from] item: Leftovers
|-heal|p1a: Jirachi|75/100|[from] item: Leftovers
|upkeep
|turn|46
|
|t:|1730777985
|move|p2a: Celebi|Leech Seed|p1a: Jirachi
|-start|p1a: Jirachi|move: Leech Seed
|move|p1a: Jirachi|Wish|p1a: Jirachi
|
|-weather|Sandstorm|[upkeep]
|-damage|p2a: Celebi|58/100|[from] Sandstorm
|-heal|p2a: Celebi|64/100|[from] item: Leftovers
|-heal|p1a: Jirachi|81/100|[from] item: Leftovers
|-damage|p1a: Jirachi|69/100|[from] Leech Seed|[of] p2a: Celebi
|-heal|p2a: Celebi|77/100|[silent]
|upkeep
|turn|47
|
|t:|1730778003
|move|p1a: Jirachi|Protect|p1a: Jirachi
|-singleturn|p1a: Jirachi|Protect
|move|p2a: Celebi|Hidden Power|p1a: Jirachi
|-activate|p1a: Jirachi|Protect
|
|-heal|p1a: Jirachi|100/100|[from] move: Wish|[wisher] Jirachi
|-weather|Sandstorm|[upkeep]
|-damage|p2a: Celebi|71/100|[from] Sandstorm
|-heal|p2a: Celebi|77/100|[from] item: Leftovers
|-damage|p1a: Jirachi|88/100|[from] Leech Seed|[of] p2a: Celebi
|-heal|p2a: Celebi|90/100|[silent]
|upkeep
|turn|48
|
|t:|1730778007
|switch|p1a: Skarmory|Skarmory, F|92/100 frz
|move|p2a: Celebi|Hidden Power|p1a: Skarmory
|-supereffective|p1a: Skarmory
|-damage|p1a: Skarmory|48/100 frz
|
|-weather|Sandstorm|[upkeep]
|-damage|p2a: Celebi|84/100|[from] Sandstorm
|-heal|p2a: Celebi|90/100|[from] item: Leftovers
|-heal|p1a: Skarmory|54/100 frz|[from] item: Leftovers
|upkeep
|turn|49
|
|t:|1730778015
|switch|p1a: Celebi|Celebi|90/100
|-damage|p1a: Celebi|65/100|[from] Spikes
|move|p2a: Celebi|Hidden Power|p1a: Celebi
|-supereffective|p1a: Celebi
|-damage|p1a: Celebi|34/100
|
|-weather|Sandstorm|[upkeep]
|-damage|p2a: Celebi|84/100|[from] Sandstorm
|-damage|p1a: Celebi|27/100|[from] Sandstorm
|-heal|p2a: Celebi|90/100|[from] item: Leftovers
|-heal|p1a: Celebi|34/100|[from] item: Leftovers
|upkeep
|turn|50
|
|t:|1730778022
|switch|p2a: Aerodactyl|Aerodactyl, F|100/100
|move|p1a: Celebi|Recover|p1a: Celebi
|-heal|p1a: Celebi|84/100
|
|-weather|Sandstorm|[upkeep]
|-damage|p1a: Celebi|77/100|[from] Sandstorm
|-heal|p1a: Celebi|84/100|[from] item: Leftovers
|upkeep
|turn|51
|inactive|SlamonBBQ has 270 seconds left.
|
|t:|1730778079
|switch|p1a: Skarmory|Skarmory, F|54/100 frz
|move|p2a: Aerodactyl|Hidden Power|p1a: Skarmory
|-resisted|p1a: Skarmory
|-damage|p1a: Skarmory|48/100 frz
|
|-weather|Sandstorm|[upkeep]
|-heal|p1a: Skarmory|54/100 frz|[from] item: Leftovers
|upkeep
|turn|52
|
|t:|1730778092
|switch|p2a: Celebi|Celebi|90/100
|-damage|p2a: Celebi|74/100|[from] Spikes
|cant|p1a: Skarmory|frz
|
|-weather|Sandstorm|[upkeep]
|-damage|p2a: Celebi|67/100|[from] Sandstorm
|-heal|p2a: Celebi|74/100|[from] item: Leftovers
|-heal|p1a: Skarmory|60/100 frz|[from] item: Leftovers
|upkeep
|turn|53
|inactive|SlamonBBQ has 240 seconds left.
|
|t:|1730778114
|switch|p1a: Jirachi|Jirachi|88/100
|-damage|p1a: Jirachi|63/100|[from] Spikes
|move|p2a: Celebi|Hidden Power|p1a: Jirachi
|-supereffective|p1a: Jirachi
|-damage|p1a: Jirachi|29/100
|
|-weather|Sandstorm|[upkeep]
|-damage|p2a: Celebi|67/100|[from] Sandstorm
|-heal|p2a: Celebi|74/100|[from] item: Leftovers
|-heal|p1a: Jirachi|36/100|[from] item: Leftovers
|upkeep
|turn|54
|inactive|SlamonBBQ has 240 seconds left.
|
|t:|1730778132
|move|p2a: Celebi|Hidden Power|p1a: Jirachi
|-supereffective|p1a: Jirachi
|-damage|p1a: Jirachi|0 fnt
|faint|p1a: Jirachi
|c|☆SlamonBBQ|gg
|c|☆SlamonBBQ|wp
|-message|SlamonBBQ forfeited.
|
|win|Churielix
|c|☆Churielix|ggs

</script>
<script type="application/json" class="data" id="replaydata-smogtours-gen3ou-804860">
{"id":"smogtours-gen3ou-804860","format":"[Gen 3] OU","players":["SlamonBBQ","Churielix"],"uploadtime":1730778140,"views":57,"formatid":"gen3ou","rating":null,"private":0,"password":null}
</script>

<script defer src="js/replays.js?9d40a366"></script>
