<!DOCTYPE html>
<meta charset="utf-8" />
<meta name="viewport" content="width=device-width" />

<title>[Gen 3] OU: yyyyyfyyyyy vs. donk27 - Replays - Pok&eacute;mon Showdown!</title>

<meta name="description" content="Watch a replay of a Pok&eacute;mon battle between yyyyyfyyyyy and donk27! Format: [Gen 3] OU; Date: Oct 17, 2024" />
<!--

Hey, you! Looking in the source for the replay log?

You can find them in JSON format, just add `.json` at the end of a replay URL.

https://replay.pokemonshowdown.com/gen7randomdoublesbattle-865046831.json

Or, if you only need the log itself, add `.log` instead:

https://replay.pokemonshowdown.com/gen7randomdoublesbattle-865046831.log

-->

<link rel="stylesheet" href="//pokemonshowdown.com/style/global.css?0.023195364461161105" />
<link rel="stylesheet" href="//play.pokemonshowdown.com/style/font-awesome.css?0.13261647063804238" />
<link rel="stylesheet" href="//play.pokemonshowdown.com/style/battle.css?0.8753245789963631" />
<link rel="stylesheet" href="//play.pokemonshowdown.com/style/utilichart.css?0.8627959624976733" />

<!-- Global site tag (gtag.js) - Google Analytics -->
<script async src="https://www.googletagmanager.com/gtag/js?id=UA-26211653-1"></script>
<script>
  window.dataLayer = window.dataLayer || [];
  function gtag(){dataLayer.push(arguments);}
  gtag('js', new Date());

  gtag('config', 'UA-26211653-1');
</script>
<!-- End Google Analytics -->
<!-- Venatus Ad Manager - Install in <HEAD> of page -->
	<script src="https://hb.vntsm.com/v3/live/ad-manager.min.js" type="text/javascript" data-site-id="642aba63ec9a7b11c3c9c1be" data-mode="scan" async></script>
<!-- / Venatus Ad Manager -->

<style>
	@media (max-width:820px) {
		.battle {
			margin: 0 auto;
		}
		.battle-log {
			margin: 7px auto 0;
			max-width: 640px;
			height: 300px;
			position: static;
		}
	}
	.optgroup {
		display: inline-block;
		line-height: 22px;
		font-size: 10pt;
	}
	.optgroup .button {
		height: 25px;
		padding-top: 0;
		padding-bottom: 0;
	}
	.optgroup button.button {
		padding-left: 12px;
		padding-right: 12px;
	}
	.linklist {
		list-style: none;
		margin: 0.5em 0;
		padding: 0;
	}
	.linklist li {
		padding: 2px 0;
	}
	.sidebar {
		float: left;
		width: 320px;
	}
	.bar-wrapper {
		max-width: 1100px;
		margin: 0 auto;
	}
	.bar-wrapper.has-sidebar {
		max-width: 1430px;
	}
	.mainbar {
		margin: 0;
		padding-right: 1px;
	}
	.mainbar.has-sidebar {
		margin-left: 330px;
	}
	@media (min-width: 1511px) {
		.sidebar {
			width: 400px;
		}
		.bar-wrapper.has-sidebar {
			max-width: 1510px;
		}
		.mainbar.has-sidebar {
			margin-left: 410px;
		}
	}
	.section.first-section {
		margin-top: 9px;
	}
	.blocklink small {
		white-space: normal;
	}
	.button {
		vertical-align: middle;
	}
	.replay-controls {
		padding-top: 10px;
	}
	.replay-controls h1 {
		font-size: 16pt;
		font-weight: normal;
		color: #CCC;
	}
	.pagelink {
		text-align: center;
	}
	.pagelink a {
		width: 150px;
	}
	.textbox, .button {
		font-size: 11pt;
		vertical-align: middle;
	}
	@media (max-width: 450px) {
		.button {
			font-size: 9pt;
		}
	}
</style>

<div>

	<header>
		<div class="nav-wrapper"><ul class="nav">
			<li><a class="button nav-first" href="//pokemonshowdown.com/"><img src="//pokemonshowdown.com/images/pokemonshowdownbeta.png" srcset="//pokemonshowdown.com/images/pokemonshowdownbeta.png 1x, //pokemonshowdown.com/images/pokemonshowdownbeta@2x.png 2x" alt="Pok&eacute;mon Showdown" width="146" height="44" /> Home</a></li>
			<li><a class="button" href="//pokemonshowdown.com/dex/">Pok&eacute;dex</a></li>
			<li><a class="button cur" href="/">Replays</a></li>
			<li><a class="button" href="//pokemonshowdown.com/ladder/">Ladder</a></li>
			<li><a class="button nav-last" href="//pokemonshowdown.com/forums/">Forum</a></li>
			<li><a class="button greenbutton nav-first nav-last" href="//play.pokemonshowdown.com/">Play</a></li>
		</ul></div>
	</header>

	<div class="main" id="main">

		<noscript><section class="section">You need to enable JavaScript to use this page; sorry!</section></noscript>

	</div>

</div>

<script defer nomodule src="//play.pokemonshowdown.com/js/lib/ps-polyfill.js"></script>
<script defer src="//play.pokemonshowdown.com/js/lib/preact.min.js"></script>

<script defer src="//play.pokemonshowdown.com/config/config.js?2bddbc15"></script>
<script defer src="//play.pokemonshowdown.com/js/lib/jquery-1.11.0.min.js"></script>
<script defer src="//play.pokemonshowdown.com/js/lib/html-sanitizer-minified.js"></script>
<script defer src="//play.pokemonshowdown.com/js/battle-sound.js"></script>
<script defer src="//play.pokemonshowdown.com/js/battledata.js?0.7209276989879541"></script>
<script defer src="//play.pokemonshowdown.com/data/pokedex-mini.js?0.6111056340867951"></script>
<script defer src="//play.pokemonshowdown.com/data/pokedex-mini-bw.js?0.3532142036491459"></script>
<script defer src="//play.pokemonshowdown.com/data/graphics.js?0.24223875632456182"></script>
<script defer src="//play.pokemonshowdown.com/data/pokedex.js?0.38839984266356864"></script>
<script defer src="//play.pokemonshowdown.com/data/moves.js?0.21866028504024015"></script>
<script defer src="//play.pokemonshowdown.com/data/abilities.js?0.2005157953846628"></script>
<script defer src="//play.pokemonshowdown.com/data/items.js?0.9894211263848525"></script>
<script defer src="//play.pokemonshowdown.com/data/teambuilder-tables.js?0.6008791140282215"></script>
<script defer src="//play.pokemonshowdown.com/js/battle-tooltips.js?0.7580118955022959"></script>
<script defer src="//play.pokemonshowdown.com/js/battle.js?0.6057722274234274"></script>

<script defer src="js/utils.js?e31f9a17"></script>
<script defer src="js/replays-battle.js?7008c182"></script>

<!-- don't scrape this data! just add .json or .log after the URL!
Full API docs: https://github.com/smogon/pokemon-showdown-client/blob/master/WEB-API.md -->
<script type="text/plain" class="log" id="replaylog-smogtours-gen3ou-799415">
|inactive|Battle timer is ON: inactive players will automatically lose when time's up.
|t:|1729206681
|gametype|singles
|player|p1|yyyyyfyyyyy|2|
|player|p2|donk27|jasmine|
|teamsize|p1|6
|teamsize|p2|6
|gen|3
|tier|[Gen 3] OU
|rule|Sleep Clause Mod: Limit one foe put to sleep
|rule|Switch Priority Clause Mod: Faster Pokémon switch first
|rule|Species Clause: Limit one of each Pokémon
|rule|OHKO Clause: OHKO moves are banned
|rule|Evasion Items Clause: Evasion items are banned
|rule|Evasion Moves Clause: Evasion moves are banned
|rule|Endless Battle Clause: Forcing endless battles is banned
|rule|HP Percentage Mod: HP is shown in percentages
|rule|One Boost Passer Clause: Limit one Baton Passer that has a way to boost its stats
|rule|Freeze Clause Mod: Limit one foe frozen
|
|t:|1729206681
|start
|switch|p1a: Tyranitar|Tyranitar, M|100/100
|switch|p2a: Zapdos|Zapdos|100/100
|-weather|Sandstorm|[from] ability: Sand Stream|[of] p1a: Tyranitar
|turn|1
|c|☆donk27|glhf
|c|☆yyyyyfyyyyy|glhf!
|
|t:|1729206700
|move|p2a: Zapdos|Substitute|p2a: Zapdos
|-start|p2a: Zapdos|Substitute
|-damage|p2a: Zapdos|75/100
|move|p1a: Tyranitar|Earthquake|p2a: Zapdos
|-immune|p2a: Zapdos
|
|-weather|Sandstorm|[upkeep]
|-damage|p2a: Zapdos|69/100|[from] Sandstorm
|-heal|p2a: Zapdos|75/100|[from] item: Leftovers
|upkeep
|turn|2
|
|t:|1729206709
|move|p2a: Zapdos|Thunderbolt|p1a: Tyranitar
|-damage|p1a: Tyranitar|60/100
|move|p1a: Tyranitar|Rock Slide|p2a: Zapdos
|-supereffective|p2a: Zapdos
|-end|p2a: Zapdos|Substitute
|
|-weather|Sandstorm|[upkeep]
|-damage|p2a: Zapdos|69/100|[from] Sandstorm
|-heal|p2a: Zapdos|75/100|[from] item: Leftovers
|upkeep
|turn|3
|
|t:|1729206714
|move|p2a: Zapdos|Baton Pass|p2a: Zapdos
|
|t:|1729206716
|switch|p2a: Suicune|Suicune|100/100|[from] Baton Pass
|move|p1a: Tyranitar|Rock Slide|p2a: Suicune
|-damage|p2a: Suicune|62/100
|
|-weather|Sandstorm|[upkeep]
|-damage|p2a: Suicune|55/100|[from] Sandstorm
|-heal|p2a: Suicune|62/100|[from] item: Leftovers
|upkeep
|turn|4
|
|t:|1729206731
|switch|p1a: Celebi|Celebi|100/100
|move|p2a: Suicune|Toxic|p1a: Celebi
|-status|p1a: Celebi|tox
|
|-weather|Sandstorm|[upkeep]
|-damage|p2a: Suicune|55/100|[from] Sandstorm
|-damage|p1a: Celebi|94/100 tox|[from] Sandstorm
|-heal|p2a: Suicune|62/100|[from] item: Leftovers
|-heal|p1a: Celebi|100/100 tox|[from] item: Leftovers
|-damage|p1a: Celebi|94/100 tox|[from] psn
|upkeep
|turn|5
|
|t:|1729206738
|switch|p2a: Jirachi|Jirachi|100/100
|move|p1a: Celebi|Leech Seed|p2a: Jirachi
|-start|p2a: Jirachi|move: Leech Seed
|
|-weather|Sandstorm|[upkeep]
|-damage|p1a: Celebi|88/100 tox|[from] Sandstorm
|-damage|p2a: Jirachi|88/100|[from] Leech Seed|[of] p1a: Celebi
|-heal|p1a: Celebi|100/100 tox|[silent]
|-damage|p1a: Celebi|88/100 tox|[from] psn
|upkeep
|turn|6
|
|t:|1729206757
|switch|p2a: Zapdos|Zapdos|75/100
|-curestatus|p1a: Celebi|tox|[from] ability: Natural Cure
|switch|p1a: Metagross|Metagross|100/100
|
|-weather|Sandstorm|[upkeep]
|-damage|p2a: Zapdos|69/100|[from] Sandstorm
|-heal|p2a: Zapdos|75/100|[from] item: Leftovers
|upkeep
|turn|7
|
|t:|1729206764
|move|p2a: Zapdos|Substitute|p2a: Zapdos
|-start|p2a: Zapdos|Substitute
|-damage|p2a: Zapdos|50/100
|move|p1a: Metagross|Agility|p1a: Metagross
|-boost|p1a: Metagross|spe|2
|
|-weather|Sandstorm|[upkeep]
|-damage|p2a: Zapdos|44/100|[from] Sandstorm
|-heal|p2a: Zapdos|50/100|[from] item: Leftovers
|upkeep
|turn|8
|
|t:|1729206768
|move|p1a: Metagross|Rock Slide|p2a: Zapdos
|-supereffective|p2a: Zapdos
|-end|p2a: Zapdos|Substitute
|move|p2a: Zapdos|Thunderbolt|p1a: Metagross
|-damage|p1a: Metagross|56/100
|
|-weather|Sandstorm|[upkeep]
|-damage|p2a: Zapdos|44/100|[from] Sandstorm
|-heal|p1a: Metagross|62/100|[from] item: Leftovers
|-heal|p2a: Zapdos|50/100|[from] item: Leftovers
|upkeep
|turn|9
|
|t:|1729206777
|move|p1a: Metagross|Rock Slide|p2a: Zapdos
|-supereffective|p2a: Zapdos
|-damage|p2a: Zapdos|0 fnt
|faint|p2a: Zapdos
|
|t:|1729206779
|switch|p2a: Porygon2|Porygon2|100/100
|-ability|p2a: Porygon2|Clear Body|[from] ability: Trace|[of] p1a: Metagross
|
|-weather|Sandstorm|[upkeep]
|-damage|p2a: Porygon2|94/100|[from] Sandstorm
|-heal|p1a: Metagross|68/100|[from] item: Leftovers
|-heal|p2a: Porygon2|100/100|[from] item: Leftovers
|upkeep
|turn|10
|
|t:|1729206783
|move|p1a: Metagross|Meteor Mash|p2a: Porygon2
|-damage|p2a: Porygon2|61/100
|move|p2a: Porygon2|Thunder Wave|p1a: Metagross
|-status|p1a: Metagross|par
|
|-weather|Sandstorm|[upkeep]
|-damage|p2a: Porygon2|55/100|[from] Sandstorm
|-heal|p2a: Porygon2|61/100|[from] item: Leftovers
|-heal|p1a: Metagross|74/100 par|[from] item: Leftovers
|upkeep
|turn|11
|
|t:|1729206788
|switch|p2a: Jirachi|Jirachi|88/100
|move|p1a: Metagross|Meteor Mash|p2a: Jirachi
|-resisted|p2a: Jirachi
|-damage|p2a: Jirachi|65/100
|
|-weather|Sandstorm|[upkeep]
|-heal|p2a: Jirachi|71/100|[from] item: Leftovers
|-heal|p1a: Metagross|80/100 par|[from] item: Leftovers
|upkeep
|turn|12
|
|t:|1729206790
|move|p2a: Jirachi|Substitute|p2a: Jirachi
|-start|p2a: Jirachi|Substitute
|-damage|p2a: Jirachi|46/100
|move|p1a: Metagross|Earthquake|p2a: Jirachi
|-supereffective|p2a: Jirachi
|-end|p2a: Jirachi|Substitute
|
|-weather|Sandstorm|[upkeep]
|-heal|p2a: Jirachi|52/100|[from] item: Leftovers
|-heal|p1a: Metagross|86/100 par|[from] item: Leftovers
|upkeep
|turn|13
|
|t:|1729206798
|switch|p1a: Skarmory|Skarmory, F|100/100
|move|p2a: Jirachi|Substitute|p2a: Jirachi
|-start|p2a: Jirachi|Substitute
|-damage|p2a: Jirachi|27/100
|
|-weather|Sandstorm|[upkeep]
|-heal|p2a: Jirachi|33/100|[from] item: Leftovers
|upkeep
|turn|14
|
|t:|1729206801
|move|p2a: Jirachi|Fire Punch|p1a: Skarmory
|-supereffective|p1a: Skarmory
|-damage|p1a: Skarmory|64/100
|-status|p1a: Skarmory|brn
|move|p1a: Skarmory|Roar|p2a: Jirachi
|drag|p2a: Dugtrio|Dugtrio, M|100/100
|
|-weather|Sandstorm|[upkeep]
|-heal|p1a: Skarmory|70/100 brn|[from] item: Leftovers
|-damage|p1a: Skarmory|57/100 brn|[from] brn
|upkeep
|turn|15
|
|t:|1729206807
|switch|p2a: Celebi|Celebi|100/100
|move|p1a: Skarmory|Spikes|p2a: Celebi
|-sidestart|p2: donk27|Spikes
|
|-weather|Sandstorm|[upkeep]
|-damage|p2a: Celebi|94/100|[from] Sandstorm
|-heal|p2a: Celebi|100/100|[from] item: Leftovers
|-heal|p1a: Skarmory|63/100 brn|[from] item: Leftovers
|-damage|p1a: Skarmory|51/100 brn|[from] brn
|upkeep
|turn|16
|
|t:|1729206820
|move|p2a: Celebi|Calm Mind|p2a: Celebi
|-boost|p2a: Celebi|spa|1
|-boost|p2a: Celebi|spd|1
|move|p1a: Skarmory|Drill Peck|p2a: Celebi
|-supereffective|p2a: Celebi
|-damage|p2a: Celebi|75/100
|
|-weather|Sandstorm|[upkeep]
|-damage|p2a: Celebi|69/100|[from] Sandstorm
|-heal|p2a: Celebi|75/100|[from] item: Leftovers
|-heal|p1a: Skarmory|57/100 brn|[from] item: Leftovers
|-damage|p1a: Skarmory|45/100 brn|[from] brn
|upkeep
|turn|17
|
|t:|1729206823
|move|p2a: Celebi|Hidden Power|p1a: Skarmory
|-supereffective|p1a: Skarmory
|-damage|p1a: Skarmory|0 fnt
|faint|p1a: Skarmory
|inactive|yyyyyfyyyyy has 270 seconds left.
|
|t:|1729206871
|switch|p1a: Metagross|Metagross|86/100 par
|
|-weather|Sandstorm|[upkeep]
|-damage|p2a: Celebi|69/100|[from] Sandstorm
|-heal|p2a: Celebi|75/100|[from] item: Leftovers
|-heal|p1a: Metagross|92/100 par|[from] item: Leftovers
|upkeep
|turn|18
|
|t:|1729206874
|move|p2a: Celebi|Hidden Power|p1a: Metagross
|-supereffective|p1a: Metagross
|-damage|p1a: Metagross|21/100 par
|cant|p1a: Metagross|par
|
|-weather|Sandstorm|[upkeep]
|-damage|p2a: Celebi|69/100|[from] Sandstorm
|-heal|p2a: Celebi|75/100|[from] item: Leftovers
|-heal|p1a: Metagross|27/100 par|[from] item: Leftovers
|upkeep
|turn|19
|
|t:|1729206876
|move|p2a: Celebi|Hidden Power|p1a: Metagross
|-supereffective|p1a: Metagross
|-damage|p1a: Metagross|0 fnt
|faint|p1a: Metagross
|c|☆donk27|sry
|inactive|yyyyyfyyyyy has 270 seconds left.
|
|t:|1729206887
|switch|p1a: Salamence|Salamence, F|100/100
|-ability|p1a: Salamence|Intimidate|boost
|-unboost|p2a: Celebi|atk|1
|
|-weather|Sandstorm|[upkeep]
|-damage|p2a: Celebi|69/100|[from] Sandstorm
|-damage|p1a: Salamence|94/100|[from] Sandstorm
|-heal|p2a: Celebi|75/100|[from] item: Leftovers
|-heal|p1a: Salamence|100/100|[from] item: Leftovers
|upkeep
|turn|20
|c|☆yyyyyfyyyyy|happens
|inactive|yyyyyfyyyyy has 270 seconds left.
|inactive|yyyyyfyyyyy has 240 seconds left.
|
|t:|1729206950
|move|p2a: Celebi|Psychic|p1a: Salamence
|-damage|p1a: Salamence|16/100
|move|p1a: Salamence|Fire Blast|p2a: Celebi
|-supereffective|p2a: Celebi
|-damage|p2a: Celebi|18/100
|-status|p2a: Celebi|brn
|
|-weather|Sandstorm|[upkeep]
|-damage|p2a: Celebi|12/100 brn|[from] Sandstorm
|-damage|p1a: Salamence|9/100|[from] Sandstorm
|-heal|p2a: Celebi|18/100 brn|[from] item: Leftovers
|-damage|p2a: Celebi|6/100 brn|[from] brn
|-heal|p1a: Salamence|16/100|[from] item: Leftovers
|upkeep
|turn|21
|
|t:|1729206961
|switch|p1a: Celebi|Celebi|88/100
|move|p2a: Celebi|Giga Drain|p1a: Celebi
|-resisted|p1a: Celebi
|-damage|p1a: Celebi|69/100
|-heal|p2a: Celebi|17/100 brn|[from] drain|[of] p1a: Celebi
|
|-weather|Sandstorm|[upkeep]
|-damage|p2a: Celebi|10/100 brn|[from] Sandstorm
|-damage|p1a: Celebi|63/100|[from] Sandstorm
|-heal|p2a: Celebi|17/100 brn|[from] item: Leftovers
|-damage|p2a: Celebi|4/100 brn|[from] brn
|-heal|p1a: Celebi|69/100|[from] item: Leftovers
|upkeep
|turn|22
|
|t:|1729206969
|switch|p1a: Salamence|Salamence, F|16/100
|-ability|p1a: Salamence|Intimidate|boost
|-unboost|p2a: Celebi|atk|1
|move|p2a: Celebi|Hidden Power|p1a: Salamence
|-resisted|p1a: Salamence
|-damage|p1a: Salamence|0 fnt
|faint|p1a: Salamence
|
|t:|1729206980
|switch|p1a: Starmie|Starmie|100/100
|
|-weather|Sandstorm|[upkeep]
|-damage|p1a: Starmie|94/100|[from] Sandstorm
|-damage|p2a: Celebi|0 fnt|[from] Sandstorm
|faint|p2a: Celebi
|-heal|p1a: Starmie|100/100|[from] item: Leftovers
|upkeep
|
|t:|1729206984
|switch|p2a: Porygon2|Porygon2|61/100
|-damage|p2a: Porygon2|49/100|[from] Spikes
|-ability|p2a: Porygon2|Natural Cure|[from] ability: Trace|[of] p1a: Starmie
|turn|23
|
|t:|1729206994
|move|p1a: Starmie|Hydro Pump|p2a: Porygon2
|-damage|p2a: Porygon2|1/100
|move|p2a: Porygon2|Thunder Wave|p1a: Starmie
|-status|p1a: Starmie|par
|
|-weather|Sandstorm|[upkeep]
|-damage|p2a: Porygon2|0 fnt|[from] Sandstorm
|-damage|p1a: Starmie|94/100 par|[from] Sandstorm
|faint|p2a: Porygon2
|-heal|p1a: Starmie|100/100 par|[from] item: Leftovers
|upkeep
|
|t:|1729206998
|switch|p2a: Dugtrio|Dugtrio, M|100/100
|-damage|p2a: Dugtrio|88/100|[from] Spikes
|turn|24
|inactive|yyyyyfyyyyy has 240 seconds left.
|
|t:|1729207012
|move|p2a: Dugtrio|Earthquake|p1a: Starmie
|-crit|p1a: Starmie
|-damage|p1a: Starmie|0 fnt
|faint|p1a: Starmie
|
|t:|1729207023
|switch|p1a: Celebi|Celebi|69/100
|
|-weather|Sandstorm|[upkeep]
|-damage|p1a: Celebi|63/100|[from] Sandstorm
|-heal|p1a: Celebi|69/100|[from] item: Leftovers
|upkeep
|turn|25
|
|t:|1729207027
|switch|p2a: Jirachi|Jirachi|33/100
|-damage|p2a: Jirachi|21/100|[from] Spikes
|move|p1a: Celebi|Leech Seed|p2a: Jirachi
|-start|p2a: Jirachi|move: Leech Seed
|
|-weather|Sandstorm|[upkeep]
|-damage|p1a: Celebi|63/100|[from] Sandstorm
|-heal|p2a: Jirachi|27/100|[from] item: Leftovers
|-damage|p2a: Jirachi|15/100|[from] Leech Seed|[of] p1a: Celebi
|-heal|p1a: Celebi|76/100|[silent]
|-heal|p1a: Celebi|82/100|[from] item: Leftovers
|upkeep
|turn|26
|inactive|yyyyyfyyyyy has 240 seconds left.
|
|t:|1729207038
|move|p2a: Jirachi|Fire Punch|p1a: Celebi
|-supereffective|p1a: Celebi
|-crit|p1a: Celebi
|-damage|p1a: Celebi|17/100
|-status|p1a: Celebi|brn
|move|p1a: Celebi|Hidden Power|p2a: Jirachi
|-supereffective|p2a: Jirachi
|-damage|p2a: Jirachi|0 fnt
|faint|p2a: Jirachi
|
|t:|1729207043
|switch|p2a: Dugtrio|Dugtrio, M|88/100
|-damage|p2a: Dugtrio|76/100|[from] Spikes
|
|-weather|Sandstorm|[upkeep]
|-damage|p1a: Celebi|11/100 brn|[from] Sandstorm
|-heal|p1a: Celebi|17/100 brn|[from] item: Leftovers
|-damage|p1a: Celebi|5/100 brn|[from] brn
|upkeep
|turn|27
|
|t:|1729207047
|move|p2a: Dugtrio|Earthquake|p1a: Celebi
|-resisted|p1a: Celebi
|-damage|p1a: Celebi|0 fnt
|faint|p1a: Celebi
|
|t:|1729207048
|switch|p1a: Tyranitar|Tyranitar, M|60/100
|
|-weather|Sandstorm|[upkeep]
|upkeep
|turn|28
|
|t:|1729207052
|move|p2a: Dugtrio|Earthquake|p1a: Tyranitar
|-supereffective|p1a: Tyranitar
|-crit|p1a: Tyranitar
|-damage|p1a: Tyranitar|0 fnt
|faint|p1a: Tyranitar
|
|win|donk27
|c|☆donk27|gg sry for luck
|c|☆donk27|thats ridiculous

</script>
<script type="application/json" class="data" id="replaydata-smogtours-gen3ou-799415">
{"id":"smogtours-gen3ou-799415","format":"[Gen 3] OU","players":["yyyyyfyyyyy","donk27"],"uploadtime":1729207052,"views":93,"formatid":"gen3ou","rating":null,"private":0,"password":null}
</script>

<script defer src="js/replays.js?9d40a366"></script>
