<!DOCTYPE html>
<meta charset="utf-8" />
<meta name="viewport" content="width=device-width" />

<title>[Gen 3] OU: Zpanther vs. Christos - Replays - Pok&eacute;mon Showdown!</title>

<meta name="description" content="Watch a replay of a Pok&eacute;mon battle between Zpanther and Christos! Format: [Gen 3] OU; Date: Nov 9, 2024" />
<!--

Hey, you! Looking in the source for the replay log?

You can find them in JSON format, just add `.json` at the end of a replay URL.

https://replay.pokemonshowdown.com/gen7randomdoublesbattle-865046831.json

Or, if you only need the log itself, add `.log` instead:

https://replay.pokemonshowdown.com/gen7randomdoublesbattle-865046831.log

-->

<link rel="stylesheet" href="//pokemonshowdown.com/style/global.css?0.023195364461161105" />
<link rel="stylesheet" href="//play.pokemonshowdown.com/style/font-awesome.css?0.13261647063804238" />
<link rel="stylesheet" href="//play.pokemonshowdown.com/style/battle.css?0.8753245789963631" />
<link rel="stylesheet" href="//play.pokemonshowdown.com/style/utilichart.css?0.8627959624976733" />

<!-- Global site tag (gtag.js) - Google Analytics -->
<script async src="https://www.googletagmanager.com/gtag/js?id=UA-26211653-1"></script>
<script>
  window.dataLayer = window.dataLayer || [];
  function gtag(){dataLayer.push(arguments);}
  gtag('js', new Date());

  gtag('config', 'UA-26211653-1');
</script>
<!-- End Google Analytics -->
<!-- Venatus Ad Manager - Install in <HEAD> of page -->
	<script src="https://hb.vntsm.com/v3/live/ad-manager.min.js" type="text/javascript" data-site-id="642aba63ec9a7b11c3c9c1be" data-mode="scan" async></script>
<!-- / Venatus Ad Manager -->

<style>
	@media (max-width:820px) {
		.battle {
			margin: 0 auto;
		}
		.battle-log {
			margin: 7px auto 0;
			max-width: 640px;
			height: 300px;
			position: static;
		}
	}
	.optgroup {
		display: inline-block;
		line-height: 22px;
		font-size: 10pt;
	}
	.optgroup .button {
		height: 25px;
		padding-top: 0;
		padding-bottom: 0;
	}
	.optgroup button.button {
		padding-left: 12px;
		padding-right: 12px;
	}
	.linklist {
		list-style: none;
		margin: 0.5em 0;
		padding: 0;
	}
	.linklist li {
		padding: 2px 0;
	}
	.sidebar {
		float: left;
		width: 320px;
	}
	.bar-wrapper {
		max-width: 1100px;
		margin: 0 auto;
	}
	.bar-wrapper.has-sidebar {
		max-width: 1430px;
	}
	.mainbar {
		margin: 0;
		padding-right: 1px;
	}
	.mainbar.has-sidebar {
		margin-left: 330px;
	}
	@media (min-width: 1511px) {
		.sidebar {
			width: 400px;
		}
		.bar-wrapper.has-sidebar {
			max-width: 1510px;
		}
		.mainbar.has-sidebar {
			margin-left: 410px;
		}
	}
	.section.first-section {
		margin-top: 9px;
	}
	.blocklink small {
		white-space: normal;
	}
	.button {
		vertical-align: middle;
	}
	.replay-controls {
		padding-top: 10px;
	}
	.replay-controls h1 {
		font-size: 16pt;
		font-weight: normal;
		color: #CCC;
	}
	.pagelink {
		text-align: center;
	}
	.pagelink a {
		width: 150px;
	}
	.textbox, .button {
		font-size: 11pt;
		vertical-align: middle;
	}
	@media (max-width: 450px) {
		.button {
			font-size: 9pt;
		}
	}
</style>

<div>

	<header>
		<div class="nav-wrapper"><ul class="nav">
			<li><a class="button nav-first" href="//pokemonshowdown.com/"><img src="//pokemonshowdown.com/images/pokemonshowdownbeta.png" srcset="//pokemonshowdown.com/images/pokemonshowdownbeta.png 1x, //pokemonshowdown.com/images/pokemonshowdownbeta@2x.png 2x" alt="Pok&eacute;mon Showdown" width="146" height="44" /> Home</a></li>
			<li><a class="button" href="//pokemonshowdown.com/dex/">Pok&eacute;dex</a></li>
			<li><a class="button cur" href="/">Replays</a></li>
			<li><a class="button" href="//pokemonshowdown.com/ladder/">Ladder</a></li>
			<li><a class="button nav-last" href="//pokemonshowdown.com/forums/">Forum</a></li>
			<li><a class="button greenbutton nav-first nav-last" href="//play.pokemonshowdown.com/">Play</a></li>
		</ul></div>
	</header>

	<div class="main" id="main">

		<noscript><section class="section">You need to enable JavaScript to use this page; sorry!</section></noscript>

	</div>

</div>

<script defer nomodule src="//play.pokemonshowdown.com/js/lib/ps-polyfill.js"></script>
<script defer src="//play.pokemonshowdown.com/js/lib/preact.min.js"></script>

<script defer src="//play.pokemonshowdown.com/config/config.js?2bddbc15"></script>
<script defer src="//play.pokemonshowdown.com/js/lib/jquery-1.11.0.min.js"></script>
<script defer src="//play.pokemonshowdown.com/js/lib/html-sanitizer-minified.js"></script>
<script defer src="//play.pokemonshowdown.com/js/battle-sound.js"></script>
<script defer src="//play.pokemonshowdown.com/js/battledata.js?0.7209276989879541"></script>
<script defer src="//play.pokemonshowdown.com/data/pokedex-mini.js?0.6111056340867951"></script>
<script defer src="//play.pokemonshowdown.com/data/pokedex-mini-bw.js?0.3532142036491459"></script>
<script defer src="//play.pokemonshowdown.com/data/graphics.js?0.24223875632456182"></script>
<script defer src="//play.pokemonshowdown.com/data/pokedex.js?0.38839984266356864"></script>
<script defer src="//play.pokemonshowdown.com/data/moves.js?0.21866028504024015"></script>
<script defer src="//play.pokemonshowdown.com/data/abilities.js?0.2005157953846628"></script>
<script defer src="//play.pokemonshowdown.com/data/items.js?0.9894211263848525"></script>
<script defer src="//play.pokemonshowdown.com/data/teambuilder-tables.js?0.6008791140282215"></script>
<script defer src="//play.pokemonshowdown.com/js/battle-tooltips.js?0.7580118955022959"></script>
<script defer src="//play.pokemonshowdown.com/js/battle.js?0.6057722274234274"></script>

<script defer src="js/utils.js?e31f9a17"></script>
<script defer src="js/replays-battle.js?7008c182"></script>

<!-- don't scrape this data! just add .json or .log after the URL!
Full API docs: https://github.com/smogon/pokemon-showdown-client/blob/master/WEB-API.md -->
<script type="text/plain" class="log" id="replaylog-smogtours-gen3ou-805497">
|inactive|Battle timer is ON: inactive players will automatically lose when time's up.
|t:|1731175894
|gametype|singles
|player|p1|Zpanther|rose-zerosuit|
|player|p2|Christos|boarder|
|teamsize|p1|6
|teamsize|p2|6
|gen|3
|tier|[Gen 3] OU
|rule|Sleep Clause Mod: Limit one foe put to sleep
|rule|Switch Priority Clause Mod: Faster Pokémon switch first
|rule|Species Clause: Limit one of each Pokémon
|rule|OHKO Clause: OHKO moves are banned
|rule|Evasion Items Clause: Evasion items are banned
|rule|Evasion Moves Clause: Evasion moves are banned
|rule|Endless Battle Clause: Forcing endless battles is banned
|rule|HP Percentage Mod: HP is shown in percentages
|rule|One Boost Passer Clause: Limit one Baton Passer that has a way to boost its stats
|rule|Freeze Clause Mod: Limit one foe frozen
|
|t:|1731175894
|start
|switch|p1a: Metagross|Metagross|100/100
|switch|p2a: Metagross|Metagross|100/100
|turn|1
|c|☆Zpanther|hf
|c|☆Christos|hf
|
|t:|1731175921
|move|p1a: Metagross|Earthquake|p2a: Metagross
|-supereffective|p2a: Metagross
|-damage|p2a: Metagross|47/100
|move|p2a: Metagross|Earthquake|p1a: Metagross
|-supereffective|p1a: Metagross
|-damage|p1a: Metagross|46/100
|
|-heal|p1a: Metagross|52/100|[from] item: Leftovers
|-heal|p2a: Metagross|53/100|[from] item: Leftovers
|upkeep
|turn|2
|
|t:|1731175932
|switch|p1a: Suicune|Suicune|100/100
|move|p2a: Metagross|Protect||[still]
|-fail|p2a: Metagross
|
|-heal|p2a: Metagross|59/100|[from] item: Leftovers
|upkeep
|turn|3
|
|t:|1731175948
|move|p1a: Suicune|Substitute|p1a: Suicune
|-start|p1a: Suicune|Substitute
|-damage|p1a: Suicune|75/100
|move|p2a: Metagross|Explosion|p1a: Suicune
|-end|p1a: Suicune|Substitute
|faint|p2a: Metagross
|inactive|Christos has 270 seconds left.
|
|t:|1731175969
|switch|p2a: Celebi|Celebi|100/100
|
|-heal|p1a: Suicune|82/100|[from] item: Leftovers
|upkeep
|turn|4
|
|t:|1731175977
|move|p2a: Celebi|Leech Seed|p1a: Suicune
|-start|p1a: Suicune|move: Leech Seed
|move|p1a: Suicune|Ice Beam|p2a: Celebi
|-supereffective|p2a: Celebi
|-damage|p2a: Celebi|49/100
|
|-heal|p2a: Celebi|56/100|[from] item: Leftovers
|-heal|p1a: Suicune|88/100|[from] item: Leftovers
|-damage|p1a: Suicune|75/100|[from] Leech Seed|[of] p2a: Celebi
|-heal|p2a: Celebi|70/100|[silent]
|upkeep
|turn|5
|
|t:|1731175982
|switch|p1a: Salamence|Salamence, M|100/100
|-ability|p1a: Salamence|Intimidate|boost
|-unboost|p2a: Celebi|atk|1
|move|p2a: Celebi|Giga Drain|p1a: Salamence
|-resisted|p1a: Salamence
|-damage|p1a: Salamence|92/100
|-heal|p2a: Celebi|74/100|[from] drain|[of] p1a: Salamence
|
|-heal|p2a: Celebi|81/100|[from] item: Leftovers
|-heal|p1a: Salamence|98/100|[from] item: Leftovers
|upkeep
|turn|6
|inactive|Christos has 270 seconds left.
|
|t:|1731176016
|switch|p2a: Tyranitar|Tyranitar, M|100/100
|-weather|Sandstorm|[from] ability: Sand Stream|[of] p2a: Tyranitar
|move|p1a: Salamence|Fire Blast|p2a: Tyranitar
|-resisted|p2a: Tyranitar
|-damage|p2a: Tyranitar|83/100
|
|-weather|Sandstorm|[upkeep]
|-damage|p1a: Salamence|92/100|[from] Sandstorm
|-heal|p1a: Salamence|98/100|[from] item: Leftovers
|-heal|p2a: Tyranitar|89/100|[from] item: Leftovers
|upkeep
|turn|7
|inactive|Christos has 240 seconds left.
|
|t:|1731176052
|switch|p2a: Charizard|Charizard, F|100/100
|move|p1a: Salamence|Brick Break|p2a: Charizard
|-resisted|p2a: Charizard
|-damage|p2a: Charizard|85/100
|
|-weather|Sandstorm|[upkeep]
|-damage|p2a: Charizard|79/100|[from] Sandstorm
|-damage|p1a: Salamence|92/100|[from] Sandstorm
|-heal|p2a: Charizard|85/100|[from] item: Leftovers
|-heal|p1a: Salamence|98/100|[from] item: Leftovers
|upkeep
|turn|8
|
|t:|1731176056
|move|p2a: Charizard|Dragon Claw|p1a: Salamence
|-supereffective|p1a: Salamence
|-damage|p1a: Salamence|44/100
|move|p1a: Salamence|Dragon Claw|p2a: Charizard
|-damage|p2a: Charizard|34/100
|
|-weather|Sandstorm|[upkeep]
|-damage|p2a: Charizard|28/100|[from] Sandstorm
|-damage|p1a: Salamence|38/100|[from] Sandstorm
|-heal|p2a: Charizard|34/100|[from] item: Leftovers
|-heal|p1a: Salamence|44/100|[from] item: Leftovers
|upkeep
|turn|9
|inactive|Christos has 240 seconds left.
|
|t:|1731176072
|switch|p1a: Snorlax|Snorlax, F|100/100
|move|p2a: Charizard|Dragon Claw|p1a: Snorlax
|-damage|p1a: Snorlax|86/100
|
|-weather|Sandstorm|[upkeep]
|-damage|p2a: Charizard|28/100|[from] Sandstorm
|-damage|p1a: Snorlax|79/100|[from] Sandstorm
|-heal|p2a: Charizard|34/100|[from] item: Leftovers
|-heal|p1a: Snorlax|86/100|[from] item: Leftovers
|upkeep
|turn|10
|inactive|Christos has 240 seconds left.
|
|t:|1731176109
|switch|p2a: Claydol|Claydol|100/100
|move|p1a: Snorlax|Shadow Ball|p2a: Claydol
|-supereffective|p2a: Claydol
|-damage|p2a: Claydol|40/100
|
|-weather|Sandstorm|[upkeep]
|-damage|p1a: Snorlax|79/100|[from] Sandstorm
|-heal|p2a: Claydol|46/100|[from] item: Leftovers
|-heal|p1a: Snorlax|86/100|[from] item: Leftovers
|upkeep
|turn|11
|
|t:|1731176132
|switch|p1a: Magneton|Magneton|100/100
|move|p2a: Claydol|Earthquake|p1a: Magneton
|-supereffective|p1a: Magneton
|-damage|p1a: Magneton|0 fnt
|faint|p1a: Magneton
|
|t:|1731176136
|switch|p1a: Heracross|Heracross, M|100/100
|
|-weather|Sandstorm|[upkeep]
|-damage|p1a: Heracross|94/100|[from] Sandstorm
|-heal|p2a: Claydol|52/100|[from] item: Leftovers
|upkeep
|turn|12
|
|t:|1731176155
|move|p1a: Heracross|Substitute|p1a: Heracross
|-start|p1a: Heracross|Substitute
|-damage|p1a: Heracross|69/100
|move|p2a: Claydol|Psychic|p1a: Heracross
|-supereffective|p1a: Heracross
|-end|p1a: Heracross|Substitute
|
|-weather|Sandstorm|[upkeep]
|-damage|p1a: Heracross|63/100|[from] Sandstorm
|-heal|p2a: Claydol|58/100|[from] item: Leftovers
|upkeep
|turn|13
|
|t:|1731176163
|move|p1a: Heracross|Substitute|p1a: Heracross
|-start|p1a: Heracross|Substitute
|-damage|p1a: Heracross|38/100
|move|p2a: Claydol|Psychic|p1a: Heracross
|-supereffective|p1a: Heracross
|-end|p1a: Heracross|Substitute
|
|-weather|Sandstorm|[upkeep]
|-damage|p1a: Heracross|32/100|[from] Sandstorm
|-heal|p2a: Claydol|64/100|[from] item: Leftovers
|upkeep
|turn|14
|
|t:|1731176175
|move|p1a: Heracross|Megahorn|p2a: Claydol
|-supereffective|p2a: Claydol
|-damage|p2a: Claydol|0 fnt
|faint|p2a: Claydol
|
|t:|1731176183
|switch|p2a: Salamence|Salamence, F|100/100
|-ability|p2a: Salamence|Intimidate|boost
|-unboost|p1a: Heracross|atk|1
|
|-weather|Sandstorm|[upkeep]
|-damage|p2a: Salamence|94/100|[from] Sandstorm
|-damage|p1a: Heracross|26/100|[from] Sandstorm
|-heal|p2a: Salamence|100/100|[from] item: Leftovers
|upkeep
|turn|15
|inactive|Christos has 210 seconds left.
|
|t:|1731176210
|switch|p1a: Salamence|Salamence, M|44/100
|-ability|p1a: Salamence|Intimidate|boost
|-unboost|p2a: Salamence|atk|1
|move|p2a: Salamence|Hidden Power|p1a: Salamence
|-damage|p1a: Salamence|5/100
|
|-weather|Sandstorm|[upkeep]
|-damage|p1a: Salamence|0 fnt|[from] Sandstorm
|-damage|p2a: Salamence|94/100|[from] Sandstorm
|faint|p1a: Salamence
|-heal|p2a: Salamence|100/100|[from] item: Leftovers
|upkeep
|
|t:|1731176215
|switch|p1a: Suicune|Suicune|75/100
|turn|16
|inactive|Christos has 210 seconds left.
|
|t:|1731176245
|switch|p2a: Celebi|Celebi|81/100
|move|p1a: Suicune|Ice Beam|p2a: Celebi
|-supereffective|p2a: Celebi
|-damage|p2a: Celebi|31/100
|
|-weather|Sandstorm|[upkeep]
|-damage|p2a: Celebi|25/100|[from] Sandstorm
|-damage|p1a: Suicune|69/100|[from] Sandstorm
|-heal|p2a: Celebi|31/100|[from] item: Leftovers
|-heal|p1a: Suicune|75/100|[from] item: Leftovers
|upkeep
|turn|17
|
|t:|1731176270
|switch|p1a: Snorlax|Snorlax, F|86/100
|move|p2a: Celebi|Giga Drain|p1a: Snorlax
|-damage|p1a: Snorlax|70/100
|-heal|p2a: Celebi|42/100|[from] drain|[of] p1a: Snorlax
|
|-weather|Sandstorm|[upkeep]
|-damage|p2a: Celebi|35/100|[from] Sandstorm
|-damage|p1a: Snorlax|64/100|[from] Sandstorm
|-heal|p2a: Celebi|42/100|[from] item: Leftovers
|-heal|p1a: Snorlax|70/100|[from] item: Leftovers
|upkeep
|turn|18
|inactive|Christos has 210 seconds left.
|inactive|Christos has 180 seconds left.
|
|t:|1731176305
|move|p2a: Celebi|Psychic|p1a: Snorlax
|-damage|p1a: Snorlax|45/100
|move|p1a: Snorlax|Body Slam|p2a: Celebi
|-damage|p2a: Celebi|3/100
|
|-weather|Sandstorm|[upkeep]
|-damage|p2a: Celebi|0 fnt|[from] Sandstorm
|-damage|p1a: Snorlax|39/100|[from] Sandstorm
|faint|p2a: Celebi
|-heal|p1a: Snorlax|45/100|[from] item: Leftovers
|upkeep
|inactive|Christos has 180 seconds left.
|
|t:|1731176321
|switch|p2a: Salamence|Salamence, F|100/100
|-ability|p2a: Salamence|Intimidate|boost
|-unboost|p1a: Snorlax|atk|1
|turn|19
|
|t:|1731176326
|switch|p2a: Tyranitar|Tyranitar, M|89/100
|move|p1a: Snorlax|Self-Destruct|p2a: Tyranitar
|-resisted|p2a: Tyranitar
|-damage|p2a: Tyranitar|35/100
|faint|p1a: Snorlax
|
|t:|1731176349
|switch|p1a: Heracross|Heracross, M|26/100
|
|-weather|Sandstorm|[upkeep]
|-damage|p1a: Heracross|20/100|[from] Sandstorm
|-enditem|p1a: Heracross|Salac Berry|[eat]
|-boost|p1a: Heracross|spe|1|[from] item: Salac Berry
|-heal|p2a: Tyranitar|41/100|[from] item: Leftovers
|upkeep
|turn|20
|inactive|Christos has 180 seconds left.
|
|t:|1731176366
|move|p1a: Heracross|Megahorn|p2a: Tyranitar
|-supereffective|p2a: Tyranitar
|-damage|p2a: Tyranitar|0 fnt
|faint|p2a: Tyranitar
|
|t:|1731176370
|switch|p2a: Salamence|Salamence, F|100/100
|-ability|p2a: Salamence|Intimidate|boost
|-unboost|p1a: Heracross|atk|1
|
|-weather|Sandstorm|[upkeep]
|-damage|p1a: Heracross|15/100|[from] Sandstorm
|-damage|p2a: Salamence|94/100|[from] Sandstorm
|-heal|p2a: Salamence|100/100|[from] item: Leftovers
|upkeep
|turn|21
|inactive|Zpanther has 270 seconds left.
|
|t:|1731176412
|switch|p1a: Suicune|Suicune|75/100
|move|p2a: Salamence|Dragon Dance|p2a: Salamence
|-boost|p2a: Salamence|atk|1
|-boost|p2a: Salamence|spe|1
|
|-weather|Sandstorm|[upkeep]
|-damage|p2a: Salamence|94/100|[from] Sandstorm
|-damage|p1a: Suicune|69/100|[from] Sandstorm
|-heal|p2a: Salamence|100/100|[from] item: Leftovers
|-heal|p1a: Suicune|75/100|[from] item: Leftovers
|upkeep
|turn|22
|inactive|Zpanther has 270 seconds left.
|inactive|Christos has 180 seconds left.
|
|t:|1731176432
|move|p2a: Salamence|Hidden Power|p1a: Suicune
|-damage|p1a: Suicune|32/100
|move|p1a: Suicune|Ice Beam|p2a: Salamence
|-supereffective|p2a: Salamence
|-damage|p2a: Salamence|2/100
|
|-weather|Sandstorm|[upkeep]
|-damage|p2a: Salamence|0 fnt|[from] Sandstorm
|-damage|p1a: Suicune|26/100|[from] Sandstorm
|faint|p2a: Salamence
|-heal|p1a: Suicune|32/100|[from] item: Leftovers
|upkeep
|inactive|Christos has 180 seconds left.
|
|t:|1731176437
|switch|p2a: Charizard|Charizard, F|34/100
|turn|23
|
|t:|1731176441
|move|p2a: Charizard|Hidden Power|p1a: Suicune
|-supereffective|p1a: Suicune
|-damage|p1a: Suicune|0 fnt
|faint|p1a: Suicune
|
|t:|1731176444
|switch|p1a: Heracross|Heracross, M|15/100
|
|-weather|Sandstorm|[upkeep]
|-damage|p2a: Charizard|28/100|[from] Sandstorm
|-damage|p1a: Heracross|8/100|[from] Sandstorm
|-heal|p2a: Charizard|34/100|[from] item: Leftovers
|upkeep
|turn|24
|
|t:|1731176450
|move|p2a: Charizard|Flamethrower|p1a: Heracross
|-supereffective|p1a: Heracross
|-damage|p1a: Heracross|0 fnt
|faint|p1a: Heracross
|
|t:|1731176454
|switch|p1a: Metagross|Metagross|52/100
|
|-weather|Sandstorm|[upkeep]
|-damage|p2a: Charizard|28/100|[from] Sandstorm
|-heal|p2a: Charizard|34/100|[from] item: Leftovers
|-heal|p1a: Metagross|58/100|[from] item: Leftovers
|upkeep
|turn|25
|c|☆Zpanther|gg
|c|☆Christos|gg
|inactive|Christos has 210 seconds left.
|
|t:|1731176461
|move|p2a: Charizard|Flamethrower|p1a: Metagross
|-supereffective|p1a: Metagross
|-damage|p1a: Metagross|0 fnt
|faint|p1a: Metagross
|
|win|Christos

</script>
<script type="application/json" class="data" id="replaydata-smogtours-gen3ou-805497">
{"id":"smogtours-gen3ou-805497","format":"[Gen 3] OU","players":["Zpanther","Christos"],"uploadtime":1731176461,"views":16,"formatid":"gen3ou","rating":null,"private":1,"password":null}
</script>

<script defer src="js/replays.js?9d40a366"></script>
