<!DOCTYPE html>
<meta charset="utf-8" />
<meta name="viewport" content="width=device-width" />

<title>[Gen 3] OU: Mulikki vs. Strawbbz - Replays - Pok&eacute;mon Showdown!</title>

<meta name="description" content="Watch a replay of a Pok&eacute;mon battle between Mulikki and Strawbbz! Format: [Gen 3] OU; Date: Oct 15, 2024" />
<!--

Hey, you! Looking in the source for the replay log?

You can find them in JSON format, just add `.json` at the end of a replay URL.

https://replay.pokemonshowdown.com/gen7randomdoublesbattle-865046831.json

Or, if you only need the log itself, add `.log` instead:

https://replay.pokemonshowdown.com/gen7randomdoublesbattle-865046831.log

-->

<link rel="stylesheet" href="//pokemonshowdown.com/style/global.css?0.023195364461161105" />
<link rel="stylesheet" href="//play.pokemonshowdown.com/style/font-awesome.css?0.13261647063804238" />
<link rel="stylesheet" href="//play.pokemonshowdown.com/style/battle.css?0.8753245789963631" />
<link rel="stylesheet" href="//play.pokemonshowdown.com/style/utilichart.css?0.8627959624976733" />

<!-- Global site tag (gtag.js) - Google Analytics -->
<script async src="https://www.googletagmanager.com/gtag/js?id=UA-26211653-1"></script>
<script>
  window.dataLayer = window.dataLayer || [];
  function gtag(){dataLayer.push(arguments);}
  gtag('js', new Date());

  gtag('config', 'UA-26211653-1');
</script>
<!-- End Google Analytics -->
<!-- Venatus Ad Manager - Install in <HEAD> of page -->
	<script src="https://hb.vntsm.com/v3/live/ad-manager.min.js" type="text/javascript" data-site-id="642aba63ec9a7b11c3c9c1be" data-mode="scan" async></script>
<!-- / Venatus Ad Manager -->

<style>
	@media (max-width:820px) {
		.battle {
			margin: 0 auto;
		}
		.battle-log {
			margin: 7px auto 0;
			max-width: 640px;
			height: 300px;
			position: static;
		}
	}
	.optgroup {
		display: inline-block;
		line-height: 22px;
		font-size: 10pt;
	}
	.optgroup .button {
		height: 25px;
		padding-top: 0;
		padding-bottom: 0;
	}
	.optgroup button.button {
		padding-left: 12px;
		padding-right: 12px;
	}
	.linklist {
		list-style: none;
		margin: 0.5em 0;
		padding: 0;
	}
	.linklist li {
		padding: 2px 0;
	}
	.sidebar {
		float: left;
		width: 320px;
	}
	.bar-wrapper {
		max-width: 1100px;
		margin: 0 auto;
	}
	.bar-wrapper.has-sidebar {
		max-width: 1430px;
	}
	.mainbar {
		margin: 0;
		padding-right: 1px;
	}
	.mainbar.has-sidebar {
		margin-left: 330px;
	}
	@media (min-width: 1511px) {
		.sidebar {
			width: 400px;
		}
		.bar-wrapper.has-sidebar {
			max-width: 1510px;
		}
		.mainbar.has-sidebar {
			margin-left: 410px;
		}
	}
	.section.first-section {
		margin-top: 9px;
	}
	.blocklink small {
		white-space: normal;
	}
	.button {
		vertical-align: middle;
	}
	.replay-controls {
		padding-top: 10px;
	}
	.replay-controls h1 {
		font-size: 16pt;
		font-weight: normal;
		color: #CCC;
	}
	.pagelink {
		text-align: center;
	}
	.pagelink a {
		width: 150px;
	}
	.textbox, .button {
		font-size: 11pt;
		vertical-align: middle;
	}
	@media (max-width: 450px) {
		.button {
			font-size: 9pt;
		}
	}
</style>

<div>

	<header>
		<div class="nav-wrapper"><ul class="nav">
			<li><a class="button nav-first" href="//pokemonshowdown.com/"><img src="//pokemonshowdown.com/images/pokemonshowdownbeta.png" srcset="//pokemonshowdown.com/images/pokemonshowdownbeta.png 1x, //pokemonshowdown.com/images/pokemonshowdownbeta@2x.png 2x" alt="Pok&eacute;mon Showdown" width="146" height="44" /> Home</a></li>
			<li><a class="button" href="//pokemonshowdown.com/dex/">Pok&eacute;dex</a></li>
			<li><a class="button cur" href="/">Replays</a></li>
			<li><a class="button" href="//pokemonshowdown.com/ladder/">Ladder</a></li>
			<li><a class="button nav-last" href="//pokemonshowdown.com/forums/">Forum</a></li>
			<li><a class="button greenbutton nav-first nav-last" href="//play.pokemonshowdown.com/">Play</a></li>
		</ul></div>
	</header>

	<div class="main" id="main">

		<noscript><section class="section">You need to enable JavaScript to use this page; sorry!</section></noscript>

	</div>

</div>

<script defer nomodule src="//play.pokemonshowdown.com/js/lib/ps-polyfill.js"></script>
<script defer src="//play.pokemonshowdown.com/js/lib/preact.min.js"></script>

<script defer src="//play.pokemonshowdown.com/config/config.js?2bddbc15"></script>
<script defer src="//play.pokemonshowdown.com/js/lib/jquery-1.11.0.min.js"></script>
<script defer src="//play.pokemonshowdown.com/js/lib/html-sanitizer-minified.js"></script>
<script defer src="//play.pokemonshowdown.com/js/battle-sound.js"></script>
<script defer src="//play.pokemonshowdown.com/js/battledata.js?0.7209276989879541"></script>
<script defer src="//play.pokemonshowdown.com/data/pokedex-mini.js?0.6111056340867951"></script>
<script defer src="//play.pokemonshowdown.com/data/pokedex-mini-bw.js?0.3532142036491459"></script>
<script defer src="//play.pokemonshowdown.com/data/graphics.js?0.24223875632456182"></script>
<script defer src="//play.pokemonshowdown.com/data/pokedex.js?0.38839984266356864"></script>
<script defer src="//play.pokemonshowdown.com/data/moves.js?0.21866028504024015"></script>
<script defer src="//play.pokemonshowdown.com/data/abilities.js?0.2005157953846628"></script>
<script defer src="//play.pokemonshowdown.com/data/items.js?0.9894211263848525"></script>
<script defer src="//play.pokemonshowdown.com/data/teambuilder-tables.js?0.6008791140282215"></script>
<script defer src="//play.pokemonshowdown.com/js/battle-tooltips.js?0.7580118955022959"></script>
<script defer src="//play.pokemonshowdown.com/js/battle.js?0.6057722274234274"></script>

<script defer src="js/utils.js?e31f9a17"></script>
<script defer src="js/replays-battle.js?7008c182"></script>

<!-- don't scrape this data! just add .json or .log after the URL!
Full API docs: https://github.com/smogon/pokemon-showdown-client/blob/master/WEB-API.md -->
<script type="text/plain" class="log" id="replaylog-smogtours-gen3ou-798962">
|inactive|Battle timer is ON: inactive players will automatically lose when time's up.
|t:|1729019235
|gametype|singles
|player|p1|Mulikki|1|
|player|p2|Strawbbz|silver-gen2|
|teamsize|p1|6
|teamsize|p2|6
|gen|3
|tier|[Gen 3] OU
|rule|Sleep Clause Mod: Limit one foe put to sleep
|rule|Switch Priority Clause Mod: Faster Pokémon switch first
|rule|Species Clause: Limit one of each Pokémon
|rule|OHKO Clause: OHKO moves are banned
|rule|Evasion Items Clause: Evasion items are banned
|rule|Evasion Moves Clause: Evasion moves are banned
|rule|Endless Battle Clause: Forcing endless battles is banned
|rule|HP Percentage Mod: HP is shown in percentages
|rule|One Boost Passer Clause: Limit one Baton Passer that has a way to boost its stats
|rule|Freeze Clause Mod: Limit one foe frozen
|
|t:|1729019235
|start
|switch|p1a: Breloom|Breloom, M|100/100
|switch|p2a: Dugtrio|Dugtrio, F|100/100
|turn|1
|c|☆Strawbbz|glhf
|
|t:|1729019242
|move|p2a: Dugtrio|Aerial Ace|p1a: Breloom
|-supereffective|p1a: Breloom
|-damage|p1a: Breloom|0 fnt
|faint|p1a: Breloom
|
|t:|1729019249
|switch|p1a: Zapdos|Zapdos|100/100
|
|upkeep
|turn|2
|
|t:|1729019257
|switch|p2a: Blissey|Blissey, F|100/100
|move|p1a: Zapdos|Substitute|p1a: Zapdos
|-start|p1a: Zapdos|Substitute
|-damage|p1a: Zapdos|76/100
|
|-heal|p1a: Zapdos|82/100|[from] item: Leftovers
|upkeep
|turn|3
|
|t:|1729019272
|move|p1a: Zapdos|Baton Pass|p1a: Zapdos
|
|t:|1729019276
|switch|p1a: Metagross|Metagross|100/100|[from] Baton Pass
|move|p2a: Blissey|Seismic Toss|p1a: Metagross
|-end|p1a: Metagross|Substitute
|
|upkeep
|turn|4
|inactive|Strawbbz has 270 seconds left.
|
|t:|1729019327
|switch|p2a: Milotic|Milotic, M|100/100
|move|p1a: Metagross|Meteor Mash|p2a: Milotic
|-resisted|p2a: Milotic
|-damage|p2a: Milotic|79/100
|
|-heal|p2a: Milotic|85/100|[from] item: Leftovers
|upkeep
|turn|5
|
|t:|1729019343
|switch|p1a: Snorlax|Snorlax, F|100/100
|switch|p2a: Metagross|Metagross|100/100
|
|upkeep
|turn|6
|
|t:|1729019351
|switch|p1a: Zapdos|Zapdos|82/100
|move|p2a: Metagross|Meteor Mash|p1a: Zapdos
|-resisted|p1a: Zapdos
|-damage|p1a: Zapdos|48/100
|
|-heal|p1a: Zapdos|54/100|[from] item: Leftovers
|upkeep
|turn|7
|
|t:|1729019361
|move|p1a: Zapdos|Baton Pass|p1a: Zapdos
|
|t:|1729019363
|switch|p1a: Metagross|Metagross|100/100|[from] Baton Pass
|move|p2a: Metagross|Meteor Mash|p1a: Metagross
|-resisted|p1a: Metagross
|-damage|p1a: Metagross|78/100
|
|-heal|p1a: Metagross|84/100|[from] item: Leftovers
|upkeep
|turn|8
|
|t:|1729019372
|switch|p2a: Skarmory|Skarmory, M|100/100
|move|p1a: Metagross|Earthquake|p2a: Skarmory
|-immune|p2a: Skarmory
|
|-heal|p1a: Metagross|90/100|[from] item: Leftovers
|upkeep
|turn|9
|inactive|Strawbbz has 270 seconds left.
|
|t:|1729019381
|switch|p1a: Zapdos|Zapdos|54/100
|move|p2a: Skarmory|Drill Peck|p1a: Zapdos
|-resisted|p1a: Zapdos
|-damage|p1a: Zapdos|42/100
|
|-heal|p1a: Zapdos|48/100|[from] item: Leftovers
|upkeep
|turn|10
|
|t:|1729019392
|switch|p2a: Blissey|Blissey, F|100/100
|move|p1a: Zapdos|Thunderbolt|p2a: Blissey
|-damage|p2a: Blissey|80/100
|
|-heal|p1a: Zapdos|54/100|[from] item: Leftovers
|-heal|p2a: Blissey|86/100|[from] item: Leftovers
|upkeep
|turn|11
|
|t:|1729019402
|move|p1a: Zapdos|Baton Pass|p1a: Zapdos
|
|t:|1729019410
|switch|p1a: Forretress|Forretress, F|100/100|[from] Baton Pass
|move|p2a: Blissey|Seismic Toss|p1a: Forretress
|-damage|p1a: Forretress|72/100
|
|-heal|p2a: Blissey|92/100|[from] item: Leftovers
|-heal|p1a: Forretress|78/100|[from] item: Leftovers
|upkeep
|turn|12
|
|t:|1729019429
|switch|p2a: Claydol|Claydol|100/100
|move|p1a: Forretress|Spikes|p2a: Claydol
|-sidestart|p2: Strawbbz|Spikes
|
|-heal|p1a: Forretress|85/100|[from] item: Leftovers
|upkeep
|turn|13
|
|t:|1729019442
|switch|p1a: Snorlax|Snorlax, F|100/100
|move|p2a: Claydol|Rapid Spin|p1a: Snorlax
|-damage|p1a: Snorlax|96/100
|-sideend|p2: Strawbbz|Spikes|[from] move: Rapid Spin|[of] p2a: Claydol
|
|-heal|p1a: Snorlax|100/100|[from] item: Leftovers
|upkeep
|turn|14
|
|t:|1729019450
|switch|p2a: Skarmory|Skarmory, M|100/100
|move|p1a: Snorlax|Body Slam|p2a: Skarmory
|-resisted|p2a: Skarmory
|-damage|p2a: Skarmory|86/100
|
|-heal|p2a: Skarmory|92/100|[from] item: Leftovers
|upkeep
|turn|15
|
|t:|1729019459
|move|p2a: Skarmory|Spikes|p1a: Snorlax
|-sidestart|p1: Mulikki|Spikes
|move|p1a: Snorlax|Body Slam|p2a: Skarmory
|-resisted|p2a: Skarmory
|-damage|p2a: Skarmory|76/100
|
|-heal|p2a: Skarmory|82/100|[from] item: Leftovers
|upkeep
|turn|16
|
|t:|1729019468
|switch|p2a: Metagross|Metagross|100/100
|move|p1a: Snorlax|Body Slam|p2a: Metagross
|-resisted|p2a: Metagross
|-damage|p2a: Metagross|86/100
|
|-heal|p2a: Metagross|92/100|[from] item: Leftovers
|upkeep
|turn|17
|
|t:|1729019477
|move|p2a: Metagross|Meteor Mash|p1a: Snorlax|[miss]
|-miss|p2a: Metagross|p1a: Snorlax
|move|p1a: Snorlax|Body Slam|p2a: Metagross
|-resisted|p2a: Metagross
|-damage|p2a: Metagross|79/100
|
|-heal|p2a: Metagross|85/100|[from] item: Leftovers
|upkeep
|turn|18
|
|t:|1729019488
|switch|p1a: Houndoom|Houndoom, M|100/100
|-damage|p1a: Houndoom|88/100|[from] Spikes
|move|p2a: Metagross|Meteor Mash|p1a: Houndoom
|-resisted|p1a: Houndoom
|-damage|p1a: Houndoom|38/100
|
|-heal|p1a: Houndoom|44/100|[from] item: Leftovers
|-heal|p2a: Metagross|91/100|[from] item: Leftovers
|upkeep
|turn|19
|
|t:|1729019502
|-activate|p2a: Metagross|move: Pursuit
|move|p1a: Houndoom|Pursuit|p2a: Metagross|[from]Pursuit
|-crit|p2a: Metagross
|-damage|p2a: Metagross|11/100
|switch|p2a: Blissey|Blissey, F|92/100
|
|-heal|p1a: Houndoom|50/100|[from] item: Leftovers
|-heal|p2a: Blissey|99/100|[from] item: Leftovers
|upkeep
|turn|20
|
|t:|1729019522
|move|p1a: Houndoom|Fire Blast|p2a: Blissey
|-damage|p2a: Blissey|73/100
|-status|p2a: Blissey|brn
|move|p2a: Blissey|Seismic Toss|p1a: Houndoom
|-damage|p1a: Houndoom|17/100
|
|-heal|p1a: Houndoom|24/100|[from] item: Leftovers
|-heal|p2a: Blissey|79/100 brn|[from] item: Leftovers
|-damage|p2a: Blissey|66/100 brn|[from] brn
|upkeep
|turn|21
|
|t:|1729019534
|-curestatus|p2a: Blissey|brn|[from] ability: Natural Cure
|switch|p2a: Milotic|Milotic, M|85/100
|move|p1a: Houndoom|Fire Blast|p2a: Milotic
|-resisted|p2a: Milotic
|-damage|p2a: Milotic|65/100
|
|-heal|p1a: Houndoom|30/100|[from] item: Leftovers
|-heal|p2a: Milotic|71/100|[from] item: Leftovers
|upkeep
|turn|22
|
|t:|1729019545
|move|p1a: Houndoom|Hidden Power|p2a: Milotic
|-supereffective|p2a: Milotic
|-damage|p2a: Milotic|34/100
|move|p2a: Milotic|Surf|p1a: Houndoom
|-supereffective|p1a: Houndoom
|-damage|p1a: Houndoom|0 fnt
|faint|p1a: Houndoom
|
|t:|1729019555
|switch|p1a: Zapdos|Zapdos|54/100
|
|-heal|p1a: Zapdos|60/100|[from] item: Leftovers
|-heal|p2a: Milotic|40/100|[from] item: Leftovers
|upkeep
|turn|23
|
|t:|1729019563
|switch|p2a: Blissey|Blissey, F|66/100
|move|p1a: Zapdos|Baton Pass|p1a: Zapdos
|
|t:|1729019573
|switch|p1a: Metagross|Metagross|90/100|[from] Baton Pass
|-damage|p1a: Metagross|78/100|[from] Spikes
|
|-heal|p1a: Metagross|84/100|[from] item: Leftovers
|-heal|p2a: Blissey|73/100|[from] item: Leftovers
|upkeep
|turn|24
|
|t:|1729019582
|switch|p2a: Skarmory|Skarmory, M|82/100
|move|p1a: Metagross|Meteor Mash|p2a: Skarmory
|-resisted|p2a: Skarmory
|-damage|p2a: Skarmory|61/100
|
|-heal|p1a: Metagross|90/100|[from] item: Leftovers
|-heal|p2a: Skarmory|67/100|[from] item: Leftovers
|upkeep
|turn|25
|
|t:|1729019592
|move|p1a: Metagross|Meteor Mash|p2a: Skarmory
|-resisted|p2a: Skarmory
|-damage|p2a: Skarmory|45/100
|move|p2a: Skarmory|Spikes|p1a: Metagross
|-sidestart|p1: Mulikki|Spikes
|
|-heal|p1a: Metagross|96/100|[from] item: Leftovers
|-heal|p2a: Skarmory|50/100|[from] item: Leftovers
|upkeep
|turn|26
|
|t:|1729019601
|move|p2a: Skarmory|Protect|p2a: Skarmory
|-singleturn|p2a: Skarmory|Protect
|move|p1a: Metagross|Meteor Mash|p2a: Skarmory
|-activate|p2a: Skarmory|Protect
|
|-heal|p1a: Metagross|100/100|[from] item: Leftovers
|-heal|p2a: Skarmory|56/100|[from] item: Leftovers
|upkeep
|turn|27
|
|t:|1729019611
|move|p1a: Metagross|Meteor Mash|p2a: Skarmory
|-resisted|p2a: Skarmory
|-damage|p2a: Skarmory|34/100
|move|p2a: Skarmory|Roar|p1a: Metagross
|drag|p1a: Forretress|Forretress, F|85/100
|-damage|p1a: Forretress|68/100|[from] Spikes
|
|-heal|p2a: Skarmory|40/100|[from] item: Leftovers
|-heal|p1a: Forretress|74/100|[from] item: Leftovers
|upkeep
|turn|28
|
|t:|1729019627
|switch|p2a: Metagross|Metagross|11/100
|move|p1a: Forretress|Rapid Spin|p2a: Metagross
|-resisted|p2a: Metagross
|-damage|p2a: Metagross|10/100
|-sideend|p1: Mulikki|Spikes|[from] move: Rapid Spin|[of] p1a: Forretress
|
|-heal|p2a: Metagross|16/100|[from] item: Leftovers
|-heal|p1a: Forretress|80/100|[from] item: Leftovers
|upkeep
|turn|29
|inactive|Strawbbz has 270 seconds left.
|
|t:|1729019673
|move|p2a: Metagross|Explosion|p1a: Forretress
|-resisted|p1a: Forretress
|-damage|p1a: Forretress|15/100
|faint|p2a: Metagross
|
|t:|1729019676
|switch|p2a: Dugtrio|Dugtrio, F|100/100
|
|-heal|p1a: Forretress|21/100|[from] item: Leftovers
|upkeep
|turn|30
|
|t:|1729019683
|move|p2a: Dugtrio|Earthquake|p1a: Forretress
|-damage|p1a: Forretress|0 fnt
|faint|p1a: Forretress
|
|t:|1729019688
|switch|p1a: Zapdos|Zapdos|60/100
|
|-heal|p1a: Zapdos|67/100|[from] item: Leftovers
|upkeep
|turn|31
|
|t:|1729019693
|switch|p2a: Claydol|Claydol|100/100
|move|p1a: Zapdos|Substitute|p1a: Zapdos
|-start|p1a: Zapdos|Substitute
|-damage|p1a: Zapdos|42/100
|
|-heal|p1a: Zapdos|48/100|[from] item: Leftovers
|upkeep
|turn|32
|
|t:|1729019702
|move|p1a: Zapdos|Hidden Power|p2a: Claydol
|-supereffective|p2a: Claydol
|-damage|p2a: Claydol|59/100
|move|p2a: Claydol|Psychic|p1a: Zapdos
|-activate|p1a: Zapdos|Substitute|[damage]
|
|-heal|p1a: Zapdos|54/100|[from] item: Leftovers
|-heal|p2a: Claydol|65/100|[from] item: Leftovers
|upkeep
|turn|33
|
|t:|1729019712
|switch|p2a: Blissey|Blissey, F|73/100
|move|p1a: Zapdos|Hidden Power|p2a: Blissey
|-damage|p2a: Blissey|63/100
|
|-heal|p1a: Zapdos|60/100|[from] item: Leftovers
|-heal|p2a: Blissey|69/100|[from] item: Leftovers
|upkeep
|turn|34
|
|t:|1729019722
|move|p1a: Zapdos|Baton Pass|p1a: Zapdos
|
|t:|1729019723
|switch|p1a: Metagross|Metagross|100/100|[from] Baton Pass
|move|p2a: Blissey|Wish|p2a: Blissey
|
|-heal|p2a: Blissey|75/100|[from] item: Leftovers
|upkeep
|turn|35
|
|t:|1729019736
|switch|p2a: Skarmory|Skarmory, M|40/100
|move|p1a: Metagross|Earthquake|p2a: Skarmory
|-immune|p2a: Skarmory
|
|-heal|p2a: Skarmory|90/100|[from] move: Wish|[wisher] Blissey
|-heal|p2a: Skarmory|96/100|[from] item: Leftovers
|upkeep
|turn|36
|
|t:|1729019747
|move|p1a: Metagross|Meteor Mash|p2a: Skarmory|[miss]
|-miss|p1a: Metagross|p2a: Skarmory
|move|p2a: Skarmory|Spikes|p1a: Metagross
|-sidestart|p1: Mulikki|Spikes
|
|-heal|p2a: Skarmory|100/100|[from] item: Leftovers
|upkeep
|turn|37
|
|t:|1729019755
|move|p2a: Skarmory|Protect|p2a: Skarmory
|-singleturn|p2a: Skarmory|Protect
|move|p1a: Metagross|Meteor Mash|p2a: Skarmory
|-activate|p2a: Skarmory|Protect
|
|upkeep
|turn|38
|
|t:|1729019762
|move|p1a: Metagross|Meteor Mash|p2a: Skarmory|[miss]
|-miss|p1a: Metagross|p2a: Skarmory
|move|p2a: Skarmory|Spikes|p1a: Metagross
|-sidestart|p1: Mulikki|Spikes
|
|upkeep
|turn|39
|
|t:|1729019769
|move|p2a: Skarmory|Protect|p2a: Skarmory
|-singleturn|p2a: Skarmory|Protect
|move|p1a: Metagross|Meteor Mash|p2a: Skarmory|[miss]
|-miss|p1a: Metagross|p2a: Skarmory
|
|upkeep
|turn|40
|
|t:|1729019775
|move|p1a: Metagross|Meteor Mash|p2a: Skarmory
|-resisted|p2a: Skarmory
|-crit|p2a: Skarmory
|-damage|p2a: Skarmory|55/100
|move|p2a: Skarmory|Spikes|p1a: Metagross
|-sidestart|p1: Mulikki|Spikes
|
|-heal|p2a: Skarmory|61/100|[from] item: Leftovers
|upkeep
|turn|41
|
|t:|1729019784
|move|p2a: Skarmory|Protect|p2a: Skarmory
|-singleturn|p2a: Skarmory|Protect
|move|p1a: Metagross|Meteor Mash|p2a: Skarmory
|-activate|p2a: Skarmory|Protect
|
|-heal|p2a: Skarmory|67/100|[from] item: Leftovers
|upkeep
|turn|42
|
|t:|1729019793
|move|p1a: Metagross|Meteor Mash|p2a: Skarmory
|-resisted|p2a: Skarmory
|-damage|p2a: Skarmory|43/100
|move|p2a: Skarmory|Roar|p1a: Metagross
|drag|p1a: Snorlax|Snorlax, F|100/100
|-damage|p1a: Snorlax|76/100|[from] Spikes
|
|-heal|p2a: Skarmory|49/100|[from] item: Leftovers
|-heal|p1a: Snorlax|82/100|[from] item: Leftovers
|upkeep
|turn|43
|
|t:|1729019806
|move|p2a: Skarmory|Protect|p2a: Skarmory
|-singleturn|p2a: Skarmory|Protect
|move|p1a: Snorlax|Body Slam|p2a: Skarmory
|-activate|p2a: Skarmory|Protect
|
|-heal|p2a: Skarmory|55/100|[from] item: Leftovers
|-heal|p1a: Snorlax|88/100|[from] item: Leftovers
|upkeep
|turn|44
|
|t:|1729019818
|switch|p2a: Claydol|Claydol|65/100
|move|p1a: Snorlax|Body Slam|p2a: Claydol
|-damage|p2a: Claydol|25/100
|
|-heal|p2a: Claydol|31/100|[from] item: Leftovers
|-heal|p1a: Snorlax|94/100|[from] item: Leftovers
|upkeep
|turn|45
|
|t:|1729019828
|switch|p1a: Metagross|Metagross|100/100
|-damage|p1a: Metagross|76/100|[from] Spikes
|move|p2a: Claydol|Earthquake|p1a: Metagross
|-supereffective|p1a: Metagross
|-damage|p1a: Metagross|15/100
|
|-heal|p1a: Metagross|21/100|[from] item: Leftovers
|-heal|p2a: Claydol|38/100|[from] item: Leftovers
|upkeep
|turn|46
|
|t:|1729019839
|move|p1a: Metagross|Meteor Mash|p2a: Claydol
|-damage|p2a: Claydol|0 fnt
|faint|p2a: Claydol
|
|t:|1729019849
|switch|p2a: Dugtrio|Dugtrio, F|100/100
|
|-heal|p1a: Metagross|28/100|[from] item: Leftovers
|upkeep
|turn|47
|
|t:|1729019855
|move|p2a: Dugtrio|Earthquake|p1a: Metagross
|-supereffective|p1a: Metagross
|-damage|p1a: Metagross|0 fnt
|faint|p1a: Metagross
|
|t:|1729019861
|switch|p1a: Zapdos|Zapdos|60/100
|
|-heal|p1a: Zapdos|67/100|[from] item: Leftovers
|upkeep
|turn|48
|
|t:|1729019869
|switch|p2a: Blissey|Blissey, F|75/100
|move|p1a: Zapdos|Substitute|p1a: Zapdos
|-start|p1a: Zapdos|Substitute
|-damage|p1a: Zapdos|42/100
|
|-heal|p1a: Zapdos|48/100|[from] item: Leftovers
|-heal|p2a: Blissey|81/100|[from] item: Leftovers
|upkeep
|turn|49
|
|t:|1729019880
|move|p1a: Zapdos|Baton Pass|p1a: Zapdos
|
|t:|1729019882
|switch|p1a: Snorlax|Snorlax, F|94/100|[from] Baton Pass
|-damage|p1a: Snorlax|69/100|[from] Spikes
|move|p2a: Blissey|Seismic Toss|p1a: Snorlax
|-end|p1a: Snorlax|Substitute
|
|-heal|p2a: Blissey|87/100|[from] item: Leftovers
|-heal|p1a: Snorlax|75/100|[from] item: Leftovers
|upkeep
|turn|50
|
|t:|1729019894
|move|p2a: Blissey|Wish|p2a: Blissey
|move|p1a: Snorlax|Body Slam|p2a: Blissey
|-damage|p2a: Blissey|44/100
|
|-heal|p2a: Blissey|51/100|[from] item: Leftovers
|-heal|p1a: Snorlax|81/100|[from] item: Leftovers
|upkeep
|turn|51
|
|t:|1729019903
|switch|p2a: Milotic|Milotic, M|40/100
|move|p1a: Snorlax|Curse|p1a: Snorlax
|-unboost|p1a: Snorlax|spe|1
|-boost|p1a: Snorlax|atk|1
|-boost|p1a: Snorlax|def|1
|
|-heal|p2a: Milotic|90/100|[from] move: Wish|[wisher] Blissey
|-heal|p2a: Milotic|96/100|[from] item: Leftovers
|-heal|p1a: Snorlax|87/100|[from] item: Leftovers
|upkeep
|turn|52
|
|t:|1729019915
|switch|p2a: Skarmory|Skarmory, M|55/100
|move|p1a: Snorlax|Curse|p1a: Snorlax
|-unboost|p1a: Snorlax|spe|1
|-boost|p1a: Snorlax|atk|1
|-boost|p1a: Snorlax|def|1
|
|-heal|p2a: Skarmory|61/100|[from] item: Leftovers
|-heal|p1a: Snorlax|93/100|[from] item: Leftovers
|upkeep
|turn|53
|
|t:|1729019925
|move|p1a: Snorlax|Body Slam|p2a: Skarmory
|-resisted|p2a: Skarmory
|-damage|p2a: Skarmory|30/100
|-status|p2a: Skarmory|par
|move|p2a: Skarmory|Roar|p1a: Snorlax
|drag|p1a: Zapdos|Zapdos|48/100
|
|-heal|p1a: Zapdos|54/100|[from] item: Leftovers
|-heal|p2a: Skarmory|36/100 par|[from] item: Leftovers
|upkeep
|turn|54
|
|t:|1729019938
|switch|p2a: Blissey|Blissey, F|51/100
|move|p1a: Zapdos|Substitute|p1a: Zapdos
|-start|p1a: Zapdos|Substitute
|-damage|p1a: Zapdos|29/100
|
|-heal|p1a: Zapdos|35/100|[from] item: Leftovers
|-heal|p2a: Blissey|57/100|[from] item: Leftovers
|upkeep
|turn|55
|
|t:|1729019952
|move|p1a: Zapdos|Thunderbolt|p2a: Blissey
|-damage|p2a: Blissey|35/100
|move|p2a: Blissey|Wish|p2a: Blissey
|
|-heal|p1a: Zapdos|42/100|[from] item: Leftovers
|-heal|p2a: Blissey|42/100|[from] item: Leftovers
|upkeep
|turn|56
|
|t:|1729019961
|move|p1a: Zapdos|Thunderbolt|p2a: Blissey
|-damage|p2a: Blissey|22/100
|move|p2a: Blissey|Seismic Toss|p1a: Zapdos
|-end|p1a: Zapdos|Substitute
|
|-heal|p2a: Blissey|72/100|[from] move: Wish|[wisher] Blissey
|-heal|p1a: Zapdos|48/100|[from] item: Leftovers
|-heal|p2a: Blissey|78/100|[from] item: Leftovers
|upkeep
|turn|57
|
|t:|1729019973
|move|p1a: Zapdos|Baton Pass|p1a: Zapdos
|
|t:|1729019974
|switch|p1a: Snorlax|Snorlax, F|93/100|[from] Baton Pass
|-damage|p1a: Snorlax|68/100|[from] Spikes
|move|p2a: Blissey|Wish|p2a: Blissey
|
|-heal|p2a: Blissey|85/100|[from] item: Leftovers
|-heal|p1a: Snorlax|74/100|[from] item: Leftovers
|upkeep
|turn|58
|
|t:|1729019985
|switch|p2a: Skarmory|Skarmory, M|36/100 par
|move|p1a: Snorlax|Body Slam|p2a: Skarmory
|-resisted|p2a: Skarmory
|-damage|p2a: Skarmory|22/100 par
|
|-heal|p2a: Skarmory|72/100 par|[from] move: Wish|[wisher] Blissey
|-heal|p1a: Snorlax|80/100|[from] item: Leftovers
|-heal|p2a: Skarmory|78/100 par|[from] item: Leftovers
|upkeep
|turn|59
|
|t:|1729019997
|move|p1a: Snorlax|Body Slam|p2a: Skarmory
|-resisted|p2a: Skarmory
|-damage|p2a: Skarmory|62/100 par
|move|p2a: Skarmory|Roar|p1a: Snorlax
|drag|p1a: Zapdos|Zapdos|48/100
|
|-heal|p1a: Zapdos|54/100|[from] item: Leftovers
|-heal|p2a: Skarmory|68/100 par|[from] item: Leftovers
|upkeep
|turn|60
|
|t:|1729020007
|switch|p2a: Blissey|Blissey, F|85/100
|move|p1a: Zapdos|Thunderbolt|p2a: Blissey
|-damage|p2a: Blissey|66/100
|
|-heal|p1a: Zapdos|60/100|[from] item: Leftovers
|-heal|p2a: Blissey|72/100|[from] item: Leftovers
|upkeep
|turn|61
|
|t:|1729020017
|move|p1a: Zapdos|Thunderbolt|p2a: Blissey
|-damage|p2a: Blissey|51/100
|move|p2a: Blissey|Seismic Toss|p1a: Zapdos
|-damage|p1a: Zapdos|29/100
|
|-heal|p1a: Zapdos|35/100|[from] item: Leftovers
|-heal|p2a: Blissey|57/100|[from] item: Leftovers
|upkeep
|turn|62
|
|t:|1729020026
|move|p1a: Zapdos|Thunderbolt|p2a: Blissey
|-damage|p2a: Blissey|38/100
|move|p2a: Blissey|Soft-Boiled|p2a: Blissey
|-heal|p2a: Blissey|88/100
|
|-heal|p1a: Zapdos|42/100|[from] item: Leftovers
|-heal|p2a: Blissey|94/100|[from] item: Leftovers
|upkeep
|turn|63
|
|t:|1729020045
|switch|p2a: Dugtrio|Dugtrio, F|100/100
|move|p1a: Zapdos|Thunderbolt|p2a: Dugtrio
|-immune|p2a: Dugtrio
|
|-heal|p1a: Zapdos|48/100|[from] item: Leftovers
|upkeep
|turn|64
|
|t:|1729020058
|switch|p2a: Blissey|Blissey, F|94/100
|move|p1a: Zapdos|Hidden Power|p2a: Blissey
|-damage|p2a: Blissey|85/100
|
|-heal|p1a: Zapdos|54/100|[from] item: Leftovers
|-heal|p2a: Blissey|91/100|[from] item: Leftovers
|upkeep
|turn|65
|
|t:|1729020067
|move|p1a: Zapdos|Thunderbolt|p2a: Blissey
|-damage|p2a: Blissey|70/100
|move|p2a: Blissey|Soft-Boiled|p2a: Blissey
|-heal|p2a: Blissey|100/100
|
|-heal|p1a: Zapdos|60/100|[from] item: Leftovers
|upkeep
|turn|66
|
|t:|1729020075
|move|p1a: Zapdos|Thunderbolt|p2a: Blissey
|-damage|p2a: Blissey|81/100
|move|p2a: Blissey|Wish|p2a: Blissey
|
|-heal|p1a: Zapdos|67/100|[from] item: Leftovers
|-heal|p2a: Blissey|87/100|[from] item: Leftovers
|upkeep
|turn|67
|
|t:|1729020095
|move|p1a: Zapdos|Hidden Power|p2a: Blissey
|-damage|p2a: Blissey|77/100
|move|p2a: Blissey|Soft-Boiled|p2a: Blissey
|-heal|p2a: Blissey|100/100
|
|-heal|p1a: Zapdos|73/100|[from] item: Leftovers
|upkeep
|turn|68
|
|t:|1729020105
|move|p1a: Zapdos|Substitute|p1a: Zapdos
|-start|p1a: Zapdos|Substitute
|-damage|p1a: Zapdos|48/100
|move|p2a: Blissey|Wish|p2a: Blissey
|
|-heal|p1a: Zapdos|54/100|[from] item: Leftovers
|upkeep
|turn|69
|
|t:|1729020114
|move|p1a: Zapdos|Substitute|p1a: Zapdos
|-fail|p1a: Zapdos|move: Substitute
|move|p2a: Blissey|Ice Beam|p1a: Zapdos
|-supereffective|p1a: Zapdos
|-end|p1a: Zapdos|Substitute
|
|-heal|p1a: Zapdos|60/100|[from] item: Leftovers
|upkeep
|turn|70
|
|t:|1729020123
|move|p1a: Zapdos|Thunderbolt|p2a: Blissey
|-crit|p2a: Blissey
|-damage|p2a: Blissey|59/100
|move|p2a: Blissey|Soft-Boiled|p2a: Blissey
|-heal|p2a: Blissey|100/100
|
|-heal|p1a: Zapdos|67/100|[from] item: Leftovers
|upkeep
|turn|71
|
|t:|1729020131
|move|p1a: Zapdos|Substitute|p1a: Zapdos
|-start|p1a: Zapdos|Substitute
|-damage|p1a: Zapdos|42/100
|move|p2a: Blissey|Wish|p2a: Blissey
|
|-heal|p1a: Zapdos|48/100|[from] item: Leftovers
|upkeep
|turn|72
|
|t:|1729020139
|move|p1a: Zapdos|Thunderbolt|p2a: Blissey
|-damage|p2a: Blissey|82/100
|move|p2a: Blissey|Seismic Toss|p1a: Zapdos
|-end|p1a: Zapdos|Substitute
|
|-heal|p2a: Blissey|100/100|[from] move: Wish|[wisher] Blissey
|-heal|p1a: Zapdos|54/100|[from] item: Leftovers
|upkeep
|turn|73
|
|t:|1729020151
|move|p1a: Zapdos|Substitute|p1a: Zapdos
|-start|p1a: Zapdos|Substitute
|-damage|p1a: Zapdos|29/100
|move|p2a: Blissey|Soft-Boiled||[still]
|-fail|p2a: Blissey|heal
|
|-heal|p1a: Zapdos|35/100|[from] item: Leftovers
|upkeep
|turn|74
|
|t:|1729020161
|move|p1a: Zapdos|Thunderbolt|p2a: Blissey
|-damage|p2a: Blissey|79/100
|move|p2a: Blissey|Seismic Toss|p1a: Zapdos
|-end|p1a: Zapdos|Substitute
|
|-heal|p1a: Zapdos|42/100|[from] item: Leftovers
|-heal|p2a: Blissey|85/100|[from] item: Leftovers
|upkeep
|turn|75
|
|t:|1729020170
|move|p1a: Zapdos|Substitute|p1a: Zapdos
|-start|p1a: Zapdos|Substitute
|-damage|p1a: Zapdos|17/100
|move|p2a: Blissey|Soft-Boiled|p2a: Blissey
|-heal|p2a: Blissey|100/100
|
|-heal|p1a: Zapdos|23/100|[from] item: Leftovers
|upkeep
|turn|76
|
|t:|1729020180
|move|p1a: Zapdos|Thunderbolt|p2a: Blissey
|-damage|p2a: Blissey|79/100
|move|p2a: Blissey|Seismic Toss|p1a: Zapdos
|-end|p1a: Zapdos|Substitute
|
|-heal|p1a: Zapdos|29/100|[from] item: Leftovers
|-heal|p2a: Blissey|86/100|[from] item: Leftovers
|upkeep
|turn|77
|
|t:|1729020191
|move|p1a: Zapdos|Substitute|p1a: Zapdos
|-start|p1a: Zapdos|Substitute
|-damage|p1a: Zapdos|4/100
|move|p2a: Blissey|Soft-Boiled|p2a: Blissey
|-heal|p2a: Blissey|100/100
|
|-heal|p1a: Zapdos|10/100|[from] item: Leftovers
|upkeep
|turn|78
|
|t:|1729020205
|move|p1a: Zapdos|Baton Pass|p1a: Zapdos
|
|t:|1729020207
|switch|p1a: Snorlax|Snorlax, F|80/100|[from] Baton Pass
|-damage|p1a: Snorlax|55/100|[from] Spikes
|move|p2a: Blissey|Seismic Toss|p1a: Snorlax
|-end|p1a: Snorlax|Substitute
|
|-heal|p1a: Snorlax|61/100|[from] item: Leftovers
|upkeep
|turn|79
|
|t:|1729020219
|switch|p2a: Skarmory|Skarmory, M|68/100 par
|move|p1a: Snorlax|Body Slam|p2a: Skarmory
|-resisted|p2a: Skarmory
|-damage|p2a: Skarmory|54/100 par
|
|-heal|p1a: Snorlax|68/100|[from] item: Leftovers
|-heal|p2a: Skarmory|60/100 par|[from] item: Leftovers
|upkeep
|turn|80
|
|t:|1729020232
|move|p2a: Skarmory|Protect|p2a: Skarmory
|-singleturn|p2a: Skarmory|Protect
|move|p1a: Snorlax|Body Slam|p2a: Skarmory
|-activate|p2a: Skarmory|Protect
|
|-heal|p1a: Snorlax|74/100|[from] item: Leftovers
|-heal|p2a: Skarmory|66/100 par|[from] item: Leftovers
|upkeep
|turn|81
|
|t:|1729020246
|switch|p2a: Milotic|Milotic, M|96/100
|move|p1a: Snorlax|Body Slam|p2a: Milotic
|-damage|p2a: Milotic|66/100
|
|-heal|p2a: Milotic|72/100|[from] item: Leftovers
|-heal|p1a: Snorlax|80/100|[from] item: Leftovers
|upkeep
|turn|82
|
|t:|1729020255
|switch|p2a: Skarmory|Skarmory, M|66/100 par
|move|p1a: Snorlax|Body Slam|p2a: Skarmory
|-resisted|p2a: Skarmory
|-damage|p2a: Skarmory|50/100 par
|
|-heal|p1a: Snorlax|86/100|[from] item: Leftovers
|-heal|p2a: Skarmory|56/100 par|[from] item: Leftovers
|upkeep
|turn|83
|
|t:|1729020266
|move|p2a: Skarmory|Protect|p2a: Skarmory
|-singleturn|p2a: Skarmory|Protect
|move|p1a: Snorlax|Curse|p1a: Snorlax
|-unboost|p1a: Snorlax|spe|1
|-boost|p1a: Snorlax|atk|1
|-boost|p1a: Snorlax|def|1
|
|-heal|p1a: Snorlax|92/100|[from] item: Leftovers
|-heal|p2a: Skarmory|62/100 par|[from] item: Leftovers
|upkeep
|turn|84
|
|t:|1729020277
|move|p1a: Snorlax|Body Slam|p2a: Skarmory
|-resisted|p2a: Skarmory
|-damage|p2a: Skarmory|38/100 par
|cant|p2a: Skarmory|par
|
|-heal|p1a: Snorlax|98/100|[from] item: Leftovers
|-heal|p2a: Skarmory|44/100 par|[from] item: Leftovers
|upkeep
|turn|85
|
|t:|1729020286
|move|p1a: Snorlax|Curse|p1a: Snorlax
|-unboost|p1a: Snorlax|spe|1
|-boost|p1a: Snorlax|atk|1
|-boost|p1a: Snorlax|def|1
|move|p2a: Skarmory|Roar|p1a: Snorlax
|drag|p1a: Zapdos|Zapdos|10/100
|
|-heal|p1a: Zapdos|17/100|[from] item: Leftovers
|-heal|p2a: Skarmory|50/100 par|[from] item: Leftovers
|upkeep
|turn|86
|
|t:|1729020301
|switch|p2a: Blissey|Blissey, F|100/100
|move|p1a: Zapdos|Thunderbolt|p2a: Blissey
|-damage|p2a: Blissey|82/100
|
|-heal|p1a: Zapdos|23/100|[from] item: Leftovers
|-heal|p2a: Blissey|89/100|[from] item: Leftovers
|upkeep
|turn|87
|
|t:|1729020311
|move|p1a: Zapdos|Thunderbolt|p2a: Blissey
|-damage|p2a: Blissey|69/100
|move|p2a: Blissey|Wish|p2a: Blissey
|
|-heal|p1a: Zapdos|29/100|[from] item: Leftovers
|-heal|p2a: Blissey|75/100|[from] item: Leftovers
|upkeep
|turn|88
|
|t:|1729020321
|switch|p2a: Dugtrio|Dugtrio, F|100/100
|move|p1a: Zapdos|Substitute|p1a: Zapdos
|-start|p1a: Zapdos|Substitute
|-damage|p1a: Zapdos|4/100
|
|-heal|p1a: Zapdos|10/100|[from] item: Leftovers
|upkeep
|turn|89
|
|t:|1729020329
|switch|p2a: Blissey|Blissey, F|75/100
|move|p1a: Zapdos|Hidden Power|p2a: Blissey
|-damage|p2a: Blissey|66/100
|
|-heal|p1a: Zapdos|17/100|[from] item: Leftovers
|-heal|p2a: Blissey|72/100|[from] item: Leftovers
|upkeep
|turn|90
|
|t:|1729020340
|move|p1a: Zapdos|Hidden Power|p2a: Blissey
|-damage|p2a: Blissey|62/100
|move|p2a: Blissey|Seismic Toss|p1a: Zapdos
|-end|p1a: Zapdos|Substitute
|
|-heal|p1a: Zapdos|23/100|[from] item: Leftovers
|-heal|p2a: Blissey|68/100|[from] item: Leftovers
|upkeep
|turn|91
|
|t:|1729020350
|move|p1a: Zapdos|Hidden Power|p2a: Blissey
|-damage|p2a: Blissey|59/100
|move|p2a: Blissey|Soft-Boiled|p2a: Blissey
|-heal|p2a: Blissey|100/100
|
|-heal|p1a: Zapdos|29/100|[from] item: Leftovers
|upkeep
|turn|92
|
|t:|1729020360
|move|p1a: Zapdos|Substitute|p1a: Zapdos
|-start|p1a: Zapdos|Substitute
|-damage|p1a: Zapdos|4/100
|move|p2a: Blissey|Wish|p2a: Blissey
|
|-heal|p1a: Zapdos|10/100|[from] item: Leftovers
|upkeep
|turn|93
|
|t:|1729020368
|move|p1a: Zapdos|Hidden Power|p2a: Blissey
|-damage|p2a: Blissey|91/100
|move|p2a: Blissey|Seismic Toss|p1a: Zapdos
|-end|p1a: Zapdos|Substitute
|
|-heal|p2a: Blissey|100/100|[from] move: Wish|[wisher] Blissey
|-heal|p1a: Zapdos|17/100|[from] item: Leftovers
|upkeep
|turn|94
|
|t:|1729020384
|move|p1a: Zapdos|Substitute|p1a: Zapdos
|-fail|p1a: Zapdos|move: Substitute|[weak]
|move|p2a: Blissey|Soft-Boiled||[still]
|-fail|p2a: Blissey|heal
|
|-heal|p1a: Zapdos|23/100|[from] item: Leftovers
|upkeep
|turn|95
|
|t:|1729020392
|switch|p2a: Milotic|Milotic, M|72/100
|move|p1a: Zapdos|Hidden Power|p2a: Milotic
|-resisted|p2a: Milotic
|-damage|p2a: Milotic|63/100
|
|-heal|p1a: Zapdos|29/100|[from] item: Leftovers
|-heal|p2a: Milotic|69/100|[from] item: Leftovers
|upkeep
|turn|96
|
|t:|1729020402
|switch|p2a: Dugtrio|Dugtrio, F|100/100
|move|p1a: Zapdos|Substitute|p1a: Zapdos
|-start|p1a: Zapdos|Substitute
|-damage|p1a: Zapdos|4/100
|
|-heal|p1a: Zapdos|10/100|[from] item: Leftovers
|upkeep
|turn|97
|
|t:|1729020410
|switch|p2a: Blissey|Blissey, F|100/100
|move|p1a: Zapdos|Substitute|p1a: Zapdos
|-fail|p1a: Zapdos|move: Substitute
|
|-heal|p1a: Zapdos|17/100|[from] item: Leftovers
|upkeep
|turn|98
|
|t:|1729020420
|move|p1a: Zapdos|Hidden Power|p2a: Blissey
|-damage|p2a: Blissey|91/100
|move|p2a: Blissey|Seismic Toss|p1a: Zapdos
|-end|p1a: Zapdos|Substitute
|
|-heal|p1a: Zapdos|23/100|[from] item: Leftovers
|-heal|p2a: Blissey|98/100|[from] item: Leftovers
|upkeep
|turn|99
|
|t:|1729020437
|move|p1a: Zapdos|Substitute|p1a: Zapdos
|-fail|p1a: Zapdos|move: Substitute|[weak]
|move|p2a: Blissey|Wish|p2a: Blissey
|
|-heal|p1a: Zapdos|29/100|[from] item: Leftovers
|-heal|p2a: Blissey|100/100|[from] item: Leftovers
|upkeep
|turn|100
|
|t:|1729020456
|switch|p2a: Dugtrio|Dugtrio, F|100/100
|move|p1a: Zapdos|Hidden Power|p2a: Dugtrio
|-supereffective|p2a: Dugtrio
|-damage|p2a: Dugtrio|0 fnt
|faint|p2a: Dugtrio
|
|t:|1729020461
|switch|p2a: Skarmory|Skarmory, M|50/100 par
|
|-heal|p2a: Skarmory|99/100 par|[from] move: Wish|[wisher] Blissey
|-heal|p1a: Zapdos|35/100|[from] item: Leftovers
|-heal|p2a: Skarmory|100/100 par|[from] item: Leftovers
|upkeep
|turn|101
|
|t:|1729020475
|switch|p2a: Blissey|Blissey, F|100/100
|move|p1a: Zapdos|Hidden Power|p2a: Blissey
|-damage|p2a: Blissey|90/100
|
|-heal|p1a: Zapdos|42/100|[from] item: Leftovers
|-heal|p2a: Blissey|97/100|[from] item: Leftovers
|upkeep
|turn|102
|
|t:|1729020486
|move|p1a: Zapdos|Hidden Power|p2a: Blissey
|-damage|p2a: Blissey|88/100
|move|p2a: Blissey|Soft-Boiled|p2a: Blissey
|-heal|p2a: Blissey|100/100
|
|-heal|p1a: Zapdos|48/100|[from] item: Leftovers
|upkeep
|turn|103
|
|t:|1729020497
|move|p1a: Zapdos|Hidden Power|p2a: Blissey
|-damage|p2a: Blissey|90/100
|move|p2a: Blissey|Seismic Toss|p1a: Zapdos
|-damage|p1a: Zapdos|17/100
|
|-heal|p1a: Zapdos|23/100|[from] item: Leftovers
|-heal|p2a: Blissey|96/100|[from] item: Leftovers
|upkeep
|turn|104
|
|t:|1729020508
|move|p1a: Zapdos|Hidden Power|p2a: Blissey
|-damage|p2a: Blissey|87/100
|move|p2a: Blissey|Wish|p2a: Blissey
|
|-heal|p1a: Zapdos|29/100|[from] item: Leftovers
|-heal|p2a: Blissey|93/100|[from] item: Leftovers
|upkeep
|turn|105
|
|t:|1729020517
|move|p1a: Zapdos|Baton Pass|p1a: Zapdos
|
|t:|1729020518
|switch|p1a: Snorlax|Snorlax, F|98/100|[from] Baton Pass
|-damage|p1a: Snorlax|73/100|[from] Spikes
|move|p2a: Blissey|Soft-Boiled|p2a: Blissey
|-heal|p2a: Blissey|100/100
|
|-heal|p1a: Snorlax|79/100|[from] item: Leftovers
|upkeep
|turn|106
|
|t:|1729020532
|switch|p2a: Skarmory|Skarmory, M|100/100 par
|move|p1a: Snorlax|Earthquake|p2a: Skarmory
|-immune|p2a: Skarmory
|
|-heal|p1a: Snorlax|85/100|[from] item: Leftovers
|upkeep
|turn|107
|
|t:|1729020550
|switch|p2a: Milotic|Milotic, M|69/100
|move|p1a: Snorlax|Earthquake|p2a: Milotic
|-damage|p2a: Milotic|46/100
|
|-heal|p2a: Milotic|52/100|[from] item: Leftovers
|-heal|p1a: Snorlax|91/100|[from] item: Leftovers
|upkeep
|turn|108
|
|t:|1729020561
|move|p2a: Milotic|Recover|p2a: Milotic
|-heal|p2a: Milotic|100/100
|move|p1a: Snorlax|Curse|p1a: Snorlax
|-unboost|p1a: Snorlax|spe|1
|-boost|p1a: Snorlax|atk|1
|-boost|p1a: Snorlax|def|1
|
|-heal|p1a: Snorlax|97/100|[from] item: Leftovers
|upkeep
|turn|109
|
|t:|1729020571
|switch|p2a: Skarmory|Skarmory, M|100/100 par
|move|p1a: Snorlax|Earthquake|p2a: Skarmory
|-immune|p2a: Skarmory
|
|-heal|p1a: Snorlax|100/100|[from] item: Leftovers
|upkeep
|turn|110
|
|t:|1729020585
|move|p1a: Snorlax|Earthquake|p2a: Skarmory
|-immune|p2a: Skarmory
|move|p2a: Skarmory|Roar|p1a: Snorlax
|drag|p1a: Zapdos|Zapdos|29/100
|
|-heal|p1a: Zapdos|35/100|[from] item: Leftovers
|upkeep
|turn|111
|
|t:|1729020595
|switch|p2a: Blissey|Blissey, F|100/100
|move|p1a: Zapdos|Hidden Power|p2a: Blissey
|-damage|p2a: Blissey|90/100
|
|-heal|p1a: Zapdos|42/100|[from] item: Leftovers
|-heal|p2a: Blissey|96/100|[from] item: Leftovers
|upkeep
|turn|112
|
|t:|1729020607
|move|p1a: Zapdos|Hidden Power|p2a: Blissey
|-damage|p2a: Blissey|86/100
|move|p2a: Blissey|Wish|p2a: Blissey
|
|-heal|p1a: Zapdos|48/100|[from] item: Leftovers
|-heal|p2a: Blissey|92/100|[from] item: Leftovers
|upkeep
|turn|113
|
|t:|1729020619
|switch|p2a: Milotic|Milotic, M|100/100
|move|p1a: Zapdos|Hidden Power|p2a: Milotic
|-resisted|p2a: Milotic
|-crit|p2a: Milotic
|-damage|p2a: Milotic|83/100
|
|-heal|p2a: Milotic|100/100|[from] move: Wish|[wisher] Blissey
|-heal|p1a: Zapdos|54/100|[from] item: Leftovers
|upkeep
|turn|114
|inactive|Strawbbz has 270 seconds left.
|
|t:|1729020651
|switch|p2a: Blissey|Blissey, F|92/100
|move|p1a: Zapdos|Thunderbolt|p2a: Blissey
|-damage|p2a: Blissey|73/100
|-status|p2a: Blissey|par
|
|-heal|p1a: Zapdos|60/100|[from] item: Leftovers
|-heal|p2a: Blissey|79/100 par|[from] item: Leftovers
|upkeep
|turn|115
|inactive|Strawbbz has 270 seconds left.
|inactive|Mulikki has 270 seconds left.
|
|t:|1729020677
|move|p1a: Zapdos|Hidden Power|p2a: Blissey
|-damage|p2a: Blissey|69/100 par
|move|p2a: Blissey|Seismic Toss|p1a: Zapdos
|-damage|p1a: Zapdos|29/100
|
|-heal|p1a: Zapdos|35/100|[from] item: Leftovers
|-heal|p2a: Blissey|75/100 par|[from] item: Leftovers
|upkeep
|turn|116
|inactive|Mulikki has 270 seconds left.
|
|t:|1729020688
|move|p1a: Zapdos|Baton Pass|p1a: Zapdos
|
|t:|1729020690
|switch|p1a: Snorlax|Snorlax, F|100/100|[from] Baton Pass
|-damage|p1a: Snorlax|76/100|[from] Spikes
|move|p2a: Blissey|Soft-Boiled|p2a: Blissey
|-heal|p2a: Blissey|100/100 par
|
|-heal|p1a: Snorlax|82/100|[from] item: Leftovers
|upkeep
|turn|117
|inactive|Mulikki has 270 seconds left.
|
|t:|1729020704
|-curestatus|p2a: Blissey|par|[from] ability: Natural Cure
|switch|p2a: Skarmory|Skarmory, M|100/100 par
|move|p1a: Snorlax|Earthquake|p2a: Skarmory
|-immune|p2a: Skarmory
|
|-heal|p1a: Snorlax|88/100|[from] item: Leftovers
|upkeep
|turn|118
|inactive|Mulikki has 270 seconds left.
|
|t:|1729020716
|move|p1a: Snorlax|Curse|p1a: Snorlax
|-unboost|p1a: Snorlax|spe|1
|-boost|p1a: Snorlax|atk|1
|-boost|p1a: Snorlax|def|1
|move|p2a: Skarmory|Roar|p1a: Snorlax
|drag|p1a: Zapdos|Zapdos|35/100
|
|-heal|p1a: Zapdos|42/100|[from] item: Leftovers
|upkeep
|turn|119
|inactive|Mulikki has 270 seconds left.
|
|t:|1729020726
|switch|p2a: Blissey|Blissey, F|100/100
|move|p1a: Zapdos|Thunderbolt|p2a: Blissey
|-damage|p2a: Blissey|82/100
|
|-heal|p1a: Zapdos|48/100|[from] item: Leftovers
|-heal|p2a: Blissey|88/100|[from] item: Leftovers
|upkeep
|turn|120
|inactive|Mulikki has 270 seconds left.
|
|t:|1729020747
|switch|p2a: Milotic|Milotic, M|100/100
|move|p1a: Zapdos|Hidden Power|p2a: Milotic
|-resisted|p2a: Milotic
|-damage|p2a: Milotic|93/100
|
|-heal|p1a: Zapdos|54/100|[from] item: Leftovers
|-heal|p2a: Milotic|99/100|[from] item: Leftovers
|upkeep
|turn|121
|
|t:|1729020765
|switch|p2a: Blissey|Blissey, F|88/100
|move|p1a: Zapdos|Baton Pass|p1a: Zapdos
|inactive|Mulikki has 240 seconds left.
|
|t:|1729020787
|switch|p1a: Snorlax|Snorlax, F|88/100|[from] Baton Pass
|-damage|p1a: Snorlax|63/100|[from] Spikes
|
|-heal|p2a: Blissey|94/100|[from] item: Leftovers
|-heal|p1a: Snorlax|69/100|[from] item: Leftovers
|upkeep
|turn|122
|inactive|Mulikki has 240 seconds left.
|
|t:|1729020802
|switch|p2a: Milotic|Milotic, M|99/100
|move|p1a: Snorlax|Rest|p1a: Snorlax
|-status|p1a: Snorlax|slp|[from] move: Rest
|-heal|p1a: Snorlax|100/100 slp|[silent]
|
|-heal|p2a: Milotic|100/100|[from] item: Leftovers
|upkeep
|turn|123
|inactive|Mulikki has 240 seconds left.
|
|t:|1729020814
|switch|p2a: Skarmory|Skarmory, M|100/100 par
|cant|p1a: Snorlax|slp
|
|upkeep
|turn|124
|inactive|Mulikki has 240 seconds left.
|
|t:|1729020837
|switch|p2a: Milotic|Milotic, M|100/100
|cant|p1a: Snorlax|slp
|
|upkeep
|turn|125
|
|t:|1729020852
|switch|p2a: Skarmory|Skarmory, M|100/100 par
|-curestatus|p1a: Snorlax|slp|[msg]
|move|p1a: Snorlax|Rest|p1a: Snorlax
|-fail|p1a: Snorlax|heal
|
|upkeep
|turn|126
|
|t:|1729020861
|switch|p2a: Milotic|Milotic, M|100/100
|move|p1a: Snorlax|Rest|p1a: Snorlax
|-fail|p1a: Snorlax|heal
|
|upkeep
|turn|127
|
|t:|1729020877
|switch|p2a: Skarmory|Skarmory, M|100/100 par
|move|p1a: Snorlax|Earthquake|p2a: Skarmory
|-immune|p2a: Skarmory
|
|upkeep
|turn|128
|
|t:|1729020884
|switch|p1a: Zapdos|Zapdos|54/100
|switch|p2a: Milotic|Milotic, M|100/100
|
|-heal|p1a: Zapdos|60/100|[from] item: Leftovers
|upkeep
|turn|129
|
|t:|1729020896
|switch|p2a: Blissey|Blissey, F|94/100
|move|p1a: Zapdos|Thunderbolt|p2a: Blissey
|-damage|p2a: Blissey|73/100
|
|-heal|p1a: Zapdos|67/100|[from] item: Leftovers
|-heal|p2a: Blissey|80/100|[from] item: Leftovers
|upkeep
|turn|130
|
|t:|1729020914
|move|p1a: Zapdos|Baton Pass|p1a: Zapdos
|
|t:|1729020915
|switch|p1a: Snorlax|Snorlax, F|100/100|[from] Baton Pass
|-damage|p1a: Snorlax|76/100|[from] Spikes
|move|p2a: Blissey|Seismic Toss|p1a: Snorlax
|-damage|p1a: Snorlax|54/100
|
|-heal|p2a: Blissey|86/100|[from] item: Leftovers
|-heal|p1a: Snorlax|60/100|[from] item: Leftovers
|upkeep
|turn|131
|
|t:|1729020928
|switch|p2a: Milotic|Milotic, M|100/100
|move|p1a: Snorlax|Rest|p1a: Snorlax
|-status|p1a: Snorlax|slp|[from] move: Rest
|-heal|p1a: Snorlax|100/100 slp|[silent]
|
|upkeep
|turn|132
|
|t:|1729020938
|switch|p2a: Skarmory|Skarmory, M|100/100 par
|cant|p1a: Snorlax|slp
|
|upkeep
|turn|133
|inactive|Mulikki has 240 seconds left.
|
|t:|1729020951
|switch|p2a: Milotic|Milotic, M|100/100
|cant|p1a: Snorlax|slp
|
|upkeep
|turn|134
|inactive|Mulikki has 240 seconds left.
|
|t:|1729020961
|switch|p2a: Skarmory|Skarmory, M|100/100 par
|-curestatus|p1a: Snorlax|slp|[msg]
|move|p1a: Snorlax|Earthquake|p2a: Skarmory
|-immune|p2a: Skarmory
|
|upkeep
|turn|135
|
|t:|1729020970
|switch|p1a: Zapdos|Zapdos|67/100
|switch|p2a: Milotic|Milotic, M|100/100
|
|-heal|p1a: Zapdos|73/100|[from] item: Leftovers
|upkeep
|turn|136
|
|t:|1729020979
|switch|p2a: Blissey|Blissey, F|86/100
|move|p1a: Zapdos|Hidden Power|p2a: Blissey
|-damage|p2a: Blissey|76/100
|
|-heal|p1a: Zapdos|79/100|[from] item: Leftovers
|-heal|p2a: Blissey|82/100|[from] item: Leftovers
|upkeep
|turn|137
|
|t:|1729020988
|move|p1a: Zapdos|Baton Pass|p1a: Zapdos
|
|t:|1729020990
|switch|p1a: Snorlax|Snorlax, F|100/100|[from] Baton Pass
|-damage|p1a: Snorlax|76/100|[from] Spikes
|move|p2a: Blissey|Seismic Toss|p1a: Snorlax
|-damage|p1a: Snorlax|54/100
|
|-heal|p2a: Blissey|88/100|[from] item: Leftovers
|-heal|p1a: Snorlax|60/100|[from] item: Leftovers
|upkeep
|turn|138
|
|t:|1729021001
|switch|p2a: Skarmory|Skarmory, M|100/100 par
|move|p1a: Snorlax|Rest|p1a: Snorlax
|-status|p1a: Snorlax|slp|[from] move: Rest
|-heal|p1a: Snorlax|100/100 slp|[silent]
|
|upkeep
|turn|139
|
|t:|1729021008
|switch|p2a: Blissey|Blissey, F|88/100
|cant|p1a: Snorlax|slp
|
|-heal|p2a: Blissey|94/100|[from] item: Leftovers
|upkeep
|turn|140
|inactive|Mulikki has 270 seconds left.
|
|t:|1729021022
|switch|p2a: Skarmory|Skarmory, M|100/100 par
|cant|p1a: Snorlax|slp
|
|upkeep
|turn|141
|c|☆Strawbbz|do you see the loop here
|inactive|Mulikki has 270 seconds left.
|
|t:|1729021035
|switch|p1a: Zapdos|Zapdos|79/100
|switch|p2a: Milotic|Milotic, M|100/100
|
|-heal|p1a: Zapdos|85/100|[from] item: Leftovers
|upkeep
|turn|142
|inactive|Mulikki has 270 seconds left.
|
|t:|1729021052
|switch|p2a: Blissey|Blissey, F|94/100
|move|p1a: Zapdos|Baton Pass|p1a: Zapdos
|
|t:|1729021065
|switch|p1a: Snorlax|Snorlax, F|100/100 slp|[from] Baton Pass
|-damage|p1a: Snorlax|76/100 slp|[from] Spikes
|
|-heal|p2a: Blissey|99/100|[from] item: Leftovers
|-heal|p1a: Snorlax|82/100 slp|[from] item: Leftovers
|upkeep
|turn|143
|
|t:|1729021073
|switch|p2a: Milotic|Milotic, M|100/100
|-curestatus|p1a: Snorlax|slp|[msg]
|move|p1a: Snorlax|Rest|p1a: Snorlax
|-status|p1a: Snorlax|slp|[from] move: Rest
|-heal|p1a: Snorlax|100/100 slp|[silent]
|
|upkeep
|turn|144
|
|t:|1729021083
|switch|p2a: Skarmory|Skarmory, M|100/100 par
|switch|p1a: Zapdos|Zapdos|85/100
|
|-heal|p1a: Zapdos|91/100|[from] item: Leftovers
|upkeep
|turn|145
|inactive|Mulikki has 270 seconds left.
|
|t:|1729021093
|switch|p2a: Blissey|Blissey, F|99/100
|move|p1a: Zapdos|Baton Pass|p1a: Zapdos
|
|t:|1729021097
|switch|p1a: Snorlax|Snorlax, F|100/100 slp|[from] Baton Pass
|-damage|p1a: Snorlax|76/100 slp|[from] Spikes
|
|-heal|p2a: Blissey|100/100|[from] item: Leftovers
|-heal|p1a: Snorlax|82/100 slp|[from] item: Leftovers
|upkeep
|turn|146
|
|t:|1729021106
|switch|p2a: Skarmory|Skarmory, M|100/100 par
|cant|p1a: Snorlax|slp
|
|-heal|p1a: Snorlax|88/100 slp|[from] item: Leftovers
|upkeep
|turn|147
|
|t:|1729021113
|switch|p2a: Blissey|Blissey, F|100/100
|cant|p1a: Snorlax|slp
|
|-heal|p1a: Snorlax|94/100 slp|[from] item: Leftovers
|upkeep
|turn|148
|
|t:|1729021121
|switch|p2a: Skarmory|Skarmory, M|100/100 par
|-curestatus|p1a: Snorlax|slp|[msg]
|move|p1a: Snorlax|Rest|p1a: Snorlax
|-status|p1a: Snorlax|slp|[from] move: Rest
|-heal|p1a: Snorlax|100/100 slp|[silent]
|
|upkeep
|turn|149
|
|t:|1729021130
|switch|p2a: Milotic|Milotic, M|100/100
|cant|p1a: Snorlax|slp
|
|upkeep
|turn|150
|
|t:|1729021136
|switch|p2a: Skarmory|Skarmory, M|100/100 par
|switch|p1a: Zapdos|Zapdos|91/100
|
|-heal|p1a: Zapdos|98/100|[from] item: Leftovers
|upkeep
|turn|151
|
|t:|1729021143
|switch|p1a: Snorlax|Snorlax, F|100/100 slp
|-damage|p1a: Snorlax|76/100 slp|[from] Spikes
|switch|p2a: Blissey|Blissey, F|100/100
|
|-heal|p1a: Snorlax|82/100 slp|[from] item: Leftovers
|upkeep
|turn|152
|
|t:|1729021152
|switch|p2a: Milotic|Milotic, M|100/100
|cant|p1a: Snorlax|slp
|
|-heal|p1a: Snorlax|88/100 slp|[from] item: Leftovers
|upkeep
|turn|153
|
|t:|1729021158
|switch|p2a: Skarmory|Skarmory, M|100/100 par
|-curestatus|p1a: Snorlax|slp|[msg]
|move|p1a: Snorlax|Rest|p1a: Snorlax
|-status|p1a: Snorlax|slp|[from] move: Rest
|-heal|p1a: Snorlax|100/100 slp|[silent]
|
|upkeep
|turn|154
|
|t:|1729021168
|switch|p2a: Milotic|Milotic, M|100/100
|cant|p1a: Snorlax|slp
|
|upkeep
|turn|155
|
|t:|1729021177
|switch|p2a: Skarmory|Skarmory, M|100/100 par
|cant|p1a: Snorlax|slp
|
|upkeep
|turn|156
|
|t:|1729021184
|switch|p2a: Milotic|Milotic, M|100/100
|-curestatus|p1a: Snorlax|slp|[msg]
|move|p1a: Snorlax|Curse|p1a: Snorlax
|-unboost|p1a: Snorlax|spe|1
|-boost|p1a: Snorlax|atk|1
|-boost|p1a: Snorlax|def|1
|
|upkeep
|turn|157
|c|☆Strawbbz|we're really gonna play this out?
|
|t:|1729021193
|switch|p2a: Skarmory|Skarmory, M|100/100 par
|move|p1a: Snorlax|Curse|p1a: Snorlax
|-unboost|p1a: Snorlax|spe|1
|-boost|p1a: Snorlax|atk|1
|-boost|p1a: Snorlax|def|1
|
|upkeep
|turn|158
|
|t:|1729021200
|move|p1a: Snorlax|Body Slam|p2a: Skarmory
|-resisted|p2a: Skarmory
|-damage|p2a: Skarmory|69/100 par
|move|p2a: Skarmory|Roar|p1a: Snorlax
|drag|p1a: Zapdos|Zapdos|98/100
|
|-heal|p1a: Zapdos|100/100|[from] item: Leftovers
|-heal|p2a: Skarmory|75/100 par|[from] item: Leftovers
|upkeep
|turn|159
|
|t:|1729021211
|switch|p2a: Milotic|Milotic, M|100/100
|move|p1a: Zapdos|Baton Pass|p1a: Zapdos
|
|t:|1729021215
|switch|p1a: Snorlax|Snorlax, F|100/100|[from] Baton Pass
|-damage|p1a: Snorlax|76/100|[from] Spikes
|
|-heal|p1a: Snorlax|82/100|[from] item: Leftovers
|upkeep
|turn|160
|
|t:|1729021225
|move|p2a: Milotic|Surf|p1a: Snorlax
|-damage|p1a: Snorlax|64/100
|move|p1a: Snorlax|Curse|p1a: Snorlax
|-unboost|p1a: Snorlax|spe|1
|-boost|p1a: Snorlax|atk|1
|-boost|p1a: Snorlax|def|1
|
|-heal|p1a: Snorlax|70/100|[from] item: Leftovers
|upkeep
|turn|161
|
|t:|1729021237
|switch|p2a: Skarmory|Skarmory, M|75/100 par
|move|p1a: Snorlax|Curse|p1a: Snorlax
|-unboost|p1a: Snorlax|spe|1
|-boost|p1a: Snorlax|atk|1
|-boost|p1a: Snorlax|def|1
|
|-heal|p1a: Snorlax|76/100|[from] item: Leftovers
|-heal|p2a: Skarmory|81/100 par|[from] item: Leftovers
|upkeep
|turn|162
|
|t:|1729021248
|move|p1a: Snorlax|Body Slam|p2a: Skarmory
|-resisted|p2a: Skarmory
|-damage|p2a: Skarmory|50/100 par
|move|p2a: Skarmory|Roar|p1a: Snorlax
|drag|p1a: Zapdos|Zapdos|100/100
|
|-heal|p2a: Skarmory|56/100 par|[from] item: Leftovers
|upkeep
|turn|163
|
|t:|1729021258
|switch|p2a: Blissey|Blissey, F|100/100
|move|p1a: Zapdos|Baton Pass|p1a: Zapdos
|
|t:|1729021262
|switch|p1a: Snorlax|Snorlax, F|76/100|[from] Baton Pass
|-damage|p1a: Snorlax|51/100|[from] Spikes
|
|-heal|p1a: Snorlax|57/100|[from] item: Leftovers
|upkeep
|turn|164
|
|t:|1729021270
|move|p2a: Blissey|Wish|p2a: Blissey
|move|p1a: Snorlax|Rest|p1a: Snorlax
|-status|p1a: Snorlax|slp|[from] move: Rest
|-heal|p1a: Snorlax|100/100 slp|[silent]
|
|upkeep
|turn|165
|
|t:|1729021277
|switch|p2a: Skarmory|Skarmory, M|56/100 par
|cant|p1a: Snorlax|slp
|
|-heal|p2a: Skarmory|100/100 par|[from] move: Wish|[wisher] Blissey
|upkeep
|turn|166
|
|t:|1729021287
|switch|p2a: Milotic|Milotic, M|100/100
|cant|p1a: Snorlax|slp
|
|upkeep
|turn|167
|
|t:|1729021292
|switch|p2a: Skarmory|Skarmory, M|100/100 par
|switch|p1a: Zapdos|Zapdos|100/100
|
|upkeep
|turn|168
|
|t:|1729021298
|switch|p2a: Blissey|Blissey, F|100/100
|move|p1a: Zapdos|Baton Pass|p1a: Zapdos
|
|t:|1729021302
|switch|p1a: Snorlax|Snorlax, F|100/100 slp|[from] Baton Pass
|-damage|p1a: Snorlax|76/100 slp|[from] Spikes
|
|-heal|p1a: Snorlax|82/100 slp|[from] item: Leftovers
|upkeep
|turn|169
|
|t:|1729021312
|switch|p2a: Skarmory|Skarmory, M|100/100 par
|-curestatus|p1a: Snorlax|slp|[msg]
|move|p1a: Snorlax|Rest|p1a: Snorlax
|-status|p1a: Snorlax|slp|[from] move: Rest
|-heal|p1a: Snorlax|100/100 slp|[silent]
|
|upkeep
|turn|170
|
|t:|1729021337
|switch|p2a: Milotic|Milotic, M|100/100
|cant|p1a: Snorlax|slp
|
|upkeep
|turn|171
|
|t:|1729021346
|switch|p2a: Skarmory|Skarmory, M|100/100 par
|cant|p1a: Snorlax|slp
|
|upkeep
|turn|172
|
|t:|1729021362
|switch|p1a: Zapdos|Zapdos|100/100
|switch|p2a: Milotic|Milotic, M|100/100
|
|upkeep
|turn|173
|
|t:|1729021375
|switch|p2a: Blissey|Blissey, F|100/100
|move|p1a: Zapdos|Thunderbolt|p2a: Blissey
|-damage|p2a: Blissey|80/100
|
|-heal|p2a: Blissey|86/100|[from] item: Leftovers
|upkeep
|turn|174
|
|t:|1729021394
|move|p1a: Zapdos|Baton Pass|p1a: Zapdos
|
|t:|1729021395
|switch|p1a: Snorlax|Snorlax, F|100/100 slp|[from] Baton Pass
|-damage|p1a: Snorlax|76/100 slp|[from] Spikes
|move|p2a: Blissey|Seismic Toss|p1a: Snorlax
|-damage|p1a: Snorlax|54/100 slp
|
|-heal|p2a: Blissey|92/100|[from] item: Leftovers
|-heal|p1a: Snorlax|60/100 slp|[from] item: Leftovers
|upkeep
|turn|175
|
|t:|1729021412
|switch|p2a: Milotic|Milotic, M|100/100
|-curestatus|p1a: Snorlax|slp|[msg]
|move|p1a: Snorlax|Rest|p1a: Snorlax
|-status|p1a: Snorlax|slp|[from] move: Rest
|-heal|p1a: Snorlax|100/100 slp|[silent]
|
|upkeep
|turn|176
|inactive|Mulikki has 270 seconds left.
|
|t:|1729021431
|switch|p2a: Skarmory|Skarmory, M|100/100 par
|cant|p1a: Snorlax|slp
|
|upkeep
|turn|177
|
|t:|1729021439
|switch|p2a: Milotic|Milotic, M|100/100
|cant|p1a: Snorlax|slp
|
|upkeep
|turn|178
|
|t:|1729021450
|switch|p2a: Skarmory|Skarmory, M|100/100 par
|-curestatus|p1a: Snorlax|slp|[msg]
|move|p1a: Snorlax|Curse|p1a: Snorlax
|-unboost|p1a: Snorlax|spe|1
|-boost|p1a: Snorlax|atk|1
|-boost|p1a: Snorlax|def|1
|
|upkeep
|turn|179
|
|t:|1729021459
|move|p1a: Snorlax|Body Slam|p2a: Skarmory
|-resisted|p2a: Skarmory
|-damage|p2a: Skarmory|77/100 par
|move|p2a: Skarmory|Roar|p1a: Snorlax
|drag|p1a: Zapdos|Zapdos|100/100
|
|-heal|p2a: Skarmory|83/100 par|[from] item: Leftovers
|upkeep
|turn|180
|
|t:|1729021470
|switch|p2a: Blissey|Blissey, F|92/100
|move|p1a: Zapdos|Baton Pass|p1a: Zapdos
|inactive|Mulikki has 270 seconds left.
|
|t:|1729021489
|switch|p1a: Snorlax|Snorlax, F|100/100|[from] Baton Pass
|-damage|p1a: Snorlax|76/100|[from] Spikes
|
|-heal|p2a: Blissey|99/100|[from] item: Leftovers
|-heal|p1a: Snorlax|82/100|[from] item: Leftovers
|upkeep
|turn|181
|
|t:|1729021502
|switch|p2a: Skarmory|Skarmory, M|83/100 par
|move|p1a: Snorlax|Curse|p1a: Snorlax
|-unboost|p1a: Snorlax|spe|1
|-boost|p1a: Snorlax|atk|1
|-boost|p1a: Snorlax|def|1
|
|-heal|p1a: Snorlax|88/100|[from] item: Leftovers
|-heal|p2a: Skarmory|89/100 par|[from] item: Leftovers
|upkeep
|turn|182
|
|t:|1729021513
|move|p1a: Snorlax|Body Slam|p2a: Skarmory
|-resisted|p2a: Skarmory
|-damage|p2a: Skarmory|65/100 par
|move|p2a: Skarmory|Roar|p1a: Snorlax
|drag|p1a: Zapdos|Zapdos|100/100
|
|-heal|p2a: Skarmory|71/100 par|[from] item: Leftovers
|upkeep
|turn|183
|
|t:|1729021525
|switch|p2a: Blissey|Blissey, F|99/100
|move|p1a: Zapdos|Baton Pass|p1a: Zapdos
|
|t:|1729021528
|switch|p1a: Snorlax|Snorlax, F|88/100|[from] Baton Pass
|-damage|p1a: Snorlax|63/100|[from] Spikes
|
|-heal|p2a: Blissey|100/100|[from] item: Leftovers
|-heal|p1a: Snorlax|69/100|[from] item: Leftovers
|upkeep
|turn|184
|
|t:|1729021539
|move|p2a: Blissey|Wish|p2a: Blissey
|move|p1a: Snorlax|Rest|p1a: Snorlax
|-status|p1a: Snorlax|slp|[from] move: Rest
|-heal|p1a: Snorlax|100/100 slp|[silent]
|
|upkeep
|turn|185
|
|t:|1729021546
|switch|p2a: Skarmory|Skarmory, M|71/100 par
|cant|p1a: Snorlax|slp
|
|-heal|p2a: Skarmory|100/100 par|[from] move: Wish|[wisher] Blissey
|upkeep
|turn|186
|
|t:|1729021553
|switch|p2a: Milotic|Milotic, M|100/100
|cant|p1a: Snorlax|slp
|
|upkeep
|turn|187
|
|t:|1729021559
|switch|p2a: Skarmory|Skarmory, M|100/100 par
|-curestatus|p1a: Snorlax|slp|[msg]
|move|p1a: Snorlax|Body Slam|p2a: Skarmory
|-resisted|p2a: Skarmory
|-damage|p2a: Skarmory|86/100 par
|
|-heal|p2a: Skarmory|92/100 par|[from] item: Leftovers
|upkeep
|turn|188
|-message|Mulikki forfeited.
|
|win|Strawbbz
|player|p1|

</script>
<script type="application/json" class="data" id="replaydata-smogtours-gen3ou-798962">
{"id":"smogtours-gen3ou-798962","format":"[Gen 3] OU","players":["Mulikki","Strawbbz"],"uploadtime":1729021575,"views":103,"formatid":"gen3ou","rating":null,"private":0,"password":null}
</script>

<script defer src="js/replays.js?9d40a366"></script>
