<!DOCTYPE html>
<meta charset="utf-8" />
<meta name="viewport" content="width=device-width" />

<title>[Gen 3] OU: 4lowrey vs. Baptosta - Replays - Pok&eacute;mon Showdown!</title>

<meta name="description" content="Watch a replay of a Pok&eacute;mon battle between 4lowrey and Baptosta! Format: [Gen 3] OU; Date: Oct 2, 2024" />
<!--

Hey, you! Looking in the source for the replay log?

You can find them in JSON format, just add `.json` at the end of a replay URL.

https://replay.pokemonshowdown.com/gen7randomdoublesbattle-865046831.json

Or, if you only need the log itself, add `.log` instead:

https://replay.pokemonshowdown.com/gen7randomdoublesbattle-865046831.log

-->

<link rel="stylesheet" href="//pokemonshowdown.com/style/global.css?0.023195364461161105" />
<link rel="stylesheet" href="//play.pokemonshowdown.com/style/font-awesome.css?0.13261647063804238" />
<link rel="stylesheet" href="//play.pokemonshowdown.com/style/battle.css?0.8753245789963631" />
<link rel="stylesheet" href="//play.pokemonshowdown.com/style/utilichart.css?0.8627959624976733" />

<!-- Global site tag (gtag.js) - Google Analytics -->
<script async src="https://www.googletagmanager.com/gtag/js?id=UA-26211653-1"></script>
<script>
  window.dataLayer = window.dataLayer || [];
  function gtag(){dataLayer.push(arguments);}
  gtag('js', new Date());

  gtag('config', 'UA-26211653-1');
</script>
<!-- End Google Analytics -->
<!-- Venatus Ad Manager - Install in <HEAD> of page -->
	<script src="https://hb.vntsm.com/v3/live/ad-manager.min.js" type="text/javascript" data-site-id="642aba63ec9a7b11c3c9c1be" data-mode="scan" async></script>
<!-- / Venatus Ad Manager -->

<style>
	@media (max-width:820px) {
		.battle {
			margin: 0 auto;
		}
		.battle-log {
			margin: 7px auto 0;
			max-width: 640px;
			height: 300px;
			position: static;
		}
	}
	.optgroup {
		display: inline-block;
		line-height: 22px;
		font-size: 10pt;
	}
	.optgroup .button {
		height: 25px;
		padding-top: 0;
		padding-bottom: 0;
	}
	.optgroup button.button {
		padding-left: 12px;
		padding-right: 12px;
	}
	.linklist {
		list-style: none;
		margin: 0.5em 0;
		padding: 0;
	}
	.linklist li {
		padding: 2px 0;
	}
	.sidebar {
		float: left;
		width: 320px;
	}
	.bar-wrapper {
		max-width: 1100px;
		margin: 0 auto;
	}
	.bar-wrapper.has-sidebar {
		max-width: 1430px;
	}
	.mainbar {
		margin: 0;
		padding-right: 1px;
	}
	.mainbar.has-sidebar {
		margin-left: 330px;
	}
	@media (min-width: 1511px) {
		.sidebar {
			width: 400px;
		}
		.bar-wrapper.has-sidebar {
			max-width: 1510px;
		}
		.mainbar.has-sidebar {
			margin-left: 410px;
		}
	}
	.section.first-section {
		margin-top: 9px;
	}
	.blocklink small {
		white-space: normal;
	}
	.button {
		vertical-align: middle;
	}
	.replay-controls {
		padding-top: 10px;
	}
	.replay-controls h1 {
		font-size: 16pt;
		font-weight: normal;
		color: #CCC;
	}
	.pagelink {
		text-align: center;
	}
	.pagelink a {
		width: 150px;
	}
	.textbox, .button {
		font-size: 11pt;
		vertical-align: middle;
	}
	@media (max-width: 450px) {
		.button {
			font-size: 9pt;
		}
	}
</style>

<div>

	<header>
		<div class="nav-wrapper"><ul class="nav">
			<li><a class="button nav-first" href="//pokemonshowdown.com/"><img src="//pokemonshowdown.com/images/pokemonshowdownbeta.png" srcset="//pokemonshowdown.com/images/pokemonshowdownbeta.png 1x, //pokemonshowdown.com/images/pokemonshowdownbeta@2x.png 2x" alt="Pok&eacute;mon Showdown" width="146" height="44" /> Home</a></li>
			<li><a class="button" href="//pokemonshowdown.com/dex/">Pok&eacute;dex</a></li>
			<li><a class="button cur" href="/">Replays</a></li>
			<li><a class="button" href="//pokemonshowdown.com/ladder/">Ladder</a></li>
			<li><a class="button nav-last" href="//pokemonshowdown.com/forums/">Forum</a></li>
			<li><a class="button greenbutton nav-first nav-last" href="//play.pokemonshowdown.com/">Play</a></li>
		</ul></div>
	</header>

	<div class="main" id="main">

		<noscript><section class="section">You need to enable JavaScript to use this page; sorry!</section></noscript>

	</div>

</div>

<script defer nomodule src="//play.pokemonshowdown.com/js/lib/ps-polyfill.js"></script>
<script defer src="//play.pokemonshowdown.com/js/lib/preact.min.js"></script>

<script defer src="//play.pokemonshowdown.com/config/config.js?2bddbc15"></script>
<script defer src="//play.pokemonshowdown.com/js/lib/jquery-1.11.0.min.js"></script>
<script defer src="//play.pokemonshowdown.com/js/lib/html-sanitizer-minified.js"></script>
<script defer src="//play.pokemonshowdown.com/js/battle-sound.js"></script>
<script defer src="//play.pokemonshowdown.com/js/battledata.js?0.7209276989879541"></script>
<script defer src="//play.pokemonshowdown.com/data/pokedex-mini.js?0.6111056340867951"></script>
<script defer src="//play.pokemonshowdown.com/data/pokedex-mini-bw.js?0.3532142036491459"></script>
<script defer src="//play.pokemonshowdown.com/data/graphics.js?0.24223875632456182"></script>
<script defer src="//play.pokemonshowdown.com/data/pokedex.js?0.38839984266356864"></script>
<script defer src="//play.pokemonshowdown.com/data/moves.js?0.21866028504024015"></script>
<script defer src="//play.pokemonshowdown.com/data/abilities.js?0.2005157953846628"></script>
<script defer src="//play.pokemonshowdown.com/data/items.js?0.9894211263848525"></script>
<script defer src="//play.pokemonshowdown.com/data/teambuilder-tables.js?0.6008791140282215"></script>
<script defer src="//play.pokemonshowdown.com/js/battle-tooltips.js?0.7580118955022959"></script>
<script defer src="//play.pokemonshowdown.com/js/battle.js?0.6057722274234274"></script>

<script defer src="js/utils.js?e31f9a17"></script>
<script defer src="js/replays-battle.js?7008c182"></script>

<!-- don't scrape this data! just add .json or .log after the URL!
Full API docs: https://github.com/smogon/pokemon-showdown-client/blob/master/WEB-API.md -->
<script type="text/plain" class="log" id="replaylog-smogtours-gen3ou-793985">
|inactive|Battle timer is ON: inactive players will automatically lose when time's up.
|t:|1727890910
|gametype|singles
|player|p1|4lowrey|veteranf|
|player|p2|Baptosta|170|
|teamsize|p1|6
|teamsize|p2|6
|gen|3
|tier|[Gen 3] OU
|rule|Sleep Clause Mod: Limit one foe put to sleep
|rule|Switch Priority Clause Mod: Faster Pokémon switch first
|rule|Species Clause: Limit one of each Pokémon
|rule|OHKO Clause: OHKO moves are banned
|rule|Evasion Items Clause: Evasion items are banned
|rule|Evasion Moves Clause: Evasion moves are banned
|rule|Endless Battle Clause: Forcing endless battles is banned
|rule|HP Percentage Mod: HP is shown in percentages
|rule|One Boost Passer Clause: Limit one Baton Passer that has a way to boost its stats
|rule|Freeze Clause Mod: Limit one foe frozen
|
|t:|1727890910
|start
|switch|p1a: Tyranitar|Tyranitar, F|100/100
|switch|p2a: Salamence|Salamence, F|100/100
|-ability|p2a: Salamence|Intimidate|boost
|-unboost|p1a: Tyranitar|atk|1
|-weather|Sandstorm|[from] ability: Sand Stream|[of] p1a: Tyranitar
|turn|1
|
|t:|1727890923
|switch|p1a: Swampert|Swampert, F|100/100
|move|p2a: Salamence|Brick Break|p1a: Swampert
|-damage|p1a: Swampert|85/100
|
|-weather|Sandstorm|[upkeep]
|-damage|p2a: Salamence|95/100|[from] Sandstorm
|-heal|p2a: Salamence|100/100|[from] item: Leftovers
|-heal|p1a: Swampert|92/100|[from] item: Leftovers
|upkeep
|turn|2
|
|t:|1727890931
|switch|p2a: Blissey|Blissey, F|100/100
|move|p1a: Swampert|Protect||[still]
|-fail|p1a: Swampert
|
|-weather|Sandstorm|[upkeep]
|-damage|p2a: Blissey|94/100|[from] Sandstorm
|-heal|p1a: Swampert|98/100|[from] item: Leftovers
|-heal|p2a: Blissey|100/100|[from] item: Leftovers
|upkeep
|turn|3
|
|t:|1727890944
|switch|p1a: Skarmory|Skarmory, F|100/100
|move|p2a: Blissey|Seismic Toss|p1a: Skarmory
|-damage|p1a: Skarmory|70/100
|
|-weather|Sandstorm|[upkeep]
|-damage|p2a: Blissey|94/100|[from] Sandstorm
|-heal|p1a: Skarmory|76/100|[from] item: Leftovers
|-heal|p2a: Blissey|100/100|[from] item: Leftovers
|upkeep
|turn|4
|
|t:|1727890948
|move|p1a: Skarmory|Spikes|p2a: Blissey
|-sidestart|p2: Baptosta|Spikes
|move|p2a: Blissey|Thunder Wave|p1a: Skarmory
|-status|p1a: Skarmory|par
|
|-weather|Sandstorm|[upkeep]
|-damage|p2a: Blissey|94/100|[from] Sandstorm
|-heal|p2a: Blissey|100/100|[from] item: Leftovers
|-heal|p1a: Skarmory|82/100 par|[from] item: Leftovers
|upkeep
|turn|5
|
|t:|1727890958
|switch|p2a: Starmie|Starmie|100/100
|-damage|p2a: Starmie|88/100|[from] Spikes
|move|p1a: Skarmory|Toxic|p2a: Starmie
|-status|p2a: Starmie|tox
|
|-weather|Sandstorm|[upkeep]
|-damage|p2a: Starmie|82/100 tox|[from] Sandstorm
|-heal|p2a: Starmie|88/100 tox|[from] item: Leftovers
|-damage|p2a: Starmie|82/100 tox|[from] psn
|-heal|p1a: Skarmory|88/100 par|[from] item: Leftovers
|upkeep
|turn|6
|
|t:|1727890987
|switch|p1a: Gengar|Gengar, M|100/100
|move|p2a: Starmie|Hydro Pump|p1a: Gengar
|-damage|p1a: Gengar|33/100
|
|-weather|Sandstorm|[upkeep]
|-damage|p1a: Gengar|27/100|[from] Sandstorm
|-damage|p2a: Starmie|76/100 tox|[from] Sandstorm
|-heal|p1a: Gengar|33/100|[from] item: Leftovers
|-heal|p2a: Starmie|82/100 tox|[from] item: Leftovers
|-damage|p2a: Starmie|70/100 tox|[from] psn
|upkeep
|turn|7
|
|t:|1727891007
|switch|p1a: Blissey|Blissey, F|100/100
|-curestatus|p2a: Starmie|tox|[from] ability: Natural Cure
|switch|p2a: Tyranitar|Tyranitar, M|100/100
|-damage|p2a: Tyranitar|88/100|[from] Spikes
|
|-weather|Sandstorm|[upkeep]
|-damage|p1a: Blissey|94/100|[from] Sandstorm
|-heal|p2a: Tyranitar|94/100|[from] item: Leftovers
|-heal|p1a: Blissey|100/100|[from] item: Leftovers
|upkeep
|turn|8
|inactive|4lowrey has 270 seconds left.
|
|t:|1727891027
|switch|p2a: Blissey|Blissey, F|100/100
|-damage|p2a: Blissey|88/100|[from] Spikes
|move|p1a: Blissey|Seismic Toss|p2a: Blissey
|-damage|p2a: Blissey|74/100
|
|-weather|Sandstorm|[upkeep]
|-damage|p1a: Blissey|94/100|[from] Sandstorm
|-damage|p2a: Blissey|68/100|[from] Sandstorm
|-heal|p1a: Blissey|100/100|[from] item: Leftovers
|-heal|p2a: Blissey|74/100|[from] item: Leftovers
|upkeep
|turn|9
|inactive|4lowrey has 270 seconds left.
|
|t:|1727891038
|switch|p1a: Tyranitar|Tyranitar, F|100/100
|move|p2a: Blissey|Thunder Wave|p1a: Tyranitar
|-status|p1a: Tyranitar|par
|
|-weather|Sandstorm|[upkeep]
|-damage|p2a: Blissey|68/100|[from] Sandstorm
|-heal|p2a: Blissey|74/100|[from] item: Leftovers
|upkeep
|turn|10
|inactive|4lowrey has 270 seconds left.
|
|t:|1727891050
|-singleturn|p1a: Tyranitar|move: Focus Punch
|switch|p2a: Skarmory|Skarmory, F|100/100
|move|p1a: Tyranitar|Focus Punch|p2a: Skarmory
|-crit|p2a: Skarmory
|-damage|p2a: Skarmory|23/100
|
|-weather|Sandstorm|[upkeep]
|-heal|p2a: Skarmory|29/100|[from] item: Leftovers
|upkeep
|turn|11
|inactive|4lowrey has 270 seconds left.
|
|t:|1727891072
|-singleturn|p1a: Tyranitar|move: Focus Punch
|move|p2a: Skarmory|Spikes|p1a: Tyranitar
|-sidestart|p1: 4lowrey|Spikes
|move|p1a: Tyranitar|Focus Punch|p2a: Skarmory
|-damage|p2a: Skarmory|0 fnt
|faint|p2a: Skarmory
|
|t:|1727891086
|switch|p2a: Salamence|Salamence, F|100/100
|-ability|p2a: Salamence|Intimidate|boost
|-unboost|p1a: Tyranitar|atk|1
|
|-weather|Sandstorm|[upkeep]
|-damage|p2a: Salamence|95/100|[from] Sandstorm
|-heal|p2a: Salamence|100/100|[from] item: Leftovers
|upkeep
|turn|12
|
|t:|1727891091
|switch|p1a: Swampert|Swampert, F|98/100
|-damage|p1a: Swampert|85/100|[from] Spikes
|move|p2a: Salamence|Roar|p1a: Swampert
|drag|p1a: Blissey|Blissey, F|100/100
|-damage|p1a: Blissey|88/100|[from] Spikes
|
|-weather|Sandstorm|[upkeep]
|-damage|p2a: Salamence|95/100|[from] Sandstorm
|-damage|p1a: Blissey|82/100|[from] Sandstorm
|-heal|p2a: Salamence|100/100|[from] item: Leftovers
|-heal|p1a: Blissey|88/100|[from] item: Leftovers
|upkeep
|turn|13
|
|t:|1727891103
|switch|p2a: Blissey|Blissey, F|74/100
|-damage|p2a: Blissey|62/100|[from] Spikes
|move|p1a: Blissey|Ice Beam|p2a: Blissey
|-damage|p2a: Blissey|53/100
|
|-weather|Sandstorm|[upkeep]
|-damage|p1a: Blissey|82/100|[from] Sandstorm
|-damage|p2a: Blissey|47/100|[from] Sandstorm
|-heal|p1a: Blissey|88/100|[from] item: Leftovers
|-heal|p2a: Blissey|53/100|[from] item: Leftovers
|upkeep
|turn|14
|
|t:|1727891114
|move|p1a: Blissey|Thunder Wave|p2a: Blissey
|-status|p2a: Blissey|par
|move|p2a: Blissey|Soft-Boiled|p2a: Blissey
|-heal|p2a: Blissey|100/100 par
|
|-weather|Sandstorm|[upkeep]
|-damage|p1a: Blissey|82/100|[from] Sandstorm
|-damage|p2a: Blissey|94/100 par|[from] Sandstorm
|-heal|p1a: Blissey|88/100|[from] item: Leftovers
|-heal|p2a: Blissey|100/100 par|[from] item: Leftovers
|upkeep
|turn|15
|inactive|4lowrey has 270 seconds left.
|
|t:|1727891152
|move|p1a: Blissey|Seismic Toss|p2a: Blissey
|-damage|p2a: Blissey|86/100 par
|move|p2a: Blissey|Thunder Wave|p1a: Blissey
|-status|p1a: Blissey|par
|
|-weather|Sandstorm|[upkeep]
|-damage|p1a: Blissey|82/100 par|[from] Sandstorm
|-damage|p2a: Blissey|80/100 par|[from] Sandstorm
|-heal|p1a: Blissey|88/100 par|[from] item: Leftovers
|-heal|p2a: Blissey|86/100 par|[from] item: Leftovers
|upkeep
|turn|16
|
|t:|1727891174
|-curestatus|p1a: Blissey|par|[from] ability: Natural Cure
|switch|p1a: Tyranitar|Tyranitar, F|100/100 par
|-damage|p1a: Tyranitar|88/100 par|[from] Spikes
|cant|p2a: Blissey|par
|
|-weather|Sandstorm|[upkeep]
|-damage|p2a: Blissey|80/100 par|[from] Sandstorm
|-heal|p1a: Tyranitar|94/100 par|[from] item: Leftovers
|-heal|p2a: Blissey|86/100 par|[from] item: Leftovers
|upkeep
|turn|17
|
|t:|1727891181
|-curestatus|p2a: Blissey|par|[from] ability: Natural Cure
|switch|p2a: Starmie|Starmie|70/100
|-damage|p2a: Starmie|57/100|[from] Spikes
|move|p1a: Tyranitar|Rock Slide|p2a: Starmie
|-damage|p2a: Starmie|1/100
|
|-weather|Sandstorm|[upkeep]
|-damage|p2a: Starmie|0 fnt|[from] Sandstorm
|faint|p2a: Starmie
|-heal|p1a: Tyranitar|100/100 par|[from] item: Leftovers
|upkeep
|
|t:|1727891196
|switch|p2a: Salamence|Salamence, F|100/100
|-ability|p2a: Salamence|Intimidate|boost
|-unboost|p1a: Tyranitar|atk|1
|turn|18
|inactive|4lowrey has 270 seconds left.
|
|t:|1727891222
|switch|p1a: Gengar|Gengar, M|33/100
|move|p2a: Salamence|Brick Break|p1a: Gengar
|-immune|p1a: Gengar
|
|-weather|Sandstorm|[upkeep]
|-damage|p1a: Gengar|27/100|[from] Sandstorm
|-damage|p2a: Salamence|95/100|[from] Sandstorm
|-heal|p1a: Gengar|33/100|[from] item: Leftovers
|-heal|p2a: Salamence|100/100|[from] item: Leftovers
|upkeep
|turn|19
|inactive|4lowrey has 240 seconds left.
|
|t:|1727891264
|switch|p1a: Swampert|Swampert, F|85/100
|-damage|p1a: Swampert|73/100|[from] Spikes
|move|p2a: Salamence|Dragon Claw|p1a: Swampert
|-damage|p1a: Swampert|36/100
|
|-weather|Sandstorm|[upkeep]
|-damage|p2a: Salamence|95/100|[from] Sandstorm
|-heal|p2a: Salamence|100/100|[from] item: Leftovers
|-heal|p1a: Swampert|43/100|[from] item: Leftovers
|upkeep
|turn|20
|
|t:|1727891270
|switch|p2a: Blissey|Blissey, F|86/100
|-damage|p2a: Blissey|74/100|[from] Spikes
|move|p1a: Swampert|Protect||[still]
|-fail|p1a: Swampert
|
|-weather|Sandstorm|[upkeep]
|-damage|p2a: Blissey|68/100|[from] Sandstorm
|-heal|p1a: Swampert|49/100|[from] item: Leftovers
|-heal|p2a: Blissey|74/100|[from] item: Leftovers
|upkeep
|turn|21
|
|t:|1727891285
|move|p1a: Swampert|Protect|p1a: Swampert
|-singleturn|p1a: Swampert|Protect
|move|p2a: Blissey|Seismic Toss|p1a: Swampert
|-activate|p1a: Swampert|Protect
|
|-weather|Sandstorm|[upkeep]
|-damage|p2a: Blissey|68/100|[from] Sandstorm
|-heal|p1a: Swampert|55/100|[from] item: Leftovers
|-heal|p2a: Blissey|74/100|[from] item: Leftovers
|upkeep
|turn|22
|
|t:|1727891298
|switch|p1a: Skarmory|Skarmory, F|88/100 par
|move|p2a: Blissey|Thunder Wave|p1a: Skarmory
|-fail|p1a: Skarmory|par
|
|-weather|Sandstorm|[upkeep]
|-damage|p2a: Blissey|68/100|[from] Sandstorm
|-heal|p2a: Blissey|74/100|[from] item: Leftovers
|-heal|p1a: Skarmory|94/100 par|[from] item: Leftovers
|upkeep
|turn|23
|
|t:|1727891305
|switch|p2a: Tyranitar|Tyranitar, M|94/100
|-damage|p2a: Tyranitar|82/100|[from] Spikes
|cant|p1a: Skarmory|par
|
|-weather|Sandstorm|[upkeep]
|-heal|p2a: Tyranitar|88/100|[from] item: Leftovers
|-heal|p1a: Skarmory|100/100 par|[from] item: Leftovers
|upkeep
|turn|24
|inactive|4lowrey has 240 seconds left.
|
|t:|1727891311
|switch|p1a: Blissey|Blissey, F|88/100
|-damage|p1a: Blissey|76/100|[from] Spikes
|move|p2a: Tyranitar|Fire Blast|p1a: Blissey
|-damage|p1a: Blissey|60/100
|
|-weather|Sandstorm|[upkeep]
|-damage|p1a: Blissey|54/100|[from] Sandstorm
|-heal|p2a: Tyranitar|94/100|[from] item: Leftovers
|-heal|p1a: Blissey|60/100|[from] item: Leftovers
|upkeep
|turn|25
|
|t:|1727891324
|switch|p2a: Blissey|Blissey, F|74/100
|-damage|p2a: Blissey|62/100|[from] Spikes
|move|p1a: Blissey|Soft-Boiled|p1a: Blissey
|-heal|p1a: Blissey|100/100
|
|-weather|Sandstorm|[upkeep]
|-damage|p1a: Blissey|94/100|[from] Sandstorm
|-damage|p2a: Blissey|55/100|[from] Sandstorm
|-heal|p1a: Blissey|100/100|[from] item: Leftovers
|-heal|p2a: Blissey|62/100|[from] item: Leftovers
|upkeep
|turn|26
|
|t:|1727891335
|switch|p1a: Skarmory|Skarmory, F|100/100 par
|move|p2a: Blissey|Soft-Boiled|p2a: Blissey
|-heal|p2a: Blissey|100/100
|
|-weather|Sandstorm|[upkeep]
|-damage|p2a: Blissey|94/100|[from] Sandstorm
|-heal|p2a: Blissey|100/100|[from] item: Leftovers
|upkeep
|turn|27
|
|t:|1727891339
|switch|p2a: Salamence|Salamence, F|100/100
|-ability|p2a: Salamence|Intimidate|boost
|-unboost|p1a: Skarmory|atk|1
|move|p1a: Skarmory|Spikes|p2a: Salamence
|-sidestart|p2: Baptosta|Spikes
|
|-weather|Sandstorm|[upkeep]
|-damage|p2a: Salamence|95/100|[from] Sandstorm
|-heal|p2a: Salamence|100/100|[from] item: Leftovers
|upkeep
|turn|28
|
|t:|1727891353
|switch|p1a: Fish|Starmie|100/100
|-damage|p1a: Fish|88/100|[from] Spikes
|move|p2a: Salamence|Dragon Claw|p1a: Fish
|-damage|p1a: Fish|23/100
|
|-weather|Sandstorm|[upkeep]
|-damage|p1a: Fish|17/100|[from] Sandstorm
|-damage|p2a: Salamence|95/100|[from] Sandstorm
|-heal|p1a: Fish|23/100|[from] item: Leftovers
|-heal|p2a: Salamence|100/100|[from] item: Leftovers
|upkeep
|turn|29
|
|t:|1727891359
|switch|p2a: Blissey|Blissey, F|100/100
|-damage|p2a: Blissey|84/100|[from] Spikes
|move|p1a: Fish|Ice Beam|p2a: Blissey
|-damage|p2a: Blissey|74/100
|
|-weather|Sandstorm|[upkeep]
|-damage|p1a: Fish|17/100|[from] Sandstorm
|-damage|p2a: Blissey|68/100|[from] Sandstorm
|-heal|p1a: Fish|23/100|[from] item: Leftovers
|-heal|p2a: Blissey|74/100|[from] item: Leftovers
|upkeep
|turn|30
|inactive|4lowrey has 270 seconds left.
|
|t:|1727891372
|switch|p1a: Tyranitar|Tyranitar, F|100/100 par
|-damage|p1a: Tyranitar|88/100 par|[from] Spikes
|move|p2a: Blissey|Seismic Toss|p1a: Tyranitar
|-damage|p1a: Tyranitar|63/100 par
|
|-weather|Sandstorm|[upkeep]
|-damage|p2a: Blissey|68/100|[from] Sandstorm
|-heal|p2a: Blissey|74/100|[from] item: Leftovers
|-heal|p1a: Tyranitar|69/100 par|[from] item: Leftovers
|upkeep
|turn|31
|inactive|4lowrey has 270 seconds left.
|
|t:|1727891378
|move|p2a: Blissey|Seismic Toss|p1a: Tyranitar
|-damage|p1a: Tyranitar|45/100 par
|move|p1a: Tyranitar|Rock Slide|p2a: Blissey
|-damage|p2a: Blissey|36/100
|
|-weather|Sandstorm|[upkeep]
|-damage|p2a: Blissey|29/100|[from] Sandstorm
|-heal|p2a: Blissey|36/100|[from] item: Leftovers
|-heal|p1a: Tyranitar|51/100 par|[from] item: Leftovers
|upkeep
|turn|32
|
|t:|1727891384
|-singleturn|p1a: Tyranitar|move: Focus Punch
|move|p2a: Blissey|Soft-Boiled|p2a: Blissey
|-heal|p2a: Blissey|86/100
|move|p1a: Tyranitar|Focus Punch|p2a: Blissey
|-supereffective|p2a: Blissey
|-damage|p2a: Blissey|0 fnt
|faint|p2a: Blissey
|
|t:|1727891391
|switch|p2a: Salamence|Salamence, F|100/100
|-ability|p2a: Salamence|Intimidate|boost
|-unboost|p1a: Tyranitar|atk|1
|
|-weather|Sandstorm|[upkeep]
|-damage|p2a: Salamence|95/100|[from] Sandstorm
|-heal|p2a: Salamence|100/100|[from] item: Leftovers
|-heal|p1a: Tyranitar|57/100 par|[from] item: Leftovers
|upkeep
|turn|33
|
|t:|1727891402
|move|p2a: Salamence|Dragon Claw|p1a: Tyranitar
|-damage|p1a: Tyranitar|20/100 par
|move|p1a: Tyranitar|Rock Slide|p2a: Salamence
|-supereffective|p2a: Salamence
|-damage|p2a: Salamence|31/100
|
|-weather|Sandstorm|[upkeep]
|-damage|p2a: Salamence|25/100|[from] Sandstorm
|-heal|p2a: Salamence|31/100|[from] item: Leftovers
|-heal|p1a: Tyranitar|26/100 par|[from] item: Leftovers
|upkeep
|turn|34
|
|t:|1727891410
|move|p2a: Salamence|Dragon Claw|p1a: Tyranitar
|-damage|p1a: Tyranitar|0 fnt
|faint|p1a: Tyranitar
|
|t:|1727891413
|switch|p1a: Fish|Starmie|23/100
|-damage|p1a: Fish|11/100|[from] Spikes
|
|-weather|Sandstorm|[upkeep]
|-damage|p1a: Fish|5/100|[from] Sandstorm
|-damage|p2a: Salamence|25/100|[from] Sandstorm
|-heal|p1a: Fish|11/100|[from] item: Leftovers
|-heal|p2a: Salamence|31/100|[from] item: Leftovers
|upkeep
|turn|35
|
|t:|1727891421
|switch|p2a: Tyranitar|Tyranitar, M|94/100
|-damage|p2a: Tyranitar|77/100|[from] Spikes
|move|p1a: Fish|Ice Beam|p2a: Tyranitar
|-damage|p2a: Tyranitar|55/100
|
|-weather|Sandstorm|[upkeep]
|-damage|p1a: Fish|5/100|[from] Sandstorm
|-heal|p1a: Fish|11/100|[from] item: Leftovers
|-heal|p2a: Tyranitar|61/100|[from] item: Leftovers
|upkeep
|turn|36
|
|t:|1727891426
|move|p1a: Fish|Hydro Pump|p2a: Tyranitar
|-supereffective|p2a: Tyranitar
|-damage|p2a: Tyranitar|0 fnt
|faint|p2a: Tyranitar
|
|t:|1727891429
|switch|p2a: Jirachi|Jirachi|100/100
|-damage|p2a: Jirachi|84/100|[from] Spikes
|
|-weather|Sandstorm|[upkeep]
|-damage|p1a: Fish|5/100|[from] Sandstorm
|-heal|p1a: Fish|11/100|[from] item: Leftovers
|-heal|p2a: Jirachi|90/100|[from] item: Leftovers
|upkeep
|turn|37
|
|t:|1727891436
|move|p1a: Fish|Hydro Pump|p2a: Jirachi
|-damage|p2a: Jirachi|48/100
|move|p2a: Jirachi|Fire Punch|p1a: Fish
|-resisted|p1a: Fish
|-damage|p1a: Fish|0 fnt
|faint|p1a: Fish
|
|t:|1727891446
|switch|p1a: Swampert|Swampert, F|55/100
|-damage|p1a: Swampert|43/100|[from] Spikes
|
|-weather|Sandstorm|[upkeep]
|-heal|p2a: Jirachi|54/100|[from] item: Leftovers
|-heal|p1a: Swampert|49/100|[from] item: Leftovers
|upkeep
|turn|38
|
|t:|1727891451
|move|p2a: Jirachi|Protect|p2a: Jirachi
|-singleturn|p2a: Jirachi|Protect
|move|p1a: Swampert|Earthquake|p2a: Jirachi
|-activate|p2a: Jirachi|Protect
|
|-weather|Sandstorm|[upkeep]
|-heal|p2a: Jirachi|60/100|[from] item: Leftovers
|-heal|p1a: Swampert|55/100|[from] item: Leftovers
|upkeep
|turn|39
|
|t:|1727891457
|move|p2a: Jirachi|Toxic|p1a: Swampert|[miss]
|-miss|p2a: Jirachi|p1a: Swampert
|move|p1a: Swampert|Hydro Pump|p2a: Jirachi
|-damage|p2a: Jirachi|30/100
|
|-weather|Sandstorm|[upkeep]
|-heal|p2a: Jirachi|36/100|[from] item: Leftovers
|-heal|p1a: Swampert|61/100|[from] item: Leftovers
|upkeep
|turn|40
|
|t:|1727891460
|move|p2a: Jirachi|Protect|p2a: Jirachi
|-singleturn|p2a: Jirachi|Protect
|move|p1a: Swampert|Earthquake|p2a: Jirachi
|-activate|p2a: Jirachi|Protect
|
|-weather|Sandstorm|[upkeep]
|-heal|p2a: Jirachi|42/100|[from] item: Leftovers
|-heal|p1a: Swampert|67/100|[from] item: Leftovers
|upkeep
|turn|41
|
|t:|1727891461
|switch|p2a: Salamence|Salamence, F|31/100
|-ability|p2a: Salamence|Intimidate|boost
|-unboost|p1a: Swampert|atk|1
|move|p1a: Swampert|Earthquake|p2a: Salamence
|-immune|p2a: Salamence
|
|-weather|Sandstorm|[upkeep]
|-damage|p2a: Salamence|25/100|[from] Sandstorm
|-heal|p2a: Salamence|31/100|[from] item: Leftovers
|-heal|p1a: Swampert|74/100|[from] item: Leftovers
|upkeep
|turn|42
|
|t:|1727891467
|move|p1a: Swampert|Protect|p1a: Swampert
|-singleturn|p1a: Swampert|Protect
|move|p2a: Salamence|Dragon Claw|p1a: Swampert
|-activate|p1a: Swampert|Protect
|
|-weather|Sandstorm|[upkeep]
|-damage|p2a: Salamence|25/100|[from] Sandstorm
|-heal|p2a: Salamence|31/100|[from] item: Leftovers
|-heal|p1a: Swampert|80/100|[from] item: Leftovers
|upkeep
|turn|43
|
|t:|1727891472
|switch|p1a: Skarmory|Skarmory, F|100/100 par
|move|p2a: Salamence|Dragon Claw|p1a: Skarmory
|-resisted|p1a: Skarmory
|-damage|p1a: Skarmory|81/100 par
|
|-weather|Sandstorm|[upkeep]
|-damage|p2a: Salamence|25/100|[from] Sandstorm
|-heal|p2a: Salamence|31/100|[from] item: Leftovers
|-heal|p1a: Skarmory|87/100 par|[from] item: Leftovers
|upkeep
|turn|44
|
|t:|1727891474
|move|p2a: Salamence|Fire Blast|p1a: Skarmory|[miss]
|-miss|p2a: Salamence|p1a: Skarmory
|move|p1a: Skarmory|Roar|p2a: Salamence
|drag|p2a: Jirachi|Jirachi|42/100
|-damage|p2a: Jirachi|26/100|[from] Spikes
|
|-weather|Sandstorm|[upkeep]
|-heal|p2a: Jirachi|32/100|[from] item: Leftovers
|-heal|p1a: Skarmory|93/100 par|[from] item: Leftovers
|upkeep
|turn|45
|
|t:|1727891479
|move|p2a: Jirachi|Wish|p2a: Jirachi
|move|p1a: Skarmory|Roar|p2a: Jirachi
|drag|p2a: Salamence|Salamence, F|31/100
|-ability|p2a: Salamence|Intimidate|boost
|-unboost|p1a: Skarmory|atk|1
|
|-weather|Sandstorm|[upkeep]
|-damage|p2a: Salamence|25/100|[from] Sandstorm
|-heal|p2a: Salamence|31/100|[from] item: Leftovers
|-heal|p1a: Skarmory|99/100 par|[from] item: Leftovers
|upkeep
|turn|46
|
|t:|1727891482
|move|p2a: Salamence|Fire Blast|p1a: Skarmory|[miss]
|-miss|p2a: Salamence|p1a: Skarmory
|move|p1a: Skarmory|Toxic|p2a: Salamence|[miss]
|-miss|p1a: Skarmory|p2a: Salamence
|
|-heal|p2a: Salamence|80/100|[from] move: Wish|[wisher] Jirachi
|-weather|Sandstorm|[upkeep]
|-damage|p2a: Salamence|75/100|[from] Sandstorm
|-heal|p2a: Salamence|80/100|[from] item: Leftovers
|-heal|p1a: Skarmory|100/100 par|[from] item: Leftovers
|upkeep
|turn|47
|
|t:|1727891488
|move|p2a: Salamence|Fire Blast|p1a: Skarmory
|-supereffective|p1a: Skarmory
|-damage|p1a: Skarmory|28/100 par
|move|p1a: Skarmory|Toxic|p2a: Salamence|[miss]
|-miss|p1a: Skarmory|p2a: Salamence
|
|-weather|Sandstorm|[upkeep]
|-damage|p2a: Salamence|75/100|[from] Sandstorm
|-heal|p2a: Salamence|80/100|[from] item: Leftovers
|-heal|p1a: Skarmory|34/100 par|[from] item: Leftovers
|upkeep
|turn|48
|
|t:|1727891501
|move|p2a: Salamence|Brick Break|p1a: Skarmory
|-damage|p1a: Skarmory|15/100 par
|move|p1a: Skarmory|Roar|p2a: Salamence
|drag|p2a: Jirachi|Jirachi|32/100
|-damage|p2a: Jirachi|15/100|[from] Spikes
|
|-weather|Sandstorm|[upkeep]
|-heal|p2a: Jirachi|22/100|[from] item: Leftovers
|-heal|p1a: Skarmory|21/100 par|[from] item: Leftovers
|upkeep
|turn|49
|
|t:|1727891506
|move|p2a: Jirachi|Wish|p2a: Jirachi
|move|p1a: Skarmory|Roar|p2a: Jirachi
|drag|p2a: Salamence|Salamence, F|80/100
|-ability|p2a: Salamence|Intimidate|boost
|-unboost|p1a: Skarmory|atk|1
|
|-weather|Sandstorm|[upkeep]
|-damage|p2a: Salamence|75/100|[from] Sandstorm
|-heal|p2a: Salamence|80/100|[from] item: Leftovers
|-heal|p1a: Skarmory|27/100 par|[from] item: Leftovers
|upkeep
|turn|50
|
|t:|1727891509
|move|p2a: Salamence|Fire Blast|p1a: Skarmory
|-supereffective|p1a: Skarmory
|-damage|p1a: Skarmory|0 fnt
|faint|p1a: Skarmory
|
|t:|1727891512
|switch|p1a: Gengar|Gengar, M|33/100
|
|-heal|p2a: Salamence|100/100|[from] move: Wish|[wisher] Jirachi
|-weather|Sandstorm|[upkeep]
|-damage|p1a: Gengar|27/100|[from] Sandstorm
|-damage|p2a: Salamence|95/100|[from] Sandstorm
|-heal|p1a: Gengar|33/100|[from] item: Leftovers
|-heal|p2a: Salamence|100/100|[from] item: Leftovers
|upkeep
|turn|51
|
|t:|1727891515
|move|p1a: Gengar|Ice Punch|p2a: Salamence
|-supereffective|p2a: Salamence
|-damage|p2a: Salamence|0 fnt
|faint|p2a: Salamence
|
|t:|1727891517
|switch|p2a: Jirachi|Jirachi|22/100
|-damage|p2a: Jirachi|5/100|[from] Spikes
|
|-weather|Sandstorm|[upkeep]
|-damage|p1a: Gengar|27/100|[from] Sandstorm
|-heal|p1a: Gengar|33/100|[from] item: Leftovers
|-heal|p2a: Jirachi|11/100|[from] item: Leftovers
|upkeep
|turn|52
|
|t:|1727891519
|move|p1a: Gengar|Thunderbolt|p2a: Jirachi
|-damage|p2a: Jirachi|0 fnt
|faint|p2a: Jirachi
|
|win|4lowrey
|c|☆Baptosta|gg
|c|☆4lowrey|gg
|player|p1|
|player|p1|4lowrey|veteranf|
|player|p2|

</script>
<script type="application/json" class="data" id="replaydata-smogtours-gen3ou-793985">
{"id":"smogtours-gen3ou-793985","format":"[Gen 3] OU","players":["4lowrey","Baptosta"],"uploadtime":1727891519,"views":109,"formatid":"gen3ou","rating":null,"private":0,"password":null}
</script>

<script defer src="js/replays.js?9d40a366"></script>
