<!DOCTYPE html>
<meta charset="utf-8" />
<meta name="viewport" content="width=device-width" />

<title>[Gen 3] OU: Key to Life vs. EG Sato - Replays - Pok&eacute;mon Showdown!</title>

<meta name="description" content="Watch a replay of a Pok&eacute;mon battle between Key to Life and EG Sato! Format: [Gen 3] OU; Date: Nov 15, 2024" />
<!--

Hey, you! Looking in the source for the replay log?

You can find them in JSON format, just add `.json` at the end of a replay URL.

https://replay.pokemonshowdown.com/gen7randomdoublesbattle-865046831.json

Or, if you only need the log itself, add `.log` instead:

https://replay.pokemonshowdown.com/gen7randomdoublesbattle-865046831.log

-->

<link rel="stylesheet" href="//pokemonshowdown.com/style/global.css?0.767286132409787" />
<link rel="stylesheet" href="//play.pokemonshowdown.com/style/font-awesome.css?0.9266228007934947" />
<link rel="stylesheet" href="//play.pokemonshowdown.com/style/battle.css?0.7924700842790926" />
<link rel="stylesheet" href="//play.pokemonshowdown.com/style/utilichart.css?0.8777417872839479" />

<!-- Global site tag (gtag.js) - Google Analytics -->
<script async src="https://www.googletagmanager.com/gtag/js?id=UA-26211653-1"></script>
<script>
  window.dataLayer = window.dataLayer || [];
  function gtag(){dataLayer.push(arguments);}
  gtag('js', new Date());

  gtag('config', 'UA-26211653-1');
</script>
<!-- End Google Analytics -->
<!-- Venatus Ad Manager - Install in <HEAD> of page -->
	<script src="https://hb.vntsm.com/v3/live/ad-manager.min.js" type="text/javascript" data-site-id="642aba63ec9a7b11c3c9c1be" data-mode="scan" async></script>
<!-- / Venatus Ad Manager -->

<style>
	@media (max-width:820px) {
		.battle {
			margin: 0 auto;
		}
		.battle-log {
			margin: 7px auto 0;
			max-width: 640px;
			height: 300px;
			position: static;
		}
	}
	.optgroup {
		display: inline-block;
		line-height: 22px;
		font-size: 10pt;
	}
	.optgroup .button {
		height: 25px;
		padding-top: 0;
		padding-bottom: 0;
	}
	.optgroup button.button {
		padding-left: 12px;
		padding-right: 12px;
	}
	.linklist {
		list-style: none;
		margin: 0.5em 0;
		padding: 0;
	}
	.linklist li {
		padding: 2px 0;
	}
	.sidebar {
		float: left;
		width: 320px;
	}
	.bar-wrapper {
		max-width: 1100px;
		margin: 0 auto;
	}
	.bar-wrapper.has-sidebar {
		max-width: 1430px;
	}
	.mainbar {
		margin: 0;
		padding-right: 1px;
	}
	.mainbar.has-sidebar {
		margin-left: 330px;
	}
	@media (min-width: 1511px) {
		.sidebar {
			width: 400px;
		}
		.bar-wrapper.has-sidebar {
			max-width: 1510px;
		}
		.mainbar.has-sidebar {
			margin-left: 410px;
		}
	}
	.section.first-section {
		margin-top: 9px;
	}
	.blocklink small {
		white-space: normal;
	}
	.button {
		vertical-align: middle;
	}
	.replay-controls {
		padding-top: 10px;
	}
	.replay-controls h1 {
		font-size: 16pt;
		font-weight: normal;
		color: #CCC;
	}
	.pagelink {
		text-align: center;
	}
	.pagelink a {
		width: 150px;
	}
	.textbox, .button {
		font-size: 11pt;
		vertical-align: middle;
	}
	@media (max-width: 450px) {
		.button {
			font-size: 9pt;
		}
	}
</style>

<div>

	<header>
		<div class="nav-wrapper"><ul class="nav">
			<li><a class="button nav-first" href="//pokemonshowdown.com/"><img src="//pokemonshowdown.com/images/pokemonshowdownbeta.png" srcset="//pokemonshowdown.com/images/pokemonshowdownbeta.png 1x, //pokemonshowdown.com/images/pokemonshowdownbeta@2x.png 2x" alt="Pok&eacute;mon Showdown" width="146" height="44" /> Home</a></li>
			<li><a class="button" href="//pokemonshowdown.com/dex/">Pok&eacute;dex</a></li>
			<li><a class="button cur" href="/">Replays</a></li>
			<li><a class="button" href="//pokemonshowdown.com/ladder/">Ladder</a></li>
			<li><a class="button nav-last" href="//pokemonshowdown.com/forums/">Forum</a></li>
			<li><a class="button greenbutton nav-first nav-last" href="//play.pokemonshowdown.com/">Play</a></li>
		</ul></div>
	</header>

	<div class="main" id="main">

		<noscript><section class="section">You need to enable JavaScript to use this page; sorry!</section></noscript>

	</div>

</div>

<script defer nomodule src="//play.pokemonshowdown.com/js/lib/ps-polyfill.js"></script>
<script defer src="//play.pokemonshowdown.com/js/lib/preact.min.js"></script>

<script defer src="//play.pokemonshowdown.com/config/config.js?6dec07f6"></script>
<script defer src="//play.pokemonshowdown.com/js/lib/jquery-1.11.0.min.js"></script>
<script defer src="//play.pokemonshowdown.com/js/lib/html-sanitizer-minified.js"></script>
<script defer src="//play.pokemonshowdown.com/js/battle-sound.js"></script>
<script defer src="//play.pokemonshowdown.com/js/battledata.js?0.6315294753075389"></script>
<script defer src="//play.pokemonshowdown.com/data/pokedex-mini.js?0.7603743185311358"></script>
<script defer src="//play.pokemonshowdown.com/data/pokedex-mini-bw.js?0.030888842834281283"></script>
<script defer src="//play.pokemonshowdown.com/data/graphics.js?0.05593094747507488"></script>
<script defer src="//play.pokemonshowdown.com/data/pokedex.js?0.47064822249611904"></script>
<script defer src="//play.pokemonshowdown.com/data/moves.js?0.8583693120512459"></script>
<script defer src="//play.pokemonshowdown.com/data/abilities.js?0.16017181182386842"></script>
<script defer src="//play.pokemonshowdown.com/data/items.js?0.4163379185673943"></script>
<script defer src="//play.pokemonshowdown.com/data/teambuilder-tables.js?0.31075597372830477"></script>
<script defer src="//play.pokemonshowdown.com/js/battle-tooltips.js?0.6536193500708172"></script>
<script defer src="//play.pokemonshowdown.com/js/battle.js?0.1916591943277901"></script>

<script defer src="js/utils.js?e31f9a17"></script>
<script defer src="js/replays-battle.js?7008c182"></script>

<!-- don't scrape this data! just add .json or .log after the URL!
Full API docs: https://github.com/smogon/pokemon-showdown-client/blob/master/WEB-API.md -->
<script type="text/plain" class="log" id="replaylog-smogtours-gen3ou-806306">
|inactive|Battle timer is ON: inactive players will automatically lose when time's up.
|t:|1731636384
|gametype|singles
|player|p1|Key to Life|caitlin|
|player|p2|EG Sato|veteran|
|teamsize|p1|6
|teamsize|p2|6
|gen|3
|tier|[Gen 3] OU
|rule|Sleep Clause Mod: Limit one foe put to sleep
|rule|Switch Priority Clause Mod: Faster Pokémon switch first
|rule|Species Clause: Limit one of each Pokémon
|rule|OHKO Clause: OHKO moves are banned
|rule|Evasion Items Clause: Evasion items are banned
|rule|Evasion Moves Clause: Evasion moves are banned
|rule|Endless Battle Clause: Forcing endless battles is banned
|rule|HP Percentage Mod: HP is shown in percentages
|rule|One Boost Passer Clause: Limit one Baton Passer that has a way to boost its stats
|rule|Freeze Clause Mod: Limit one foe frozen
|
|t:|1731636384
|start
|switch|p1a: Demon Lord|Salamence, F|100/100
|switch|p2a: Tyranitar|Tyranitar, F|100/100
|-ability|p1a: Demon Lord|Intimidate|boost
|-unboost|p2a: Tyranitar|atk|1
|-weather|Sandstorm|[from] ability: Sand Stream|[of] p2a: Tyranitar
|turn|1
|inactive|EG Sato also wants the timer to be on.
|
|t:|1731636401
|switch|p1a: BRAIN|Metagross|100/100
|switch|p2a: Zapdos|Zapdos|100/100
|
|-weather|Sandstorm|[upkeep]
|-damage|p2a: Zapdos|94/100|[from] Sandstorm
|-heal|p2a: Zapdos|100/100|[from] item: Leftovers
|upkeep
|turn|2
|
|t:|1731636408
|switch|p1a: KING|Snorlax, M|100/100
|move|p2a: Zapdos|Protect||[still]
|-fail|p2a: Zapdos
|
|-weather|Sandstorm|[upkeep]
|-damage|p2a: Zapdos|94/100|[from] Sandstorm
|-damage|p1a: KING|94/100|[from] Sandstorm
|-heal|p2a: Zapdos|100/100|[from] item: Leftovers
|-heal|p1a: KING|100/100|[from] item: Leftovers
|upkeep
|turn|3
|
|t:|1731636413
|-singleturn|p1a: KING|move: Focus Punch
|switch|p2a: Skarmory|Skarmory, F|100/100
|move|p1a: KING|Focus Punch|p2a: Skarmory
|-damage|p2a: Skarmory|64/100
|
|-weather|Sandstorm|[upkeep]
|-damage|p1a: KING|94/100|[from] Sandstorm
|-heal|p2a: Skarmory|70/100|[from] item: Leftovers
|-heal|p1a: KING|100/100|[from] item: Leftovers
|upkeep
|turn|4
|
|t:|1731636417
|-singleturn|p1a: KING|move: Focus Punch
|move|p2a: Skarmory|Spikes|p1a: KING
|-sidestart|p1: Key to Life|Spikes
|move|p1a: KING|Focus Punch|p2a: Skarmory
|-damage|p2a: Skarmory|31/100
|
|-weather|Sandstorm|[upkeep]
|-damage|p1a: KING|94/100|[from] Sandstorm
|-heal|p2a: Skarmory|37/100|[from] item: Leftovers
|-heal|p1a: KING|100/100|[from] item: Leftovers
|upkeep
|turn|5
|
|t:|1731636425
|switch|p1a: Demon Lord|Salamence, F|100/100
|-ability|p1a: Demon Lord|Intimidate|boost
|-unboost|p2a: Skarmory|atk|1
|move|p2a: Skarmory|Protect||[still]
|-fail|p2a: Skarmory
|
|-weather|Sandstorm|[upkeep]
|-damage|p1a: Demon Lord|94/100|[from] Sandstorm
|-heal|p1a: Demon Lord|100/100|[from] item: Leftovers
|-heal|p2a: Skarmory|43/100|[from] item: Leftovers
|upkeep
|turn|6
|
|t:|1731636428
|move|p2a: Skarmory|Protect|p2a: Skarmory
|-singleturn|p2a: Skarmory|Protect
|move|p1a: Demon Lord|Fire Blast|p2a: Skarmory|[miss]
|-miss|p1a: Demon Lord|p2a: Skarmory
|
|-weather|Sandstorm|[upkeep]
|-damage|p1a: Demon Lord|94/100|[from] Sandstorm
|-heal|p1a: Demon Lord|100/100|[from] item: Leftovers
|-heal|p2a: Skarmory|49/100|[from] item: Leftovers
|upkeep
|turn|7
|
|t:|1731636435
|switch|p1a: EYE|Claydol|100/100
|switch|p2a: Aerodactyl|Aerodactyl, M|100/100
|
|-weather|Sandstorm|[upkeep]
|upkeep
|turn|8
|
|t:|1731636441
|move|p2a: Aerodactyl|Double-Edge|p1a: EYE
|-damage|p1a: EYE|39/100
|move|p1a: EYE|Rapid Spin|p2a: Aerodactyl
|-resisted|p2a: Aerodactyl
|-damage|p2a: Aerodactyl|96/100
|-sideend|p1: Key to Life|Spikes|[from] move: Rapid Spin|[of] p1a: EYE
|
|-weather|Sandstorm|[upkeep]
|-heal|p1a: EYE|45/100|[from] item: Leftovers
|upkeep
|turn|9
|
|t:|1731636446
|switch|p2a: Skarmory|Skarmory, F|49/100
|switch|p1a: BRAIN|Metagross|100/100
|
|-weather|Sandstorm|[upkeep]
|-heal|p2a: Skarmory|55/100|[from] item: Leftovers
|upkeep
|turn|10
|
|t:|1731636449
|move|p1a: BRAIN|Hidden Power|p2a: Skarmory
|-supereffective|p2a: Skarmory
|-crit|p2a: Skarmory
|-damage|p2a: Skarmory|0 fnt
|faint|p2a: Skarmory
|
|t:|1731636457
|switch|p2a: Zapdos|Zapdos|100/100
|
|-weather|Sandstorm|[upkeep]
|-damage|p2a: Zapdos|94/100|[from] Sandstorm
|-heal|p2a: Zapdos|100/100|[from] item: Leftovers
|upkeep
|turn|11
|
|t:|1731636465
|move|p2a: Zapdos|Thunderbolt|p1a: BRAIN
|-damage|p1a: BRAIN|39/100
|move|p1a: BRAIN|Psychic|p2a: Zapdos
|-damage|p2a: Zapdos|58/100
|
|-weather|Sandstorm|[upkeep]
|-damage|p2a: Zapdos|52/100|[from] Sandstorm
|-heal|p2a: Zapdos|58/100|[from] item: Leftovers
|-heal|p1a: BRAIN|45/100|[from] item: Leftovers
|upkeep
|turn|12
|
|t:|1731636475
|switch|p1a: KING|Snorlax, M|100/100
|move|p2a: Zapdos|Hidden Power|p1a: KING
|-damage|p1a: KING|86/100
|
|-weather|Sandstorm|[upkeep]
|-damage|p2a: Zapdos|52/100|[from] Sandstorm
|-damage|p1a: KING|80/100|[from] Sandstorm
|-heal|p2a: Zapdos|58/100|[from] item: Leftovers
|-heal|p1a: KING|86/100|[from] item: Leftovers
|upkeep
|turn|13
|
|t:|1731636481
|switch|p2a: Gengar|Gengar, F|100/100
|move|p1a: KING|Body Slam|p2a: Gengar
|-immune|p2a: Gengar
|
|-weather|Sandstorm|[upkeep]
|-damage|p2a: Gengar|94/100|[from] Sandstorm
|-damage|p1a: KING|80/100|[from] Sandstorm
|-heal|p2a: Gengar|100/100|[from] item: Leftovers
|-heal|p1a: KING|86/100|[from] item: Leftovers
|upkeep
|turn|14
|
|t:|1731636491
|switch|p2a: Tyranitar|Tyranitar, F|100/100
|switch|p1a: Envy Baby|Heracross, M|100/100
|
|-weather|Sandstorm|[upkeep]
|-damage|p1a: Envy Baby|95/100|[from] Sandstorm
|-heal|p1a: Envy Baby|100/100|[from] item: Leftovers
|upkeep
|turn|15
|
|t:|1731636501
|switch|p2a: Gengar|Gengar, F|100/100
|move|p1a: Envy Baby|Swords Dance|p1a: Envy Baby
|-boost|p1a: Envy Baby|atk|2
|
|-weather|Sandstorm|[upkeep]
|-damage|p2a: Gengar|94/100|[from] Sandstorm
|-damage|p1a: Envy Baby|95/100|[from] Sandstorm
|-heal|p2a: Gengar|100/100|[from] item: Leftovers
|-heal|p1a: Envy Baby|100/100|[from] item: Leftovers
|upkeep
|turn|16
|
|t:|1731636505
|move|p2a: Gengar|Thunderbolt|p1a: Envy Baby
|-damage|p1a: Envy Baby|71/100
|move|p1a: Envy Baby|Megahorn|p2a: Gengar
|-resisted|p2a: Gengar
|-damage|p2a: Gengar|56/100
|
|-weather|Sandstorm|[upkeep]
|-damage|p2a: Gengar|50/100|[from] Sandstorm
|-damage|p1a: Envy Baby|65/100|[from] Sandstorm
|-heal|p2a: Gengar|56/100|[from] item: Leftovers
|-heal|p1a: Envy Baby|71/100|[from] item: Leftovers
|upkeep
|turn|17
|
|t:|1731636514
|move|p2a: Gengar|Thunderbolt|p1a: Envy Baby
|-damage|p1a: Envy Baby|37/100
|move|p1a: Envy Baby|Rock Slide|p2a: Gengar
|-damage|p2a: Gengar|0 fnt
|faint|p2a: Gengar
|
|t:|1731636520
|switch|p2a: Aerodactyl|Aerodactyl, M|96/100
|
|-weather|Sandstorm|[upkeep]
|-damage|p1a: Envy Baby|31/100|[from] Sandstorm
|-heal|p1a: Envy Baby|37/100|[from] item: Leftovers
|upkeep
|turn|18
|
|t:|1731636526
|move|p2a: Aerodactyl|Double-Edge|p1a: Envy Baby
|-damage|p1a: Envy Baby|0 fnt
|faint|p1a: Envy Baby
|
|t:|1731636528
|switch|p1a: BRAIN|Metagross|45/100
|
|-weather|Sandstorm|[upkeep]
|-heal|p1a: BRAIN|51/100|[from] item: Leftovers
|upkeep
|turn|19
|
|t:|1731636534
|switch|p2a: Zapdos|Zapdos|58/100
|move|p1a: BRAIN|Explosion|p2a: Zapdos
|-crit|p2a: Zapdos
|-damage|p2a: Zapdos|0 fnt
|faint|p1a: BRAIN
|faint|p2a: Zapdos
|
|t:|1731636541
|switch|p2a: Swampert|Swampert, M|100/100
|switch|p1a: QUEEN|Suicune, shiny|100/100
|
|-weather|Sandstorm|[upkeep]
|-damage|p1a: QUEEN|94/100|[from] Sandstorm
|-heal|p1a: QUEEN|100/100|[from] item: Leftovers
|upkeep
|turn|20
|
|t:|1731636545
|move|p1a: QUEEN|Calm Mind|p1a: QUEEN
|-boost|p1a: QUEEN|spa|1
|-boost|p1a: QUEEN|spd|1
|move|p2a: Swampert|Toxic|p1a: QUEEN
|-status|p1a: QUEEN|tox
|
|-weather|Sandstorm|[upkeep]
|-damage|p1a: QUEEN|94/100 tox|[from] Sandstorm
|-heal|p1a: QUEEN|100/100 tox|[from] item: Leftovers
|-damage|p1a: QUEEN|94/100 tox|[from] psn
|upkeep
|turn|21
|
|t:|1731636549
|move|p1a: QUEEN|Surf|p2a: Swampert
|-damage|p2a: Swampert|49/100
|move|p2a: Swampert|Surf|p1a: QUEEN
|-resisted|p1a: QUEEN
|-damage|p1a: QUEEN|88/100 tox
|
|-weather|Sandstorm|[upkeep]
|-damage|p1a: QUEEN|82/100 tox|[from] Sandstorm
|-heal|p1a: QUEEN|88/100 tox|[from] item: Leftovers
|-damage|p1a: QUEEN|76/100 tox|[from] psn
|-heal|p2a: Swampert|56/100|[from] item: Leftovers
|upkeep
|turn|22
|
|t:|1731636554
|move|p2a: Swampert|Protect|p2a: Swampert
|-singleturn|p2a: Swampert|Protect
|move|p1a: QUEEN|Calm Mind|p1a: QUEEN
|-boost|p1a: QUEEN|spa|1
|-boost|p1a: QUEEN|spd|1
|
|-weather|Sandstorm|[upkeep]
|-damage|p1a: QUEEN|69/100 tox|[from] Sandstorm
|-heal|p1a: QUEEN|76/100 tox|[from] item: Leftovers
|-damage|p1a: QUEEN|57/100 tox|[from] psn
|-heal|p2a: Swampert|62/100|[from] item: Leftovers
|upkeep
|turn|23
|
|t:|1731636558
|move|p2a: Swampert|Protect||[still]
|-fail|p2a: Swampert
|move|p1a: QUEEN|Surf|p2a: Swampert
|-damage|p2a: Swampert|1/100
|
|-weather|Sandstorm|[upkeep]
|-damage|p1a: QUEEN|51/100 tox|[from] Sandstorm
|-heal|p1a: QUEEN|57/100 tox|[from] item: Leftovers
|-damage|p1a: QUEEN|32/100 tox|[from] psn
|-heal|p2a: Swampert|7/100|[from] item: Leftovers
|upkeep
|turn|24
|
|t:|1731636562
|move|p2a: Swampert|Protect|p2a: Swampert
|-singleturn|p2a: Swampert|Protect
|move|p1a: QUEEN|Rest|p1a: QUEEN
|-status|p1a: QUEEN|slp|[from] move: Rest
|-heal|p1a: QUEEN|100/100 slp|[silent]
|
|-weather|Sandstorm|[upkeep]
|-damage|p1a: QUEEN|94/100 slp|[from] Sandstorm
|-heal|p1a: QUEEN|100/100 slp|[from] item: Leftovers
|-heal|p2a: Swampert|13/100|[from] item: Leftovers
|upkeep
|turn|25
|
|t:|1731636568
|switch|p2a: Aerodactyl|Aerodactyl, M|96/100
|cant|p1a: QUEEN|slp
|
|-weather|Sandstorm|[upkeep]
|-damage|p1a: QUEEN|94/100 slp|[from] Sandstorm
|-heal|p1a: QUEEN|100/100 slp|[from] item: Leftovers
|upkeep
|turn|26
|
|t:|1731636580
|move|p2a: Aerodactyl|Rock Slide|p1a: QUEEN
|-damage|p1a: QUEEN|61/100 slp
|cant|p1a: QUEEN|slp
|
|-weather|Sandstorm|[upkeep]
|-damage|p1a: QUEEN|55/100 slp|[from] Sandstorm
|-heal|p1a: QUEEN|61/100 slp|[from] item: Leftovers
|upkeep
|turn|27
|
|t:|1731636585
|move|p2a: Aerodactyl|Rock Slide|p1a: QUEEN
|-damage|p1a: QUEEN|24/100 slp
|-curestatus|p1a: QUEEN|slp|[msg]
|move|p1a: QUEEN|Surf|p2a: Aerodactyl
|-supereffective|p2a: Aerodactyl
|-damage|p2a: Aerodactyl|0 fnt
|faint|p2a: Aerodactyl
|
|t:|1731636590
|switch|p2a: Tyranitar|Tyranitar, F|100/100
|
|-weather|Sandstorm|[upkeep]
|-damage|p1a: QUEEN|18/100|[from] Sandstorm
|-heal|p1a: QUEEN|24/100|[from] item: Leftovers
|upkeep
|turn|28
|
|t:|1731636593
|move|p1a: QUEEN|Surf|p2a: Tyranitar
|-supereffective|p2a: Tyranitar
|-damage|p2a: Tyranitar|0 fnt
|faint|p2a: Tyranitar
|-message|EG Sato forfeited.
|
|win|Key to Life
|c|☆Key to Life|gg
|player|p1|

</script>
<script type="application/json" class="data" id="replaydata-smogtours-gen3ou-806306">
{"id":"smogtours-gen3ou-806306","format":"[Gen 3] OU","players":["Key to Life","EG Sato"],"uploadtime":1731636598,"views":39,"formatid":"gen3ou","rating":null,"private":0,"password":null}
</script>

<script defer src="js/replays.js?9d40a366"></script>
