<!DOCTYPE html>
<meta charset="utf-8" />
<meta name="viewport" content="width=device-width" />

<title>[Gen 3] OU: Sopphaking vs. sbibling - Replays - Pok&eacute;mon Showdown!</title>

<meta name="description" content="Watch a replay of a Pok&eacute;mon battle between Sopphaking and sbibling! Format: [Gen 3] OU; Date: Oct 5, 2024" />
<!--

Hey, you! Looking in the source for the replay log?

You can find them in JSON format, just add `.json` at the end of a replay URL.

https://replay.pokemonshowdown.com/gen7randomdoublesbattle-865046831.json

Or, if you only need the log itself, add `.log` instead:

https://replay.pokemonshowdown.com/gen7randomdoublesbattle-865046831.log

-->

<link rel="stylesheet" href="//pokemonshowdown.com/style/global.css?0.023195364461161105" />
<link rel="stylesheet" href="//play.pokemonshowdown.com/style/font-awesome.css?0.13261647063804238" />
<link rel="stylesheet" href="//play.pokemonshowdown.com/style/battle.css?0.8753245789963631" />
<link rel="stylesheet" href="//play.pokemonshowdown.com/style/utilichart.css?0.8627959624976733" />

<!-- Global site tag (gtag.js) - Google Analytics -->
<script async src="https://www.googletagmanager.com/gtag/js?id=UA-26211653-1"></script>
<script>
  window.dataLayer = window.dataLayer || [];
  function gtag(){dataLayer.push(arguments);}
  gtag('js', new Date());

  gtag('config', 'UA-26211653-1');
</script>
<!-- End Google Analytics -->
<!-- Venatus Ad Manager - Install in <HEAD> of page -->
	<script src="https://hb.vntsm.com/v3/live/ad-manager.min.js" type="text/javascript" data-site-id="642aba63ec9a7b11c3c9c1be" data-mode="scan" async></script>
<!-- / Venatus Ad Manager -->

<style>
	@media (max-width:820px) {
		.battle {
			margin: 0 auto;
		}
		.battle-log {
			margin: 7px auto 0;
			max-width: 640px;
			height: 300px;
			position: static;
		}
	}
	.optgroup {
		display: inline-block;
		line-height: 22px;
		font-size: 10pt;
	}
	.optgroup .button {
		height: 25px;
		padding-top: 0;
		padding-bottom: 0;
	}
	.optgroup button.button {
		padding-left: 12px;
		padding-right: 12px;
	}
	.linklist {
		list-style: none;
		margin: 0.5em 0;
		padding: 0;
	}
	.linklist li {
		padding: 2px 0;
	}
	.sidebar {
		float: left;
		width: 320px;
	}
	.bar-wrapper {
		max-width: 1100px;
		margin: 0 auto;
	}
	.bar-wrapper.has-sidebar {
		max-width: 1430px;
	}
	.mainbar {
		margin: 0;
		padding-right: 1px;
	}
	.mainbar.has-sidebar {
		margin-left: 330px;
	}
	@media (min-width: 1511px) {
		.sidebar {
			width: 400px;
		}
		.bar-wrapper.has-sidebar {
			max-width: 1510px;
		}
		.mainbar.has-sidebar {
			margin-left: 410px;
		}
	}
	.section.first-section {
		margin-top: 9px;
	}
	.blocklink small {
		white-space: normal;
	}
	.button {
		vertical-align: middle;
	}
	.replay-controls {
		padding-top: 10px;
	}
	.replay-controls h1 {
		font-size: 16pt;
		font-weight: normal;
		color: #CCC;
	}
	.pagelink {
		text-align: center;
	}
	.pagelink a {
		width: 150px;
	}
	.textbox, .button {
		font-size: 11pt;
		vertical-align: middle;
	}
	@media (max-width: 450px) {
		.button {
			font-size: 9pt;
		}
	}
</style>

<div>

	<header>
		<div class="nav-wrapper"><ul class="nav">
			<li><a class="button nav-first" href="//pokemonshowdown.com/"><img src="//pokemonshowdown.com/images/pokemonshowdownbeta.png" srcset="//pokemonshowdown.com/images/pokemonshowdownbeta.png 1x, //pokemonshowdown.com/images/pokemonshowdownbeta@2x.png 2x" alt="Pok&eacute;mon Showdown" width="146" height="44" /> Home</a></li>
			<li><a class="button" href="//pokemonshowdown.com/dex/">Pok&eacute;dex</a></li>
			<li><a class="button cur" href="/">Replays</a></li>
			<li><a class="button" href="//pokemonshowdown.com/ladder/">Ladder</a></li>
			<li><a class="button nav-last" href="//pokemonshowdown.com/forums/">Forum</a></li>
			<li><a class="button greenbutton nav-first nav-last" href="//play.pokemonshowdown.com/">Play</a></li>
		</ul></div>
	</header>

	<div class="main" id="main">

		<noscript><section class="section">You need to enable JavaScript to use this page; sorry!</section></noscript>

	</div>

</div>

<script defer nomodule src="//play.pokemonshowdown.com/js/lib/ps-polyfill.js"></script>
<script defer src="//play.pokemonshowdown.com/js/lib/preact.min.js"></script>

<script defer src="//play.pokemonshowdown.com/config/config.js?2bddbc15"></script>
<script defer src="//play.pokemonshowdown.com/js/lib/jquery-1.11.0.min.js"></script>
<script defer src="//play.pokemonshowdown.com/js/lib/html-sanitizer-minified.js"></script>
<script defer src="//play.pokemonshowdown.com/js/battle-sound.js"></script>
<script defer src="//play.pokemonshowdown.com/js/battledata.js?0.7209276989879541"></script>
<script defer src="//play.pokemonshowdown.com/data/pokedex-mini.js?0.6111056340867951"></script>
<script defer src="//play.pokemonshowdown.com/data/pokedex-mini-bw.js?0.3532142036491459"></script>
<script defer src="//play.pokemonshowdown.com/data/graphics.js?0.24223875632456182"></script>
<script defer src="//play.pokemonshowdown.com/data/pokedex.js?0.38839984266356864"></script>
<script defer src="//play.pokemonshowdown.com/data/moves.js?0.21866028504024015"></script>
<script defer src="//play.pokemonshowdown.com/data/abilities.js?0.2005157953846628"></script>
<script defer src="//play.pokemonshowdown.com/data/items.js?0.9894211263848525"></script>
<script defer src="//play.pokemonshowdown.com/data/teambuilder-tables.js?0.6008791140282215"></script>
<script defer src="//play.pokemonshowdown.com/js/battle-tooltips.js?0.7580118955022959"></script>
<script defer src="//play.pokemonshowdown.com/js/battle.js?0.6057722274234274"></script>

<script defer src="js/utils.js?e31f9a17"></script>
<script defer src="js/replays-battle.js?7008c182"></script>

<!-- don't scrape this data! just add .json or .log after the URL!
Full API docs: https://github.com/smogon/pokemon-showdown-client/blob/master/WEB-API.md -->
<script type="text/plain" class="log" id="replaylog-smogtours-gen3ou-795204">
|inactive|Battle timer is ON: inactive players will automatically lose when time's up.
|t:|1728162094
|gametype|singles
|player|p1|Sopphaking|170|
|player|p2|sbibling|2|
|teamsize|p1|6
|teamsize|p2|6
|gen|3
|tier|[Gen 3] OU
|rule|Sleep Clause Mod: Limit one foe put to sleep
|rule|Switch Priority Clause Mod: Faster Pokémon switch first
|rule|Species Clause: Limit one of each Pokémon
|rule|OHKO Clause: OHKO moves are banned
|rule|Evasion Items Clause: Evasion items are banned
|rule|Evasion Moves Clause: Evasion moves are banned
|rule|Endless Battle Clause: Forcing endless battles is banned
|rule|HP Percentage Mod: HP is shown in percentages
|rule|One Boost Passer Clause: Limit one Baton Passer that has a way to boost its stats
|rule|Freeze Clause Mod: Limit one foe frozen
|
|t:|1728162094
|start
|switch|p1a: Metagross|Metagross, shiny|100/100
|switch|p2a: Tyranitar|Tyranitar, F|100/100
|-weather|Sandstorm|[from] ability: Sand Stream|[of] p2a: Tyranitar
|turn|1
|c|☆sbibling|glhf
|c|☆Sopphaking|hf
|inactive|sbibling also wants the timer to be on.
|
|t:|1728162113
|switch|p2a: Swampert|Swampert, M|100/100
|move|p1a: Metagross|Meteor Mash|p2a: Swampert
|-resisted|p2a: Swampert
|-damage|p2a: Swampert|73/100
|-boost|p1a: Metagross|atk|1
|
|-weather|Sandstorm|[upkeep]
|-heal|p2a: Swampert|79/100|[from] item: Leftovers
|upkeep
|turn|2
|
|t:|1728162126
|switch|p1a: Celebi|Celebi|100/100
|move|p2a: Swampert|Surf|p1a: Celebi
|-resisted|p1a: Celebi
|-damage|p1a: Celebi|88/100
|
|-weather|Sandstorm|[upkeep]
|-damage|p1a: Celebi|82/100|[from] Sandstorm
|-heal|p1a: Celebi|88/100|[from] item: Leftovers
|-heal|p2a: Swampert|85/100|[from] item: Leftovers
|upkeep
|turn|3
|
|t:|1728162146
|switch|p2a: Blissey|Blissey, F|100/100
|move|p1a: Celebi|Baton Pass|p1a: Celebi
|
|t:|1728162156
|switch|p1a: Metagross|Metagross, shiny|100/100|[from] Baton Pass
|
|-weather|Sandstorm|[upkeep]
|-damage|p2a: Blissey|94/100|[from] Sandstorm
|-heal|p2a: Blissey|100/100|[from] item: Leftovers
|upkeep
|turn|4
|inactive|sbibling has 270 seconds left.
|inactive|Sopphaking has 270 seconds left.
|
|t:|1728162214
|switch|p2a: Swampert|Swampert, M|85/100
|move|p1a: Metagross|Brick Break|p2a: Swampert
|-crit|p2a: Swampert
|-damage|p2a: Swampert|36/100
|
|-weather|Sandstorm|[upkeep]
|-heal|p2a: Swampert|42/100|[from] item: Leftovers
|upkeep
|turn|5
|inactive|Sopphaking has 270 seconds left.
|
|t:|1728162230
|switch|p1a: Celebi|Celebi|88/100
|move|p2a: Swampert|Toxic|p1a: Celebi
|-status|p1a: Celebi|tox
|
|-weather|Sandstorm|[upkeep]
|-damage|p1a: Celebi|82/100 tox|[from] Sandstorm
|-heal|p1a: Celebi|88/100 tox|[from] item: Leftovers
|-damage|p1a: Celebi|82/100 tox|[from] psn
|-heal|p2a: Swampert|48/100|[from] item: Leftovers
|upkeep
|turn|6
|inactive|Sopphaking has 270 seconds left.
|
|t:|1728162248
|move|p2a: Swampert|Protect|p2a: Swampert
|-singleturn|p2a: Swampert|Protect
|move|p1a: Celebi|Leech Seed|p2a: Swampert
|-activate|p2a: Swampert|Protect
|
|-weather|Sandstorm|[upkeep]
|-damage|p1a: Celebi|75/100 tox|[from] Sandstorm
|-heal|p1a: Celebi|82/100 tox|[from] item: Leftovers
|-damage|p1a: Celebi|69/100 tox|[from] psn
|-heal|p2a: Swampert|54/100|[from] item: Leftovers
|upkeep
|turn|7
|inactive|Sopphaking has 270 seconds left.
|
|t:|1728162260
|switch|p2a: Jirachi|Jirachi|100/100
|move|p1a: Celebi|Baton Pass|p1a: Celebi
|inactive|Sopphaking has 240 seconds left.
|inactive|Sopphaking has 210 seconds left.
|
|t:|1728162326
|-curestatus|p1a: Celebi|tox|[from] ability: Natural Cure
|switch|p1a: Magneton|Magneton, shiny|100/100|[from] Baton Pass
|
|-weather|Sandstorm|[upkeep]
|upkeep
|turn|8
|inactive|Sopphaking has 210 seconds left.
|inactive|sbibling has 270 seconds left.
|inactive|sbibling has 240 seconds left.
|
|t:|1728162367
|move|p1a: Magneton|Thunderbolt|p2a: Jirachi
|-damage|p2a: Jirachi|62/100
|move|p2a: Jirachi|Fire Punch|p1a: Magneton
|-supereffective|p1a: Magneton
|-damage|p1a: Magneton|32/100
|
|-weather|Sandstorm|[upkeep]
|-heal|p2a: Jirachi|68/100|[from] item: Leftovers
|upkeep
|turn|9
|inactive|Sopphaking has 210 seconds left.
|inactive|sbibling has 240 seconds left.
|
|t:|1728162389
|move|p1a: Magneton|Thunderbolt|p2a: Jirachi
|-damage|p2a: Jirachi|31/100
|move|p2a: Jirachi|Fire Punch|p1a: Magneton
|-supereffective|p1a: Magneton
|-damage|p1a: Magneton|0 fnt
|faint|p1a: Magneton
|inactive|Sopphaking has 180 seconds left.
|
|t:|1728162423
|switch|p1a: Salamence|Salamence, M|100/100
|-ability|p1a: Salamence|Intimidate|boost
|-unboost|p2a: Jirachi|atk|1
|
|-weather|Sandstorm|[upkeep]
|-damage|p1a: Salamence|94/100|[from] Sandstorm
|-heal|p1a: Salamence|100/100|[from] item: Leftovers
|-heal|p2a: Jirachi|37/100|[from] item: Leftovers
|upkeep
|turn|10
|inactive|sbibling has 240 seconds left.
|
|t:|1728162460
|move|p2a: Jirachi|Protect|p2a: Jirachi
|-singleturn|p2a: Jirachi|Protect
|move|p1a: Salamence|Earthquake|p2a: Jirachi
|-activate|p2a: Jirachi|Protect
|
|-weather|Sandstorm|[upkeep]
|-damage|p1a: Salamence|94/100|[from] Sandstorm
|-heal|p1a: Salamence|100/100|[from] item: Leftovers
|-heal|p2a: Jirachi|44/100|[from] item: Leftovers
|upkeep
|turn|11
|inactive|Sopphaking has 180 seconds left.
|inactive|sbibling has 210 seconds left.
|
|t:|1728162483
|switch|p2a: Salamence|Salamence, F|100/100
|-ability|p2a: Salamence|Intimidate|boost
|-unboost|p1a: Salamence|atk|1
|move|p1a: Salamence|Dragon Dance|p1a: Salamence
|-boost|p1a: Salamence|atk|1
|-boost|p1a: Salamence|spe|1
|
|-weather|Sandstorm|[upkeep]
|-damage|p1a: Salamence|94/100|[from] Sandstorm
|-damage|p2a: Salamence|95/100|[from] Sandstorm
|-heal|p1a: Salamence|100/100|[from] item: Leftovers
|-heal|p2a: Salamence|100/100|[from] item: Leftovers
|upkeep
|turn|12
|
|t:|1728162488
|move|p1a: Salamence|Rock Slide|p2a: Salamence
|-supereffective|p2a: Salamence
|-damage|p2a: Salamence|40/100
|cant|p2a: Salamence|flinch
|
|-weather|Sandstorm|[upkeep]
|-damage|p1a: Salamence|94/100|[from] Sandstorm
|-damage|p2a: Salamence|34/100|[from] Sandstorm
|-heal|p1a: Salamence|100/100|[from] item: Leftovers
|-heal|p2a: Salamence|40/100|[from] item: Leftovers
|upkeep
|turn|13
|inactive|sbibling has 210 seconds left.
|
|t:|1728162510
|switch|p2a: Forretress|Forretress, M|100/100
|move|p1a: Salamence|Rock Slide|p2a: Forretress
|-damage|p2a: Forretress|82/100
|
|-weather|Sandstorm|[upkeep]
|-damage|p1a: Salamence|94/100|[from] Sandstorm
|-heal|p1a: Salamence|100/100|[from] item: Leftovers
|-heal|p2a: Forretress|88/100|[from] item: Leftovers
|upkeep
|turn|14
|inactive|sbibling has 210 seconds left.
|inactive|Sopphaking has 180 seconds left.
|
|t:|1728162540
|switch|p1a: Gyarados|Gyarados, M, shiny|100/100
|-ability|p1a: Gyarados|Intimidate|boost
|-unboost|p2a: Forretress|atk|1
|switch|p2a: Salamence|Salamence, F|40/100
|-ability|p2a: Salamence|Intimidate|boost
|-unboost|p1a: Gyarados|atk|1
|
|-weather|Sandstorm|[upkeep]
|-damage|p1a: Gyarados|94/100|[from] Sandstorm
|-damage|p2a: Salamence|34/100|[from] Sandstorm
|-heal|p1a: Gyarados|100/100|[from] item: Leftovers
|-heal|p2a: Salamence|40/100|[from] item: Leftovers
|upkeep
|turn|15
|inactive|sbibling has 180 seconds left.
|
|t:|1728162568
|switch|p2a: Blissey|Blissey, F|100/100
|move|p1a: Gyarados|Dragon Dance|p1a: Gyarados
|-boost|p1a: Gyarados|atk|1
|-boost|p1a: Gyarados|spe|1
|
|-weather|Sandstorm|[upkeep]
|-damage|p1a: Gyarados|94/100|[from] Sandstorm
|-damage|p2a: Blissey|94/100|[from] Sandstorm
|-heal|p1a: Gyarados|100/100|[from] item: Leftovers
|-heal|p2a: Blissey|100/100|[from] item: Leftovers
|upkeep
|turn|16
|
|t:|1728162574
|switch|p1a: Celebi|Celebi|69/100
|move|p2a: Blissey|Toxic|p1a: Celebi
|-status|p1a: Celebi|tox
|
|-weather|Sandstorm|[upkeep]
|-damage|p1a: Celebi|63/100 tox|[from] Sandstorm
|-damage|p2a: Blissey|94/100|[from] Sandstorm
|-heal|p1a: Celebi|69/100 tox|[from] item: Leftovers
|-damage|p1a: Celebi|63/100 tox|[from] psn
|-heal|p2a: Blissey|100/100|[from] item: Leftovers
|upkeep
|turn|17
|
|t:|1728162586
|move|p1a: Celebi|Leech Seed|p2a: Blissey
|-start|p2a: Blissey|move: Leech Seed
|move|p2a: Blissey|Wish|p2a: Blissey
|
|-weather|Sandstorm|[upkeep]
|-damage|p1a: Celebi|57/100 tox|[from] Sandstorm
|-damage|p2a: Blissey|94/100|[from] Sandstorm
|-heal|p1a: Celebi|63/100 tox|[from] item: Leftovers
|-damage|p1a: Celebi|51/100 tox|[from] psn
|-heal|p2a: Blissey|100/100|[from] item: Leftovers
|-damage|p2a: Blissey|88/100|[from] Leech Seed|[of] p1a: Celebi
|-heal|p1a: Celebi|71/100 tox|[silent]
|upkeep
|turn|18
|
|t:|1728162607
|switch|p2a: Jirachi|Jirachi|44/100
|move|p1a: Celebi|Baton Pass|p1a: Celebi
|
|t:|1728162613
|-curestatus|p1a: Celebi|tox|[from] ability: Natural Cure
|switch|p1a: Salamence|Salamence, M|100/100|[from] Baton Pass
|-ability|p1a: Salamence|Intimidate|boost
|-unboost|p2a: Jirachi|atk|1
|
|-heal|p2a: Jirachi|94/100|[from] move: Wish|[wisher] Blissey
|-weather|Sandstorm|[upkeep]
|-damage|p1a: Salamence|94/100|[from] Sandstorm
|-heal|p1a: Salamence|100/100|[from] item: Leftovers
|-heal|p2a: Jirachi|99/100|[from] item: Leftovers
|upkeep
|turn|19
|inactive|sbibling has 180 seconds left.
|
|t:|1728162636
|switch|p1a: Metagross|Metagross, shiny|100/100
|move|p2a: Jirachi|Toxic|p1a: Metagross
|-immune|p1a: Metagross
|
|-weather|Sandstorm|[upkeep]
|-heal|p2a: Jirachi|100/100|[from] item: Leftovers
|upkeep
|turn|20
|inactive|sbibling has 180 seconds left.
|inactive|Sopphaking has 150 seconds left.
|
|t:|1728162675
|switch|p1a: Celebi|Celebi|71/100
|move|p2a: Jirachi|Protect||[still]
|-fail|p2a: Jirachi
|
|-weather|Sandstorm|[upkeep]
|-damage|p1a: Celebi|65/100|[from] Sandstorm
|-heal|p1a: Celebi|71/100|[from] item: Leftovers
|upkeep
|turn|21
|inactive|Sopphaking has 150 seconds left.
|
|t:|1728162692
|move|p1a: Celebi|Substitute|p1a: Celebi
|-start|p1a: Celebi|Substitute
|-damage|p1a: Celebi|46/100
|move|p2a: Jirachi|Fire Punch|p1a: Celebi
|-supereffective|p1a: Celebi
|-end|p1a: Celebi|Substitute
|
|-weather|Sandstorm|[upkeep]
|-damage|p1a: Celebi|40/100|[from] Sandstorm
|-heal|p1a: Celebi|46/100|[from] item: Leftovers
|upkeep
|turn|22
|inactive|Sopphaking has 120 seconds left.
|inactive|sbibling has 150 seconds left.
|
|t:|1728162725
|move|p1a: Celebi|Baton Pass|p1a: Celebi
|
|t:|1728162726
|switch|p1a: Gyarados|Gyarados, M, shiny|100/100|[from] Baton Pass
|-ability|p1a: Gyarados|Intimidate|boost
|-unboost|p2a: Jirachi|atk|1
|move|p2a: Jirachi|Fire Punch|p1a: Gyarados
|-resisted|p1a: Gyarados
|-crit|p1a: Gyarados
|-damage|p1a: Gyarados|82/100
|-status|p1a: Gyarados|brn
|
|-weather|Sandstorm|[upkeep]
|-damage|p1a: Gyarados|76/100 brn|[from] Sandstorm
|-heal|p1a: Gyarados|82/100 brn|[from] item: Leftovers
|-damage|p1a: Gyarados|69/100 brn|[from] brn
|upkeep
|turn|23
|inactive|sbibling has 150 seconds left.
|
|t:|1728162746
|switch|p2a: Forretress|Forretress, M|88/100
|move|p1a: Gyarados|Earthquake|p2a: Forretress
|-damage|p2a: Forretress|76/100
|
|-weather|Sandstorm|[upkeep]
|-damage|p1a: Gyarados|63/100 brn|[from] Sandstorm
|-heal|p1a: Gyarados|69/100 brn|[from] item: Leftovers
|-damage|p1a: Gyarados|57/100 brn|[from] brn
|-heal|p2a: Forretress|82/100|[from] item: Leftovers
|upkeep
|turn|24
|
|t:|1728162759
|switch|p1a: Salamence|Salamence, M|100/100
|-ability|p1a: Salamence|Intimidate|boost
|-unboost|p2a: Forretress|atk|1
|move|p2a: Forretress|Spikes|p1a: Salamence
|-sidestart|p1: Sopphaking|Spikes
|
|-weather|Sandstorm|[upkeep]
|-damage|p1a: Salamence|94/100|[from] Sandstorm
|-heal|p1a: Salamence|100/100|[from] item: Leftovers
|-heal|p2a: Forretress|88/100|[from] item: Leftovers
|upkeep
|turn|25
|inactive|sbibling has 150 seconds left.
|
|t:|1728162775
|move|p1a: Salamence|Dragon Dance|p1a: Salamence
|-boost|p1a: Salamence|atk|1
|-boost|p1a: Salamence|spe|1
|move|p2a: Forretress|Spikes|p1a: Salamence
|-sidestart|p1: Sopphaking|Spikes
|
|-weather|Sandstorm|[upkeep]
|-damage|p1a: Salamence|94/100|[from] Sandstorm
|-heal|p1a: Salamence|100/100|[from] item: Leftovers
|-heal|p2a: Forretress|95/100|[from] item: Leftovers
|upkeep
|turn|26
|
|t:|1728162789
|switch|p2a: Salamence|Salamence, F|40/100
|-ability|p2a: Salamence|Intimidate|boost
|-unboost|p1a: Salamence|atk|1
|move|p1a: Salamence|Dragon Dance|p1a: Salamence
|-boost|p1a: Salamence|atk|1
|-boost|p1a: Salamence|spe|1
|
|-weather|Sandstorm|[upkeep]
|-damage|p1a: Salamence|94/100|[from] Sandstorm
|-damage|p2a: Salamence|34/100|[from] Sandstorm
|-heal|p1a: Salamence|100/100|[from] item: Leftovers
|-heal|p2a: Salamence|40/100|[from] item: Leftovers
|upkeep
|turn|27
|inactive|sbibling has 150 seconds left.
|
|t:|1728162805
|move|p1a: Salamence|Hidden Power|p2a: Salamence
|-damage|p2a: Salamence|0 fnt
|faint|p2a: Salamence
|inactive|sbibling has 150 seconds left.
|inactive|sbibling has 120 seconds left.
|
|t:|1728162844
|switch|p2a: Jirachi|Jirachi|100/100
|
|-weather|Sandstorm|[upkeep]
|-damage|p1a: Salamence|94/100|[from] Sandstorm
|-heal|p1a: Salamence|100/100|[from] item: Leftovers
|upkeep
|turn|28
|inactive|Sopphaking has 150 seconds left.
|
|t:|1728162850
|move|p1a: Salamence|Earthquake|p2a: Jirachi
|-supereffective|p2a: Jirachi
|-damage|p2a: Jirachi|26/100
|move|p2a: Jirachi|Fire Punch|p1a: Salamence
|-resisted|p1a: Salamence
|-damage|p1a: Salamence|92/100
|
|-weather|Sandstorm|[upkeep]
|-damage|p1a: Salamence|86/100|[from] Sandstorm
|-heal|p1a: Salamence|92/100|[from] item: Leftovers
|-heal|p2a: Jirachi|32/100|[from] item: Leftovers
|upkeep
|turn|29
|
|t:|1728162857
|move|p2a: Jirachi|Protect|p2a: Jirachi
|-singleturn|p2a: Jirachi|Protect
|move|p1a: Salamence|Earthquake|p2a: Jirachi
|-activate|p2a: Jirachi|Protect
|
|-weather|Sandstorm|[upkeep]
|-damage|p1a: Salamence|86/100|[from] Sandstorm
|-heal|p1a: Salamence|92/100|[from] item: Leftovers
|-heal|p2a: Jirachi|38/100|[from] item: Leftovers
|upkeep
|turn|30
|
|t:|1728162868
|switch|p2a: Forretress|Forretress, M|95/100
|move|p1a: Salamence|Earthquake|p2a: Forretress
|-damage|p2a: Forretress|51/100
|
|-weather|Sandstorm|[upkeep]
|-damage|p1a: Salamence|86/100|[from] Sandstorm
|-heal|p1a: Salamence|92/100|[from] item: Leftovers
|-heal|p2a: Forretress|57/100|[from] item: Leftovers
|upkeep
|turn|31
|
|t:|1728162888
|move|p1a: Salamence|Hidden Power|p2a: Forretress
|-damage|p2a: Forretress|12/100
|move|p2a: Forretress|Spikes|p1a: Salamence
|-sidestart|p1: Sopphaking|Spikes
|
|-weather|Sandstorm|[upkeep]
|-damage|p1a: Salamence|86/100|[from] Sandstorm
|-heal|p1a: Salamence|92/100|[from] item: Leftovers
|-heal|p2a: Forretress|18/100|[from] item: Leftovers
|upkeep
|turn|32
|
|t:|1728162893
|move|p1a: Salamence|Hidden Power|p2a: Forretress
|-damage|p2a: Forretress|0 fnt
|faint|p2a: Forretress
|
|t:|1728162903
|switch|p2a: Swampert|Swampert, M|54/100
|
|-weather|Sandstorm|[upkeep]
|-damage|p1a: Salamence|86/100|[from] Sandstorm
|-heal|p1a: Salamence|92/100|[from] item: Leftovers
|-heal|p2a: Swampert|61/100|[from] item: Leftovers
|upkeep
|turn|33
|inactive|Sopphaking has 180 seconds left.
|
|t:|1728162941
|move|p1a: Salamence|Hidden Power|p2a: Swampert
|-damage|p2a: Swampert|17/100
|move|p2a: Swampert|Toxic|p1a: Salamence
|-status|p1a: Salamence|tox
|
|-weather|Sandstorm|[upkeep]
|-damage|p1a: Salamence|86/100 tox|[from] Sandstorm
|-heal|p1a: Salamence|92/100 tox|[from] item: Leftovers
|-damage|p1a: Salamence|86/100 tox|[from] psn
|-heal|p2a: Swampert|23/100|[from] item: Leftovers
|upkeep
|turn|34
|
|t:|1728162951
|move|p2a: Swampert|Protect|p2a: Swampert
|-singleturn|p2a: Swampert|Protect
|move|p1a: Salamence|Earthquake|p2a: Swampert
|-activate|p2a: Swampert|Protect
|
|-weather|Sandstorm|[upkeep]
|-damage|p1a: Salamence|80/100 tox|[from] Sandstorm
|-heal|p1a: Salamence|86/100 tox|[from] item: Leftovers
|-damage|p1a: Salamence|74/100 tox|[from] psn
|-heal|p2a: Swampert|29/100|[from] item: Leftovers
|upkeep
|turn|35
|
|t:|1728162961
|switch|p2a: Tyranitar|Tyranitar, F|100/100
|move|p1a: Salamence|Earthquake|p2a: Tyranitar
|-supereffective|p2a: Tyranitar
|-damage|p2a: Tyranitar|22/100
|
|-weather|Sandstorm|[upkeep]
|-damage|p1a: Salamence|68/100 tox|[from] Sandstorm
|-heal|p1a: Salamence|74/100 tox|[from] item: Leftovers
|-damage|p1a: Salamence|55/100 tox|[from] psn
|upkeep
|turn|36
|inactive|sbibling has 150 seconds left.
|
|t:|1728162969
|move|p1a: Salamence|Earthquake|p2a: Tyranitar
|-supereffective|p2a: Tyranitar
|-damage|p2a: Tyranitar|0 fnt
|faint|p2a: Tyranitar
|inactive|sbibling has 150 seconds left.
|
|t:|1728162986
|switch|p2a: Swampert|Swampert, M|29/100
|
|-weather|Sandstorm|[upkeep]
|-damage|p1a: Salamence|49/100 tox|[from] Sandstorm
|-heal|p1a: Salamence|55/100 tox|[from] item: Leftovers
|-damage|p1a: Salamence|31/100 tox|[from] psn
|-heal|p2a: Swampert|35/100|[from] item: Leftovers
|upkeep
|turn|37
|
|t:|1728162995
|switch|p1a: Celebi|Celebi|46/100
|-damage|p1a: Celebi|21/100|[from] Spikes
|move|p2a: Swampert|Protect||[still]
|-fail|p2a: Swampert
|
|-weather|Sandstorm|[upkeep]
|-damage|p1a: Celebi|15/100|[from] Sandstorm
|-heal|p1a: Celebi|21/100|[from] item: Leftovers
|-heal|p2a: Swampert|41/100|[from] item: Leftovers
|upkeep
|turn|38
|
|t:|1728163007
|move|p1a: Celebi|Baton Pass|p1a: Celebi
|
|t:|1728163012
|switch|p1a: Gyarados|Gyarados, M, shiny|57/100 brn|[from] Baton Pass
|-ability|p1a: Gyarados|Intimidate|boost
|-unboost|p2a: Swampert|atk|1
|move|p2a: Swampert|Toxic||[still]
|-fail|p2a: Swampert
|
|-weather|Sandstorm|[upkeep]
|-damage|p1a: Gyarados|51/100 brn|[from] Sandstorm
|-heal|p1a: Gyarados|57/100 brn|[from] item: Leftovers
|-damage|p1a: Gyarados|45/100 brn|[from] brn
|-heal|p2a: Swampert|48/100|[from] item: Leftovers
|upkeep
|turn|39
|
|t:|1728163024
|move|p2a: Swampert|Protect|p2a: Swampert
|-singleturn|p2a: Swampert|Protect
|move|p1a: Gyarados|Dragon Dance|p1a: Gyarados
|-boost|p1a: Gyarados|atk|1
|-boost|p1a: Gyarados|spe|1
|
|-weather|Sandstorm|[upkeep]
|-damage|p1a: Gyarados|38/100 brn|[from] Sandstorm
|-heal|p1a: Gyarados|45/100 brn|[from] item: Leftovers
|-damage|p1a: Gyarados|32/100 brn|[from] brn
|-heal|p2a: Swampert|54/100|[from] item: Leftovers
|upkeep
|turn|40
|
|t:|1728163028
|move|p1a: Gyarados|Earthquake|p2a: Swampert
|-damage|p2a: Swampert|37/100
|move|p2a: Swampert|Surf|p1a: Gyarados
|-resisted|p1a: Gyarados
|-damage|p1a: Gyarados|16/100 brn
|
|-weather|Sandstorm|[upkeep]
|-damage|p1a: Gyarados|10/100 brn|[from] Sandstorm
|-heal|p1a: Gyarados|16/100 brn|[from] item: Leftovers
|-damage|p1a: Gyarados|4/100 brn|[from] brn
|-heal|p2a: Swampert|43/100|[from] item: Leftovers
|upkeep
|turn|41
|
|t:|1728163044
|move|p1a: Gyarados|Earthquake|p2a: Swampert
|-damage|p2a: Swampert|26/100
|move|p2a: Swampert|Surf|p1a: Gyarados
|-resisted|p1a: Gyarados
|-damage|p1a: Gyarados|0 fnt
|faint|p1a: Gyarados
|
|t:|1728163052
|switch|p1a: Metagross|Metagross, shiny|100/100
|-damage|p1a: Metagross|76/100|[from] Spikes
|
|-weather|Sandstorm|[upkeep]
|-heal|p2a: Swampert|32/100|[from] item: Leftovers
|upkeep
|turn|42
|
|t:|1728163058
|move|p2a: Swampert|Protect|p2a: Swampert
|-singleturn|p2a: Swampert|Protect
|move|p1a: Metagross|Brick Break|p2a: Swampert
|-activate|p2a: Swampert|Protect
|
|-weather|Sandstorm|[upkeep]
|-heal|p2a: Swampert|38/100|[from] item: Leftovers
|upkeep
|turn|43
|inactive|sbibling has 180 seconds left.
|
|t:|1728163088
|switch|p2a: Jirachi|Jirachi|38/100
|move|p1a: Metagross|Brick Break|p2a: Jirachi
|-damage|p2a: Jirachi|14/100
|
|-weather|Sandstorm|[upkeep]
|-heal|p2a: Jirachi|20/100|[from] item: Leftovers
|upkeep
|turn|44
|
|t:|1728163094
|move|p2a: Jirachi|Protect|p2a: Jirachi
|-singleturn|p2a: Jirachi|Protect
|move|p1a: Metagross|Brick Break|p2a: Jirachi
|-activate|p2a: Jirachi|Protect
|
|-weather|Sandstorm|[upkeep]
|-heal|p2a: Jirachi|26/100|[from] item: Leftovers
|upkeep
|turn|45
|
|t:|1728163102
|move|p1a: Metagross|Brick Break|p2a: Jirachi
|-crit|p2a: Jirachi
|-damage|p2a: Jirachi|0 fnt
|faint|p2a: Jirachi
|
|t:|1728163104
|switch|p2a: Swampert|Swampert, M|38/100
|
|-weather|Sandstorm|[upkeep]
|-heal|p2a: Swampert|44/100|[from] item: Leftovers
|upkeep
|turn|46
|
|t:|1728163118
|move|p2a: Swampert|Protect|p2a: Swampert
|-singleturn|p2a: Swampert|Protect
|move|p1a: Metagross|Brick Break|p2a: Swampert
|-activate|p2a: Swampert|Protect
|
|-weather|Sandstorm|[upkeep]
|-heal|p2a: Swampert|50/100|[from] item: Leftovers
|upkeep
|turn|47
|
|t:|1728163123
|switch|p1a: Salamence|Salamence, M|31/100 tox
|-ability|p1a: Salamence|Intimidate|boost
|-unboost|p2a: Swampert|atk|1
|move|p2a: Swampert|Surf|p1a: Salamence
|-resisted|p1a: Salamence
|-damage|p1a: Salamence|18/100 tox
|
|-weather|Sandstorm|[upkeep]
|-damage|p1a: Salamence|12/100 tox|[from] Sandstorm
|-heal|p1a: Salamence|18/100 tox|[from] item: Leftovers
|-damage|p1a: Salamence|12/100 tox|[from] psn
|-heal|p2a: Swampert|57/100|[from] item: Leftovers
|upkeep
|turn|48
|
|t:|1728163128
|switch|p1a: Celebi|Celebi|21/100
|-damage|p1a: Celebi|0 fnt|[from] Spikes
|faint|p1a: Celebi
|
|t:|1728163132
|switch|p1a: Salamence|Salamence, M|12/100 tox
|-ability|p1a: Salamence|Intimidate|boost
|-unboost|p2a: Swampert|atk|1
|
|-weather|Sandstorm|[upkeep]
|-damage|p1a: Salamence|6/100 tox|[from] Sandstorm
|-heal|p1a: Salamence|12/100 tox|[from] item: Leftovers
|-damage|p1a: Salamence|6/100 tox|[from] psn
|-heal|p2a: Swampert|63/100|[from] item: Leftovers
|upkeep
|turn|49
|
|t:|1728163138
|switch|p1a: Metagross|Metagross, shiny|76/100
|-damage|p1a: Metagross|51/100|[from] Spikes
|move|p2a: Swampert|Protect||[still]
|-fail|p2a: Swampert
|
|-weather|Sandstorm|[upkeep]
|-heal|p2a: Swampert|69/100|[from] item: Leftovers
|upkeep
|turn|50
|
|t:|1728163143
|move|p1a: Metagross|Brick Break|p2a: Swampert
|-damage|p2a: Swampert|44/100
|move|p2a: Swampert|Surf|p1a: Metagross
|-damage|p1a: Metagross|18/100
|
|-weather|Sandstorm|[upkeep]
|-heal|p2a: Swampert|50/100|[from] item: Leftovers
|upkeep
|turn|51
|
|t:|1728163148
|move|p1a: Metagross|Brick Break|p2a: Swampert
|-damage|p2a: Swampert|23/100
|move|p2a: Swampert|Surf|p1a: Metagross
|-damage|p1a: Metagross|0 fnt
|faint|p1a: Metagross
|
|t:|1728163150
|switch|p1a: Tyranitar|Tyranitar, M|100/100
|-damage|p1a: Tyranitar|76/100|[from] Spikes
|
|-weather|Sandstorm|[upkeep]
|-heal|p2a: Swampert|29/100|[from] item: Leftovers
|upkeep
|turn|52
|
|t:|1728163156
|move|p2a: Swampert|Protect|p2a: Swampert
|-singleturn|p2a: Swampert|Protect
|move|p1a: Tyranitar|Dragon Dance|p1a: Tyranitar
|-boost|p1a: Tyranitar|atk|1
|-boost|p1a: Tyranitar|spe|1
|
|-weather|Sandstorm|[upkeep]
|-heal|p2a: Swampert|35/100|[from] item: Leftovers
|upkeep
|turn|53
|
|t:|1728163159
|move|p1a: Tyranitar|Hidden Power|p2a: Swampert
|-supereffective|p2a: Swampert
|-damage|p2a: Swampert|0 fnt
|faint|p2a: Swampert
|
|t:|1728163161
|switch|p2a: Blissey|Blissey, F|88/100
|
|-weather|Sandstorm|[upkeep]
|-damage|p2a: Blissey|82/100|[from] Sandstorm
|-heal|p2a: Blissey|88/100|[from] item: Leftovers
|upkeep
|turn|54
|c|☆sbibling|gg
|
|t:|1728163168
|move|p1a: Tyranitar|Rock Slide|p2a: Blissey
|-damage|p2a: Blissey|31/100
|move|p2a: Blissey|Toxic|p1a: Tyranitar
|-status|p1a: Tyranitar|tox
|-enditem|p1a: Tyranitar|Lum Berry|[eat]
|-curestatus|p1a: Tyranitar|tox|[msg]
|
|-weather|Sandstorm|[upkeep]
|-damage|p2a: Blissey|25/100|[from] Sandstorm
|-heal|p2a: Blissey|31/100|[from] item: Leftovers
|upkeep
|turn|55
|
|t:|1728163173
|move|p1a: Tyranitar|Rock Slide|p2a: Blissey|[miss]
|-miss|p1a: Tyranitar|p2a: Blissey
|move|p2a: Blissey|Soft-Boiled|p2a: Blissey
|-heal|p2a: Blissey|81/100
|
|-weather|Sandstorm|[upkeep]
|-damage|p2a: Blissey|75/100|[from] Sandstorm
|-heal|p2a: Blissey|81/100|[from] item: Leftovers
|upkeep
|turn|56
|
|t:|1728163176
|move|p1a: Tyranitar|Rock Slide|p2a: Blissey
|-damage|p2a: Blissey|21/100
|cant|p2a: Blissey|flinch
|
|-weather|Sandstorm|[upkeep]
|-damage|p2a: Blissey|15/100|[from] Sandstorm
|-heal|p2a: Blissey|21/100|[from] item: Leftovers
|upkeep
|turn|57
|
|t:|1728163182
|move|p1a: Tyranitar|Earthquake|p2a: Blissey
|-damage|p2a: Blissey|0 fnt
|faint|p2a: Blissey
|
|win|Sopphaking
|c|☆Sopphaking|gg
|player|p1|
|c|☆sbibling|remeber 2 save replay
|player|p1|Sopphaking|170|
|c|☆Sopphaking|yeah
|player|p2|
|player|p2|sbibling|2|
|player|p2|
|player|p2|sbibling|2|
|player|p2|
|player|p1|
|player|p2|sbibling|2|

</script>
<script type="application/json" class="data" id="replaydata-smogtours-gen3ou-795204">
{"id":"smogtours-gen3ou-795204","format":"[Gen 3] OU","players":["Sopphaking","sbibling"],"uploadtime":1728163182,"views":96,"formatid":"gen3ou","rating":null,"private":0,"password":null}
</script>

<script defer src="js/replays.js?9d40a366"></script>
