<!DOCTYPE html>
<meta charset="utf-8" />
<meta name="viewport" content="width=device-width" />

<title>[Gen 3] OU: aldrich_unfaithful vs. draccuscomun - Replays - Pok&eacute;mon Showdown!</title>

<meta name="description" content="Watch a replay of a Pok&eacute;mon battle between aldrich_unfaithful and draccuscomun! Format: [Gen 3] OU; Date: Oct 24, 2024" />
<!--

Hey, you! Looking in the source for the replay log?

You can find them in JSON format, just add `.json` at the end of a replay URL.

https://replay.pokemonshowdown.com/gen7randomdoublesbattle-865046831.json

Or, if you only need the log itself, add `.log` instead:

https://replay.pokemonshowdown.com/gen7randomdoublesbattle-865046831.log

-->

<link rel="stylesheet" href="//pokemonshowdown.com/style/global.css?0.767286132409787" />
<link rel="stylesheet" href="//play.pokemonshowdown.com/style/font-awesome.css?0.9266228007934947" />
<link rel="stylesheet" href="//play.pokemonshowdown.com/style/battle.css?0.7924700842790926" />
<link rel="stylesheet" href="//play.pokemonshowdown.com/style/utilichart.css?0.8777417872839479" />

<!-- Global site tag (gtag.js) - Google Analytics -->
<script async src="https://www.googletagmanager.com/gtag/js?id=UA-26211653-1"></script>
<script>
  window.dataLayer = window.dataLayer || [];
  function gtag(){dataLayer.push(arguments);}
  gtag('js', new Date());

  gtag('config', 'UA-26211653-1');
</script>
<!-- End Google Analytics -->
<!-- Venatus Ad Manager - Install in <HEAD> of page -->
	<script src="https://hb.vntsm.com/v3/live/ad-manager.min.js" type="text/javascript" data-site-id="642aba63ec9a7b11c3c9c1be" data-mode="scan" async></script>
<!-- / Venatus Ad Manager -->

<style>
	@media (max-width:820px) {
		.battle {
			margin: 0 auto;
		}
		.battle-log {
			margin: 7px auto 0;
			max-width: 640px;
			height: 300px;
			position: static;
		}
	}
	.optgroup {
		display: inline-block;
		line-height: 22px;
		font-size: 10pt;
	}
	.optgroup .button {
		height: 25px;
		padding-top: 0;
		padding-bottom: 0;
	}
	.optgroup button.button {
		padding-left: 12px;
		padding-right: 12px;
	}
	.linklist {
		list-style: none;
		margin: 0.5em 0;
		padding: 0;
	}
	.linklist li {
		padding: 2px 0;
	}
	.sidebar {
		float: left;
		width: 320px;
	}
	.bar-wrapper {
		max-width: 1100px;
		margin: 0 auto;
	}
	.bar-wrapper.has-sidebar {
		max-width: 1430px;
	}
	.mainbar {
		margin: 0;
		padding-right: 1px;
	}
	.mainbar.has-sidebar {
		margin-left: 330px;
	}
	@media (min-width: 1511px) {
		.sidebar {
			width: 400px;
		}
		.bar-wrapper.has-sidebar {
			max-width: 1510px;
		}
		.mainbar.has-sidebar {
			margin-left: 410px;
		}
	}
	.section.first-section {
		margin-top: 9px;
	}
	.blocklink small {
		white-space: normal;
	}
	.button {
		vertical-align: middle;
	}
	.replay-controls {
		padding-top: 10px;
	}
	.replay-controls h1 {
		font-size: 16pt;
		font-weight: normal;
		color: #CCC;
	}
	.pagelink {
		text-align: center;
	}
	.pagelink a {
		width: 150px;
	}
	.textbox, .button {
		font-size: 11pt;
		vertical-align: middle;
	}
	@media (max-width: 450px) {
		.button {
			font-size: 9pt;
		}
	}
</style>

<div>

	<header>
		<div class="nav-wrapper"><ul class="nav">
			<li><a class="button nav-first" href="//pokemonshowdown.com/"><img src="//pokemonshowdown.com/images/pokemonshowdownbeta.png" srcset="//pokemonshowdown.com/images/pokemonshowdownbeta.png 1x, //pokemonshowdown.com/images/pokemonshowdownbeta@2x.png 2x" alt="Pok&eacute;mon Showdown" width="146" height="44" /> Home</a></li>
			<li><a class="button" href="//pokemonshowdown.com/dex/">Pok&eacute;dex</a></li>
			<li><a class="button cur" href="/">Replays</a></li>
			<li><a class="button" href="//pokemonshowdown.com/ladder/">Ladder</a></li>
			<li><a class="button nav-last" href="//pokemonshowdown.com/forums/">Forum</a></li>
			<li><a class="button greenbutton nav-first nav-last" href="//play.pokemonshowdown.com/">Play</a></li>
		</ul></div>
	</header>

	<div class="main" id="main">

		<noscript><section class="section">You need to enable JavaScript to use this page; sorry!</section></noscript>

	</div>

</div>

<script defer nomodule src="//play.pokemonshowdown.com/js/lib/ps-polyfill.js"></script>
<script defer src="//play.pokemonshowdown.com/js/lib/preact.min.js"></script>

<script defer src="//play.pokemonshowdown.com/config/config.js?6dec07f6"></script>
<script defer src="//play.pokemonshowdown.com/js/lib/jquery-1.11.0.min.js"></script>
<script defer src="//play.pokemonshowdown.com/js/lib/html-sanitizer-minified.js"></script>
<script defer src="//play.pokemonshowdown.com/js/battle-sound.js"></script>
<script defer src="//play.pokemonshowdown.com/js/battledata.js?0.6315294753075389"></script>
<script defer src="//play.pokemonshowdown.com/data/pokedex-mini.js?0.7603743185311358"></script>
<script defer src="//play.pokemonshowdown.com/data/pokedex-mini-bw.js?0.030888842834281283"></script>
<script defer src="//play.pokemonshowdown.com/data/graphics.js?0.05593094747507488"></script>
<script defer src="//play.pokemonshowdown.com/data/pokedex.js?0.47064822249611904"></script>
<script defer src="//play.pokemonshowdown.com/data/moves.js?0.8583693120512459"></script>
<script defer src="//play.pokemonshowdown.com/data/abilities.js?0.16017181182386842"></script>
<script defer src="//play.pokemonshowdown.com/data/items.js?0.4163379185673943"></script>
<script defer src="//play.pokemonshowdown.com/data/teambuilder-tables.js?0.31075597372830477"></script>
<script defer src="//play.pokemonshowdown.com/js/battle-tooltips.js?0.6536193500708172"></script>
<script defer src="//play.pokemonshowdown.com/js/battle.js?0.1916591943277901"></script>

<script defer src="js/utils.js?e31f9a17"></script>
<script defer src="js/replays-battle.js?7008c182"></script>

<!-- don't scrape this data! just add .json or .log after the URL!
Full API docs: https://github.com/smogon/pokemon-showdown-client/blob/master/WEB-API.md -->
<script type="text/plain" class="log" id="replaylog-smogtours-gen3ou-801543">
|inactive|Battle timer is ON: inactive players will automatically lose when time's up.
|t:|1729782215
|gametype|singles
|player|p1|aldrich_unfaithful|veteranf|
|player|p2|draccuscomun|ruinmaniac|
|teamsize|p1|6
|teamsize|p2|6
|gen|3
|tier|[Gen 3] OU
|rule|Sleep Clause Mod: Limit one foe put to sleep
|rule|Switch Priority Clause Mod: Faster Pokémon switch first
|rule|Species Clause: Limit one of each Pokémon
|rule|OHKO Clause: OHKO moves are banned
|rule|Evasion Items Clause: Evasion items are banned
|rule|Evasion Moves Clause: Evasion moves are banned
|rule|Endless Battle Clause: Forcing endless battles is banned
|rule|HP Percentage Mod: HP is shown in percentages
|rule|One Boost Passer Clause: Limit one Baton Passer that has a way to boost its stats
|rule|Freeze Clause Mod: Limit one foe frozen
|
|t:|1729782215
|start
|switch|p1a: Tyranitar|Tyranitar, F|100/100
|switch|p2a: Hariyama|Hariyama, F|100/100
|-weather|Sandstorm|[from] ability: Sand Stream|[of] p1a: Tyranitar
|turn|1
|
|t:|1729782228
|switch|p1a: Venusaur|Venusaur, M|100/100
|move|p2a: Hariyama|Knock Off|p1a: Venusaur
|-damage|p1a: Venusaur|98/100
|-enditem|p1a: Venusaur|Leftovers|[from] move: Knock Off|[of] p2a: Hariyama
|-hint|In Gens 3-4, Knock Off only makes the target's item unusable; it cannot obtain a new item.
|
|-weather|Sandstorm|[upkeep]
|-damage|p1a: Venusaur|92/100|[from] Sandstorm
|-damage|p2a: Hariyama|94/100|[from] Sandstorm
|-heal|p2a: Hariyama|100/100|[from] item: Leftovers
|upkeep
|turn|2
|inactive|draccuscomun has 270 seconds left.
|
|t:|1729782268
|switch|p2a: Zapdos|Zapdos|100/100
|move|p1a: Venusaur|Sleep Powder|p2a: Zapdos
|-status|p2a: Zapdos|slp|[from] move: Sleep Powder
|
|-weather|Sandstorm|[upkeep]
|-damage|p1a: Venusaur|86/100|[from] Sandstorm
|-damage|p2a: Zapdos|94/100 slp|[from] Sandstorm
|-heal|p2a: Zapdos|100/100 slp|[from] item: Leftovers
|upkeep
|turn|3
|
|t:|1729782285
|switch|p2a: Miltank|Miltank, F|100/100
|move|p1a: Venusaur|Leech Seed|p2a: Miltank
|-start|p2a: Miltank|move: Leech Seed
|
|-weather|Sandstorm|[upkeep]
|-damage|p1a: Venusaur|80/100|[from] Sandstorm
|-damage|p2a: Miltank|94/100|[from] Sandstorm
|-heal|p2a: Miltank|100/100|[from] item: Leftovers
|-damage|p2a: Miltank|88/100|[from] Leech Seed|[of] p1a: Venusaur
|-heal|p1a: Venusaur|96/100|[silent]
|upkeep
|turn|4
|inactive|aldrich_unfaithful has 270 seconds left.
|
|t:|1729782322
|switch|p1a: Tyranitar|Tyranitar, F|100/100
|move|p2a: Miltank|Thunder Wave|p1a: Tyranitar
|-status|p1a: Tyranitar|par
|-enditem|p1a: Tyranitar|Lum Berry|[eat]
|-curestatus|p1a: Tyranitar|par|[msg]
|
|-weather|Sandstorm|[upkeep]
|-damage|p2a: Miltank|82/100|[from] Sandstorm
|-heal|p2a: Miltank|88/100|[from] item: Leftovers
|-damage|p2a: Miltank|76/100|[from] Leech Seed|[of] p1a: Tyranitar
|upkeep
|turn|5
|
|t:|1729782341
|move|p2a: Miltank|Heal Bell|p2a: Miltank
|-activate|p2a: Miltank|move: Heal Bell
|-curestatus|p2: Zapdos|slp|[silent]
|move|p1a: Tyranitar|Brick Break|p2a: Miltank
|-supereffective|p2a: Miltank
|-damage|p2a: Miltank|46/100
|
|-weather|Sandstorm|[upkeep]
|-damage|p2a: Miltank|40/100|[from] Sandstorm
|-heal|p2a: Miltank|46/100|[from] item: Leftovers
|-damage|p2a: Miltank|33/100|[from] Leech Seed|[of] p1a: Tyranitar
|upkeep
|turn|6
|inactive|aldrich_unfaithful has 270 seconds left.
|
|t:|1729782351
|move|p2a: Miltank|Milk Drink|p2a: Miltank
|-heal|p2a: Miltank|83/100
|move|p1a: Tyranitar|Brick Break|p2a: Miltank
|-supereffective|p2a: Miltank
|-damage|p2a: Miltank|55/100
|
|-weather|Sandstorm|[upkeep]
|-damage|p2a: Miltank|48/100|[from] Sandstorm
|-heal|p2a: Miltank|55/100|[from] item: Leftovers
|-damage|p2a: Miltank|42/100|[from] Leech Seed|[of] p1a: Tyranitar
|upkeep
|turn|7
|inactive|aldrich_unfaithful has 270 seconds left.
|
|t:|1729782362
|move|p2a: Miltank|Milk Drink|p2a: Miltank
|-heal|p2a: Miltank|92/100
|move|p1a: Tyranitar|Ice Beam|p2a: Miltank
|-damage|p2a: Miltank|75/100
|
|-weather|Sandstorm|[upkeep]
|-damage|p2a: Miltank|69/100|[from] Sandstorm
|-heal|p2a: Miltank|75/100|[from] item: Leftovers
|-damage|p2a: Miltank|63/100|[from] Leech Seed|[of] p1a: Tyranitar
|upkeep
|turn|8
|
|t:|1729782370
|move|p2a: Miltank|Thunder Wave|p1a: Tyranitar
|-status|p1a: Tyranitar|par
|move|p1a: Tyranitar|Brick Break|p2a: Miltank
|-supereffective|p2a: Miltank
|-damage|p2a: Miltank|38/100
|
|-weather|Sandstorm|[upkeep]
|-damage|p2a: Miltank|31/100|[from] Sandstorm
|-heal|p2a: Miltank|38/100|[from] item: Leftovers
|-damage|p2a: Miltank|25/100|[from] Leech Seed|[of] p1a: Tyranitar
|upkeep
|turn|9
|
|t:|1729782381
|move|p2a: Miltank|Milk Drink|p2a: Miltank
|-heal|p2a: Miltank|75/100
|move|p1a: Tyranitar|Brick Break|p2a: Miltank
|-supereffective|p2a: Miltank
|-damage|p2a: Miltank|47/100
|
|-weather|Sandstorm|[upkeep]
|-damage|p2a: Miltank|41/100|[from] Sandstorm
|-heal|p2a: Miltank|47/100|[from] item: Leftovers
|-damage|p2a: Miltank|35/100|[from] Leech Seed|[of] p1a: Tyranitar
|upkeep
|turn|10
|
|t:|1729782390
|move|p2a: Miltank|Milk Drink|p2a: Miltank
|-heal|p2a: Miltank|85/100
|move|p1a: Tyranitar|Brick Break|p2a: Miltank
|-supereffective|p2a: Miltank
|-damage|p2a: Miltank|55/100
|
|-weather|Sandstorm|[upkeep]
|-damage|p2a: Miltank|49/100|[from] Sandstorm
|-heal|p2a: Miltank|55/100|[from] item: Leftovers
|-damage|p2a: Miltank|43/100|[from] Leech Seed|[of] p1a: Tyranitar
|upkeep
|turn|11
|inactive|draccuscomun has 270 seconds left.
|
|t:|1729782399
|move|p2a: Miltank|Milk Drink|p2a: Miltank
|-heal|p2a: Miltank|93/100
|cant|p1a: Tyranitar|par
|
|-weather|Sandstorm|[upkeep]
|-damage|p2a: Miltank|87/100|[from] Sandstorm
|-heal|p2a: Miltank|93/100|[from] item: Leftovers
|-damage|p2a: Miltank|80/100|[from] Leech Seed|[of] p1a: Tyranitar
|upkeep
|turn|12
|inactive|draccuscomun has 270 seconds left.
|
|t:|1729782411
|switch|p2a: Hariyama|Hariyama, F|100/100
|cant|p1a: Tyranitar|par
|
|-weather|Sandstorm|[upkeep]
|-damage|p2a: Hariyama|94/100|[from] Sandstorm
|-heal|p2a: Hariyama|100/100|[from] item: Leftovers
|upkeep
|turn|13
|
|t:|1729782420
|switch|p1a: Venusaur|Venusaur, M|96/100
|move|p2a: Hariyama|Cross Chop|p1a: Venusaur|[miss]
|-miss|p2a: Hariyama|p1a: Venusaur
|
|-weather|Sandstorm|[upkeep]
|-damage|p1a: Venusaur|90/100|[from] Sandstorm
|-damage|p2a: Hariyama|94/100|[from] Sandstorm
|-heal|p2a: Hariyama|100/100|[from] item: Leftovers
|upkeep
|turn|14
|
|t:|1729782434
|switch|p2a: Miltank|Miltank, F|80/100
|move|p1a: Venusaur|Sleep Powder|p2a: Miltank
|-status|p2a: Miltank|slp|[from] move: Sleep Powder
|
|-weather|Sandstorm|[upkeep]
|-damage|p1a: Venusaur|84/100|[from] Sandstorm
|-damage|p2a: Miltank|74/100 slp|[from] Sandstorm
|-heal|p2a: Miltank|80/100 slp|[from] item: Leftovers
|upkeep
|turn|15
|
|t:|1729782447
|switch|p2a: Metagross|Metagross|100/100
|move|p1a: Venusaur|Leech Seed|p2a: Metagross|[miss]
|-miss|p1a: Venusaur|p2a: Metagross
|
|-weather|Sandstorm|[upkeep]
|-damage|p1a: Venusaur|78/100|[from] Sandstorm
|upkeep
|turn|16
|
|t:|1729782454
|switch|p1a: Charizard|Charizard, M|100/100
|move|p2a: Metagross|Meteor Mash|p1a: Charizard
|-resisted|p1a: Charizard
|-damage|p1a: Charizard|55/100
|-boost|p2a: Metagross|atk|1
|
|-weather|Sandstorm|[upkeep]
|-damage|p1a: Charizard|49/100|[from] Sandstorm
|upkeep
|turn|17
|inactive|draccuscomun has 270 seconds left.
|
|t:|1729782485
|switch|p2a: Zapdos|Zapdos|100/100
|move|p1a: Charizard|Substitute|p1a: Charizard
|-start|p1a: Charizard|Substitute
|-damage|p1a: Charizard|24/100
|
|-weather|Sandstorm|[upkeep]
|-damage|p1a: Charizard|18/100|[from] Sandstorm
|-damage|p2a: Zapdos|94/100|[from] Sandstorm
|-enditem|p1a: Charizard|Petaya Berry|[eat]
|-boost|p1a: Charizard|spa|1|[from] item: Petaya Berry
|-heal|p2a: Zapdos|100/100|[from] item: Leftovers
|upkeep
|turn|18
|inactive|draccuscomun has 270 seconds left.
|
|t:|1729782497
|move|p1a: Charizard|Fire Blast|p2a: Zapdos
|-damage|p2a: Zapdos|7/100
|move|p2a: Zapdos|Roar|p1a: Charizard
|drag|p1a: Aerodactyl|Aerodactyl, M|100/100
|
|-weather|Sandstorm|[upkeep]
|-damage|p2a: Zapdos|0 fnt|[from] Sandstorm
|faint|p2a: Zapdos
|upkeep
|inactive|draccuscomun has 270 seconds left.
|
|t:|1729782514
|switch|p2a: Forretress|Forretress, F|100/100
|turn|19
|
|t:|1729782517
|switch|p1a: Charizard|Charizard, M|18/100
|move|p2a: Forretress|Spikes|p1a: Charizard
|-sidestart|p1: aldrich_unfaithful|Spikes
|
|-weather|Sandstorm|[upkeep]
|-damage|p1a: Charizard|12/100|[from] Sandstorm
|upkeep
|turn|20
|
|t:|1729782524
|switch|p2a: Miltank|Miltank, F|80/100 slp
|move|p1a: Charizard|Fire Blast|p2a: Miltank
|-damage|p2a: Miltank|32/100 slp
|
|-weather|Sandstorm|[upkeep]
|-damage|p1a: Charizard|6/100|[from] Sandstorm
|-damage|p2a: Miltank|26/100 slp|[from] Sandstorm
|-heal|p2a: Miltank|32/100 slp|[from] item: Leftovers
|upkeep
|turn|21
|
|t:|1729782533
|move|p1a: Charizard|Fire Blast|p2a: Miltank
|-damage|p2a: Miltank|0 fnt
|faint|p2a: Miltank
|inactive|draccuscomun has 270 seconds left.
|
|t:|1729782548
|switch|p2a: Hariyama|Hariyama, F|100/100
|
|-weather|Sandstorm|[upkeep]
|-damage|p1a: Charizard|0 fnt|[from] Sandstorm
|-damage|p2a: Hariyama|94/100|[from] Sandstorm
|faint|p1a: Charizard
|-heal|p2a: Hariyama|100/100|[from] item: Leftovers
|upkeep
|
|t:|1729782554
|switch|p1a: Venusaur|Venusaur, M|78/100
|-damage|p1a: Venusaur|66/100|[from] Spikes
|turn|22
|
|t:|1729782562
|move|p1a: Venusaur|Sleep Powder|p2a: Hariyama
|-status|p2a: Hariyama|slp|[from] move: Sleep Powder
|cant|p2a: Hariyama|slp
|
|-weather|Sandstorm|[upkeep]
|-damage|p1a: Venusaur|60/100|[from] Sandstorm
|-damage|p2a: Hariyama|94/100 slp|[from] Sandstorm
|-heal|p2a: Hariyama|100/100 slp|[from] item: Leftovers
|upkeep
|turn|23
|
|t:|1729782573
|switch|p2a: Metagross|Metagross|100/100
|move|p1a: Venusaur|Leech Seed|p2a: Metagross
|-start|p2a: Metagross|move: Leech Seed
|
|-weather|Sandstorm|[upkeep]
|-damage|p1a: Venusaur|54/100|[from] Sandstorm
|-damage|p2a: Metagross|88/100|[from] Leech Seed|[of] p1a: Venusaur
|-heal|p1a: Venusaur|69/100|[silent]
|upkeep
|turn|24
|
|t:|1729782580
|move|p1a: Venusaur|Hidden Power|p2a: Metagross
|-supereffective|p2a: Metagross
|-damage|p2a: Metagross|43/100
|move|p2a: Metagross|Meteor Mash|p1a: Venusaur
|-damage|p1a: Venusaur|0 fnt
|faint|p1a: Venusaur
|
|t:|1729782590
|switch|p1a: Jolteon|Jolteon, F|100/100
|-damage|p1a: Jolteon|88/100|[from] Spikes
|
|-weather|Sandstorm|[upkeep]
|-damage|p1a: Jolteon|82/100|[from] Sandstorm
|-heal|p1a: Jolteon|88/100|[from] item: Leftovers
|-heal|p2a: Metagross|49/100|[from] item: Leftovers
|-damage|p2a: Metagross|36/100|[from] Leech Seed|[of] p1a: Jolteon
|-heal|p1a: Jolteon|100/100|[silent]
|upkeep
|turn|25
|
|t:|1729782599
|switch|p2a: Hariyama|Hariyama, F|100/100 slp
|move|p1a: Jolteon|Thunderbolt|p2a: Hariyama
|-damage|p2a: Hariyama|59/100 slp
|
|-weather|Sandstorm|[upkeep]
|-damage|p1a: Jolteon|94/100|[from] Sandstorm
|-damage|p2a: Hariyama|53/100 slp|[from] Sandstorm
|-heal|p1a: Jolteon|100/100|[from] item: Leftovers
|-heal|p2a: Hariyama|59/100 slp|[from] item: Leftovers
|upkeep
|turn|26
|
|t:|1729782608
|move|p1a: Jolteon|Thunderbolt|p2a: Hariyama
|-damage|p2a: Hariyama|18/100 slp
|-curestatus|p2a: Hariyama|slp|[msg]
|move|p2a: Hariyama|Cross Chop|p1a: Jolteon
|-damage|p1a: Jolteon|6/100
|
|-weather|Sandstorm|[upkeep]
|-damage|p1a: Jolteon|0 fnt|[from] Sandstorm
|-damage|p2a: Hariyama|11/100|[from] Sandstorm
|faint|p1a: Jolteon
|-heal|p2a: Hariyama|18/100|[from] item: Leftovers
|upkeep
|
|t:|1729782617
|switch|p1a: Aerodactyl|Aerodactyl, M|100/100
|turn|27
|
|t:|1729782624
|move|p1a: Aerodactyl|Earthquake|p2a: Hariyama
|-damage|p2a: Hariyama|0 fnt
|faint|p2a: Hariyama
|
|t:|1729782632
|switch|p2a: Suicune|Suicune|100/100
|
|-weather|Sandstorm|[upkeep]
|-damage|p2a: Suicune|94/100|[from] Sandstorm
|-heal|p2a: Suicune|100/100|[from] item: Leftovers
|upkeep
|turn|28
|
|t:|1729782638
|switch|p1a: Swampert|Swampert, F|100/100
|-damage|p1a: Swampert|88/100|[from] Spikes
|move|p2a: Suicune|Calm Mind|p2a: Suicune
|-boost|p2a: Suicune|spa|1
|-boost|p2a: Suicune|spd|1
|
|-weather|Sandstorm|[upkeep]
|-damage|p2a: Suicune|94/100|[from] Sandstorm
|-heal|p2a: Suicune|100/100|[from] item: Leftovers
|-heal|p1a: Swampert|94/100|[from] item: Leftovers
|upkeep
|turn|29
|
|t:|1729782648
|move|p2a: Suicune|Surf|p1a: Swampert
|-damage|p1a: Swampert|41/100
|move|p1a: Swampert|Earthquake|p2a: Suicune
|-damage|p2a: Suicune|81/100
|
|-weather|Sandstorm|[upkeep]
|-damage|p2a: Suicune|74/100|[from] Sandstorm
|-heal|p2a: Suicune|81/100|[from] item: Leftovers
|-heal|p1a: Swampert|47/100|[from] item: Leftovers
|upkeep
|turn|30
|
|t:|1729782657
|move|p2a: Suicune|Surf|p1a: Swampert
|-damage|p1a: Swampert|0 fnt
|faint|p1a: Swampert
|
|t:|1729782661
|switch|p1a: Aerodactyl|Aerodactyl, M|100/100
|
|-weather|Sandstorm|[upkeep]
|-damage|p2a: Suicune|74/100|[from] Sandstorm
|-heal|p2a: Suicune|81/100|[from] item: Leftovers
|upkeep
|turn|31
|
|t:|1729782677
|move|p1a: Aerodactyl|Rock Slide|p2a: Suicune
|-damage|p2a: Suicune|48/100
|cant|p2a: Suicune|flinch
|
|-weather|Sandstorm|[upkeep]
|-damage|p2a: Suicune|42/100|[from] Sandstorm
|-heal|p2a: Suicune|48/100|[from] item: Leftovers
|upkeep
|turn|32
|
|t:|1729782690
|switch|p2a: Forretress|Forretress, F|100/100
|move|p1a: Aerodactyl|Rock Slide|p2a: Forretress
|-damage|p2a: Forretress|62/100
|
|-weather|Sandstorm|[upkeep]
|-heal|p2a: Forretress|68/100|[from] item: Leftovers
|upkeep
|turn|33
|
|t:|1729782699
|move|p1a: Aerodactyl|Rock Slide|p2a: Forretress
|-damage|p2a: Forretress|31/100
|cant|p2a: Forretress|flinch
|
|-weather|Sandstorm|[upkeep]
|-heal|p2a: Forretress|37/100|[from] item: Leftovers
|upkeep
|turn|34
|
|t:|1729782706
|move|p1a: Aerodactyl|Rock Slide|p2a: Forretress
|-damage|p2a: Forretress|0 fnt
|faint|p2a: Forretress
|
|t:|1729782710
|switch|p2a: Metagross|Metagross|36/100
|
|-weather|Sandstorm|[upkeep]
|-heal|p2a: Metagross|42/100|[from] item: Leftovers
|upkeep
|turn|35
|inactive|aldrich_unfaithful has 270 seconds left.
|
|t:|1729782744
|switch|p1a: Tyranitar|Tyranitar, F|100/100 par
|-damage|p1a: Tyranitar|88/100 par|[from] Spikes
|move|p2a: Metagross|Meteor Mash|p1a: Tyranitar
|-supereffective|p1a: Tyranitar
|-damage|p1a: Tyranitar|0 fnt
|faint|p1a: Tyranitar
|
|t:|1729782746
|switch|p1a: Aerodactyl|Aerodactyl, M|100/100
|
|-weather|Sandstorm|[upkeep]
|-heal|p2a: Metagross|48/100|[from] item: Leftovers
|upkeep
|turn|36
|
|t:|1729782756
|move|p1a: Aerodactyl|Earthquake|p2a: Metagross
|-supereffective|p2a: Metagross
|-damage|p2a: Metagross|0 fnt
|faint|p2a: Metagross
|
|t:|1729782760
|switch|p2a: Suicune|Suicune|48/100
|
|-weather|Sandstorm|[upkeep]
|-damage|p2a: Suicune|42/100|[from] Sandstorm
|-heal|p2a: Suicune|48/100|[from] item: Leftovers
|upkeep
|turn|37
|
|t:|1729782765
|move|p1a: Aerodactyl|Earthquake|p2a: Suicune
|-damage|p2a: Suicune|23/100
|move|p2a: Suicune|Rest|p2a: Suicune
|-status|p2a: Suicune|slp|[from] move: Rest
|-heal|p2a: Suicune|100/100 slp|[silent]
|
|-weather|Sandstorm|[upkeep]
|-damage|p2a: Suicune|94/100 slp|[from] Sandstorm
|-heal|p2a: Suicune|100/100 slp|[from] item: Leftovers
|upkeep
|turn|38
|
|t:|1729782775
|move|p1a: Aerodactyl|Earthquake|p2a: Suicune
|-damage|p2a: Suicune|71/100 slp
|cant|p2a: Suicune|slp
|
|-weather|Sandstorm|[upkeep]
|-damage|p2a: Suicune|65/100 slp|[from] Sandstorm
|-heal|p2a: Suicune|71/100 slp|[from] item: Leftovers
|upkeep
|turn|39
|
|t:|1729782782
|move|p1a: Aerodactyl|Earthquake|p2a: Suicune
|-damage|p2a: Suicune|43/100 slp
|cant|p2a: Suicune|slp
|
|-weather|Sandstorm|[upkeep]
|-damage|p2a: Suicune|37/100 slp|[from] Sandstorm
|-heal|p2a: Suicune|43/100 slp|[from] item: Leftovers
|upkeep
|turn|40
|
|t:|1729782789
|move|p1a: Aerodactyl|Earthquake|p2a: Suicune
|-damage|p2a: Suicune|17/100 slp
|-curestatus|p2a: Suicune|slp|[msg]
|move|p2a: Suicune|Rest|p2a: Suicune
|-status|p2a: Suicune|slp|[from] move: Rest
|-heal|p2a: Suicune|100/100 slp|[silent]
|
|-weather|Sandstorm|[upkeep]
|-damage|p2a: Suicune|94/100 slp|[from] Sandstorm
|-heal|p2a: Suicune|100/100 slp|[from] item: Leftovers
|upkeep
|turn|41
|
|t:|1729782809
|move|p1a: Aerodactyl|Earthquake|p2a: Suicune
|-damage|p2a: Suicune|71/100 slp
|cant|p2a: Suicune|slp
|
|-weather|Sandstorm|[upkeep]
|-damage|p2a: Suicune|65/100 slp|[from] Sandstorm
|-heal|p2a: Suicune|71/100 slp|[from] item: Leftovers
|upkeep
|turn|42
|
|t:|1729782817
|move|p1a: Aerodactyl|Earthquake|p2a: Suicune
|-damage|p2a: Suicune|43/100 slp
|cant|p2a: Suicune|slp
|
|-weather|Sandstorm|[upkeep]
|-damage|p2a: Suicune|37/100 slp|[from] Sandstorm
|-heal|p2a: Suicune|43/100 slp|[from] item: Leftovers
|upkeep
|turn|43
|
|t:|1729782824
|move|p1a: Aerodactyl|Earthquake|p2a: Suicune
|-crit|p2a: Suicune
|-damage|p2a: Suicune|0 fnt
|faint|p2a: Suicune
|
|win|aldrich_unfaithful
|c|☆draccuscomun|gg
|c|☆aldrich_unfaithful|ggwp
|player|p2|

</script>
<script type="application/json" class="data" id="replaydata-smogtours-gen3ou-801543">
{"id":"smogtours-gen3ou-801543","format":"[Gen 3] OU","players":["aldrich_unfaithful","draccuscomun"],"uploadtime":1729782824,"views":85,"formatid":"gen3ou","rating":null,"private":0,"password":null}
</script>

<script defer src="js/replays.js?9d40a366"></script>
