<!DOCTYPE html>
<meta charset="utf-8" />
<meta name="viewport" content="width=device-width" />

<title>[Gen 3] OU: Whiscash Cuajao vs. lucyisafish - Replays - Pok&eacute;mon Showdown!</title>

<meta name="description" content="Watch a replay of a Pok&eacute;mon battle between Whiscash Cuajao and lucyisafish! Format: [Gen 3] OU; Date: Oct 17, 2024" />
<!--

Hey, you! Looking in the source for the replay log?

You can find them in JSON format, just add `.json` at the end of a replay URL.

https://replay.pokemonshowdown.com/gen7randomdoublesbattle-865046831.json

Or, if you only need the log itself, add `.log` instead:

https://replay.pokemonshowdown.com/gen7randomdoublesbattle-865046831.log

-->

<link rel="stylesheet" href="//pokemonshowdown.com/style/global.css?0.767286132409787" />
<link rel="stylesheet" href="//play.pokemonshowdown.com/style/font-awesome.css?0.9266228007934947" />
<link rel="stylesheet" href="//play.pokemonshowdown.com/style/battle.css?0.7924700842790926" />
<link rel="stylesheet" href="//play.pokemonshowdown.com/style/utilichart.css?0.8777417872839479" />

<!-- Global site tag (gtag.js) - Google Analytics -->
<script async src="https://www.googletagmanager.com/gtag/js?id=UA-26211653-1"></script>
<script>
  window.dataLayer = window.dataLayer || [];
  function gtag(){dataLayer.push(arguments);}
  gtag('js', new Date());

  gtag('config', 'UA-26211653-1');
</script>
<!-- End Google Analytics -->
<!-- Venatus Ad Manager - Install in <HEAD> of page -->
	<script src="https://hb.vntsm.com/v3/live/ad-manager.min.js" type="text/javascript" data-site-id="642aba63ec9a7b11c3c9c1be" data-mode="scan" async></script>
<!-- / Venatus Ad Manager -->

<style>
	@media (max-width:820px) {
		.battle {
			margin: 0 auto;
		}
		.battle-log {
			margin: 7px auto 0;
			max-width: 640px;
			height: 300px;
			position: static;
		}
	}
	.optgroup {
		display: inline-block;
		line-height: 22px;
		font-size: 10pt;
	}
	.optgroup .button {
		height: 25px;
		padding-top: 0;
		padding-bottom: 0;
	}
	.optgroup button.button {
		padding-left: 12px;
		padding-right: 12px;
	}
	.linklist {
		list-style: none;
		margin: 0.5em 0;
		padding: 0;
	}
	.linklist li {
		padding: 2px 0;
	}
	.sidebar {
		float: left;
		width: 320px;
	}
	.bar-wrapper {
		max-width: 1100px;
		margin: 0 auto;
	}
	.bar-wrapper.has-sidebar {
		max-width: 1430px;
	}
	.mainbar {
		margin: 0;
		padding-right: 1px;
	}
	.mainbar.has-sidebar {
		margin-left: 330px;
	}
	@media (min-width: 1511px) {
		.sidebar {
			width: 400px;
		}
		.bar-wrapper.has-sidebar {
			max-width: 1510px;
		}
		.mainbar.has-sidebar {
			margin-left: 410px;
		}
	}
	.section.first-section {
		margin-top: 9px;
	}
	.blocklink small {
		white-space: normal;
	}
	.button {
		vertical-align: middle;
	}
	.replay-controls {
		padding-top: 10px;
	}
	.replay-controls h1 {
		font-size: 16pt;
		font-weight: normal;
		color: #CCC;
	}
	.pagelink {
		text-align: center;
	}
	.pagelink a {
		width: 150px;
	}
	.textbox, .button {
		font-size: 11pt;
		vertical-align: middle;
	}
	@media (max-width: 450px) {
		.button {
			font-size: 9pt;
		}
	}
</style>

<div>

	<header>
		<div class="nav-wrapper"><ul class="nav">
			<li><a class="button nav-first" href="//pokemonshowdown.com/"><img src="//pokemonshowdown.com/images/pokemonshowdownbeta.png" srcset="//pokemonshowdown.com/images/pokemonshowdownbeta.png 1x, //pokemonshowdown.com/images/pokemonshowdownbeta@2x.png 2x" alt="Pok&eacute;mon Showdown" width="146" height="44" /> Home</a></li>
			<li><a class="button" href="//pokemonshowdown.com/dex/">Pok&eacute;dex</a></li>
			<li><a class="button cur" href="/">Replays</a></li>
			<li><a class="button" href="//pokemonshowdown.com/ladder/">Ladder</a></li>
			<li><a class="button nav-last" href="//pokemonshowdown.com/forums/">Forum</a></li>
			<li><a class="button greenbutton nav-first nav-last" href="//play.pokemonshowdown.com/">Play</a></li>
		</ul></div>
	</header>

	<div class="main" id="main">

		<noscript><section class="section">You need to enable JavaScript to use this page; sorry!</section></noscript>

	</div>

</div>

<script defer nomodule src="//play.pokemonshowdown.com/js/lib/ps-polyfill.js"></script>
<script defer src="//play.pokemonshowdown.com/js/lib/preact.min.js"></script>

<script defer src="//play.pokemonshowdown.com/config/config.js?6dec07f6"></script>
<script defer src="//play.pokemonshowdown.com/js/lib/jquery-1.11.0.min.js"></script>
<script defer src="//play.pokemonshowdown.com/js/lib/html-sanitizer-minified.js"></script>
<script defer src="//play.pokemonshowdown.com/js/battle-sound.js"></script>
<script defer src="//play.pokemonshowdown.com/js/battledata.js?0.6315294753075389"></script>
<script defer src="//play.pokemonshowdown.com/data/pokedex-mini.js?0.7603743185311358"></script>
<script defer src="//play.pokemonshowdown.com/data/pokedex-mini-bw.js?0.030888842834281283"></script>
<script defer src="//play.pokemonshowdown.com/data/graphics.js?0.05593094747507488"></script>
<script defer src="//play.pokemonshowdown.com/data/pokedex.js?0.47064822249611904"></script>
<script defer src="//play.pokemonshowdown.com/data/moves.js?0.8583693120512459"></script>
<script defer src="//play.pokemonshowdown.com/data/abilities.js?0.16017181182386842"></script>
<script defer src="//play.pokemonshowdown.com/data/items.js?0.4163379185673943"></script>
<script defer src="//play.pokemonshowdown.com/data/teambuilder-tables.js?0.31075597372830477"></script>
<script defer src="//play.pokemonshowdown.com/js/battle-tooltips.js?0.6536193500708172"></script>
<script defer src="//play.pokemonshowdown.com/js/battle.js?0.1916591943277901"></script>

<script defer src="js/utils.js?e31f9a17"></script>
<script defer src="js/replays-battle.js?7008c182"></script>

<!-- don't scrape this data! just add .json or .log after the URL!
Full API docs: https://github.com/smogon/pokemon-showdown-client/blob/master/WEB-API.md -->
<script type="text/plain" class="log" id="replaylog-smogtours-gen3ou-799307">
|inactive|Battle timer is ON: inactive players will automatically lose when time's up.
|t:|1729188795
|gametype|singles
|player|p1|Whiscash Cuajao|miku-ground|
|player|p2|lucyisafish|flannery|
|teamsize|p1|6
|teamsize|p2|6
|gen|3
|tier|[Gen 3] OU
|rule|Sleep Clause Mod: Limit one foe put to sleep
|rule|Switch Priority Clause Mod: Faster Pokémon switch first
|rule|Species Clause: Limit one of each Pokémon
|rule|OHKO Clause: OHKO moves are banned
|rule|Evasion Items Clause: Evasion items are banned
|rule|Evasion Moves Clause: Evasion moves are banned
|rule|Endless Battle Clause: Forcing endless battles is banned
|rule|HP Percentage Mod: HP is shown in percentages
|rule|One Boost Passer Clause: Limit one Baton Passer that has a way to boost its stats
|rule|Freeze Clause Mod: Limit one foe frozen
|
|t:|1729188795
|start
|switch|p1a: Legoat|Skarmory, M|100/100
|switch|p2a: Skarmory|Skarmory, M|100/100
|turn|1
|
|t:|1729188804
|move|p2a: Skarmory|Spikes|p1a: Legoat
|-sidestart|p1: Whiscash Cuajao|Spikes
|move|p1a: Legoat|Spikes|p2a: Skarmory
|-sidestart|p2: lucyisafish|Spikes
|
|upkeep
|turn|2
|
|t:|1729188808
|move|p2a: Skarmory|Spikes|p1a: Legoat
|-sidestart|p1: Whiscash Cuajao|Spikes
|move|p1a: Legoat|Spikes|p2a: Skarmory
|-sidestart|p2: lucyisafish|Spikes
|
|upkeep
|turn|3
|
|t:|1729188812
|move|p2a: Skarmory|Spikes|p1a: Legoat
|-sidestart|p1: Whiscash Cuajao|Spikes
|move|p1a: Legoat|Spikes|p2a: Skarmory
|-sidestart|p2: lucyisafish|Spikes
|
|upkeep
|turn|4
|
|t:|1729188817
|move|p2a: Skarmory|Roar|p1a: Legoat
|drag|p1a: Westbrick|Jolteon, F|100/100
|-damage|p1a: Westbrick|75/100|[from] Spikes
|
|-heal|p1a: Westbrick|82/100|[from] item: Leftovers
|upkeep
|turn|5
|
|t:|1729188824
|switch|p2a: Claydol|Claydol|100/100
|move|p1a: Westbrick|Thunder Wave|p2a: Claydol
|-immune|p2a: Claydol
|
|-heal|p1a: Westbrick|88/100|[from] item: Leftovers
|upkeep
|turn|6
|
|t:|1729188831
|move|p1a: Westbrick|Baton Pass|p1a: Westbrick
|
|t:|1729188835
|switch|p1a: Black Mamba|Gengar, M|100/100|[from] Baton Pass
|move|p2a: Claydol|Psychic|p1a: Black Mamba
|-supereffective|p1a: Black Mamba
|-damage|p1a: Black Mamba|28/100
|
|-heal|p1a: Black Mamba|34/100|[from] item: Leftovers
|upkeep
|turn|7
|
|t:|1729188842
|move|p1a: Black Mamba|Explosion|p2a: Claydol
|-damage|p2a: Claydol|16/100
|faint|p1a: Black Mamba
|
|t:|1729188845
|switch|p1a: His Airness|Starmie|100/100
|-damage|p1a: His Airness|76/100|[from] Spikes
|
|-heal|p1a: His Airness|82/100|[from] item: Leftovers
|-heal|p2a: Claydol|22/100|[from] item: Leftovers
|upkeep
|turn|8
|
|t:|1729188855
|switch|p2a: Milotic|Milotic, M, shiny|100/100
|-damage|p2a: Milotic|76/100|[from] Spikes
|move|p1a: His Airness|Ice Beam|p2a: Milotic
|-resisted|p2a: Milotic
|-damage|p2a: Milotic|65/100
|
|-heal|p1a: His Airness|88/100|[from] item: Leftovers
|-heal|p2a: Milotic|72/100|[from] item: Leftovers
|upkeep
|turn|9
|
|t:|1729188861
|move|p1a: His Airness|Rapid Spin|p2a: Milotic
|-damage|p2a: Milotic|70/100
|-sideend|p1: Whiscash Cuajao|Spikes|[from] move: Rapid Spin|[of] p1a: His Airness
|move|p2a: Milotic|Toxic|p1a: His Airness
|-status|p1a: His Airness|tox
|
|-heal|p1a: His Airness|94/100 tox|[from] item: Leftovers
|-damage|p1a: His Airness|88/100 tox|[from] psn
|-heal|p2a: Milotic|76/100|[from] item: Leftovers
|upkeep
|turn|10
|
|t:|1729188866
|move|p1a: His Airness|Psychic|p2a: Milotic
|-crit|p2a: Milotic
|-damage|p2a: Milotic|22/100
|move|p2a: Milotic|Recover|p2a: Milotic
|-heal|p2a: Milotic|72/100
|
|-heal|p1a: His Airness|94/100 tox|[from] item: Leftovers
|-damage|p1a: His Airness|82/100 tox|[from] psn
|-heal|p2a: Milotic|78/100|[from] item: Leftovers
|upkeep
|turn|11
|
|t:|1729188872
|-curestatus|p1a: His Airness|tox|[from] ability: Natural Cure
|switch|p1a: Bald Mamba|Metagross|100/100
|move|p2a: Milotic|Recover|p2a: Milotic
|-heal|p2a: Milotic|100/100
|
|upkeep
|turn|12
|
|t:|1729188892
|move|p1a: Bald Mamba|Rock Slide|p2a: Milotic|[miss]
|-miss|p1a: Bald Mamba|p2a: Milotic
|move|p2a: Milotic|Surf|p1a: Bald Mamba
|-damage|p1a: Bald Mamba|63/100
|
|upkeep
|turn|13
|
|t:|1729188902
|switch|p2a: Dugtrio|Dugtrio, M|100/100
|-damage|p2a: Dugtrio|76/100|[from] Spikes
|move|p1a: Bald Mamba|Rock Slide|p2a: Dugtrio
|-resisted|p2a: Dugtrio
|-damage|p2a: Dugtrio|11/100
|
|upkeep
|turn|14
|
|t:|1729188912
|move|p2a: Dugtrio|Earthquake|p1a: Bald Mamba
|-supereffective|p1a: Bald Mamba
|-crit|p1a: Bald Mamba
|-damage|p1a: Bald Mamba|0 fnt
|faint|p1a: Bald Mamba
|
|t:|1729188916
|switch|p1a: Westbrick|Jolteon, F|88/100
|
|-heal|p1a: Westbrick|94/100|[from] item: Leftovers
|upkeep
|turn|15
|
|t:|1729188936
|switch|p2a: Blissey|Blissey, F|100/100
|-damage|p2a: Blissey|76/100|[from] Spikes
|move|p1a: Westbrick|Hidden Power|p2a: Blissey
|-damage|p2a: Blissey|67/100
|
|-heal|p1a: Westbrick|100/100|[from] item: Leftovers
|-heal|p2a: Blissey|73/100|[from] item: Leftovers
|upkeep
|turn|16
|
|t:|1729188956
|switch|p1a: Big Fundamental|Swampert, F|100/100
|move|p2a: Blissey|Toxic|p1a: Big Fundamental
|-status|p1a: Big Fundamental|tox
|
|-heal|p2a: Blissey|79/100|[from] item: Leftovers
|-damage|p1a: Big Fundamental|94/100 tox|[from] psn
|upkeep
|turn|17
|
|t:|1729188968
|move|p2a: Blissey|Soft-Boiled|p2a: Blissey
|-heal|p2a: Blissey|100/100
|move|p1a: Big Fundamental|Refresh|p1a: Big Fundamental
|-curestatus|p1a: Big Fundamental|tox|[msg]
|
|-heal|p1a: Big Fundamental|100/100|[from] item: Leftovers
|upkeep
|turn|18
|
|t:|1729188990
|switch|p2a: Milotic|Milotic, M, shiny|100/100
|-damage|p2a: Milotic|76/100|[from] Spikes
|move|p1a: Big Fundamental|Earthquake|p2a: Milotic
|-crit|p2a: Milotic
|-damage|p2a: Milotic|23/100
|
|-heal|p2a: Milotic|29/100|[from] item: Leftovers
|upkeep
|turn|19
|
|t:|1729189006
|move|p2a: Milotic|Recover|p2a: Milotic
|-heal|p2a: Milotic|79/100
|move|p1a: Big Fundamental|Earthquake|p2a: Milotic
|-damage|p2a: Milotic|50/100
|
|-heal|p2a: Milotic|56/100|[from] item: Leftovers
|upkeep
|turn|20
|
|t:|1729189012
|move|p2a: Milotic|Toxic|p1a: Big Fundamental
|-status|p1a: Big Fundamental|tox
|move|p1a: Big Fundamental|Earthquake|p2a: Milotic
|-damage|p2a: Milotic|28/100
|
|-heal|p2a: Milotic|34/100|[from] item: Leftovers
|-damage|p1a: Big Fundamental|94/100 tox|[from] psn
|upkeep
|turn|21
|
|t:|1729189017
|switch|p1a: Westbrick|Jolteon, F|100/100
|move|p2a: Milotic|Recover|p2a: Milotic
|-heal|p2a: Milotic|84/100
|
|-heal|p2a: Milotic|90/100|[from] item: Leftovers
|upkeep
|turn|22
|
|t:|1729189026
|switch|p2a: Claydol|Claydol|22/100
|move|p1a: Westbrick|Thunder Wave|p2a: Claydol
|-immune|p2a: Claydol
|
|-heal|p2a: Claydol|28/100|[from] item: Leftovers
|upkeep
|turn|23
|
|t:|1729189031
|move|p1a: Westbrick|Hidden Power|p2a: Claydol
|-supereffective|p2a: Claydol
|-damage|p2a: Claydol|0 fnt
|faint|p2a: Claydol
|
|t:|1729189047
|switch|p2a: Blissey|Blissey, F|100/100
|-damage|p2a: Blissey|76/100|[from] Spikes
|
|-heal|p2a: Blissey|82/100|[from] item: Leftovers
|upkeep
|turn|24
|
|t:|1729189056
|switch|p1a: Legoat|Skarmory, M|100/100
|move|p2a: Blissey|Seismic Toss|p1a: Legoat
|-damage|p1a: Legoat|71/100
|
|-heal|p1a: Legoat|77/100|[from] item: Leftovers
|-heal|p2a: Blissey|88/100|[from] item: Leftovers
|upkeep
|turn|25
|
|t:|1729189060
|move|p2a: Blissey|Ice Beam|p1a: Legoat
|-damage|p1a: Legoat|56/100
|-status|p1a: Legoat|frz
|cant|p1a: Legoat|frz
|
|-heal|p1a: Legoat|62/100 frz|[from] item: Leftovers
|-heal|p2a: Blissey|94/100|[from] item: Leftovers
|upkeep
|turn|26
|
|t:|1729189073
|move|p2a: Blissey|Seismic Toss|p1a: Legoat
|-damage|p1a: Legoat|32/100 frz
|cant|p1a: Legoat|frz
|
|-heal|p1a: Legoat|38/100 frz|[from] item: Leftovers
|-heal|p2a: Blissey|99/100|[from] item: Leftovers
|upkeep
|turn|27
|
|t:|1729189076
|move|p2a: Blissey|Seismic Toss|p1a: Legoat
|-damage|p1a: Legoat|8/100 frz
|-curestatus|p1a: Legoat|frz|[msg]
|move|p1a: Legoat|Roar|p2a: Blissey
|drag|p2a: Skarmory|Skarmory, M|100/100
|
|-heal|p1a: Legoat|14/100|[from] item: Leftovers
|upkeep
|turn|28
|
|t:|1729189085
|switch|p1a: Westbrick|Jolteon, F|100/100
|move|p2a: Skarmory|Spikes|p1a: Westbrick
|-sidestart|p1: Whiscash Cuajao|Spikes
|
|upkeep
|turn|29
|
|t:|1729189098
|switch|p2a: Dugtrio|Dugtrio, M|11/100
|-damage|p2a: Dugtrio|0 fnt|[from] Spikes
|faint|p2a: Dugtrio
|
|t:|1729189101
|switch|p2a: Blissey|Blissey, F|99/100
|-damage|p2a: Blissey|75/100|[from] Spikes
|
|-heal|p2a: Blissey|81/100|[from] item: Leftovers
|upkeep
|turn|30
|
|t:|1729189111
|switch|p1a: Big Fundamental|Swampert, F|94/100 tox
|-damage|p1a: Big Fundamental|82/100 tox|[from] Spikes
|move|p2a: Blissey|Ice Beam|p1a: Big Fundamental
|-damage|p1a: Big Fundamental|68/100 tox
|
|-heal|p2a: Blissey|88/100|[from] item: Leftovers
|-heal|p1a: Big Fundamental|74/100 tox|[from] item: Leftovers
|-damage|p1a: Big Fundamental|68/100 tox|[from] psn
|upkeep
|turn|31
|
|t:|1729189120
|switch|p2a: Skarmory|Skarmory, M|100/100
|move|p1a: Big Fundamental|Refresh|p1a: Big Fundamental
|-curestatus|p1a: Big Fundamental|tox|[msg]
|
|-heal|p1a: Big Fundamental|74/100|[from] item: Leftovers
|upkeep
|turn|32
|
|t:|1729189125
|move|p2a: Skarmory|Spikes|p1a: Big Fundamental
|-sidestart|p1: Whiscash Cuajao|Spikes
|move|p1a: Big Fundamental|Surf|p2a: Skarmory
|-damage|p2a: Skarmory|76/100
|
|-heal|p2a: Skarmory|82/100|[from] item: Leftovers
|-heal|p1a: Big Fundamental|80/100|[from] item: Leftovers
|upkeep
|turn|33
|
|t:|1729189131
|move|p2a: Skarmory|Protect|p2a: Skarmory
|-singleturn|p2a: Skarmory|Protect
|move|p1a: Big Fundamental|Surf|p2a: Skarmory
|-activate|p2a: Skarmory|Protect
|
|-heal|p2a: Skarmory|88/100|[from] item: Leftovers
|-heal|p1a: Big Fundamental|86/100|[from] item: Leftovers
|upkeep
|turn|34
|
|t:|1729189139
|move|p2a: Skarmory|Toxic|p1a: Big Fundamental
|-status|p1a: Big Fundamental|tox
|move|p1a: Big Fundamental|Surf|p2a: Skarmory
|-damage|p2a: Skarmory|61/100
|
|-heal|p2a: Skarmory|67/100|[from] item: Leftovers
|-heal|p1a: Big Fundamental|93/100 tox|[from] item: Leftovers
|-damage|p1a: Big Fundamental|86/100 tox|[from] psn
|upkeep
|turn|35
|
|t:|1729189149
|move|p2a: Skarmory|Protect|p2a: Skarmory
|-singleturn|p2a: Skarmory|Protect
|move|p1a: Big Fundamental|Refresh|p1a: Big Fundamental
|-curestatus|p1a: Big Fundamental|tox|[msg]
|
|-heal|p2a: Skarmory|73/100|[from] item: Leftovers
|-heal|p1a: Big Fundamental|93/100|[from] item: Leftovers
|upkeep
|turn|36
|
|t:|1729189171
|switch|p2a: Milotic|Milotic, M, shiny|90/100
|-damage|p2a: Milotic|65/100|[from] Spikes
|move|p1a: Big Fundamental|Surf|p2a: Milotic
|-resisted|p2a: Milotic
|-crit|p2a: Milotic
|-damage|p2a: Milotic|43/100
|
|-heal|p2a: Milotic|49/100|[from] item: Leftovers
|-heal|p1a: Big Fundamental|99/100|[from] item: Leftovers
|upkeep
|turn|37
|
|t:|1729189182
|switch|p1a: His Airness|Starmie|82/100
|-damage|p1a: His Airness|65/100|[from] Spikes
|move|p2a: Milotic|Recover|p2a: Milotic
|-heal|p2a: Milotic|99/100
|
|-heal|p1a: His Airness|71/100|[from] item: Leftovers
|-heal|p2a: Milotic|100/100|[from] item: Leftovers
|upkeep
|turn|38
|
|t:|1729189187
|move|p1a: His Airness|Rapid Spin|p2a: Milotic
|-damage|p2a: Milotic|98/100
|-sideend|p1: Whiscash Cuajao|Spikes|[from] move: Rapid Spin|[of] p1a: His Airness
|move|p2a: Milotic|Toxic|p1a: His Airness|[miss]
|-miss|p2a: Milotic|p1a: His Airness
|
|-heal|p1a: His Airness|78/100|[from] item: Leftovers
|-heal|p2a: Milotic|100/100|[from] item: Leftovers
|upkeep
|turn|39
|
|t:|1729189192
|move|p1a: His Airness|Psychic|p2a: Milotic
|-damage|p2a: Milotic|70/100
|move|p2a: Milotic|Toxic|p1a: His Airness
|-status|p1a: His Airness|tox
|
|-heal|p1a: His Airness|84/100 tox|[from] item: Leftovers
|-damage|p1a: His Airness|78/100 tox|[from] psn
|-heal|p2a: Milotic|76/100|[from] item: Leftovers
|upkeep
|turn|40
|
|t:|1729189199
|-curestatus|p1a: His Airness|tox|[from] ability: Natural Cure
|switch|p1a: Westbrick|Jolteon, F|100/100
|move|p2a: Milotic|Recover|p2a: Milotic
|-heal|p2a: Milotic|100/100
|
|upkeep
|turn|41
|
|t:|1729189205
|move|p1a: Westbrick|Thunderbolt|p2a: Milotic
|-supereffective|p2a: Milotic
|-damage|p2a: Milotic|34/100
|move|p2a: Milotic|Toxic|p1a: Westbrick
|-status|p1a: Westbrick|tox
|
|-damage|p1a: Westbrick|94/100 tox|[from] psn
|-heal|p2a: Milotic|40/100|[from] item: Leftovers
|upkeep
|turn|42
|
|t:|1729189217
|switch|p1a: Legoat|Skarmory, M|14/100
|switch|p2a: Flygon|Flygon, F, shiny|100/100
|
|-heal|p1a: Legoat|20/100|[from] item: Leftovers
|upkeep
|turn|43
|
|t:|1729189229
|move|p2a: Flygon|Fire Blast|p1a: Legoat
|-supereffective|p1a: Legoat
|-damage|p1a: Legoat|0 fnt
|faint|p1a: Legoat
|
|t:|1729189233
|switch|p1a: His Airness|Starmie|78/100
|
|-heal|p1a: His Airness|84/100|[from] item: Leftovers
|upkeep
|turn|44
|
|t:|1729189247
|switch|p2a: Blissey|Blissey, F|88/100
|-damage|p2a: Blissey|63/100|[from] Spikes
|move|p1a: His Airness|Ice Beam|p2a: Blissey
|-damage|p2a: Blissey|51/100
|
|-heal|p1a: His Airness|90/100|[from] item: Leftovers
|-heal|p2a: Blissey|57/100|[from] item: Leftovers
|upkeep
|turn|45
|
|t:|1729189255
|move|p1a: His Airness|Ice Beam|p2a: Blissey
|-damage|p2a: Blissey|46/100
|move|p2a: Blissey|Soft-Boiled|p2a: Blissey
|-heal|p2a: Blissey|96/100
|
|-heal|p1a: His Airness|96/100|[from] item: Leftovers
|-heal|p2a: Blissey|100/100|[from] item: Leftovers
|upkeep
|turn|46
|
|t:|1729189259
|move|p1a: His Airness|Ice Beam|p2a: Blissey
|-damage|p2a: Blissey|90/100
|move|p2a: Blissey|Toxic|p1a: His Airness
|-status|p1a: His Airness|tox
|
|-heal|p1a: His Airness|100/100 tox|[from] item: Leftovers
|-damage|p1a: His Airness|94/100 tox|[from] psn
|-heal|p2a: Blissey|96/100|[from] item: Leftovers
|upkeep
|turn|47
|
|t:|1729189269
|move|p1a: His Airness|Ice Beam|p2a: Blissey
|-damage|p2a: Blissey|86/100
|move|p2a: Blissey|Seismic Toss|p1a: His Airness
|-damage|p1a: His Airness|56/100 tox
|
|-heal|p1a: His Airness|62/100 tox|[from] item: Leftovers
|-damage|p1a: His Airness|50/100 tox|[from] psn
|-heal|p2a: Blissey|92/100|[from] item: Leftovers
|upkeep
|turn|48
|
|t:|1729189276
|-curestatus|p1a: His Airness|tox|[from] ability: Natural Cure
|switch|p1a: Big Fundamental|Swampert, F|99/100
|move|p2a: Blissey|Seismic Toss|p1a: Big Fundamental
|-damage|p1a: Big Fundamental|74/100
|
|-heal|p2a: Blissey|98/100|[from] item: Leftovers
|-heal|p1a: Big Fundamental|80/100|[from] item: Leftovers
|upkeep
|turn|49
|
|t:|1729189287
|move|p2a: Blissey|Toxic|p1a: Big Fundamental
|-status|p1a: Big Fundamental|tox
|move|p1a: Big Fundamental|Earthquake|p2a: Blissey
|-damage|p2a: Blissey|62/100
|
|-heal|p2a: Blissey|68/100|[from] item: Leftovers
|-heal|p1a: Big Fundamental|86/100 tox|[from] item: Leftovers
|-damage|p1a: Big Fundamental|80/100 tox|[from] psn
|upkeep
|turn|50
|
|t:|1729189292
|move|p2a: Blissey|Soft-Boiled|p2a: Blissey
|-heal|p2a: Blissey|100/100
|move|p1a: Big Fundamental|Refresh|p1a: Big Fundamental
|-curestatus|p1a: Big Fundamental|tox|[msg]
|
|-heal|p1a: Big Fundamental|86/100|[from] item: Leftovers
|upkeep
|turn|51
|
|t:|1729189307
|move|p2a: Blissey|Seismic Toss|p1a: Big Fundamental
|-damage|p1a: Big Fundamental|62/100
|move|p1a: Big Fundamental|Earthquake|p2a: Blissey
|-damage|p2a: Blissey|67/100
|
|-heal|p2a: Blissey|73/100|[from] item: Leftovers
|-heal|p1a: Big Fundamental|68/100|[from] item: Leftovers
|upkeep
|turn|52
|c|☆Whiscash Cuajao|btw did you save game 2? I forgot
|
|t:|1729189319
|move|p2a: Blissey|Soft-Boiled|p2a: Blissey
|-heal|p2a: Blissey|100/100
|move|p1a: Big Fundamental|Earthquake|p2a: Blissey
|-crit|p2a: Blissey
|-damage|p2a: Blissey|26/100
|
|-heal|p2a: Blissey|32/100|[from] item: Leftovers
|-heal|p1a: Big Fundamental|74/100|[from] item: Leftovers
|upkeep
|turn|53
|c|☆lucyisafish|I did dw :)
|c|☆Whiscash Cuajao|thanks
|
|t:|1729189346
|switch|p2a: Skarmory|Skarmory, M|73/100
|move|p1a: Big Fundamental|Earthquake|p2a: Skarmory
|-immune|p2a: Skarmory
|
|-heal|p2a: Skarmory|79/100|[from] item: Leftovers
|-heal|p1a: Big Fundamental|80/100|[from] item: Leftovers
|upkeep
|turn|54
|
|t:|1729189357
|switch|p1a: Westbrick|Jolteon, F|94/100 tox
|move|p2a: Skarmory|Protect||[still]
|-fail|p2a: Skarmory
|
|-heal|p1a: Westbrick|100/100 tox|[from] item: Leftovers
|-damage|p1a: Westbrick|94/100 tox|[from] psn
|-heal|p2a: Skarmory|85/100|[from] item: Leftovers
|upkeep
|turn|55
|
|t:|1729189363
|move|p2a: Skarmory|Protect|p2a: Skarmory
|-singleturn|p2a: Skarmory|Protect
|move|p1a: Westbrick|Hidden Power|p2a: Skarmory
|-activate|p2a: Skarmory|Protect
|
|-heal|p1a: Westbrick|100/100 tox|[from] item: Leftovers
|-damage|p1a: Westbrick|88/100 tox|[from] psn
|-heal|p2a: Skarmory|91/100|[from] item: Leftovers
|upkeep
|turn|56
|
|t:|1729189375
|switch|p1a: His Airness|Starmie|50/100
|move|p2a: Skarmory|Spikes|p1a: His Airness
|-sidestart|p1: Whiscash Cuajao|Spikes
|
|-heal|p1a: His Airness|56/100|[from] item: Leftovers
|-heal|p2a: Skarmory|97/100|[from] item: Leftovers
|upkeep
|turn|57
|
|t:|1729189379
|move|p1a: His Airness|Hydro Pump|p2a: Skarmory
|-damage|p2a: Skarmory|46/100
|move|p2a: Skarmory|Toxic|p1a: His Airness
|-status|p1a: His Airness|tox
|
|-heal|p1a: His Airness|62/100 tox|[from] item: Leftovers
|-damage|p1a: His Airness|56/100 tox|[from] psn
|-heal|p2a: Skarmory|52/100|[from] item: Leftovers
|upkeep
|turn|58
|
|t:|1729189386
|-curestatus|p1a: His Airness|tox|[from] ability: Natural Cure
|switch|p1a: Westbrick|Jolteon, F|88/100 tox
|-damage|p1a: Westbrick|75/100 tox|[from] Spikes
|move|p2a: Skarmory|Protect||[still]
|-fail|p2a: Skarmory
|
|-heal|p1a: Westbrick|82/100 tox|[from] item: Leftovers
|-damage|p1a: Westbrick|75/100 tox|[from] psn
|-heal|p2a: Skarmory|58/100|[from] item: Leftovers
|upkeep
|turn|59
|
|t:|1729189391
|switch|p1a: Big Fundamental|Swampert, F|80/100
|-damage|p1a: Big Fundamental|68/100|[from] Spikes
|move|p2a: Skarmory|Protect||[still]
|-fail|p2a: Skarmory
|
|-heal|p2a: Skarmory|64/100|[from] item: Leftovers
|-heal|p1a: Big Fundamental|74/100|[from] item: Leftovers
|upkeep
|turn|60
|
|t:|1729189394
|move|p2a: Skarmory|Protect|p2a: Skarmory
|-singleturn|p2a: Skarmory|Protect
|move|p1a: Big Fundamental|Surf|p2a: Skarmory
|-activate|p2a: Skarmory|Protect
|
|-heal|p2a: Skarmory|70/100|[from] item: Leftovers
|-heal|p1a: Big Fundamental|80/100|[from] item: Leftovers
|upkeep
|turn|61
|
|t:|1729189404
|move|p2a: Skarmory|Toxic|p1a: Big Fundamental
|-status|p1a: Big Fundamental|tox
|move|p1a: Big Fundamental|Surf|p2a: Skarmory
|-damage|p2a: Skarmory|42/100
|
|-heal|p2a: Skarmory|48/100|[from] item: Leftovers
|-heal|p1a: Big Fundamental|86/100 tox|[from] item: Leftovers
|-damage|p1a: Big Fundamental|80/100 tox|[from] psn
|upkeep
|turn|62
|
|t:|1729189414
|move|p2a: Skarmory|Protect|p2a: Skarmory
|-singleturn|p2a: Skarmory|Protect
|move|p1a: Big Fundamental|Earthquake|p2a: Skarmory
|-activate|p2a: Skarmory|Protect
|
|-heal|p2a: Skarmory|54/100|[from] item: Leftovers
|-heal|p1a: Big Fundamental|86/100 tox|[from] item: Leftovers
|-damage|p1a: Big Fundamental|74/100 tox|[from] psn
|upkeep
|turn|63
|
|t:|1729189434
|move|p2a: Skarmory|Spikes|p1a: Big Fundamental
|-sidestart|p1: Whiscash Cuajao|Spikes
|move|p1a: Big Fundamental|Refresh|p1a: Big Fundamental
|-curestatus|p1a: Big Fundamental|tox|[msg]
|
|-heal|p2a: Skarmory|60/100|[from] item: Leftovers
|-heal|p1a: Big Fundamental|80/100|[from] item: Leftovers
|upkeep
|turn|64
|
|t:|1729189441
|move|p2a: Skarmory|Toxic|p1a: Big Fundamental
|-status|p1a: Big Fundamental|tox
|move|p1a: Big Fundamental|Surf|p2a: Skarmory
|-damage|p2a: Skarmory|34/100
|
|-heal|p2a: Skarmory|40/100|[from] item: Leftovers
|-heal|p1a: Big Fundamental|86/100 tox|[from] item: Leftovers
|-damage|p1a: Big Fundamental|80/100 tox|[from] psn
|upkeep
|turn|65
|
|t:|1729189448
|move|p2a: Skarmory|Protect|p2a: Skarmory
|-singleturn|p2a: Skarmory|Protect
|move|p1a: Big Fundamental|Refresh|p1a: Big Fundamental
|-curestatus|p1a: Big Fundamental|tox|[msg]
|
|-heal|p2a: Skarmory|46/100|[from] item: Leftovers
|-heal|p1a: Big Fundamental|86/100|[from] item: Leftovers
|upkeep
|turn|66
|
|t:|1729189460
|switch|p2a: Milotic|Milotic, M, shiny|40/100
|-damage|p2a: Milotic|15/100|[from] Spikes
|move|p1a: Big Fundamental|Surf|p2a: Milotic
|-resisted|p2a: Milotic
|-damage|p2a: Milotic|5/100
|
|-heal|p2a: Milotic|11/100|[from] item: Leftovers
|-heal|p1a: Big Fundamental|93/100|[from] item: Leftovers
|upkeep
|turn|67
|
|t:|1729189467
|move|p2a: Milotic|Recover|p2a: Milotic
|-heal|p2a: Milotic|61/100
|move|p1a: Big Fundamental|Earthquake|p2a: Milotic
|-damage|p2a: Milotic|32/100
|
|-heal|p2a: Milotic|39/100|[from] item: Leftovers
|-heal|p1a: Big Fundamental|99/100|[from] item: Leftovers
|upkeep
|turn|68
|
|t:|1729189475
|switch|p1a: His Airness|Starmie|56/100
|-damage|p1a: His Airness|40/100|[from] Spikes
|move|p2a: Milotic|Recover|p2a: Milotic
|-heal|p2a: Milotic|89/100
|
|-heal|p1a: His Airness|46/100|[from] item: Leftovers
|-heal|p2a: Milotic|95/100|[from] item: Leftovers
|upkeep
|turn|69
|
|t:|1729189491
|move|p1a: His Airness|Rapid Spin|p2a: Milotic
|-damage|p2a: Milotic|92/100
|-sideend|p1: Whiscash Cuajao|Spikes|[from] move: Rapid Spin|[of] p1a: His Airness
|move|p2a: Milotic|Toxic|p1a: His Airness
|-status|p1a: His Airness|tox
|
|-heal|p1a: His Airness|52/100 tox|[from] item: Leftovers
|-damage|p1a: His Airness|46/100 tox|[from] psn
|-heal|p2a: Milotic|98/100|[from] item: Leftovers
|upkeep
|turn|70
|
|t:|1729189498
|-curestatus|p1a: His Airness|tox|[from] ability: Natural Cure
|switch|p1a: Westbrick|Jolteon, F|75/100 tox
|move|p2a: Milotic|Surf|p1a: Westbrick
|-damage|p1a: Westbrick|30/100 tox
|
|-heal|p1a: Westbrick|37/100 tox|[from] item: Leftovers
|-damage|p1a: Westbrick|30/100 tox|[from] psn
|-heal|p2a: Milotic|100/100|[from] item: Leftovers
|upkeep
|turn|71
|
|t:|1729189508
|switch|p2a: Flygon|Flygon, F, shiny|100/100
|move|p1a: Westbrick|Thunderbolt|p2a: Flygon
|-immune|p2a: Flygon
|
|-heal|p1a: Westbrick|37/100 tox|[from] item: Leftovers
|-damage|p1a: Westbrick|24/100 tox|[from] psn
|upkeep
|turn|72
|
|t:|1729189513
|switch|p1a: Big Fundamental|Swampert, F|99/100
|move|p2a: Flygon|Protect||[still]
|-fail|p2a: Flygon
|
|-heal|p1a: Big Fundamental|100/100|[from] item: Leftovers
|upkeep
|turn|73
|
|t:|1729189526
|move|p2a: Flygon|Protect|p2a: Flygon
|-singleturn|p2a: Flygon|Protect
|move|p1a: Big Fundamental|Surf|p2a: Flygon
|-activate|p2a: Flygon|Protect
|
|upkeep
|turn|74
|
|t:|1729189532
|move|p2a: Flygon|Toxic|p1a: Big Fundamental
|-status|p1a: Big Fundamental|tox
|move|p1a: Big Fundamental|Surf|p2a: Flygon
|-damage|p2a: Flygon|69/100
|
|-heal|p2a: Flygon|75/100|[from] item: Leftovers
|-damage|p1a: Big Fundamental|94/100 tox|[from] psn
|upkeep
|turn|75
|
|t:|1729189538
|move|p2a: Flygon|Protect|p2a: Flygon
|-singleturn|p2a: Flygon|Protect
|move|p1a: Big Fundamental|Refresh|p1a: Big Fundamental
|-curestatus|p1a: Big Fundamental|tox|[msg]
|
|-heal|p2a: Flygon|82/100|[from] item: Leftovers
|-heal|p1a: Big Fundamental|100/100|[from] item: Leftovers
|upkeep
|turn|76
|
|t:|1729189546
|switch|p2a: Milotic|Milotic, M, shiny|100/100
|-damage|p2a: Milotic|76/100|[from] Spikes
|move|p1a: Big Fundamental|Surf|p2a: Milotic
|-resisted|p2a: Milotic
|-damage|p2a: Milotic|65/100
|
|-heal|p2a: Milotic|71/100|[from] item: Leftovers
|upkeep
|turn|77
|
|t:|1729189555
|move|p2a: Milotic|Recover|p2a: Milotic
|-heal|p2a: Milotic|100/100
|move|p1a: Big Fundamental|Earthquake|p2a: Milotic
|-damage|p2a: Milotic|73/100
|
|-heal|p2a: Milotic|79/100|[from] item: Leftovers
|upkeep
|turn|78
|
|t:|1729189580
|move|p1a: Big Fundamental|Protect|p1a: Big Fundamental
|-singleturn|p1a: Big Fundamental|Protect
|move|p2a: Milotic|Toxic|p1a: Big Fundamental|[miss]
|-miss|p2a: Milotic|p1a: Big Fundamental
|
|-heal|p2a: Milotic|85/100|[from] item: Leftovers
|upkeep
|turn|79
|
|t:|1729189584
|move|p2a: Milotic|Toxic|p1a: Big Fundamental
|-status|p1a: Big Fundamental|tox
|move|p1a: Big Fundamental|Earthquake|p2a: Milotic
|-damage|p2a: Milotic|60/100
|
|-heal|p2a: Milotic|66/100|[from] item: Leftovers
|-damage|p1a: Big Fundamental|94/100 tox|[from] psn
|upkeep
|turn|80
|
|t:|1729189596
|move|p2a: Milotic|Recover|p2a: Milotic
|-heal|p2a: Milotic|100/100
|move|p1a: Big Fundamental|Refresh|p1a: Big Fundamental
|-curestatus|p1a: Big Fundamental|tox|[msg]
|
|-heal|p1a: Big Fundamental|100/100|[from] item: Leftovers
|upkeep
|turn|81
|
|t:|1729189610
|move|p2a: Milotic|Surf|p1a: Big Fundamental
|-damage|p1a: Big Fundamental|77/100
|move|p1a: Big Fundamental|Earthquake|p2a: Milotic
|-damage|p2a: Milotic|72/100
|
|-heal|p2a: Milotic|78/100|[from] item: Leftovers
|-heal|p1a: Big Fundamental|83/100|[from] item: Leftovers
|upkeep
|turn|82
|
|t:|1729189620
|move|p1a: Big Fundamental|Protect|p1a: Big Fundamental
|-singleturn|p1a: Big Fundamental|Protect
|move|p2a: Milotic|Surf|p1a: Big Fundamental
|-activate|p1a: Big Fundamental|Protect
|
|-heal|p2a: Milotic|84/100|[from] item: Leftovers
|-heal|p1a: Big Fundamental|90/100|[from] item: Leftovers
|upkeep
|turn|83
|
|t:|1729189628
|move|p2a: Milotic|Surf|p1a: Big Fundamental
|-damage|p1a: Big Fundamental|69/100
|move|p1a: Big Fundamental|Surf|p2a: Milotic
|-resisted|p2a: Milotic
|-damage|p2a: Milotic|74/100
|
|-heal|p2a: Milotic|80/100|[from] item: Leftovers
|-heal|p1a: Big Fundamental|75/100|[from] item: Leftovers
|upkeep
|turn|84
|
|t:|1729189639
|move|p1a: Big Fundamental|Protect|p1a: Big Fundamental
|-singleturn|p1a: Big Fundamental|Protect
|move|p2a: Milotic|Surf|p1a: Big Fundamental
|-activate|p1a: Big Fundamental|Protect
|
|-heal|p2a: Milotic|86/100|[from] item: Leftovers
|-heal|p1a: Big Fundamental|81/100|[from] item: Leftovers
|upkeep
|turn|85
|
|t:|1729189652
|move|p2a: Milotic|Toxic|p1a: Big Fundamental
|-status|p1a: Big Fundamental|tox
|move|p1a: Big Fundamental|Surf|p2a: Milotic
|-resisted|p2a: Milotic
|-damage|p2a: Milotic|76/100
|
|-heal|p2a: Milotic|82/100|[from] item: Leftovers
|-heal|p1a: Big Fundamental|87/100 tox|[from] item: Leftovers
|-damage|p1a: Big Fundamental|81/100 tox|[from] psn
|upkeep
|turn|86
|
|t:|1729189657
|move|p2a: Milotic|Surf|p1a: Big Fundamental
|-damage|p1a: Big Fundamental|59/100 tox
|move|p1a: Big Fundamental|Refresh|p1a: Big Fundamental
|-curestatus|p1a: Big Fundamental|tox|[msg]
|
|-heal|p2a: Milotic|88/100|[from] item: Leftovers
|-heal|p1a: Big Fundamental|65/100|[from] item: Leftovers
|upkeep
|turn|87
|
|t:|1729189664
|move|p1a: Big Fundamental|Protect|p1a: Big Fundamental
|-singleturn|p1a: Big Fundamental|Protect
|move|p2a: Milotic|Surf|p1a: Big Fundamental
|-activate|p1a: Big Fundamental|Protect
|
|-heal|p2a: Milotic|94/100|[from] item: Leftovers
|-heal|p1a: Big Fundamental|71/100|[from] item: Leftovers
|upkeep
|turn|88
|
|t:|1729189672
|move|p1a: Big Fundamental|Protect||[still]
|-fail|p1a: Big Fundamental
|move|p2a: Milotic|Refresh||[still]
|-fail|p2a: Milotic
|
|-heal|p2a: Milotic|100/100|[from] item: Leftovers
|-heal|p1a: Big Fundamental|77/100|[from] item: Leftovers
|upkeep
|turn|89
|
|t:|1729189678
|move|p2a: Milotic|Refresh||[still]
|-fail|p2a: Milotic
|move|p1a: Big Fundamental|Surf|p2a: Milotic
|-resisted|p2a: Milotic
|-damage|p2a: Milotic|90/100
|
|-heal|p2a: Milotic|96/100|[from] item: Leftovers
|-heal|p1a: Big Fundamental|84/100|[from] item: Leftovers
|upkeep
|turn|90
|
|t:|1729189686
|move|p1a: Big Fundamental|Protect|p1a: Big Fundamental
|-singleturn|p1a: Big Fundamental|Protect
|move|p2a: Milotic|Toxic|p1a: Big Fundamental
|-activate|p1a: Big Fundamental|Protect
|
|-heal|p2a: Milotic|100/100|[from] item: Leftovers
|-heal|p1a: Big Fundamental|90/100|[from] item: Leftovers
|upkeep
|turn|91
|
|t:|1729189691
|move|p2a: Milotic|Refresh||[still]
|-fail|p2a: Milotic
|move|p1a: Big Fundamental|Earthquake|p2a: Milotic
|-damage|p2a: Milotic|75/100
|
|-heal|p2a: Milotic|81/100|[from] item: Leftovers
|-heal|p1a: Big Fundamental|96/100|[from] item: Leftovers
|upkeep
|turn|92
|
|t:|1729189697
|move|p1a: Big Fundamental|Protect|p1a: Big Fundamental
|-singleturn|p1a: Big Fundamental|Protect
|move|p2a: Milotic|Surf|p1a: Big Fundamental
|-activate|p1a: Big Fundamental|Protect
|
|-heal|p2a: Milotic|88/100|[from] item: Leftovers
|-heal|p1a: Big Fundamental|100/100|[from] item: Leftovers
|upkeep
|turn|93
|
|t:|1729189700
|move|p2a: Milotic|Toxic|p1a: Big Fundamental|[miss]
|-miss|p2a: Milotic|p1a: Big Fundamental
|move|p1a: Big Fundamental|Surf|p2a: Milotic
|-resisted|p2a: Milotic
|-damage|p2a: Milotic|78/100
|
|-heal|p2a: Milotic|84/100|[from] item: Leftovers
|upkeep
|turn|94
|
|t:|1729189714
|move|p2a: Milotic|Surf|p1a: Big Fundamental
|-damage|p1a: Big Fundamental|77/100
|move|p1a: Big Fundamental|Earthquake|p2a: Milotic
|-damage|p2a: Milotic|57/100
|
|-heal|p2a: Milotic|63/100|[from] item: Leftovers
|-heal|p1a: Big Fundamental|83/100|[from] item: Leftovers
|upkeep
|turn|95
|
|t:|1729189724
|move|p1a: Big Fundamental|Protect|p1a: Big Fundamental
|-singleturn|p1a: Big Fundamental|Protect
|move|p2a: Milotic|Recover|p2a: Milotic
|-heal|p2a: Milotic|100/100
|
|-heal|p1a: Big Fundamental|90/100|[from] item: Leftovers
|upkeep
|turn|96
|inactive|lucyisafish has 270 seconds left.
|
|t:|1729189763
|move|p2a: Milotic|Refresh||[still]
|-fail|p2a: Milotic
|move|p1a: Big Fundamental|Surf|p2a: Milotic
|-resisted|p2a: Milotic
|-damage|p2a: Milotic|90/100
|
|-heal|p2a: Milotic|96/100|[from] item: Leftovers
|-heal|p1a: Big Fundamental|96/100|[from] item: Leftovers
|upkeep
|turn|97
|
|t:|1729189769
|move|p2a: Milotic|Refresh||[still]
|-fail|p2a: Milotic
|move|p1a: Big Fundamental|Earthquake|p2a: Milotic
|-damage|p2a: Milotic|69/100
|
|-heal|p2a: Milotic|75/100|[from] item: Leftovers
|-heal|p1a: Big Fundamental|100/100|[from] item: Leftovers
|upkeep
|turn|98
|
|t:|1729189775
|switch|p1a: Westbrick|Jolteon, F|24/100 tox
|move|p2a: Milotic|Recover|p2a: Milotic
|-heal|p2a: Milotic|100/100
|
|-heal|p1a: Westbrick|30/100 tox|[from] item: Leftovers
|-damage|p1a: Westbrick|24/100 tox|[from] psn
|upkeep
|turn|99
|
|t:|1729189784
|move|p1a: Westbrick|Baton Pass|p1a: Westbrick
|
|t:|1729189787
|switch|p1a: Big Fundamental|Swampert, F|100/100|[from] Baton Pass
|move|p2a: Milotic|Recover||[still]
|-fail|p2a: Milotic|heal
|
|upkeep
|turn|100
|
|t:|1729189803
|move|p2a: Milotic|Refresh||[still]
|-fail|p2a: Milotic
|move|p1a: Big Fundamental|Surf|p2a: Milotic
|-resisted|p2a: Milotic
|-crit|p2a: Milotic
|-damage|p2a: Milotic|78/100
|
|-heal|p2a: Milotic|85/100|[from] item: Leftovers
|upkeep
|turn|101
|
|t:|1729189811
|move|p2a: Milotic|Refresh||[still]
|-fail|p2a: Milotic
|move|p1a: Big Fundamental|Surf|p2a: Milotic
|-resisted|p2a: Milotic
|-damage|p2a: Milotic|74/100
|
|-heal|p2a: Milotic|80/100|[from] item: Leftovers
|upkeep
|turn|102
|
|t:|1729189820
|move|p2a: Milotic|Refresh||[still]
|-fail|p2a: Milotic
|move|p1a: Big Fundamental|Surf|p2a: Milotic
|-resisted|p2a: Milotic
|-damage|p2a: Milotic|70/100
|
|-heal|p2a: Milotic|76/100|[from] item: Leftovers
|upkeep
|turn|103
|
|t:|1729189828
|move|p2a: Milotic|Recover|p2a: Milotic
|-heal|p2a: Milotic|100/100
|move|p1a: Big Fundamental|Refresh||[still]
|-fail|p1a: Big Fundamental
|
|upkeep
|turn|104
|
|t:|1729189835
|move|p2a: Milotic|Toxic|p1a: Big Fundamental
|-status|p1a: Big Fundamental|tox
|move|p1a: Big Fundamental|Refresh|p1a: Big Fundamental
|-curestatus|p1a: Big Fundamental|tox|[msg]
|
|upkeep
|turn|105
|
|t:|1729189840
|move|p2a: Milotic|Surf|p1a: Big Fundamental
|-damage|p1a: Big Fundamental|80/100
|move|p1a: Big Fundamental|Surf|p2a: Milotic
|-resisted|p2a: Milotic
|-damage|p2a: Milotic|91/100
|
|-heal|p2a: Milotic|97/100|[from] item: Leftovers
|-heal|p1a: Big Fundamental|86/100|[from] item: Leftovers
|upkeep
|turn|106
|
|t:|1729189846
|move|p2a: Milotic|Refresh||[still]
|-fail|p2a: Milotic
|move|p1a: Big Fundamental|Refresh||[still]
|-fail|p1a: Big Fundamental
|
|-heal|p2a: Milotic|100/100|[from] item: Leftovers
|-heal|p1a: Big Fundamental|92/100|[from] item: Leftovers
|upkeep
|turn|107
|
|t:|1729189859
|move|p2a: Milotic|Refresh||[still]
|-fail|p2a: Milotic
|move|p1a: Big Fundamental|Refresh||[still]
|-fail|p1a: Big Fundamental
|
|-heal|p1a: Big Fundamental|98/100|[from] item: Leftovers
|upkeep
|turn|108
|
|t:|1729189872
|move|p2a: Milotic|Refresh||[still]
|-fail|p2a: Milotic
|move|p1a: Big Fundamental|Refresh||[still]
|-fail|p1a: Big Fundamental
|
|-heal|p1a: Big Fundamental|100/100|[from] item: Leftovers
|upkeep
|turn|109
|
|t:|1729189876
|switch|p1a: Westbrick|Jolteon, F|24/100 tox
|move|p2a: Milotic|Refresh||[still]
|-fail|p2a: Milotic
|
|-heal|p1a: Westbrick|30/100 tox|[from] item: Leftovers
|-damage|p1a: Westbrick|24/100 tox|[from] psn
|upkeep
|turn|110
|
|t:|1729189883
|move|p1a: Westbrick|Baton Pass|p1a: Westbrick
|
|t:|1729189885
|switch|p1a: Big Fundamental|Swampert, F|100/100|[from] Baton Pass
|move|p2a: Milotic|Recover||[still]
|-fail|p2a: Milotic|heal
|
|upkeep
|turn|111
|
|t:|1729189891
|switch|p1a: Westbrick|Jolteon, F|24/100 tox
|move|p2a: Milotic|Refresh||[still]
|-fail|p2a: Milotic
|
|-heal|p1a: Westbrick|30/100 tox|[from] item: Leftovers
|-damage|p1a: Westbrick|24/100 tox|[from] psn
|upkeep
|turn|112
|
|t:|1729189896
|move|p1a: Westbrick|Baton Pass|p1a: Westbrick
|
|t:|1729189898
|switch|p1a: Big Fundamental|Swampert, F|100/100|[from] Baton Pass
|move|p2a: Milotic|Surf|p1a: Big Fundamental
|-damage|p1a: Big Fundamental|78/100
|
|-heal|p1a: Big Fundamental|85/100|[from] item: Leftovers
|upkeep
|turn|113
|
|t:|1729189906
|move|p1a: Big Fundamental|Protect|p1a: Big Fundamental
|-singleturn|p1a: Big Fundamental|Protect
|move|p2a: Milotic|Surf|p1a: Big Fundamental
|-activate|p1a: Big Fundamental|Protect
|
|-heal|p1a: Big Fundamental|91/100|[from] item: Leftovers
|upkeep
|turn|114
|
|t:|1729189912
|move|p2a: Milotic|Toxic|p1a: Big Fundamental
|-status|p1a: Big Fundamental|tox
|move|p1a: Big Fundamental|Refresh|p1a: Big Fundamental
|-curestatus|p1a: Big Fundamental|tox|[msg]
|
|-heal|p1a: Big Fundamental|97/100|[from] item: Leftovers
|upkeep
|turn|115
|
|t:|1729189916
|switch|p1a: Westbrick|Jolteon, F|24/100 tox
|move|p2a: Milotic|Refresh||[still]
|-fail|p2a: Milotic
|
|-heal|p1a: Westbrick|30/100 tox|[from] item: Leftovers
|-damage|p1a: Westbrick|24/100 tox|[from] psn
|upkeep
|turn|116
|
|t:|1729189922
|move|p1a: Westbrick|Baton Pass|p1a: Westbrick
|
|t:|1729189924
|switch|p1a: Big Fundamental|Swampert, F|97/100|[from] Baton Pass
|move|p2a: Milotic|Surf|p1a: Big Fundamental
|-damage|p1a: Big Fundamental|76/100
|
|-heal|p1a: Big Fundamental|83/100|[from] item: Leftovers
|upkeep
|turn|117
|
|t:|1729189931
|move|p2a: Milotic|Refresh||[still]
|-fail|p2a: Milotic
|move|p1a: Big Fundamental|Refresh||[still]
|-fail|p1a: Big Fundamental
|
|-heal|p1a: Big Fundamental|89/100|[from] item: Leftovers
|upkeep
|turn|118
|
|t:|1729189941
|move|p2a: Milotic|Refresh||[still]
|-fail|p2a: Milotic
|move|p1a: Big Fundamental|Refresh||[still]
|-fail|p1a: Big Fundamental
|
|-heal|p1a: Big Fundamental|95/100|[from] item: Leftovers
|upkeep
|turn|119
|
|t:|1729189946
|switch|p1a: Westbrick|Jolteon, F|24/100 tox
|move|p2a: Milotic|Refresh||[still]
|-fail|p2a: Milotic
|
|-heal|p1a: Westbrick|30/100 tox|[from] item: Leftovers
|-damage|p1a: Westbrick|24/100 tox|[from] psn
|upkeep
|turn|120
|
|t:|1729189948
|move|p1a: Westbrick|Baton Pass|p1a: Westbrick
|
|t:|1729189950
|switch|p1a: Big Fundamental|Swampert, F|95/100|[from] Baton Pass
|move|p2a: Milotic|Surf|p1a: Big Fundamental
|-damage|p1a: Big Fundamental|75/100
|
|-heal|p1a: Big Fundamental|81/100|[from] item: Leftovers
|upkeep
|turn|121
|
|t:|1729189955
|move|p2a: Milotic|Surf|p1a: Big Fundamental
|-damage|p1a: Big Fundamental|61/100
|move|p1a: Big Fundamental|Refresh||[still]
|-fail|p1a: Big Fundamental
|
|-heal|p1a: Big Fundamental|67/100|[from] item: Leftovers
|upkeep
|turn|122
|
|t:|1729189960
|move|p1a: Big Fundamental|Protect|p1a: Big Fundamental
|-singleturn|p1a: Big Fundamental|Protect
|move|p2a: Milotic|Refresh||[still]
|-fail|p2a: Milotic
|
|-heal|p1a: Big Fundamental|74/100|[from] item: Leftovers
|upkeep
|turn|123
|
|t:|1729189964
|move|p2a: Milotic|Surf|p1a: Big Fundamental
|-damage|p1a: Big Fundamental|50/100
|move|p1a: Big Fundamental|Refresh||[still]
|-fail|p1a: Big Fundamental
|
|-heal|p1a: Big Fundamental|57/100|[from] item: Leftovers
|upkeep
|turn|124
|
|t:|1729189970
|switch|p1a: Westbrick|Jolteon, F|24/100 tox
|move|p2a: Milotic|Surf|p1a: Westbrick
|-damage|p1a: Westbrick|0 fnt
|faint|p1a: Westbrick
|
|t:|1729189978
|switch|p1a: His Airness|Starmie|46/100
|
|-heal|p1a: His Airness|52/100|[from] item: Leftovers
|upkeep
|turn|125
|
|t:|1729189981
|move|p1a: His Airness|Ice Beam|p2a: Milotic
|-resisted|p2a: Milotic
|-damage|p2a: Milotic|92/100
|move|p2a: Milotic|Toxic|p1a: His Airness
|-status|p1a: His Airness|tox
|
|-heal|p1a: His Airness|58/100 tox|[from] item: Leftovers
|-damage|p1a: His Airness|52/100 tox|[from] psn
|-heal|p2a: Milotic|98/100|[from] item: Leftovers
|upkeep
|turn|126
|
|t:|1729190005
|-curestatus|p1a: His Airness|tox|[from] ability: Natural Cure
|switch|p1a: Big Fundamental|Swampert, F|57/100
|switch|p2a: Blissey|Blissey, F|32/100
|-damage|p2a: Blissey|7/100|[from] Spikes
|
|-heal|p2a: Blissey|13/100|[from] item: Leftovers
|-heal|p1a: Big Fundamental|63/100|[from] item: Leftovers
|upkeep
|turn|127
|
|t:|1729190016
|move|p2a: Blissey|Ice Beam|p1a: Big Fundamental
|-damage|p1a: Big Fundamental|47/100
|move|p1a: Big Fundamental|Surf|p2a: Blissey
|-damage|p2a: Blissey|2/100
|
|-heal|p2a: Blissey|8/100|[from] item: Leftovers
|-heal|p1a: Big Fundamental|53/100|[from] item: Leftovers
|upkeep
|turn|128
|
|t:|1729190024
|move|p2a: Blissey|Ice Beam|p1a: Big Fundamental
|-damage|p1a: Big Fundamental|37/100
|move|p1a: Big Fundamental|Earthquake|p2a: Blissey
|-damage|p2a: Blissey|0 fnt
|faint|p2a: Blissey
|
|t:|1729190032
|switch|p2a: Milotic|Milotic, M, shiny|98/100
|-damage|p2a: Milotic|73/100|[from] Spikes
|
|-heal|p2a: Milotic|79/100|[from] item: Leftovers
|-heal|p1a: Big Fundamental|44/100|[from] item: Leftovers
|upkeep
|turn|129
|
|t:|1729190038
|move|p2a: Milotic|Toxic|p1a: Big Fundamental
|-status|p1a: Big Fundamental|tox
|move|p1a: Big Fundamental|Refresh|p1a: Big Fundamental
|-curestatus|p1a: Big Fundamental|tox|[msg]
|
|-heal|p2a: Milotic|85/100|[from] item: Leftovers
|-heal|p1a: Big Fundamental|50/100|[from] item: Leftovers
|upkeep
|turn|130
|
|t:|1729190048
|move|p1a: Big Fundamental|Protect|p1a: Big Fundamental
|-singleturn|p1a: Big Fundamental|Protect
|move|p2a: Milotic|Refresh||[still]
|-fail|p2a: Milotic
|
|-heal|p2a: Milotic|91/100|[from] item: Leftovers
|-heal|p1a: Big Fundamental|56/100|[from] item: Leftovers
|upkeep
|turn|131
|
|t:|1729190053
|move|p2a: Milotic|Refresh||[still]
|-fail|p2a: Milotic
|move|p1a: Big Fundamental|Refresh||[still]
|-fail|p1a: Big Fundamental
|
|-heal|p2a: Milotic|97/100|[from] item: Leftovers
|-heal|p1a: Big Fundamental|62/100|[from] item: Leftovers
|upkeep
|turn|132
|
|t:|1729190059
|switch|p1a: His Airness|Starmie|52/100
|move|p2a: Milotic|Refresh||[still]
|-fail|p2a: Milotic
|
|-heal|p1a: His Airness|58/100|[from] item: Leftovers
|-heal|p2a: Milotic|100/100|[from] item: Leftovers
|upkeep
|turn|133
|
|t:|1729190062
|move|p1a: His Airness|Ice Beam|p2a: Milotic
|-resisted|p2a: Milotic
|-damage|p2a: Milotic|92/100
|move|p2a: Milotic|Toxic|p1a: His Airness
|-status|p1a: His Airness|tox
|
|-heal|p1a: His Airness|64/100 tox|[from] item: Leftovers
|-damage|p1a: His Airness|58/100 tox|[from] psn
|-heal|p2a: Milotic|98/100|[from] item: Leftovers
|upkeep
|turn|134
|
|t:|1729190072
|-curestatus|p1a: His Airness|tox|[from] ability: Natural Cure
|switch|p1a: Big Fundamental|Swampert, F|62/100
|switch|p2a: Flygon|Flygon, F, shiny|82/100
|
|-heal|p2a: Flygon|88/100|[from] item: Leftovers
|-heal|p1a: Big Fundamental|68/100|[from] item: Leftovers
|upkeep
|turn|135
|
|t:|1729190085
|move|p2a: Flygon|Fire Blast|p1a: Big Fundamental
|-resisted|p1a: Big Fundamental
|-damage|p1a: Big Fundamental|61/100
|-status|p1a: Big Fundamental|brn
|move|p1a: Big Fundamental|Surf|p2a: Flygon
|-damage|p2a: Flygon|58/100
|
|-heal|p2a: Flygon|64/100|[from] item: Leftovers
|-heal|p1a: Big Fundamental|68/100 brn|[from] item: Leftovers
|-damage|p1a: Big Fundamental|55/100 brn|[from] brn
|upkeep
|turn|136
|
|t:|1729190094
|move|p2a: Flygon|Protect|p2a: Flygon
|-singleturn|p2a: Flygon|Protect
|move|p1a: Big Fundamental|Refresh|p1a: Big Fundamental
|-curestatus|p1a: Big Fundamental|brn|[msg]
|
|-heal|p2a: Flygon|70/100|[from] item: Leftovers
|-heal|p1a: Big Fundamental|61/100|[from] item: Leftovers
|upkeep
|turn|137
|
|t:|1729190100
|move|p2a: Flygon|Toxic|p1a: Big Fundamental
|-status|p1a: Big Fundamental|tox
|move|p1a: Big Fundamental|Surf|p2a: Flygon
|-damage|p2a: Flygon|41/100
|
|-heal|p2a: Flygon|47/100|[from] item: Leftovers
|-heal|p1a: Big Fundamental|68/100 tox|[from] item: Leftovers
|-damage|p1a: Big Fundamental|61/100 tox|[from] psn
|upkeep
|turn|138
|
|t:|1729190107
|switch|p1a: His Airness|Starmie|58/100
|move|p2a: Flygon|Earthquake|p1a: His Airness
|-damage|p1a: His Airness|3/100
|
|-heal|p1a: His Airness|9/100|[from] item: Leftovers
|-heal|p2a: Flygon|53/100|[from] item: Leftovers
|upkeep
|turn|139
|
|t:|1729190120
|move|p1a: His Airness|Ice Beam|p2a: Flygon
|-supereffective|p2a: Flygon
|-crit|p2a: Flygon
|-damage|p2a: Flygon|0 fnt
|faint|p2a: Flygon
|
|t:|1729190128
|switch|p2a: Skarmory|Skarmory, M|46/100
|
|-heal|p1a: His Airness|15/100|[from] item: Leftovers
|-heal|p2a: Skarmory|52/100|[from] item: Leftovers
|upkeep
|turn|140
|
|t:|1729190133
|move|p1a: His Airness|Hydro Pump|p2a: Skarmory|[miss]
|-miss|p1a: His Airness|p2a: Skarmory
|move|p2a: Skarmory|Toxic|p1a: His Airness
|-status|p1a: His Airness|tox
|
|-heal|p1a: His Airness|21/100 tox|[from] item: Leftovers
|-damage|p1a: His Airness|15/100 tox|[from] psn
|-heal|p2a: Skarmory|58/100|[from] item: Leftovers
|upkeep
|turn|141
|
|t:|1729190137
|-curestatus|p1a: His Airness|tox|[from] ability: Natural Cure
|switch|p1a: Big Fundamental|Swampert, F|61/100 tox
|move|p2a: Skarmory|Spikes|p1a: Big Fundamental
|-sidestart|p1: Whiscash Cuajao|Spikes
|
|-heal|p2a: Skarmory|64/100|[from] item: Leftovers
|-heal|p1a: Big Fundamental|68/100 tox|[from] item: Leftovers
|-damage|p1a: Big Fundamental|61/100 tox|[from] psn
|upkeep
|turn|142
|
|t:|1729190146
|move|p2a: Skarmory|Protect|p2a: Skarmory
|-singleturn|p2a: Skarmory|Protect
|move|p1a: Big Fundamental|Refresh|p1a: Big Fundamental
|-curestatus|p1a: Big Fundamental|tox|[msg]
|
|-heal|p2a: Skarmory|70/100|[from] item: Leftovers
|-heal|p1a: Big Fundamental|68/100|[from] item: Leftovers
|upkeep
|turn|143
|
|t:|1729190151
|switch|p1a: His Airness|Starmie|15/100
|-damage|p1a: His Airness|3/100|[from] Spikes
|move|p2a: Skarmory|Spikes|p1a: His Airness
|-sidestart|p1: Whiscash Cuajao|Spikes
|
|-heal|p1a: His Airness|9/100|[from] item: Leftovers
|-heal|p2a: Skarmory|76/100|[from] item: Leftovers
|upkeep
|turn|144
|
|t:|1729190158
|move|p1a: His Airness|Rapid Spin|p2a: Skarmory
|-resisted|p2a: Skarmory
|-damage|p2a: Skarmory|75/100
|-sideend|p1: Whiscash Cuajao|Spikes|[from] move: Rapid Spin|[of] p1a: His Airness
|move|p2a: Skarmory|Toxic|p1a: His Airness
|-status|p1a: His Airness|tox
|
|-heal|p1a: His Airness|15/100 tox|[from] item: Leftovers
|-damage|p1a: His Airness|9/100 tox|[from] psn
|-heal|p2a: Skarmory|81/100|[from] item: Leftovers
|upkeep
|turn|145
|
|t:|1729190163
|move|p1a: His Airness|Hydro Pump|p2a: Skarmory
|-damage|p2a: Skarmory|30/100
|move|p2a: Skarmory|Spikes|p1a: His Airness
|-sidestart|p1: Whiscash Cuajao|Spikes
|
|-heal|p1a: His Airness|15/100 tox|[from] item: Leftovers
|-damage|p1a: His Airness|3/100 tox|[from] psn
|-heal|p2a: Skarmory|36/100|[from] item: Leftovers
|upkeep
|turn|146
|
|t:|1729190179
|move|p1a: His Airness|Rapid Spin|p2a: Skarmory
|-resisted|p2a: Skarmory
|-damage|p2a: Skarmory|35/100
|-sideend|p1: Whiscash Cuajao|Spikes|[from] move: Rapid Spin|[of] p1a: His Airness
|move|p2a: Skarmory|Spikes|p1a: His Airness
|-sidestart|p1: Whiscash Cuajao|Spikes
|
|-heal|p1a: His Airness|9/100 tox|[from] item: Leftovers
|-damage|p1a: His Airness|0 fnt|[from] psn
|faint|p1a: His Airness
|-heal|p2a: Skarmory|41/100|[from] item: Leftovers
|upkeep
|
|t:|1729190185
|switch|p1a: Big Fundamental|Swampert, F|68/100
|-damage|p1a: Big Fundamental|55/100|[from] Spikes
|turn|147
|
|t:|1729190194
|move|p2a: Skarmory|Protect|p2a: Skarmory
|-singleturn|p2a: Skarmory|Protect
|move|p1a: Big Fundamental|Surf|p2a: Skarmory
|-activate|p2a: Skarmory|Protect
|
|-heal|p2a: Skarmory|47/100|[from] item: Leftovers
|-heal|p1a: Big Fundamental|61/100|[from] item: Leftovers
|upkeep
|turn|148
|
|t:|1729190199
|move|p2a: Skarmory|Toxic|p1a: Big Fundamental
|-status|p1a: Big Fundamental|tox
|move|p1a: Big Fundamental|Refresh|p1a: Big Fundamental
|-curestatus|p1a: Big Fundamental|tox|[msg]
|
|-heal|p2a: Skarmory|53/100|[from] item: Leftovers
|-heal|p1a: Big Fundamental|68/100|[from] item: Leftovers
|upkeep
|turn|149
|
|t:|1729190207
|move|p2a: Skarmory|Protect|p2a: Skarmory
|-singleturn|p2a: Skarmory|Protect
|move|p1a: Big Fundamental|Refresh||[still]
|-fail|p1a: Big Fundamental
|
|-heal|p2a: Skarmory|59/100|[from] item: Leftovers
|-heal|p1a: Big Fundamental|74/100|[from] item: Leftovers
|upkeep
|turn|150
|
|t:|1729190215
|move|p2a: Skarmory|Toxic|p1a: Big Fundamental
|-status|p1a: Big Fundamental|tox
|move|p1a: Big Fundamental|Refresh|p1a: Big Fundamental
|-curestatus|p1a: Big Fundamental|tox|[msg]
|
|-heal|p2a: Skarmory|65/100|[from] item: Leftovers
|-heal|p1a: Big Fundamental|80/100|[from] item: Leftovers
|upkeep
|turn|151
|
|t:|1729190224
|move|p2a: Skarmory|Spikes|p1a: Big Fundamental
|-sidestart|p1: Whiscash Cuajao|Spikes
|move|p1a: Big Fundamental|Refresh||[still]
|-fail|p1a: Big Fundamental
|
|-heal|p2a: Skarmory|71/100|[from] item: Leftovers
|-heal|p1a: Big Fundamental|86/100|[from] item: Leftovers
|upkeep
|turn|152
|
|t:|1729190231
|move|p2a: Skarmory|Spikes|p1a: Big Fundamental
|-sidestart|p1: Whiscash Cuajao|Spikes
|move|p1a: Big Fundamental|Refresh||[still]
|-fail|p1a: Big Fundamental
|
|-heal|p2a: Skarmory|77/100|[from] item: Leftovers
|-heal|p1a: Big Fundamental|92/100|[from] item: Leftovers
|upkeep
|turn|153
|
|t:|1729190240
|move|p1a: Big Fundamental|Protect|p1a: Big Fundamental
|-singleturn|p1a: Big Fundamental|Protect
|move|p2a: Skarmory|Toxic|p1a: Big Fundamental
|-activate|p1a: Big Fundamental|Protect
|
|-heal|p2a: Skarmory|83/100|[from] item: Leftovers
|-heal|p1a: Big Fundamental|99/100|[from] item: Leftovers
|upkeep
|turn|154
|
|t:|1729190243
|move|p1a: Big Fundamental|Protect|p1a: Big Fundamental
|-singleturn|p1a: Big Fundamental|Protect
|move|p2a: Skarmory|Toxic|p1a: Big Fundamental
|-activate|p1a: Big Fundamental|Protect
|
|-heal|p2a: Skarmory|89/100|[from] item: Leftovers
|-heal|p1a: Big Fundamental|100/100|[from] item: Leftovers
|upkeep
|turn|155
|
|t:|1729190248
|move|p2a: Skarmory|Protect|p2a: Skarmory
|-singleturn|p2a: Skarmory|Protect
|move|p1a: Big Fundamental|Refresh||[still]
|-fail|p1a: Big Fundamental
|
|-heal|p2a: Skarmory|95/100|[from] item: Leftovers
|upkeep
|turn|156
|
|t:|1729190252
|move|p2a: Skarmory|Protect|p2a: Skarmory
|-singleturn|p2a: Skarmory|Protect
|move|p1a: Big Fundamental|Protect||[still]
|-fail|p1a: Big Fundamental
|
|-heal|p2a: Skarmory|100/100|[from] item: Leftovers
|upkeep
|turn|157
|
|t:|1729190256
|move|p2a: Skarmory|Protect||[still]
|-fail|p2a: Skarmory
|move|p1a: Big Fundamental|Refresh||[still]
|-fail|p1a: Big Fundamental
|
|upkeep
|turn|158
|
|t:|1729190258
|move|p1a: Big Fundamental|Protect|p1a: Big Fundamental
|-singleturn|p1a: Big Fundamental|Protect
|move|p2a: Skarmory|Spikes||[still]
|-fail|p2a: Skarmory
|
|upkeep
|turn|159
|
|t:|1729190261
|move|p2a: Skarmory|Spikes||[still]
|-fail|p2a: Skarmory
|move|p1a: Big Fundamental|Refresh||[still]
|-fail|p1a: Big Fundamental
|
|upkeep
|turn|160
|
|t:|1729190263
|move|p1a: Big Fundamental|Protect|p1a: Big Fundamental
|-singleturn|p1a: Big Fundamental|Protect
|move|p2a: Skarmory|Toxic|p1a: Big Fundamental|[miss]
|-miss|p2a: Skarmory|p1a: Big Fundamental
|
|upkeep
|turn|161
|
|t:|1729190268
|move|p2a: Skarmory|Toxic|p1a: Big Fundamental|[miss]
|-miss|p2a: Skarmory|p1a: Big Fundamental
|move|p1a: Big Fundamental|Refresh||[still]
|-fail|p1a: Big Fundamental
|
|upkeep
|turn|162
|
|t:|1729190279
|move|p2a: Skarmory|Toxic|p1a: Big Fundamental
|-status|p1a: Big Fundamental|tox
|move|p1a: Big Fundamental|Struggle|p2a: Skarmory
|-damage|p2a: Skarmory|91/100
|-damage|p1a: Big Fundamental|99/100 tox|[from] Recoil|[of] p2a: Skarmory
|
|-heal|p2a: Skarmory|97/100|[from] item: Leftovers
|-heal|p1a: Big Fundamental|100/100 tox|[from] item: Leftovers
|-damage|p1a: Big Fundamental|94/100 tox|[from] psn
|upkeep
|turn|163
|
|t:|1729190284
|move|p2a: Skarmory|Protect|p2a: Skarmory
|-singleturn|p2a: Skarmory|Protect
|move|p1a: Big Fundamental|Struggle|p2a: Skarmory
|-activate|p2a: Skarmory|Protect
|
|-heal|p2a: Skarmory|100/100|[from] item: Leftovers
|-heal|p1a: Big Fundamental|100/100 tox|[from] item: Leftovers
|-damage|p1a: Big Fundamental|88/100 tox|[from] psn
|upkeep
|turn|164
|
|t:|1729190291
|switch|p2a: Milotic|Milotic, M, shiny|98/100
|-damage|p2a: Milotic|73/100|[from] Spikes
|move|p1a: Big Fundamental|Struggle|p2a: Milotic
|-damage|p2a: Milotic|63/100
|-damage|p1a: Big Fundamental|86/100 tox|[from] Recoil|[of] p2a: Milotic
|
|-heal|p2a: Milotic|69/100|[from] item: Leftovers
|-heal|p1a: Big Fundamental|92/100 tox|[from] item: Leftovers
|-damage|p1a: Big Fundamental|74/100 tox|[from] psn
|upkeep
|turn|165
|
|t:|1729190298
|move|p2a: Milotic|Surf|p1a: Big Fundamental
|-damage|p1a: Big Fundamental|50/100 tox
|move|p1a: Big Fundamental|Struggle|p2a: Milotic
|-crit|p2a: Milotic
|-damage|p2a: Milotic|51/100
|-damage|p1a: Big Fundamental|46/100 tox|[from] Recoil|[of] p2a: Milotic
|
|-heal|p2a: Milotic|57/100|[from] item: Leftovers
|-heal|p1a: Big Fundamental|52/100 tox|[from] item: Leftovers
|-damage|p1a: Big Fundamental|27/100 tox|[from] psn
|upkeep
|turn|166
|
|t:|1729190304
|move|p2a: Milotic|Surf|p1a: Big Fundamental
|-damage|p1a: Big Fundamental|5/100 tox
|move|p1a: Big Fundamental|Struggle|p2a: Milotic
|-damage|p2a: Milotic|47/100
|-damage|p1a: Big Fundamental|2/100 tox|[from] Recoil|[of] p2a: Milotic
|
|-heal|p2a: Milotic|54/100|[from] item: Leftovers
|-heal|p1a: Big Fundamental|9/100 tox|[from] item: Leftovers
|-damage|p1a: Big Fundamental|0 fnt|[from] psn
|faint|p1a: Big Fundamental
|
|win|lucyisafish
|upkeep

</script>
<script type="application/json" class="data" id="replaydata-smogtours-gen3ou-799307">
{"id":"smogtours-gen3ou-799307","format":"[Gen 3] OU","players":["Whiscash Cuajao","lucyisafish"],"uploadtime":1729190304,"views":121,"formatid":"gen3ou","rating":null,"private":0,"password":null}
</script>

<script defer src="js/replays.js?9d40a366"></script>
