<!DOCTYPE html>
<meta charset="utf-8" />
<meta name="viewport" content="width=device-width" />

<title>[Gen 3] OU: Glick666 vs. RevivalTyp - Replays - Pok&eacute;mon Showdown!</title>

<meta name="description" content="Watch a replay of a Pok&eacute;mon battle between Glick666 and RevivalTyp! Format: [Gen 3] OU; Date: Oct 23, 2024" />
<!--

Hey, you! Looking in the source for the replay log?

You can find them in JSON format, just add `.json` at the end of a replay URL.

https://replay.pokemonshowdown.com/gen7randomdoublesbattle-865046831.json

Or, if you only need the log itself, add `.log` instead:

https://replay.pokemonshowdown.com/gen7randomdoublesbattle-865046831.log

-->

<link rel="stylesheet" href="//pokemonshowdown.com/style/global.css?0.023195364461161105" />
<link rel="stylesheet" href="//play.pokemonshowdown.com/style/font-awesome.css?0.13261647063804238" />
<link rel="stylesheet" href="//play.pokemonshowdown.com/style/battle.css?0.8753245789963631" />
<link rel="stylesheet" href="//play.pokemonshowdown.com/style/utilichart.css?0.8627959624976733" />

<!-- Global site tag (gtag.js) - Google Analytics -->
<script async src="https://www.googletagmanager.com/gtag/js?id=UA-26211653-1"></script>
<script>
  window.dataLayer = window.dataLayer || [];
  function gtag(){dataLayer.push(arguments);}
  gtag('js', new Date());

  gtag('config', 'UA-26211653-1');
</script>
<!-- End Google Analytics -->
<!-- Venatus Ad Manager - Install in <HEAD> of page -->
	<script src="https://hb.vntsm.com/v3/live/ad-manager.min.js" type="text/javascript" data-site-id="642aba63ec9a7b11c3c9c1be" data-mode="scan" async></script>
<!-- / Venatus Ad Manager -->

<style>
	@media (max-width:820px) {
		.battle {
			margin: 0 auto;
		}
		.battle-log {
			margin: 7px auto 0;
			max-width: 640px;
			height: 300px;
			position: static;
		}
	}
	.optgroup {
		display: inline-block;
		line-height: 22px;
		font-size: 10pt;
	}
	.optgroup .button {
		height: 25px;
		padding-top: 0;
		padding-bottom: 0;
	}
	.optgroup button.button {
		padding-left: 12px;
		padding-right: 12px;
	}
	.linklist {
		list-style: none;
		margin: 0.5em 0;
		padding: 0;
	}
	.linklist li {
		padding: 2px 0;
	}
	.sidebar {
		float: left;
		width: 320px;
	}
	.bar-wrapper {
		max-width: 1100px;
		margin: 0 auto;
	}
	.bar-wrapper.has-sidebar {
		max-width: 1430px;
	}
	.mainbar {
		margin: 0;
		padding-right: 1px;
	}
	.mainbar.has-sidebar {
		margin-left: 330px;
	}
	@media (min-width: 1511px) {
		.sidebar {
			width: 400px;
		}
		.bar-wrapper.has-sidebar {
			max-width: 1510px;
		}
		.mainbar.has-sidebar {
			margin-left: 410px;
		}
	}
	.section.first-section {
		margin-top: 9px;
	}
	.blocklink small {
		white-space: normal;
	}
	.button {
		vertical-align: middle;
	}
	.replay-controls {
		padding-top: 10px;
	}
	.replay-controls h1 {
		font-size: 16pt;
		font-weight: normal;
		color: #CCC;
	}
	.pagelink {
		text-align: center;
	}
	.pagelink a {
		width: 150px;
	}
	.textbox, .button {
		font-size: 11pt;
		vertical-align: middle;
	}
	@media (max-width: 450px) {
		.button {
			font-size: 9pt;
		}
	}
</style>

<div>

	<header>
		<div class="nav-wrapper"><ul class="nav">
			<li><a class="button nav-first" href="//pokemonshowdown.com/"><img src="//pokemonshowdown.com/images/pokemonshowdownbeta.png" srcset="//pokemonshowdown.com/images/pokemonshowdownbeta.png 1x, //pokemonshowdown.com/images/pokemonshowdownbeta@2x.png 2x" alt="Pok&eacute;mon Showdown" width="146" height="44" /> Home</a></li>
			<li><a class="button" href="//pokemonshowdown.com/dex/">Pok&eacute;dex</a></li>
			<li><a class="button cur" href="/">Replays</a></li>
			<li><a class="button" href="//pokemonshowdown.com/ladder/">Ladder</a></li>
			<li><a class="button nav-last" href="//pokemonshowdown.com/forums/">Forum</a></li>
			<li><a class="button greenbutton nav-first nav-last" href="//play.pokemonshowdown.com/">Play</a></li>
		</ul></div>
	</header>

	<div class="main" id="main">

		<noscript><section class="section">You need to enable JavaScript to use this page; sorry!</section></noscript>

	</div>

</div>

<script defer nomodule src="//play.pokemonshowdown.com/js/lib/ps-polyfill.js"></script>
<script defer src="//play.pokemonshowdown.com/js/lib/preact.min.js"></script>

<script defer src="//play.pokemonshowdown.com/config/config.js?2bddbc15"></script>
<script defer src="//play.pokemonshowdown.com/js/lib/jquery-1.11.0.min.js"></script>
<script defer src="//play.pokemonshowdown.com/js/lib/html-sanitizer-minified.js"></script>
<script defer src="//play.pokemonshowdown.com/js/battle-sound.js"></script>
<script defer src="//play.pokemonshowdown.com/js/battledata.js?0.7209276989879541"></script>
<script defer src="//play.pokemonshowdown.com/data/pokedex-mini.js?0.6111056340867951"></script>
<script defer src="//play.pokemonshowdown.com/data/pokedex-mini-bw.js?0.3532142036491459"></script>
<script defer src="//play.pokemonshowdown.com/data/graphics.js?0.24223875632456182"></script>
<script defer src="//play.pokemonshowdown.com/data/pokedex.js?0.38839984266356864"></script>
<script defer src="//play.pokemonshowdown.com/data/moves.js?0.21866028504024015"></script>
<script defer src="//play.pokemonshowdown.com/data/abilities.js?0.2005157953846628"></script>
<script defer src="//play.pokemonshowdown.com/data/items.js?0.9894211263848525"></script>
<script defer src="//play.pokemonshowdown.com/data/teambuilder-tables.js?0.6008791140282215"></script>
<script defer src="//play.pokemonshowdown.com/js/battle-tooltips.js?0.7580118955022959"></script>
<script defer src="//play.pokemonshowdown.com/js/battle.js?0.6057722274234274"></script>

<script defer src="js/utils.js?e31f9a17"></script>
<script defer src="js/replays-battle.js?7008c182"></script>

<!-- don't scrape this data! just add .json or .log after the URL!
Full API docs: https://github.com/smogon/pokemon-showdown-client/blob/master/WEB-API.md -->
<script type="text/plain" class="log" id="replaylog-smogtours-gen3ou-801365">
|inactive|Battle timer is ON: inactive players will automatically lose when time's up.
|t:|1729688474
|gametype|singles
|player|p1|Glick666|swimmer-gen4dp|
|player|p2|RevivalTyp|266|
|teamsize|p1|6
|teamsize|p2|6
|gen|3
|tier|[Gen 3] OU
|rule|Sleep Clause Mod: Limit one foe put to sleep
|rule|Switch Priority Clause Mod: Faster Pokémon switch first
|rule|Species Clause: Limit one of each Pokémon
|rule|OHKO Clause: OHKO moves are banned
|rule|Evasion Items Clause: Evasion items are banned
|rule|Evasion Moves Clause: Evasion moves are banned
|rule|Endless Battle Clause: Forcing endless battles is banned
|rule|HP Percentage Mod: HP is shown in percentages
|rule|One Boost Passer Clause: Limit one Baton Passer that has a way to boost its stats
|rule|Freeze Clause Mod: Limit one foe frozen
|
|t:|1729688474
|start
|switch|p1a: Tyranitar|Tyranitar, F|100/100
|switch|p2a: Scizor|Scizor, F|100/100
|-weather|Sandstorm|[from] ability: Sand Stream|[of] p1a: Tyranitar
|turn|1
|
|t:|1729688493
|switch|p1a: Skarmory|Skarmory, M|100/100
|move|p2a: Scizor|Hidden Power|p1a: Skarmory
|-damage|p1a: Skarmory|85/100
|
|-weather|Sandstorm|[upkeep]
|-heal|p1a: Skarmory|91/100|[from] item: Leftovers
|upkeep
|turn|2
|
|t:|1729688513
|switch|p2a: Camerupt|Camerupt, F|100/100
|move|p1a: Skarmory|Spikes|p2a: Camerupt
|-sidestart|p2: RevivalTyp|Spikes
|
|-weather|Sandstorm|[upkeep]
|-heal|p1a: Skarmory|97/100|[from] item: Leftovers
|upkeep
|turn|3
|
|t:|1729688525
|move|p1a: Skarmory|Protect|p1a: Skarmory
|-singleturn|p1a: Skarmory|Protect
|move|p2a: Camerupt|Eruption|p1a: Skarmory
|-activate|p1a: Skarmory|Protect
|
|-weather|Sandstorm|[upkeep]
|-heal|p1a: Skarmory|100/100|[from] item: Leftovers
|upkeep
|turn|4
|
|t:|1729688536
|switch|p1a: Swampert|Swampert, M|100/100
|move|p2a: Camerupt|Eruption|p1a: Swampert
|-resisted|p1a: Swampert
|-crit|p1a: Swampert
|-damage|p1a: Swampert|32/100
|
|-weather|Sandstorm|[upkeep]
|-heal|p1a: Swampert|38/100|[from] item: Leftovers
|upkeep
|turn|5
|
|t:|1729688546
|move|p1a: Swampert|Protect|p1a: Swampert
|-singleturn|p1a: Swampert|Protect
|move|p2a: Camerupt|Hidden Power|p1a: Swampert
|-activate|p1a: Swampert|Protect
|
|-weather|Sandstorm|[upkeep]
|-heal|p1a: Swampert|45/100|[from] item: Leftovers
|upkeep
|turn|6
|
|t:|1729688573
|switch|p1a: Tyranitar|Tyranitar, F|100/100
|move|p2a: Camerupt|Hidden Power|p1a: Tyranitar
|-supereffective|p1a: Tyranitar
|-damage|p1a: Tyranitar|63/100
|
|-weather|Sandstorm|[upkeep]
|-heal|p1a: Tyranitar|69/100|[from] item: Leftovers
|upkeep
|turn|7
|
|t:|1729688587
|switch|p2a: Scizor|Scizor, F|100/100
|-damage|p2a: Scizor|88/100|[from] Spikes
|move|p1a: Tyranitar|Earthquake|p2a: Scizor
|-damage|p2a: Scizor|60/100
|
|-weather|Sandstorm|[upkeep]
|-heal|p1a: Tyranitar|75/100|[from] item: Leftovers
|-heal|p2a: Scizor|66/100|[from] item: Leftovers
|upkeep
|turn|8
|
|t:|1729688599
|switch|p1a: Skarmory|Skarmory, M|100/100
|move|p2a: Scizor|Baton Pass|p2a: Scizor
|
|t:|1729688603
|switch|p2a: Camerupt|Camerupt, F|100/100|[from] Baton Pass
|-damage|p2a: Camerupt|88/100|[from] Spikes
|
|-weather|Sandstorm|[upkeep]
|upkeep
|turn|9
|
|t:|1729688610
|move|p1a: Skarmory|Protect|p1a: Skarmory
|-singleturn|p1a: Skarmory|Protect
|move|p2a: Camerupt|Eruption|p1a: Skarmory
|-activate|p1a: Skarmory|Protect
|
|-weather|Sandstorm|[upkeep]
|upkeep
|turn|10
|
|t:|1729688626
|switch|p1a: Tyranitar|Tyranitar, F|75/100
|move|p2a: Camerupt|Hidden Power|p1a: Tyranitar
|-supereffective|p1a: Tyranitar
|-damage|p1a: Tyranitar|33/100
|
|-weather|Sandstorm|[upkeep]
|-heal|p1a: Tyranitar|39/100|[from] item: Leftovers
|upkeep
|turn|11
|
|t:|1729688650
|switch|p2a: Zapdos|Zapdos|100/100
|move|p1a: Tyranitar|Earthquake|p2a: Zapdos
|-immune|p2a: Zapdos
|
|-weather|Sandstorm|[upkeep]
|-damage|p2a: Zapdos|94/100|[from] Sandstorm
|-heal|p2a: Zapdos|100/100|[from] item: Leftovers
|-heal|p1a: Tyranitar|45/100|[from] item: Leftovers
|upkeep
|turn|12
|
|t:|1729688666
|switch|p1a: Swampert|Swampert, M|45/100
|move|p2a: Zapdos|Hidden Power|p1a: Swampert
|-supereffective|p1a: Swampert
|-damage|p1a: Swampert|0 fnt
|faint|p1a: Swampert
|
|t:|1729688677
|switch|p1a: Aerodactyl|Aerodactyl, F|100/100
|
|-weather|Sandstorm|[upkeep]
|-damage|p2a: Zapdos|94/100|[from] Sandstorm
|-heal|p2a: Zapdos|100/100|[from] item: Leftovers
|upkeep
|turn|13
|
|t:|1729688694
|switch|p2a: Marowak|Marowak, F|100/100
|-damage|p2a: Marowak|88/100|[from] Spikes
|move|p1a: Aerodactyl|Rock Slide|p2a: Marowak
|-resisted|p2a: Marowak
|-damage|p2a: Marowak|58/100
|
|-weather|Sandstorm|[upkeep]
|upkeep
|turn|14
|
|t:|1729688705
|switch|p1a: Skarmory|Skarmory, M|100/100
|move|p2a: Marowak|Rock Slide|p1a: Skarmory
|-damage|p1a: Skarmory|73/100
|
|-weather|Sandstorm|[upkeep]
|-heal|p1a: Skarmory|79/100|[from] item: Leftovers
|upkeep
|turn|15
|inactive|RevivalTyp has 270 seconds left.
|
|t:|1729688726
|switch|p2a: Zapdos|Zapdos|100/100
|move|p1a: Skarmory|Drill Peck|p2a: Zapdos
|-resisted|p2a: Zapdos
|-damage|p2a: Zapdos|86/100
|
|-weather|Sandstorm|[upkeep]
|-damage|p2a: Zapdos|80/100|[from] Sandstorm
|-heal|p2a: Zapdos|86/100|[from] item: Leftovers
|-heal|p1a: Skarmory|85/100|[from] item: Leftovers
|upkeep
|turn|16
|
|t:|1729688737
|move|p1a: Skarmory|Protect|p1a: Skarmory
|-singleturn|p1a: Skarmory|Protect
|move|p2a: Zapdos|Agility|p2a: Zapdos
|-boost|p2a: Zapdos|spe|2
|
|-weather|Sandstorm|[upkeep]
|-damage|p2a: Zapdos|80/100|[from] Sandstorm
|-heal|p2a: Zapdos|86/100|[from] item: Leftovers
|-heal|p1a: Skarmory|91/100|[from] item: Leftovers
|upkeep
|turn|17
|
|t:|1729688747
|move|p2a: Zapdos|Thunderbolt|p1a: Skarmory
|-supereffective|p1a: Skarmory
|-damage|p1a: Skarmory|0 fnt
|faint|p1a: Skarmory
|
|t:|1729688754
|switch|p1a: Zapdos|Zapdos|100/100
|
|-weather|Sandstorm|[upkeep]
|-damage|p2a: Zapdos|80/100|[from] Sandstorm
|-damage|p1a: Zapdos|94/100|[from] Sandstorm
|-heal|p2a: Zapdos|86/100|[from] item: Leftovers
|-heal|p1a: Zapdos|100/100|[from] item: Leftovers
|upkeep
|turn|18
|
|t:|1729688763
|move|p2a: Zapdos|Baton Pass|p2a: Zapdos
|
|t:|1729688765
|switch|p2a: Marowak|Marowak, F|58/100|[from] Baton Pass
|-damage|p2a: Marowak|46/100|[from] Spikes
|move|p1a: Zapdos|Hidden Power|p2a: Marowak
|-supereffective|p2a: Marowak
|-damage|p2a: Marowak|0 fnt
|faint|p2a: Marowak
|
|t:|1729688778
|switch|p2a: Scizor|Scizor, F|66/100
|-damage|p2a: Scizor|54/100|[from] Spikes
|
|-weather|Sandstorm|[upkeep]
|-damage|p1a: Zapdos|94/100|[from] Sandstorm
|-heal|p1a: Zapdos|100/100|[from] item: Leftovers
|-heal|p2a: Scizor|60/100|[from] item: Leftovers
|upkeep
|turn|19
|
|t:|1729688794
|move|p2a: Scizor|Protect|p2a: Scizor
|-singleturn|p2a: Scizor|Protect
|move|p1a: Zapdos|Thunderbolt|p2a: Scizor
|-activate|p2a: Scizor|Protect
|
|-weather|Sandstorm|[upkeep]
|-damage|p1a: Zapdos|94/100|[from] Sandstorm
|-heal|p1a: Zapdos|100/100|[from] item: Leftovers
|-heal|p2a: Scizor|66/100|[from] item: Leftovers
|upkeep
|turn|20
|
|t:|1729688808
|move|p1a: Zapdos|Thunderbolt|p2a: Scizor
|-damage|p2a: Scizor|24/100
|move|p2a: Scizor|Baton Pass|p2a: Scizor
|
|t:|1729688817
|switch|p2a: Camerupt|Camerupt, F|88/100|[from] Baton Pass
|-damage|p2a: Camerupt|76/100|[from] Spikes
|
|-weather|Sandstorm|[upkeep]
|-damage|p1a: Zapdos|94/100|[from] Sandstorm
|-heal|p1a: Zapdos|100/100|[from] item: Leftovers
|upkeep
|turn|21
|
|t:|1729688827
|move|p1a: Zapdos|Protect|p1a: Zapdos
|-singleturn|p1a: Zapdos|Protect
|move|p2a: Camerupt|Fire Blast|p1a: Zapdos
|-activate|p1a: Zapdos|Protect
|
|-weather|Sandstorm|[upkeep]
|-damage|p1a: Zapdos|94/100|[from] Sandstorm
|-heal|p1a: Zapdos|100/100|[from] item: Leftovers
|upkeep
|turn|22
|
|t:|1729688840
|move|p1a: Zapdos|Toxic|p2a: Camerupt
|-status|p2a: Camerupt|tox
|move|p2a: Camerupt|Fire Blast|p1a: Zapdos
|-damage|p1a: Zapdos|39/100
|
|-weather|Sandstorm|[upkeep]
|-damage|p1a: Zapdos|33/100|[from] Sandstorm
|-heal|p1a: Zapdos|39/100|[from] item: Leftovers
|-damage|p2a: Camerupt|70/100 tox|[from] psn
|upkeep
|turn|23
|
|t:|1729688863
|move|p1a: Zapdos|Protect|p1a: Zapdos
|-singleturn|p1a: Zapdos|Protect
|move|p2a: Camerupt|Fire Blast|p1a: Zapdos
|-activate|p1a: Zapdos|Protect
|
|-weather|Sandstorm|[upkeep]
|-damage|p1a: Zapdos|33/100|[from] Sandstorm
|-heal|p1a: Zapdos|39/100|[from] item: Leftovers
|-damage|p2a: Camerupt|57/100 tox|[from] psn
|upkeep
|turn|24
|
|t:|1729688879
|move|p1a: Zapdos|Hidden Power|p2a: Camerupt
|-damage|p2a: Camerupt|21/100 tox
|move|p2a: Camerupt|Explosion|p1a: Zapdos
|-damage|p1a: Zapdos|0 fnt
|faint|p2a: Camerupt
|faint|p1a: Zapdos
|inactive|Glick666 has 270 seconds left.
|
|t:|1729688910
|switch|p1a: Aerodactyl|Aerodactyl, F|100/100
|switch|p2a: Vaporeon|Vaporeon, M|100/100
|-damage|p2a: Vaporeon|88/100|[from] Spikes
|
|-weather|Sandstorm|[upkeep]
|-damage|p2a: Vaporeon|82/100|[from] Sandstorm
|-heal|p2a: Vaporeon|88/100|[from] item: Leftovers
|upkeep
|turn|25
|inactive|Glick666 has 270 seconds left.
|
|t:|1729688923
|move|p1a: Aerodactyl|Rock Slide|p2a: Vaporeon
|-damage|p2a: Vaporeon|49/100
|cant|p2a: Vaporeon|flinch
|
|-weather|Sandstorm|[upkeep]
|-damage|p2a: Vaporeon|43/100|[from] Sandstorm
|-heal|p2a: Vaporeon|49/100|[from] item: Leftovers
|upkeep
|turn|26
|inactive|Glick666 has 270 seconds left.
|
|t:|1729688934
|switch|p1a: Gengar|Gengar, F|100/100
|move|p2a: Vaporeon|Surf|p1a: Gengar
|-damage|p1a: Gengar|58/100
|
|-weather|Sandstorm|[upkeep]
|-damage|p1a: Gengar|52/100|[from] Sandstorm
|-damage|p2a: Vaporeon|43/100|[from] Sandstorm
|-heal|p1a: Gengar|58/100|[from] item: Leftovers
|-heal|p2a: Vaporeon|49/100|[from] item: Leftovers
|upkeep
|turn|27
|inactive|Glick666 has 270 seconds left.
|
|t:|1729688962
|switch|p2a: Scizor|Scizor, F|24/100
|-damage|p2a: Scizor|12/100|[from] Spikes
|move|p1a: Gengar|Thunderbolt|p2a: Scizor
|-damage|p2a: Scizor|0 fnt
|faint|p2a: Scizor
|
|t:|1729688969
|switch|p2a: Zapdos|Zapdos|86/100
|
|-weather|Sandstorm|[upkeep]
|-damage|p1a: Gengar|52/100|[from] Sandstorm
|-damage|p2a: Zapdos|80/100|[from] Sandstorm
|-heal|p1a: Gengar|58/100|[from] item: Leftovers
|-heal|p2a: Zapdos|86/100|[from] item: Leftovers
|upkeep
|turn|28
|
|t:|1729688978
|move|p1a: Gengar|Thunderbolt|p2a: Zapdos
|-damage|p2a: Zapdos|56/100
|move|p2a: Zapdos|Thunderbolt|p1a: Gengar
|-damage|p1a: Gengar|0 fnt
|faint|p1a: Gengar
|
|t:|1729688984
|switch|p1a: Aerodactyl|Aerodactyl, F|100/100
|
|-weather|Sandstorm|[upkeep]
|-damage|p2a: Zapdos|49/100|[from] Sandstorm
|-heal|p2a: Zapdos|56/100|[from] item: Leftovers
|upkeep
|turn|29
|inactive|RevivalTyp has 270 seconds left.
|
|t:|1729689018
|move|p1a: Aerodactyl|Rock Slide|p2a: Zapdos
|-supereffective|p2a: Zapdos
|-damage|p2a: Zapdos|0 fnt
|faint|p2a: Zapdos
|
|t:|1729689026
|switch|p2a: Dugtrio|Dugtrio, M|100/100
|-damage|p2a: Dugtrio|88/100|[from] Spikes
|
|-weather|Sandstorm|[upkeep]
|upkeep
|turn|30
|inactive|RevivalTyp has 270 seconds left.
|
|t:|1729689038
|switch|p1a: Tyranitar|Tyranitar, F|45/100
|move|p2a: Dugtrio|Rock Slide|p1a: Tyranitar
|-damage|p1a: Tyranitar|22/100
|
|-weather|Sandstorm|[upkeep]
|-heal|p1a: Tyranitar|28/100|[from] item: Leftovers
|upkeep
|turn|31
|inactive|RevivalTyp has 270 seconds left.
|
|t:|1729689053
|switch|p2a: Vaporeon|Vaporeon, M|49/100
|-damage|p2a: Vaporeon|37/100|[from] Spikes
|move|p1a: Tyranitar|Earthquake|p2a: Vaporeon
|-damage|p2a: Vaporeon|10/100
|
|-weather|Sandstorm|[upkeep]
|-damage|p2a: Vaporeon|4/100|[from] Sandstorm
|-heal|p1a: Tyranitar|34/100|[from] item: Leftovers
|-heal|p2a: Vaporeon|10/100|[from] item: Leftovers
|upkeep
|turn|32
|
|t:|1729689070
|move|p1a: Tyranitar|Earthquake|p2a: Vaporeon
|-damage|p2a: Vaporeon|0 fnt
|faint|p2a: Vaporeon
|
|t:|1729689075
|switch|p2a: Dugtrio|Dugtrio, M|88/100
|-damage|p2a: Dugtrio|76/100|[from] Spikes
|
|-weather|Sandstorm|[upkeep]
|-heal|p1a: Tyranitar|41/100|[from] item: Leftovers
|upkeep
|turn|33
|
|t:|1729689084
|move|p2a: Dugtrio|Rock Slide|p1a: Tyranitar
|-damage|p1a: Tyranitar|19/100
|move|p1a: Tyranitar|Earthquake|p2a: Dugtrio
|-damage|p2a: Dugtrio|0 fnt
|faint|p2a: Dugtrio
|
|win|Glick666
|player|p2|

</script>
<script type="application/json" class="data" id="replaydata-smogtours-gen3ou-801365">
{"id":"smogtours-gen3ou-801365","format":"[Gen 3] OU","players":["Glick666","RevivalTyp"],"uploadtime":1729689084,"views":74,"formatid":"gen3ou","rating":null,"private":0,"password":null}
</script>

<script defer src="js/replays.js?9d40a366"></script>
