<!DOCTYPE html>
<meta charset="utf-8" />
<meta name="viewport" content="width=device-width" />

<title>[Gen 3] OU: Nardgo vs. CharBoy3000 - Replays - Pok&eacute;mon Showdown!</title>

<meta name="description" content="Watch a replay of a Pok&eacute;mon battle between Nardgo and CharBoy3000! Format: [Gen 3] OU; Date: Oct 4, 2024" />
<!--

Hey, you! Looking in the source for the replay log?

You can find them in JSON format, just add `.json` at the end of a replay URL.

https://replay.pokemonshowdown.com/gen7randomdoublesbattle-865046831.json

Or, if you only need the log itself, add `.log` instead:

https://replay.pokemonshowdown.com/gen7randomdoublesbattle-865046831.log

-->

<link rel="stylesheet" href="//pokemonshowdown.com/style/global.css?0.023195364461161105" />
<link rel="stylesheet" href="//play.pokemonshowdown.com/style/font-awesome.css?0.13261647063804238" />
<link rel="stylesheet" href="//play.pokemonshowdown.com/style/battle.css?0.8753245789963631" />
<link rel="stylesheet" href="//play.pokemonshowdown.com/style/utilichart.css?0.8627959624976733" />

<!-- Global site tag (gtag.js) - Google Analytics -->
<script async src="https://www.googletagmanager.com/gtag/js?id=UA-26211653-1"></script>
<script>
  window.dataLayer = window.dataLayer || [];
  function gtag(){dataLayer.push(arguments);}
  gtag('js', new Date());

  gtag('config', 'UA-26211653-1');
</script>
<!-- End Google Analytics -->
<!-- Venatus Ad Manager - Install in <HEAD> of page -->
	<script src="https://hb.vntsm.com/v3/live/ad-manager.min.js" type="text/javascript" data-site-id="642aba63ec9a7b11c3c9c1be" data-mode="scan" async></script>
<!-- / Venatus Ad Manager -->

<style>
	@media (max-width:820px) {
		.battle {
			margin: 0 auto;
		}
		.battle-log {
			margin: 7px auto 0;
			max-width: 640px;
			height: 300px;
			position: static;
		}
	}
	.optgroup {
		display: inline-block;
		line-height: 22px;
		font-size: 10pt;
	}
	.optgroup .button {
		height: 25px;
		padding-top: 0;
		padding-bottom: 0;
	}
	.optgroup button.button {
		padding-left: 12px;
		padding-right: 12px;
	}
	.linklist {
		list-style: none;
		margin: 0.5em 0;
		padding: 0;
	}
	.linklist li {
		padding: 2px 0;
	}
	.sidebar {
		float: left;
		width: 320px;
	}
	.bar-wrapper {
		max-width: 1100px;
		margin: 0 auto;
	}
	.bar-wrapper.has-sidebar {
		max-width: 1430px;
	}
	.mainbar {
		margin: 0;
		padding-right: 1px;
	}
	.mainbar.has-sidebar {
		margin-left: 330px;
	}
	@media (min-width: 1511px) {
		.sidebar {
			width: 400px;
		}
		.bar-wrapper.has-sidebar {
			max-width: 1510px;
		}
		.mainbar.has-sidebar {
			margin-left: 410px;
		}
	}
	.section.first-section {
		margin-top: 9px;
	}
	.blocklink small {
		white-space: normal;
	}
	.button {
		vertical-align: middle;
	}
	.replay-controls {
		padding-top: 10px;
	}
	.replay-controls h1 {
		font-size: 16pt;
		font-weight: normal;
		color: #CCC;
	}
	.pagelink {
		text-align: center;
	}
	.pagelink a {
		width: 150px;
	}
	.textbox, .button {
		font-size: 11pt;
		vertical-align: middle;
	}
	@media (max-width: 450px) {
		.button {
			font-size: 9pt;
		}
	}
</style>

<div>

	<header>
		<div class="nav-wrapper"><ul class="nav">
			<li><a class="button nav-first" href="//pokemonshowdown.com/"><img src="//pokemonshowdown.com/images/pokemonshowdownbeta.png" srcset="//pokemonshowdown.com/images/pokemonshowdownbeta.png 1x, //pokemonshowdown.com/images/pokemonshowdownbeta@2x.png 2x" alt="Pok&eacute;mon Showdown" width="146" height="44" /> Home</a></li>
			<li><a class="button" href="//pokemonshowdown.com/dex/">Pok&eacute;dex</a></li>
			<li><a class="button cur" href="/">Replays</a></li>
			<li><a class="button" href="//pokemonshowdown.com/ladder/">Ladder</a></li>
			<li><a class="button nav-last" href="//pokemonshowdown.com/forums/">Forum</a></li>
			<li><a class="button greenbutton nav-first nav-last" href="//play.pokemonshowdown.com/">Play</a></li>
		</ul></div>
	</header>

	<div class="main" id="main">

		<noscript><section class="section">You need to enable JavaScript to use this page; sorry!</section></noscript>

	</div>

</div>

<script defer nomodule src="//play.pokemonshowdown.com/js/lib/ps-polyfill.js"></script>
<script defer src="//play.pokemonshowdown.com/js/lib/preact.min.js"></script>

<script defer src="//play.pokemonshowdown.com/config/config.js?2bddbc15"></script>
<script defer src="//play.pokemonshowdown.com/js/lib/jquery-1.11.0.min.js"></script>
<script defer src="//play.pokemonshowdown.com/js/lib/html-sanitizer-minified.js"></script>
<script defer src="//play.pokemonshowdown.com/js/battle-sound.js"></script>
<script defer src="//play.pokemonshowdown.com/js/battledata.js?0.7209276989879541"></script>
<script defer src="//play.pokemonshowdown.com/data/pokedex-mini.js?0.6111056340867951"></script>
<script defer src="//play.pokemonshowdown.com/data/pokedex-mini-bw.js?0.3532142036491459"></script>
<script defer src="//play.pokemonshowdown.com/data/graphics.js?0.24223875632456182"></script>
<script defer src="//play.pokemonshowdown.com/data/pokedex.js?0.38839984266356864"></script>
<script defer src="//play.pokemonshowdown.com/data/moves.js?0.21866028504024015"></script>
<script defer src="//play.pokemonshowdown.com/data/abilities.js?0.2005157953846628"></script>
<script defer src="//play.pokemonshowdown.com/data/items.js?0.9894211263848525"></script>
<script defer src="//play.pokemonshowdown.com/data/teambuilder-tables.js?0.6008791140282215"></script>
<script defer src="//play.pokemonshowdown.com/js/battle-tooltips.js?0.7580118955022959"></script>
<script defer src="//play.pokemonshowdown.com/js/battle.js?0.6057722274234274"></script>

<script defer src="js/utils.js?e31f9a17"></script>
<script defer src="js/replays-battle.js?7008c182"></script>

<!-- don't scrape this data! just add .json or .log after the URL!
Full API docs: https://github.com/smogon/pokemon-showdown-client/blob/master/WEB-API.md -->
<script type="text/plain" class="log" id="replaylog-smogtours-gen3ou-794480">
|inactive|Battle timer is ON: inactive players will automatically lose when time's up.
|t:|1728008263
|gametype|singles
|player|p1|Nardgo|170|
|player|p2|CharBoy3000|blaine|
|teamsize|p1|6
|teamsize|p2|6
|gen|3
|tier|[Gen 3] OU
|rule|Sleep Clause Mod: Limit one foe put to sleep
|rule|Switch Priority Clause Mod: Faster Pokémon switch first
|rule|Species Clause: Limit one of each Pokémon
|rule|OHKO Clause: OHKO moves are banned
|rule|Evasion Items Clause: Evasion items are banned
|rule|Evasion Moves Clause: Evasion moves are banned
|rule|Endless Battle Clause: Forcing endless battles is banned
|rule|HP Percentage Mod: HP is shown in percentages
|rule|One Boost Passer Clause: Limit one Baton Passer that has a way to boost its stats
|rule|Freeze Clause Mod: Limit one foe frozen
|
|t:|1728008263
|start
|switch|p1a: Zapdos|Zapdos|100/100
|switch|p2a: Tyranitar|Tyranitar, M|100/100
|-weather|Sandstorm|[from] ability: Sand Stream|[of] p2a: Tyranitar
|turn|1
|
|t:|1728008269
|move|p1a: Zapdos|Thunderbolt|p2a: Tyranitar
|-damage|p2a: Tyranitar|51/100
|move|p2a: Tyranitar|Ancient Power|p1a: Zapdos
|-supereffective|p1a: Zapdos
|-damage|p1a: Zapdos|37/100
|
|-weather|Sandstorm|[upkeep]
|-damage|p1a: Zapdos|31/100|[from] Sandstorm
|-heal|p1a: Zapdos|37/100|[from] item: Leftovers
|upkeep
|turn|2
|
|t:|1728008276
|move|p1a: Zapdos|Thunderbolt|p2a: Tyranitar
|-damage|p2a: Tyranitar|0 fnt
|faint|p2a: Tyranitar
|
|t:|1728008286
|switch|p2a: Gengar|Gengar, F|100/100
|
|-weather|Sandstorm|[upkeep]
|-damage|p2a: Gengar|94/100|[from] Sandstorm
|-damage|p1a: Zapdos|31/100|[from] Sandstorm
|-heal|p2a: Gengar|100/100|[from] item: Leftovers
|-heal|p1a: Zapdos|37/100|[from] item: Leftovers
|upkeep
|turn|3
|
|t:|1728008291
|switch|p1a: Raikou|Raikou|100/100
|move|p2a: Gengar|Ice Punch|p1a: Raikou
|-damage|p1a: Raikou|73/100
|
|-weather|Sandstorm|[upkeep]
|-damage|p1a: Raikou|66/100|[from] Sandstorm
|-damage|p2a: Gengar|94/100|[from] Sandstorm
|-heal|p1a: Raikou|73/100|[from] item: Leftovers
|-heal|p2a: Gengar|100/100|[from] item: Leftovers
|upkeep
|turn|4
|
|t:|1728008300
|switch|p2a: Blissey|Blissey, F|100/100
|move|p1a: Raikou|Thunderbolt|p2a: Blissey
|-crit|p2a: Blissey
|-damage|p2a: Blissey|65/100
|
|-weather|Sandstorm|[upkeep]
|-damage|p1a: Raikou|66/100|[from] Sandstorm
|-damage|p2a: Blissey|59/100|[from] Sandstorm
|-heal|p1a: Raikou|73/100|[from] item: Leftovers
|-heal|p2a: Blissey|65/100|[from] item: Leftovers
|upkeep
|turn|5
|
|t:|1728008306
|switch|p1a: Regirock|Regirock|100/100
|move|p2a: Blissey|Soft-Boiled|p2a: Blissey
|-heal|p2a: Blissey|100/100
|
|-weather|Sandstorm|[upkeep]
|-damage|p2a: Blissey|94/100|[from] Sandstorm
|-heal|p2a: Blissey|100/100|[from] item: Leftovers
|upkeep
|turn|6
|
|t:|1728008310
|switch|p2a: Skarmory|Skarmory, F|100/100
|move|p1a: Regirock|Thunder Wave|p2a: Skarmory
|-status|p2a: Skarmory|par
|
|-weather|Sandstorm|[upkeep]
|upkeep
|turn|7
|
|t:|1728008319
|switch|p1a: Kingdra|Kingdra, F|100/100
|cant|p2a: Skarmory|par
|
|-weather|Sandstorm|[upkeep]
|-damage|p1a: Kingdra|94/100|[from] Sandstorm
|-heal|p1a: Kingdra|100/100|[from] item: Leftovers
|upkeep
|turn|8
|
|t:|1728008324
|move|p1a: Kingdra|Rain Dance|p1a: Kingdra
|-weather|RainDance
|move|p2a: Skarmory|Roar|p1a: Kingdra
|drag|p1a: Regirock|Regirock|100/100
|
|-weather|RainDance|[upkeep]
|upkeep
|turn|9
|
|t:|1728008330
|-singleturn|p1a: Regirock|move: Focus Punch
|move|p2a: Skarmory|Toxic|p1a: Regirock
|-status|p1a: Regirock|tox
|move|p1a: Regirock|Focus Punch|p2a: Skarmory
|-damage|p2a: Skarmory|64/100 par
|
|-weather|RainDance|[upkeep]
|-damage|p1a: Regirock|94/100 tox|[from] psn
|-heal|p2a: Skarmory|70/100 par|[from] item: Leftovers
|upkeep
|turn|10
|
|t:|1728008338
|switch|p1a: Zapdos|Zapdos|37/100
|move|p2a: Skarmory|Spikes|p1a: Zapdos
|-sidestart|p1: Nardgo|Spikes
|
|-weather|RainDance|[upkeep]
|-heal|p1a: Zapdos|43/100|[from] item: Leftovers
|-heal|p2a: Skarmory|76/100 par|[from] item: Leftovers
|upkeep
|turn|11
|
|t:|1728008344
|switch|p1a: Regirock|Regirock|94/100 tox
|-damage|p1a: Regirock|82/100 tox|[from] Spikes
|move|p2a: Skarmory|Protect||[still]
|-fail|p2a: Skarmory
|
|-weather|RainDance|[upkeep]
|-heal|p1a: Regirock|88/100 tox|[from] item: Leftovers
|-damage|p1a: Regirock|82/100 tox|[from] psn
|-heal|p2a: Skarmory|82/100 par|[from] item: Leftovers
|upkeep
|turn|12
|
|t:|1728008352
|-singleturn|p1a: Regirock|move: Focus Punch
|cant|p2a: Skarmory|par
|move|p1a: Regirock|Focus Punch|p2a: Skarmory
|-damage|p2a: Skarmory|46/100 par
|
|-weather|none
|-heal|p1a: Regirock|88/100 tox|[from] item: Leftovers
|-damage|p1a: Regirock|76/100 tox|[from] psn
|-heal|p2a: Skarmory|52/100 par|[from] item: Leftovers
|upkeep
|turn|13
|
|t:|1728008364
|-singleturn|p1a: Regirock|move: Focus Punch
|move|p2a: Skarmory|Spikes|p1a: Regirock
|-sidestart|p1: Nardgo|Spikes
|move|p1a: Regirock|Focus Punch|p2a: Skarmory
|-crit|p2a: Skarmory
|-damage|p2a: Skarmory|0 fnt
|faint|p2a: Skarmory
|c|☆Nardgo|sorry
|
|t:|1728008372
|switch|p2a: Swampert|Swampert, F|100/100
|
|-heal|p1a: Regirock|82/100 tox|[from] item: Leftovers
|-damage|p1a: Regirock|64/100 tox|[from] psn
|upkeep
|turn|14
|
|t:|1728008377
|move|p2a: Swampert|Hydro Pump|p1a: Regirock|[miss]
|-miss|p2a: Swampert|p1a: Regirock
|move|p1a: Regirock|Explosion|p2a: Swampert
|-damage|p2a: Swampert|0 fnt
|faint|p1a: Regirock
|faint|p2a: Swampert
|c|☆Nardgo|sorry
|
|t:|1728008386
|switch|p2a: Gengar|Gengar, F|100/100
|switch|p1a: Snorlax|Snorlax, M|100/100
|-damage|p1a: Snorlax|84/100|[from] Spikes
|
|-heal|p1a: Snorlax|90/100|[from] item: Leftovers
|upkeep
|turn|15
|
|t:|1728008389
|move|p2a: Gengar|Explosion|p1a: Snorlax
|-damage|p1a: Snorlax|23/100
|faint|p2a: Gengar
|
|t:|1728008393
|switch|p2a: jimothycool.com|Charizard, F|100/100
|
|-heal|p1a: Snorlax|29/100|[from] item: Leftovers
|upkeep
|turn|16
|
|t:|1728008397
|switch|p1a: Dugtrio|Dugtrio, F|100/100
|-damage|p1a: Dugtrio|84/100|[from] Spikes
|move|p2a: jimothycool.com|Fire Blast|p1a: Dugtrio
|-damage|p1a: Dugtrio|0 fnt
|faint|p1a: Dugtrio
|
|t:|1728008404
|switch|p1a: Kingdra|Kingdra, F|100/100
|-damage|p1a: Kingdra|84/100|[from] Spikes
|
|-heal|p1a: Kingdra|90/100|[from] item: Leftovers
|upkeep
|turn|17
|
|t:|1728008407
|move|p2a: jimothycool.com|Dragon Claw|p1a: Kingdra
|-supereffective|p1a: Kingdra
|-damage|p1a: Kingdra|31/100
|move|p1a: Kingdra|Toxic|p2a: jimothycool.com
|-status|p2a: jimothycool.com|tox
|
|-damage|p2a: jimothycool.com|94/100 tox|[from] psn
|-heal|p1a: Kingdra|37/100|[from] item: Leftovers
|upkeep
|turn|18
|
|t:|1728008425
|switch|p1a: Zapdos|Zapdos|43/100
|move|p2a: jimothycool.com|Dragon Claw|p1a: Zapdos
|-damage|p1a: Zapdos|16/100
|
|-heal|p2a: jimothycool.com|100/100 tox|[from] item: Leftovers
|-damage|p2a: jimothycool.com|88/100 tox|[from] psn
|-heal|p1a: Zapdos|22/100|[from] item: Leftovers
|upkeep
|turn|19
|
|t:|1728008432
|move|p2a: jimothycool.com|Dragon Claw|p1a: Zapdos
|-damage|p1a: Zapdos|0 fnt
|faint|p1a: Zapdos
|
|t:|1728008439
|switch|p1a: Raikou|Raikou|73/100
|-damage|p1a: Raikou|56/100|[from] Spikes
|
|-heal|p1a: Raikou|62/100|[from] item: Leftovers
|-heal|p2a: jimothycool.com|94/100 tox|[from] item: Leftovers
|-damage|p2a: jimothycool.com|76/100 tox|[from] psn
|upkeep
|turn|20
|
|t:|1728008446
|switch|p1a: Snorlax|Snorlax, M|29/100
|-damage|p1a: Snorlax|13/100|[from] Spikes
|switch|p2a: Blissey|Blissey, F|100/100
|
|-heal|p1a: Snorlax|19/100|[from] item: Leftovers
|upkeep
|turn|21
|
|t:|1728008454
|switch|p2a: jimothycool.com|Charizard, F|76/100 tox
|move|p1a: Snorlax|Rest|p1a: Snorlax
|-status|p1a: Snorlax|slp|[from] move: Rest
|-heal|p1a: Snorlax|100/100 slp|[silent]
|
|-heal|p2a: jimothycool.com|82/100 tox|[from] item: Leftovers
|-damage|p2a: jimothycool.com|76/100 tox|[from] psn
|upkeep
|turn|22
|c|+violet river|NARDGOAT
|
|t:|1728008464
|switch|p1a: Kingdra|Kingdra, F|37/100
|-damage|p1a: Kingdra|20/100|[from] Spikes
|move|p2a: jimothycool.com|Fire Blast|p1a: Kingdra|[miss]
|-miss|p2a: jimothycool.com|p1a: Kingdra
|
|-heal|p2a: jimothycool.com|82/100 tox|[from] item: Leftovers
|-damage|p2a: jimothycool.com|70/100 tox|[from] psn
|-heal|p1a: Kingdra|26/100|[from] item: Leftovers
|upkeep
|turn|23
|
|t:|1728008473
|move|p2a: jimothycool.com|Dragon Claw|p1a: Kingdra
|-supereffective|p1a: Kingdra
|-damage|p1a: Kingdra|0 fnt
|faint|p1a: Kingdra
|c|+ALlCE|nardgodlike
|
|t:|1728008486
|switch|p1a: Snorlax|Snorlax, M|100/100 slp
|-damage|p1a: Snorlax|84/100 slp|[from] Spikes
|
|-heal|p2a: jimothycool.com|76/100 tox|[from] item: Leftovers
|-damage|p2a: jimothycool.com|58/100 tox|[from] psn
|-heal|p1a: Snorlax|90/100 slp|[from] item: Leftovers
|upkeep
|turn|24
|
|t:|1728008490
|switch|p2a: Blissey|Blissey, F|100/100
|cant|p1a: Snorlax|slp
|
|-heal|p1a: Snorlax|96/100 slp|[from] item: Leftovers
|upkeep
|turn|25
|
|t:|1728008494
|switch|p2a: jimothycool.com|Charizard, F|58/100 tox
|cant|p1a: Snorlax|slp
|
|-heal|p2a: jimothycool.com|64/100 tox|[from] item: Leftovers
|-damage|p2a: jimothycool.com|58/100 tox|[from] psn
|-heal|p1a: Snorlax|100/100 slp|[from] item: Leftovers
|upkeep
|turn|26
|
|t:|1728008498
|move|p2a: jimothycool.com|Fire Blast|p1a: Snorlax
|-damage|p1a: Snorlax|75/100 slp
|-curestatus|p1a: Snorlax|slp|[msg]
|move|p1a: Snorlax|Return|p2a: jimothycool.com
|-damage|p2a: jimothycool.com|3/100 tox
|
|-heal|p2a: jimothycool.com|9/100 tox|[from] item: Leftovers
|-damage|p2a: jimothycool.com|0 fnt|[from] psn
|faint|p2a: jimothycool.com
|-heal|p1a: Snorlax|81/100|[from] item: Leftovers
|upkeep
|
|t:|1728008505
|switch|p2a: Blissey|Blissey, F|100/100
|turn|27
|
|t:|1728008510
|move|p2a: Blissey|Ice Beam|p1a: Snorlax
|-damage|p1a: Snorlax|68/100
|-status|p1a: Snorlax|frz
|-curestatus|p1a: Snorlax|frz|[msg]
|move|p1a: Snorlax|Curse|p1a: Snorlax
|-unboost|p1a: Snorlax|spe|1
|-boost|p1a: Snorlax|atk|1
|-boost|p1a: Snorlax|def|1
|
|-heal|p1a: Snorlax|74/100|[from] item: Leftovers
|upkeep
|turn|28
|
|t:|1728008518
|move|p2a: Blissey|Ice Beam|p1a: Snorlax
|-damage|p1a: Snorlax|61/100
|move|p1a: Snorlax|Rest|p1a: Snorlax
|-status|p1a: Snorlax|slp|[from] move: Rest
|-heal|p1a: Snorlax|100/100 slp|[silent]
|
|upkeep
|turn|29
|
|t:|1728008525
|move|p2a: Blissey|Thunderbolt|p1a: Snorlax
|-damage|p1a: Snorlax|88/100 slp
|cant|p1a: Snorlax|slp
|
|-heal|p1a: Snorlax|94/100 slp|[from] item: Leftovers
|upkeep
|turn|30
|
|t:|1728008528
|move|p2a: Blissey|Thunderbolt|p1a: Snorlax
|-damage|p1a: Snorlax|81/100 slp
|cant|p1a: Snorlax|slp
|
|-heal|p1a: Snorlax|88/100 slp|[from] item: Leftovers
|upkeep
|turn|31
|
|t:|1728008532
|move|p2a: Blissey|Thunderbolt|p1a: Snorlax
|-damage|p1a: Snorlax|74/100 slp
|-curestatus|p1a: Snorlax|slp|[msg]
|move|p1a: Snorlax|Curse|p1a: Snorlax
|-unboost|p1a: Snorlax|spe|1
|-boost|p1a: Snorlax|atk|1
|-boost|p1a: Snorlax|def|1
|
|-heal|p1a: Snorlax|80/100|[from] item: Leftovers
|upkeep
|turn|32
|
|t:|1728008538
|move|p2a: Blissey|Ice Beam|p1a: Snorlax
|-damage|p1a: Snorlax|67/100
|move|p1a: Snorlax|Rest|p1a: Snorlax
|-status|p1a: Snorlax|slp|[from] move: Rest
|-heal|p1a: Snorlax|100/100 slp|[silent]
|
|upkeep
|turn|33
|
|t:|1728008543
|move|p2a: Blissey|Thunderbolt|p1a: Snorlax
|-damage|p1a: Snorlax|88/100 slp
|cant|p1a: Snorlax|slp
|
|-heal|p1a: Snorlax|94/100 slp|[from] item: Leftovers
|upkeep
|turn|34
|
|t:|1728008544
|move|p2a: Blissey|Thunderbolt|p1a: Snorlax
|-damage|p1a: Snorlax|82/100 slp
|cant|p1a: Snorlax|slp
|
|-heal|p1a: Snorlax|89/100 slp|[from] item: Leftovers
|upkeep
|turn|35
|
|t:|1728008546
|move|p2a: Blissey|Thunderbolt|p1a: Snorlax
|-damage|p1a: Snorlax|77/100 slp
|-curestatus|p1a: Snorlax|slp|[msg]
|move|p1a: Snorlax|Curse|p1a: Snorlax
|-unboost|p1a: Snorlax|spe|1
|-boost|p1a: Snorlax|atk|1
|-boost|p1a: Snorlax|def|1
|
|-heal|p1a: Snorlax|83/100|[from] item: Leftovers
|upkeep
|turn|36
|
|t:|1728008549
|move|p2a: Blissey|Ice Beam|p1a: Snorlax
|-damage|p1a: Snorlax|71/100
|move|p1a: Snorlax|Rest|p1a: Snorlax
|-status|p1a: Snorlax|slp|[from] move: Rest
|-heal|p1a: Snorlax|100/100 slp|[silent]
|
|upkeep
|turn|37
|
|t:|1728008553
|move|p2a: Blissey|Thunderbolt|p1a: Snorlax
|-damage|p1a: Snorlax|88/100 slp
|cant|p1a: Snorlax|slp
|
|-heal|p1a: Snorlax|94/100 slp|[from] item: Leftovers
|upkeep
|turn|38
|
|t:|1728008555
|move|p2a: Blissey|Thunderbolt|p1a: Snorlax
|-damage|p1a: Snorlax|83/100 slp
|cant|p1a: Snorlax|slp
|
|-heal|p1a: Snorlax|89/100 slp|[from] item: Leftovers
|upkeep
|turn|39
|
|t:|1728008577
|move|p2a: Blissey|Thunderbolt|p1a: Snorlax
|-damage|p1a: Snorlax|77/100 slp
|-curestatus|p1a: Snorlax|slp|[msg]
|move|p1a: Snorlax|Curse|p1a: Snorlax
|-unboost|p1a: Snorlax|spe|1
|-boost|p1a: Snorlax|atk|1
|-boost|p1a: Snorlax|def|1
|
|-heal|p1a: Snorlax|83/100|[from] item: Leftovers
|upkeep
|turn|40
|
|t:|1728008583
|move|p2a: Blissey|Ice Beam|p1a: Snorlax
|-damage|p1a: Snorlax|71/100
|-status|p1a: Snorlax|frz
|cant|p1a: Snorlax|frz
|
|-heal|p1a: Snorlax|77/100 frz|[from] item: Leftovers
|upkeep
|turn|41
|
|t:|1728008589
|move|p2a: Blissey|Thunderbolt|p1a: Snorlax
|-damage|p1a: Snorlax|63/100 frz
|cant|p1a: Snorlax|frz
|
|-heal|p1a: Snorlax|69/100 frz|[from] item: Leftovers
|upkeep
|turn|42
|c|+ALlCE|NARDGO NO
|
|t:|1728008592
|move|p2a: Blissey|Thunderbolt|p1a: Snorlax
|-damage|p1a: Snorlax|57/100 frz
|cant|p1a: Snorlax|frz
|
|-heal|p1a: Snorlax|63/100 frz|[from] item: Leftovers
|upkeep
|turn|43
|c|☆Nardgo|didnt want to die to counter
|
|t:|1728008600
|move|p2a: Blissey|Thunderbolt|p1a: Snorlax
|-damage|p1a: Snorlax|52/100 frz
|cant|p1a: Snorlax|frz
|
|-heal|p1a: Snorlax|58/100 frz|[from] item: Leftovers
|upkeep
|turn|44
|
|t:|1728008602
|move|p2a: Blissey|Thunderbolt|p1a: Snorlax
|-damage|p1a: Snorlax|46/100 frz
|-curestatus|p1a: Snorlax|frz|[msg]
|move|p1a: Snorlax|Return|p2a: Blissey
|-damage|p2a: Blissey|0 fnt
|faint|p2a: Blissey
|
|win|Nardgo
|c|+zinnias|NARDGOOOOOOOOOOOOOOOOOOOOO
|c|☆Nardgo|gg
|c|+ALlCE|YESSS
|c|☆CharBoy3000|Gg!
|c|+zinnias|LETS nardGOOOOOOOOOOOO
|c|☆CharBoy3000|<3
|c|+TyCarter|FAKENARDGOAT
|player|p2|
|c|+violet river|THIS IS JUST LIKE WHEN EVBO WON THE PARKOUR BATTLE
|c|☆Nardgo|Okay so how do I grab the replays now
|c|+ALlCE|TRUE
|c|+zinnias|did you just spoil it
|c|+ALlCE|stfu^
|c|+violet river|theres lik 100 of them
|c|+violet river|shush
|c|+TyCarter|nardgo u just click upload and share replay
|c|☆Nardgo|Oh f
|c|☆Nardgo|was i supposed to do that for the past 2 games?
|c|+TyCarter|smogtours autosaves
|c|+zinnias|https://smogtours.psim.us/battle-gen3ou-794477
|c|+zinnias|https://smogtours.psim.us/battle-gen3ou-794478
|c|+zinnias|https://replay.pokemonshowdown.com/smogtours-gen3ou-794480
|c|+zinnias|i saved them for u nard
|c|+zinnias|thank me in the video...

</script>
<script type="application/json" class="data" id="replaydata-smogtours-gen3ou-794480">
{"id":"smogtours-gen3ou-794480","format":"[Gen 3] OU","players":["Nardgo","CharBoy3000"],"uploadtime":1728008602,"views":142,"formatid":"gen3ou","rating":null,"private":0,"password":null}
</script>

<script defer src="js/replays.js?9d40a366"></script>
