<!DOCTYPE html>
<meta charset="utf-8" />
<meta name="viewport" content="width=device-width" />

<title>[Gen 3] OU: mkizzy vs. Spreek - Replays - Pok&eacute;mon Showdown!</title>

<meta name="description" content="Watch a replay of a Pok&eacute;mon battle between mkizzy and Spreek! Format: [Gen 3] OU; Date: Oct 9, 2024" />
<!--

Hey, you! Looking in the source for the replay log?

You can find them in JSON format, just add `.json` at the end of a replay URL.

https://replay.pokemonshowdown.com/gen7randomdoublesbattle-865046831.json

Or, if you only need the log itself, add `.log` instead:

https://replay.pokemonshowdown.com/gen7randomdoublesbattle-865046831.log

-->

<link rel="stylesheet" href="//pokemonshowdown.com/style/global.css?0.023195364461161105" />
<link rel="stylesheet" href="//play.pokemonshowdown.com/style/font-awesome.css?0.13261647063804238" />
<link rel="stylesheet" href="//play.pokemonshowdown.com/style/battle.css?0.8753245789963631" />
<link rel="stylesheet" href="//play.pokemonshowdown.com/style/utilichart.css?0.8627959624976733" />

<!-- Global site tag (gtag.js) - Google Analytics -->
<script async src="https://www.googletagmanager.com/gtag/js?id=UA-26211653-1"></script>
<script>
  window.dataLayer = window.dataLayer || [];
  function gtag(){dataLayer.push(arguments);}
  gtag('js', new Date());

  gtag('config', 'UA-26211653-1');
</script>
<!-- End Google Analytics -->
<!-- Venatus Ad Manager - Install in <HEAD> of page -->
	<script src="https://hb.vntsm.com/v3/live/ad-manager.min.js" type="text/javascript" data-site-id="642aba63ec9a7b11c3c9c1be" data-mode="scan" async></script>
<!-- / Venatus Ad Manager -->

<style>
	@media (max-width:820px) {
		.battle {
			margin: 0 auto;
		}
		.battle-log {
			margin: 7px auto 0;
			max-width: 640px;
			height: 300px;
			position: static;
		}
	}
	.optgroup {
		display: inline-block;
		line-height: 22px;
		font-size: 10pt;
	}
	.optgroup .button {
		height: 25px;
		padding-top: 0;
		padding-bottom: 0;
	}
	.optgroup button.button {
		padding-left: 12px;
		padding-right: 12px;
	}
	.linklist {
		list-style: none;
		margin: 0.5em 0;
		padding: 0;
	}
	.linklist li {
		padding: 2px 0;
	}
	.sidebar {
		float: left;
		width: 320px;
	}
	.bar-wrapper {
		max-width: 1100px;
		margin: 0 auto;
	}
	.bar-wrapper.has-sidebar {
		max-width: 1430px;
	}
	.mainbar {
		margin: 0;
		padding-right: 1px;
	}
	.mainbar.has-sidebar {
		margin-left: 330px;
	}
	@media (min-width: 1511px) {
		.sidebar {
			width: 400px;
		}
		.bar-wrapper.has-sidebar {
			max-width: 1510px;
		}
		.mainbar.has-sidebar {
			margin-left: 410px;
		}
	}
	.section.first-section {
		margin-top: 9px;
	}
	.blocklink small {
		white-space: normal;
	}
	.button {
		vertical-align: middle;
	}
	.replay-controls {
		padding-top: 10px;
	}
	.replay-controls h1 {
		font-size: 16pt;
		font-weight: normal;
		color: #CCC;
	}
	.pagelink {
		text-align: center;
	}
	.pagelink a {
		width: 150px;
	}
	.textbox, .button {
		font-size: 11pt;
		vertical-align: middle;
	}
	@media (max-width: 450px) {
		.button {
			font-size: 9pt;
		}
	}
</style>

<div>

	<header>
		<div class="nav-wrapper"><ul class="nav">
			<li><a class="button nav-first" href="//pokemonshowdown.com/"><img src="//pokemonshowdown.com/images/pokemonshowdownbeta.png" srcset="//pokemonshowdown.com/images/pokemonshowdownbeta.png 1x, //pokemonshowdown.com/images/pokemonshowdownbeta@2x.png 2x" alt="Pok&eacute;mon Showdown" width="146" height="44" /> Home</a></li>
			<li><a class="button" href="//pokemonshowdown.com/dex/">Pok&eacute;dex</a></li>
			<li><a class="button cur" href="/">Replays</a></li>
			<li><a class="button" href="//pokemonshowdown.com/ladder/">Ladder</a></li>
			<li><a class="button nav-last" href="//pokemonshowdown.com/forums/">Forum</a></li>
			<li><a class="button greenbutton nav-first nav-last" href="//play.pokemonshowdown.com/">Play</a></li>
		</ul></div>
	</header>

	<div class="main" id="main">

		<noscript><section class="section">You need to enable JavaScript to use this page; sorry!</section></noscript>

	</div>

</div>

<script defer nomodule src="//play.pokemonshowdown.com/js/lib/ps-polyfill.js"></script>
<script defer src="//play.pokemonshowdown.com/js/lib/preact.min.js"></script>

<script defer src="//play.pokemonshowdown.com/config/config.js?2bddbc15"></script>
<script defer src="//play.pokemonshowdown.com/js/lib/jquery-1.11.0.min.js"></script>
<script defer src="//play.pokemonshowdown.com/js/lib/html-sanitizer-minified.js"></script>
<script defer src="//play.pokemonshowdown.com/js/battle-sound.js"></script>
<script defer src="//play.pokemonshowdown.com/js/battledata.js?0.7209276989879541"></script>
<script defer src="//play.pokemonshowdown.com/data/pokedex-mini.js?0.6111056340867951"></script>
<script defer src="//play.pokemonshowdown.com/data/pokedex-mini-bw.js?0.3532142036491459"></script>
<script defer src="//play.pokemonshowdown.com/data/graphics.js?0.24223875632456182"></script>
<script defer src="//play.pokemonshowdown.com/data/pokedex.js?0.38839984266356864"></script>
<script defer src="//play.pokemonshowdown.com/data/moves.js?0.21866028504024015"></script>
<script defer src="//play.pokemonshowdown.com/data/abilities.js?0.2005157953846628"></script>
<script defer src="//play.pokemonshowdown.com/data/items.js?0.9894211263848525"></script>
<script defer src="//play.pokemonshowdown.com/data/teambuilder-tables.js?0.6008791140282215"></script>
<script defer src="//play.pokemonshowdown.com/js/battle-tooltips.js?0.7580118955022959"></script>
<script defer src="//play.pokemonshowdown.com/js/battle.js?0.6057722274234274"></script>

<script defer src="js/utils.js?e31f9a17"></script>
<script defer src="js/replays-battle.js?7008c182"></script>

<!-- don't scrape this data! just add .json or .log after the URL!
Full API docs: https://github.com/smogon/pokemon-showdown-client/blob/master/WEB-API.md -->
<script type="text/plain" class="log" id="replaylog-smogtours-gen3ou-796557">
|inactive|Battle timer is ON: inactive players will automatically lose when time's up.
|t:|1728435296
|gametype|singles
|player|p1|mkizzy|brock-gen2|
|player|p2|Spreek|265|
|teamsize|p1|6
|teamsize|p2|6
|gen|3
|tier|[Gen 3] OU
|rule|Sleep Clause Mod: Limit one foe put to sleep
|rule|Switch Priority Clause Mod: Faster Pokémon switch first
|rule|Species Clause: Limit one of each Pokémon
|rule|OHKO Clause: OHKO moves are banned
|rule|Evasion Items Clause: Evasion items are banned
|rule|Evasion Moves Clause: Evasion moves are banned
|rule|Endless Battle Clause: Forcing endless battles is banned
|rule|HP Percentage Mod: HP is shown in percentages
|rule|One Boost Passer Clause: Limit one Baton Passer that has a way to boost its stats
|rule|Freeze Clause Mod: Limit one foe frozen
|
|t:|1728435296
|start
|switch|p1a: 10_10|Jynx, F|100/100
|switch|p2a: Aerodactyl|Aerodactyl, F|100/100
|turn|1
|c|☆Spreek|hf
|c|☆mkizzy|hf
|inactive|mkizzy has 270 seconds left.
|inactive|Spreek has 270 seconds left.
|c|+AC77|goat mkizzy let's go
|inactive|Spreek has 240 seconds left.
|
|t:|1728435361
|switch|p1a: Left Eye|Jirachi|100/100
|move|p2a: Aerodactyl|Earthquake|p1a: Left Eye
|-supereffective|p1a: Left Eye
|-damage|p1a: Left Eye|16/100
|
|-heal|p1a: Left Eye|22/100|[from] item: Leftovers
|upkeep
|turn|2
|
|t:|1728435390
|switch|p2a: Tyranitar|Tyranitar, M|100/100
|-weather|Sandstorm|[from] ability: Sand Stream|[of] p2a: Tyranitar
|switch|p1a: Pressure|Zapdos|100/100
|
|-weather|Sandstorm|[upkeep]
|-damage|p1a: Pressure|94/100|[from] Sandstorm
|-heal|p1a: Pressure|100/100|[from] item: Leftovers
|upkeep
|turn|3
|inactive|Spreek has 270 seconds left.
|inactive|Spreek has 240 seconds left.
|
|t:|1728435442
|move|p1a: Pressure|Substitute|p1a: Pressure
|-start|p1a: Pressure|Substitute
|-damage|p1a: Pressure|75/100
|move|p2a: Tyranitar|Ice Beam|p1a: Pressure
|-supereffective|p1a: Pressure
|-end|p1a: Pressure|Substitute
|
|-weather|Sandstorm|[upkeep]
|-damage|p1a: Pressure|69/100|[from] Sandstorm
|-heal|p1a: Pressure|75/100|[from] item: Leftovers
|upkeep
|turn|4
|inactive|Spreek has 240 seconds left.
|
|t:|1728435456
|move|p1a: Pressure|Baton Pass|p1a: Pressure
|
|t:|1728435458
|switch|p1a: 10_10|Jynx, F|100/100|[from] Baton Pass
|move|p2a: Tyranitar|Crunch|p1a: 10_10
|-supereffective|p1a: 10_10
|-damage|p1a: 10_10|8/100
|
|-weather|Sandstorm|[upkeep]
|-damage|p1a: 10_10|1/100|[from] Sandstorm
|upkeep
|turn|5
|inactive|Spreek has 240 seconds left.
|
|t:|1728435491
|move|p1a: 10_10|Lovely Kiss|p2a: Tyranitar
|-status|p2a: Tyranitar|slp|[from] move: Lovely Kiss
|cant|p2a: Tyranitar|slp
|
|-weather|Sandstorm|[upkeep]
|-damage|p1a: 10_10|0 fnt|[from] Sandstorm
|faint|p1a: 10_10
|upkeep
|
|t:|1728435500
|switch|p1a: For Shakilus|Dugtrio, F|100/100
|turn|6
|
|t:|1728435502
|move|p1a: For Shakilus|Earthquake|p2a: Tyranitar
|-supereffective|p2a: Tyranitar
|-damage|p2a: Tyranitar|21/100 slp
|-curestatus|p2a: Tyranitar|slp|[msg]
|move|p2a: Tyranitar|Ice Beam|p1a: For Shakilus
|-supereffective|p1a: For Shakilus
|-damage|p1a: For Shakilus|0 fnt
|faint|p1a: For Shakilus
|
|t:|1728435507
|switch|p1a: Pressure|Zapdos|75/100
|
|-weather|Sandstorm|[upkeep]
|-damage|p1a: Pressure|69/100|[from] Sandstorm
|-heal|p1a: Pressure|75/100|[from] item: Leftovers
|-heal|p2a: Tyranitar|27/100|[from] item: Leftovers
|upkeep
|turn|7
|inactive|Spreek has 240 seconds left.
|
|t:|1728435546
|move|p1a: Pressure|Thunderbolt|p2a: Tyranitar
|-damage|p2a: Tyranitar|0 fnt
|faint|p2a: Tyranitar
|
|t:|1728435550
|switch|p2a: Aerodactyl|Aerodactyl, F|100/100
|
|-weather|Sandstorm|[upkeep]
|-damage|p1a: Pressure|69/100|[from] Sandstorm
|-heal|p1a: Pressure|75/100|[from] item: Leftovers
|upkeep
|turn|8
|
|t:|1728435556
|move|p2a: Aerodactyl|Rock Slide|p1a: Pressure|[miss]
|-miss|p2a: Aerodactyl|p1a: Pressure
|move|p1a: Pressure|Thunderbolt|p2a: Aerodactyl
|-supereffective|p2a: Aerodactyl
|-damage|p2a: Aerodactyl|0 fnt
|faint|p2a: Aerodactyl
|c|☆mkizzy|sry
|
|t:|1728435563
|switch|p2a: Blissey|Blissey, F|100/100
|
|-weather|Sandstorm|[upkeep]
|-damage|p1a: Pressure|69/100|[from] Sandstorm
|-damage|p2a: Blissey|94/100|[from] Sandstorm
|-heal|p1a: Pressure|75/100|[from] item: Leftovers
|-heal|p2a: Blissey|100/100|[from] item: Leftovers
|upkeep
|turn|9
|c|☆Spreek|F
|
|t:|1728435571
|move|p1a: Pressure|Thunderbolt|p2a: Blissey
|-damage|p2a: Blissey|80/100
|-status|p2a: Blissey|par
|move|p2a: Blissey|Seismic Toss|p1a: Pressure
|-damage|p1a: Pressure|46/100
|
|-weather|Sandstorm|[upkeep]
|-damage|p1a: Pressure|40/100|[from] Sandstorm
|-damage|p2a: Blissey|74/100 par|[from] Sandstorm
|-heal|p1a: Pressure|46/100|[from] item: Leftovers
|-heal|p2a: Blissey|80/100 par|[from] item: Leftovers
|upkeep
|turn|10
|inactive|Spreek has 240 seconds left.
|c|☆Spreek|the one turn wakeup prob mattered more lol
|
|t:|1728435601
|-curestatus|p2a: Blissey|par|[from] ability: Natural Cure
|switch|p2a: Zapdos|Zapdos|100/100
|move|p1a: Pressure|Substitute|p1a: Pressure
|-start|p1a: Pressure|Substitute
|-damage|p1a: Pressure|21/100
|
|-weather|Sandstorm|[upkeep]
|-damage|p1a: Pressure|15/100|[from] Sandstorm
|-damage|p2a: Zapdos|94/100|[from] Sandstorm
|-heal|p1a: Pressure|21/100|[from] item: Leftovers
|-heal|p2a: Zapdos|100/100|[from] item: Leftovers
|upkeep
|turn|11
|
|t:|1728435610
|move|p1a: Pressure|Thunderbolt|p2a: Zapdos
|-crit|p2a: Zapdos
|-damage|p2a: Zapdos|26/100
|move|p2a: Zapdos|Roar|p1a: Pressure
|drag|p1a: Left Eye|Jirachi|22/100
|
|-weather|Sandstorm|[upkeep]
|-damage|p2a: Zapdos|20/100|[from] Sandstorm
|-heal|p1a: Left Eye|28/100|[from] item: Leftovers
|-heal|p2a: Zapdos|26/100|[from] item: Leftovers
|upkeep
|turn|12
|
|t:|1728435623
|switch|p2a: Blissey|Blissey, F|80/100
|move|p1a: Left Eye|Ice Punch|p2a: Blissey
|-damage|p2a: Blissey|74/100
|
|-weather|Sandstorm|[upkeep]
|-damage|p2a: Blissey|67/100|[from] Sandstorm
|-heal|p1a: Left Eye|34/100|[from] item: Leftovers
|-heal|p2a: Blissey|74/100|[from] item: Leftovers
|upkeep
|turn|13
|
|t:|1728435629
|move|p1a: Left Eye|Substitute|p1a: Left Eye
|-start|p1a: Left Eye|Substitute
|-damage|p1a: Left Eye|9/100
|move|p2a: Blissey|Thunder Wave||[still]
|-fail|p2a: Blissey
|
|-weather|Sandstorm|[upkeep]
|-damage|p2a: Blissey|67/100|[from] Sandstorm
|-heal|p1a: Left Eye|16/100|[from] item: Leftovers
|-heal|p2a: Blissey|74/100|[from] item: Leftovers
|upkeep
|turn|14
|
|t:|1728435634
|switch|p2a: Swampert|Swampert, F|100/100
|move|p1a: Left Eye|Ice Punch|p2a: Swampert
|-damage|p2a: Swampert|86/100
|
|-weather|Sandstorm|[upkeep]
|-heal|p1a: Left Eye|22/100|[from] item: Leftovers
|-heal|p2a: Swampert|92/100|[from] item: Leftovers
|upkeep
|turn|15
|
|t:|1728435640
|move|p1a: Left Eye|Ice Punch|p2a: Swampert
|-damage|p2a: Swampert|76/100
|move|p2a: Swampert|Roar|p1a: Left Eye
|drag|p1a: Snakeman Freestyle|Golduck, M|100/100
|
|-weather|Sandstorm|[upkeep]
|-heal|p2a: Swampert|82/100|[from] item: Leftovers
|upkeep
|turn|16
|
|t:|1728435650
|switch|p2a: Blissey|Blissey, F|74/100
|move|p1a: Snakeman Freestyle|Hydro Pump|p2a: Blissey
|-damage|p2a: Blissey|52/100
|
|-weather|Sandstorm|[upkeep]
|-heal|p2a: Blissey|58/100|[from] item: Leftovers
|upkeep
|turn|17
|
|t:|1728435657
|switch|p1a: Skywalker|Salamence, M|100/100
|-ability|p1a: Skywalker|Intimidate|boost
|-unboost|p2a: Blissey|atk|1
|move|p2a: Blissey|Thunder Wave|p1a: Skywalker
|-status|p1a: Skywalker|par
|
|-weather|Sandstorm|[upkeep]
|-damage|p2a: Blissey|52/100|[from] Sandstorm
|-damage|p1a: Skywalker|94/100 par|[from] Sandstorm
|-heal|p2a: Blissey|58/100|[from] item: Leftovers
|-heal|p1a: Skywalker|100/100 par|[from] item: Leftovers
|upkeep
|turn|18
|
|t:|1728435662
|switch|p2a: Skarmory|Skarmory, F|100/100
|move|p1a: Skywalker|Brick Break|p2a: Skarmory
|-crit|p2a: Skarmory
|-damage|p2a: Skarmory|56/100
|
|-weather|Sandstorm|[upkeep]
|-damage|p1a: Skywalker|94/100 par|[from] Sandstorm
|-heal|p2a: Skarmory|62/100|[from] item: Leftovers
|-heal|p1a: Skywalker|100/100 par|[from] item: Leftovers
|upkeep
|turn|19
|
|t:|1728435668
|switch|p1a: Pressure|Zapdos|21/100
|move|p2a: Skarmory|Spikes|p1a: Pressure
|-sidestart|p1: mkizzy|Spikes
|
|-weather|Sandstorm|[upkeep]
|-damage|p1a: Pressure|15/100|[from] Sandstorm
|-heal|p1a: Pressure|21/100|[from] item: Leftovers
|-heal|p2a: Skarmory|68/100|[from] item: Leftovers
|upkeep
|turn|20
|
|t:|1728435672
|move|p2a: Skarmory|Protect|p2a: Skarmory
|-singleturn|p2a: Skarmory|Protect
|move|p1a: Pressure|Thunderbolt|p2a: Skarmory
|-activate|p2a: Skarmory|Protect
|
|-weather|Sandstorm|[upkeep]
|-damage|p1a: Pressure|15/100|[from] Sandstorm
|-heal|p1a: Pressure|21/100|[from] item: Leftovers
|-heal|p2a: Skarmory|74/100|[from] item: Leftovers
|upkeep
|turn|21
|
|t:|1728435682
|switch|p2a: Blissey|Blissey, F|58/100
|move|p1a: Pressure|Thunderbolt|p2a: Blissey
|-damage|p2a: Blissey|38/100
|
|-weather|Sandstorm|[upkeep]
|-damage|p1a: Pressure|15/100|[from] Sandstorm
|-damage|p2a: Blissey|32/100|[from] Sandstorm
|-heal|p1a: Pressure|21/100|[from] item: Leftovers
|-heal|p2a: Blissey|38/100|[from] item: Leftovers
|upkeep
|turn|22
|
|t:|1728435688
|move|p1a: Pressure|Baton Pass|p1a: Pressure
|
|t:|1728435689
|switch|p1a: Skywalker|Salamence, M|100/100 par|[from] Baton Pass
|-ability|p1a: Skywalker|Intimidate|boost
|-unboost|p2a: Blissey|atk|1
|move|p2a: Blissey|Soft-Boiled|p2a: Blissey
|-heal|p2a: Blissey|88/100
|
|-weather|Sandstorm|[upkeep]
|-damage|p2a: Blissey|81/100|[from] Sandstorm
|-damage|p1a: Skywalker|94/100 par|[from] Sandstorm
|-heal|p2a: Blissey|88/100|[from] item: Leftovers
|-heal|p1a: Skywalker|100/100 par|[from] item: Leftovers
|upkeep
|turn|23
|
|t:|1728435704
|switch|p2a: Zapdos|Zapdos|26/100
|move|p1a: Skywalker|Brick Break|p2a: Zapdos
|-resisted|p2a: Zapdos
|-damage|p2a: Zapdos|11/100
|
|-weather|Sandstorm|[upkeep]
|-damage|p2a: Zapdos|5/100|[from] Sandstorm
|-damage|p1a: Skywalker|94/100 par|[from] Sandstorm
|-heal|p2a: Zapdos|11/100|[from] item: Leftovers
|-heal|p1a: Skywalker|100/100 par|[from] item: Leftovers
|upkeep
|turn|24
|
|t:|1728435713
|move|p2a: Zapdos|Rest|p2a: Zapdos
|-status|p2a: Zapdos|slp|[from] move: Rest
|-heal|p2a: Zapdos|100/100 slp|[silent]
|move|p1a: Skywalker|Rock Slide|p2a: Zapdos
|-supereffective|p2a: Zapdos
|-damage|p2a: Zapdos|37/100 slp
|
|-weather|Sandstorm|[upkeep]
|-damage|p2a: Zapdos|31/100 slp|[from] Sandstorm
|-damage|p1a: Skywalker|94/100 par|[from] Sandstorm
|-heal|p2a: Zapdos|37/100 slp|[from] item: Leftovers
|-heal|p1a: Skywalker|100/100 par|[from] item: Leftovers
|upkeep
|turn|25
|
|t:|1728435719
|switch|p2a: Swampert|Swampert, F|82/100
|move|p1a: Skywalker|Dragon Dance|p1a: Skywalker
|-boost|p1a: Skywalker|atk|1
|-boost|p1a: Skywalker|spe|1
|
|-weather|Sandstorm|[upkeep]
|-damage|p1a: Skywalker|94/100 par|[from] Sandstorm
|-heal|p2a: Swampert|88/100|[from] item: Leftovers
|-heal|p1a: Skywalker|100/100 par|[from] item: Leftovers
|upkeep
|turn|26
|
|t:|1728435723
|move|p1a: Skywalker|Hidden Power|p2a: Swampert
|-damage|p2a: Swampert|48/100
|move|p2a: Swampert|Roar|p1a: Skywalker
|drag|p1a: Snakeman Freestyle|Golduck, M|100/100
|-damage|p1a: Snakeman Freestyle|88/100|[from] Spikes
|
|-weather|Sandstorm|[upkeep]
|-heal|p2a: Swampert|55/100|[from] item: Leftovers
|upkeep
|turn|27
|
|t:|1728435733
|switch|p1a: Skywalker|Salamence, M|100/100 par
|-ability|p1a: Skywalker|Intimidate|boost
|-unboost|p2a: Swampert|atk|1
|switch|p2a: Blissey|Blissey, F|88/100
|
|-weather|Sandstorm|[upkeep]
|-damage|p2a: Blissey|81/100|[from] Sandstorm
|-damage|p1a: Skywalker|94/100 par|[from] Sandstorm
|-heal|p2a: Blissey|88/100|[from] item: Leftovers
|-heal|p1a: Skywalker|100/100 par|[from] item: Leftovers
|upkeep
|turn|28
|
|t:|1728435740
|move|p2a: Blissey|Seismic Toss|p1a: Skywalker
|-damage|p1a: Skywalker|70/100 par
|move|p1a: Skywalker|Brick Break|p2a: Blissey
|-supereffective|p2a: Blissey
|-damage|p2a: Blissey|32/100
|
|-weather|Sandstorm|[upkeep]
|-damage|p2a: Blissey|26/100|[from] Sandstorm
|-damage|p1a: Skywalker|64/100 par|[from] Sandstorm
|-heal|p2a: Blissey|32/100|[from] item: Leftovers
|-heal|p1a: Skywalker|70/100 par|[from] item: Leftovers
|upkeep
|turn|29
|
|t:|1728435752
|move|p2a: Blissey|Soft-Boiled|p2a: Blissey
|-heal|p2a: Blissey|82/100
|move|p1a: Skywalker|Dragon Dance|p1a: Skywalker
|-boost|p1a: Skywalker|atk|1
|-boost|p1a: Skywalker|spe|1
|
|-weather|Sandstorm|[upkeep]
|-damage|p2a: Blissey|76/100|[from] Sandstorm
|-damage|p1a: Skywalker|64/100 par|[from] Sandstorm
|-heal|p2a: Blissey|82/100|[from] item: Leftovers
|-heal|p1a: Skywalker|70/100 par|[from] item: Leftovers
|upkeep
|turn|30
|
|t:|1728435760
|switch|p2a: Skarmory|Skarmory, F|74/100
|move|p1a: Skywalker|Brick Break|p2a: Skarmory
|-damage|p2a: Skarmory|38/100
|
|-weather|Sandstorm|[upkeep]
|-damage|p1a: Skywalker|64/100 par|[from] Sandstorm
|-heal|p2a: Skarmory|44/100|[from] item: Leftovers
|-heal|p1a: Skywalker|70/100 par|[from] item: Leftovers
|upkeep
|turn|31
|
|t:|1728435767
|cant|p1a: Skywalker|par
|move|p2a: Skarmory|Roar|p1a: Skywalker
|drag|p1a: Snakeman Freestyle|Golduck, M|88/100
|-damage|p1a: Snakeman Freestyle|76/100|[from] Spikes
|
|-weather|Sandstorm|[upkeep]
|-heal|p2a: Skarmory|50/100|[from] item: Leftovers
|upkeep
|turn|32
|
|t:|1728435787
|switch|p1a: Skywalker|Salamence, M|70/100 par
|-ability|p1a: Skywalker|Intimidate|boost
|-unboost|p2a: Skarmory|atk|1
|move|p2a: Skarmory|Protect||[still]
|-fail|p2a: Skarmory
|
|-weather|Sandstorm|[upkeep]
|-damage|p1a: Skywalker|64/100 par|[from] Sandstorm
|-heal|p2a: Skarmory|56/100|[from] item: Leftovers
|-heal|p1a: Skywalker|70/100 par|[from] item: Leftovers
|upkeep
|turn|33
|inactive|Spreek has 270 seconds left.
|
|t:|1728435816
|move|p1a: Skywalker|Brick Break|p2a: Skarmory
|-damage|p2a: Skarmory|32/100
|move|p2a: Skarmory|Roar|p1a: Skywalker
|drag|p1a: Snakeman Freestyle|Golduck, M|76/100
|-damage|p1a: Snakeman Freestyle|64/100|[from] Spikes
|
|-weather|Sandstorm|[upkeep]
|-heal|p2a: Skarmory|38/100|[from] item: Leftovers
|upkeep
|turn|34
|
|t:|1728435829
|switch|p2a: Blissey|Blissey, F|82/100
|move|p1a: Snakeman Freestyle|Hydro Pump|p2a: Blissey
|-damage|p2a: Blissey|60/100
|
|-weather|Sandstorm|[upkeep]
|-heal|p2a: Blissey|66/100|[from] item: Leftovers
|upkeep
|turn|35
|
|t:|1728435842
|switch|p1a: Skywalker|Salamence, M|70/100 par
|-ability|p1a: Skywalker|Intimidate|boost
|-unboost|p2a: Blissey|atk|1
|move|p2a: Blissey|Soft-Boiled|p2a: Blissey
|-heal|p2a: Blissey|100/100
|
|-weather|Sandstorm|[upkeep]
|-damage|p2a: Blissey|94/100|[from] Sandstorm
|-damage|p1a: Skywalker|64/100 par|[from] Sandstorm
|-heal|p2a: Blissey|100/100|[from] item: Leftovers
|-heal|p1a: Skywalker|70/100 par|[from] item: Leftovers
|upkeep
|turn|36
|
|t:|1728435846
|move|p2a: Blissey|Seismic Toss|p1a: Skywalker
|-damage|p1a: Skywalker|40/100 par
|move|p1a: Skywalker|Brick Break|p2a: Blissey
|-supereffective|p2a: Blissey
|-damage|p2a: Blissey|48/100
|
|-weather|Sandstorm|[upkeep]
|-damage|p2a: Blissey|42/100|[from] Sandstorm
|-damage|p1a: Skywalker|34/100 par|[from] Sandstorm
|-heal|p2a: Blissey|48/100|[from] item: Leftovers
|-heal|p1a: Skywalker|40/100 par|[from] item: Leftovers
|upkeep
|turn|37
|
|t:|1728435870
|move|p2a: Blissey|Soft-Boiled|p2a: Blissey
|-heal|p2a: Blissey|98/100
|move|p1a: Skywalker|Brick Break|p2a: Blissey
|-supereffective|p2a: Blissey
|-crit|p2a: Blissey
|-damage|p2a: Blissey|0 fnt
|faint|p2a: Blissey
|
|t:|1728435875
|switch|p2a: Zapdos|Zapdos|37/100 slp
|
|-weather|Sandstorm|[upkeep]
|-damage|p2a: Zapdos|31/100 slp|[from] Sandstorm
|-damage|p1a: Skywalker|34/100 par|[from] Sandstorm
|-heal|p2a: Zapdos|37/100 slp|[from] item: Leftovers
|-heal|p1a: Skywalker|40/100 par|[from] item: Leftovers
|upkeep
|turn|38
|
|t:|1728435882
|cant|p2a: Zapdos|slp
|move|p2a: Zapdos|Sleep Talk|p2a: Zapdos
|move|p2a: Zapdos|Rest|p2a: Zapdos|[from]Sleep Talk
|move|p1a: Skywalker|Rock Slide|p2a: Zapdos|[miss]
|-miss|p1a: Skywalker|p2a: Zapdos
|
|-weather|Sandstorm|[upkeep]
|-damage|p2a: Zapdos|31/100 slp|[from] Sandstorm
|-damage|p1a: Skywalker|34/100 par|[from] Sandstorm
|-heal|p2a: Zapdos|37/100 slp|[from] item: Leftovers
|-heal|p1a: Skywalker|40/100 par|[from] item: Leftovers
|upkeep
|turn|39
|
|t:|1728435888
|cant|p2a: Zapdos|slp
|move|p2a: Zapdos|Sleep Talk|p2a: Zapdos
|move|p2a: Zapdos|Rest|p2a: Zapdos|[from]Sleep Talk
|move|p1a: Skywalker|Rock Slide|p2a: Zapdos
|-supereffective|p2a: Zapdos
|-damage|p2a: Zapdos|0 fnt
|faint|p2a: Zapdos
|
|t:|1728435894
|switch|p2a: Swampert|Swampert, F|55/100
|
|-weather|Sandstorm|[upkeep]
|-damage|p1a: Skywalker|34/100 par|[from] Sandstorm
|-heal|p2a: Swampert|61/100|[from] item: Leftovers
|-heal|p1a: Skywalker|40/100 par|[from] item: Leftovers
|upkeep
|turn|40
|
|t:|1728435897
|move|p2a: Swampert|Surf|p1a: Skywalker
|-resisted|p1a: Skywalker
|-damage|p1a: Skywalker|25/100 par
|move|p1a: Skywalker|Hidden Power|p2a: Swampert
|-damage|p2a: Swampert|33/100
|
|-weather|Sandstorm|[upkeep]
|-damage|p1a: Skywalker|19/100 par|[from] Sandstorm
|-heal|p2a: Swampert|39/100|[from] item: Leftovers
|-heal|p1a: Skywalker|25/100 par|[from] item: Leftovers
|upkeep
|turn|41
|
|t:|1728435902
|move|p2a: Swampert|Surf|p1a: Skywalker
|-resisted|p1a: Skywalker
|-damage|p1a: Skywalker|11/100 par
|cant|p1a: Skywalker|par
|
|-weather|Sandstorm|[upkeep]
|-damage|p1a: Skywalker|5/100 par|[from] Sandstorm
|-heal|p2a: Swampert|45/100|[from] item: Leftovers
|-heal|p1a: Skywalker|11/100 par|[from] item: Leftovers
|upkeep
|turn|42
|
|t:|1728435905
|move|p2a: Swampert|Surf|p1a: Skywalker
|-resisted|p1a: Skywalker
|-damage|p1a: Skywalker|0 fnt
|faint|p1a: Skywalker
|
|t:|1728435907
|switch|p1a: Pressure|Zapdos|21/100
|
|-weather|Sandstorm|[upkeep]
|-damage|p1a: Pressure|15/100|[from] Sandstorm
|-heal|p1a: Pressure|21/100|[from] item: Leftovers
|-heal|p2a: Swampert|52/100|[from] item: Leftovers
|upkeep
|turn|43
|
|t:|1728435911
|move|p2a: Swampert|Protect|p2a: Swampert
|-singleturn|p2a: Swampert|Protect
|move|p1a: Pressure|Hidden Power|p2a: Swampert
|-activate|p2a: Swampert|Protect
|
|-weather|Sandstorm|[upkeep]
|-damage|p1a: Pressure|15/100|[from] Sandstorm
|-heal|p1a: Pressure|21/100|[from] item: Leftovers
|-heal|p2a: Swampert|58/100|[from] item: Leftovers
|upkeep
|turn|44
|
|t:|1728435920
|switch|p2a: Skarmory|Skarmory, F|38/100
|move|p1a: Pressure|Hidden Power|p2a: Skarmory
|-resisted|p2a: Skarmory
|-damage|p2a: Skarmory|32/100
|
|-weather|Sandstorm|[upkeep]
|-damage|p1a: Pressure|15/100|[from] Sandstorm
|-heal|p1a: Pressure|21/100|[from] item: Leftovers
|-heal|p2a: Skarmory|38/100|[from] item: Leftovers
|upkeep
|turn|45
|
|t:|1728435925
|move|p2a: Skarmory|Protect|p2a: Skarmory
|-singleturn|p2a: Skarmory|Protect
|move|p1a: Pressure|Thunderbolt|p2a: Skarmory
|-activate|p2a: Skarmory|Protect
|
|-weather|Sandstorm|[upkeep]
|-damage|p1a: Pressure|15/100|[from] Sandstorm
|-heal|p1a: Pressure|21/100|[from] item: Leftovers
|-heal|p2a: Skarmory|44/100|[from] item: Leftovers
|upkeep
|turn|46
|
|t:|1728435932
|switch|p2a: Swampert|Swampert, F|58/100
|move|p1a: Pressure|Hidden Power|p2a: Swampert
|-supereffective|p2a: Swampert
|-damage|p2a: Swampert|0 fnt
|faint|p2a: Swampert
|c|☆Spreek|gg
|c|☆mkizzy|gg
|-message|Spreek forfeited.
|
|win|mkizzy
|player|p1|

</script>
<script type="application/json" class="data" id="replaydata-smogtours-gen3ou-796557">
{"id":"smogtours-gen3ou-796557","format":"[Gen 3] OU","players":["mkizzy","Spreek"],"uploadtime":1728435942,"views":113,"formatid":"gen3ou","rating":null,"private":0,"password":null}
</script>

<script defer src="js/replays.js?9d40a366"></script>
