<!DOCTYPE html>
<meta charset="utf-8" />
<meta name="viewport" content="width=device-width" />

<title>[Gen 3] OU: Stockings vs. fuckboyLenny - Replays - Pok&eacute;mon Showdown!</title>

<meta name="description" content="Watch a replay of a Pok&eacute;mon battle between Stockings and fuckboyLenny! Format: [Gen 3] OU; Date: Oct 9, 2024" />
<!--

Hey, you! Looking in the source for the replay log?

You can find them in JSON format, just add `.json` at the end of a replay URL.

https://replay.pokemonshowdown.com/gen7randomdoublesbattle-865046831.json

Or, if you only need the log itself, add `.log` instead:

https://replay.pokemonshowdown.com/gen7randomdoublesbattle-865046831.log

-->

<link rel="stylesheet" href="//pokemonshowdown.com/style/global.css?0.023195364461161105" />
<link rel="stylesheet" href="//play.pokemonshowdown.com/style/font-awesome.css?0.13261647063804238" />
<link rel="stylesheet" href="//play.pokemonshowdown.com/style/battle.css?0.8753245789963631" />
<link rel="stylesheet" href="//play.pokemonshowdown.com/style/utilichart.css?0.8627959624976733" />

<!-- Global site tag (gtag.js) - Google Analytics -->
<script async src="https://www.googletagmanager.com/gtag/js?id=UA-26211653-1"></script>
<script>
  window.dataLayer = window.dataLayer || [];
  function gtag(){dataLayer.push(arguments);}
  gtag('js', new Date());

  gtag('config', 'UA-26211653-1');
</script>
<!-- End Google Analytics -->
<!-- Venatus Ad Manager - Install in <HEAD> of page -->
	<script src="https://hb.vntsm.com/v3/live/ad-manager.min.js" type="text/javascript" data-site-id="642aba63ec9a7b11c3c9c1be" data-mode="scan" async></script>
<!-- / Venatus Ad Manager -->

<style>
	@media (max-width:820px) {
		.battle {
			margin: 0 auto;
		}
		.battle-log {
			margin: 7px auto 0;
			max-width: 640px;
			height: 300px;
			position: static;
		}
	}
	.optgroup {
		display: inline-block;
		line-height: 22px;
		font-size: 10pt;
	}
	.optgroup .button {
		height: 25px;
		padding-top: 0;
		padding-bottom: 0;
	}
	.optgroup button.button {
		padding-left: 12px;
		padding-right: 12px;
	}
	.linklist {
		list-style: none;
		margin: 0.5em 0;
		padding: 0;
	}
	.linklist li {
		padding: 2px 0;
	}
	.sidebar {
		float: left;
		width: 320px;
	}
	.bar-wrapper {
		max-width: 1100px;
		margin: 0 auto;
	}
	.bar-wrapper.has-sidebar {
		max-width: 1430px;
	}
	.mainbar {
		margin: 0;
		padding-right: 1px;
	}
	.mainbar.has-sidebar {
		margin-left: 330px;
	}
	@media (min-width: 1511px) {
		.sidebar {
			width: 400px;
		}
		.bar-wrapper.has-sidebar {
			max-width: 1510px;
		}
		.mainbar.has-sidebar {
			margin-left: 410px;
		}
	}
	.section.first-section {
		margin-top: 9px;
	}
	.blocklink small {
		white-space: normal;
	}
	.button {
		vertical-align: middle;
	}
	.replay-controls {
		padding-top: 10px;
	}
	.replay-controls h1 {
		font-size: 16pt;
		font-weight: normal;
		color: #CCC;
	}
	.pagelink {
		text-align: center;
	}
	.pagelink a {
		width: 150px;
	}
	.textbox, .button {
		font-size: 11pt;
		vertical-align: middle;
	}
	@media (max-width: 450px) {
		.button {
			font-size: 9pt;
		}
	}
</style>

<div>

	<header>
		<div class="nav-wrapper"><ul class="nav">
			<li><a class="button nav-first" href="//pokemonshowdown.com/"><img src="//pokemonshowdown.com/images/pokemonshowdownbeta.png" srcset="//pokemonshowdown.com/images/pokemonshowdownbeta.png 1x, //pokemonshowdown.com/images/pokemonshowdownbeta@2x.png 2x" alt="Pok&eacute;mon Showdown" width="146" height="44" /> Home</a></li>
			<li><a class="button" href="//pokemonshowdown.com/dex/">Pok&eacute;dex</a></li>
			<li><a class="button cur" href="/">Replays</a></li>
			<li><a class="button" href="//pokemonshowdown.com/ladder/">Ladder</a></li>
			<li><a class="button nav-last" href="//pokemonshowdown.com/forums/">Forum</a></li>
			<li><a class="button greenbutton nav-first nav-last" href="//play.pokemonshowdown.com/">Play</a></li>
		</ul></div>
	</header>

	<div class="main" id="main">

		<noscript><section class="section">You need to enable JavaScript to use this page; sorry!</section></noscript>

	</div>

</div>

<script defer nomodule src="//play.pokemonshowdown.com/js/lib/ps-polyfill.js"></script>
<script defer src="//play.pokemonshowdown.com/js/lib/preact.min.js"></script>

<script defer src="//play.pokemonshowdown.com/config/config.js?2bddbc15"></script>
<script defer src="//play.pokemonshowdown.com/js/lib/jquery-1.11.0.min.js"></script>
<script defer src="//play.pokemonshowdown.com/js/lib/html-sanitizer-minified.js"></script>
<script defer src="//play.pokemonshowdown.com/js/battle-sound.js"></script>
<script defer src="//play.pokemonshowdown.com/js/battledata.js?0.7209276989879541"></script>
<script defer src="//play.pokemonshowdown.com/data/pokedex-mini.js?0.6111056340867951"></script>
<script defer src="//play.pokemonshowdown.com/data/pokedex-mini-bw.js?0.3532142036491459"></script>
<script defer src="//play.pokemonshowdown.com/data/graphics.js?0.24223875632456182"></script>
<script defer src="//play.pokemonshowdown.com/data/pokedex.js?0.38839984266356864"></script>
<script defer src="//play.pokemonshowdown.com/data/moves.js?0.21866028504024015"></script>
<script defer src="//play.pokemonshowdown.com/data/abilities.js?0.2005157953846628"></script>
<script defer src="//play.pokemonshowdown.com/data/items.js?0.9894211263848525"></script>
<script defer src="//play.pokemonshowdown.com/data/teambuilder-tables.js?0.6008791140282215"></script>
<script defer src="//play.pokemonshowdown.com/js/battle-tooltips.js?0.7580118955022959"></script>
<script defer src="//play.pokemonshowdown.com/js/battle.js?0.6057722274234274"></script>

<script defer src="js/utils.js?e31f9a17"></script>
<script defer src="js/replays-battle.js?7008c182"></script>

<!-- don't scrape this data! just add .json or .log after the URL!
Full API docs: https://github.com/smogon/pokemon-showdown-client/blob/master/WEB-API.md -->
<script type="text/plain" class="log" id="replaylog-smogtours-gen3ou-796687">
|inactive|Battle timer is ON: inactive players will automatically lose when time's up.
|t:|1728496864
|gametype|singles
|player|p1|Stockings|#advpliii|
|player|p2|fuckboyLenny|101|
|teamsize|p1|6
|teamsize|p2|6
|gen|3
|tier|[Gen 3] OU
|rule|Sleep Clause Mod: Limit one foe put to sleep
|rule|Switch Priority Clause Mod: Faster Pokémon switch first
|rule|Species Clause: Limit one of each Pokémon
|rule|OHKO Clause: OHKO moves are banned
|rule|Evasion Items Clause: Evasion items are banned
|rule|Evasion Moves Clause: Evasion moves are banned
|rule|Endless Battle Clause: Forcing endless battles is banned
|rule|HP Percentage Mod: HP is shown in percentages
|rule|One Boost Passer Clause: Limit one Baton Passer that has a way to boost its stats
|rule|Freeze Clause Mod: Limit one foe frozen
|
|t:|1728496864
|start
|switch|p1a: B|Blissey, F|100/100
|switch|p2a: Mushroom|Breloom, F|100/100
|turn|1
|c|☆fuckboyLenny|glhf
|c|☆Stockings|hfhf
|
|t:|1728496888
|switch|p1a: M|Milotic, M|100/100
|move|p2a: Mushroom|Spore|p1a: M
|-status|p1a: M|slp|[from] move: Spore
|
|upkeep
|turn|2
|
|t:|1728496894
|-singleturn|p2a: Mushroom|move: Focus Punch
|switch|p1a: Sk|Skarmory, M|100/100
|move|p2a: Mushroom|Focus Punch|p1a: Sk
|-damage|p1a: Sk|37/100
|
|-heal|p1a: Sk|43/100|[from] item: Leftovers
|upkeep
|turn|3
|inactive|Stockings has 270 seconds left.
|
|t:|1728496926
|-singleturn|p2a: Mushroom|move: Focus Punch
|move|p1a: Sk|Spikes|p2a: Mushroom
|-sidestart|p2: fuckboyLenny|Spikes
|move|p2a: Mushroom|Focus Punch|p1a: Sk
|-damage|p1a: Sk|0 fnt
|faint|p1a: Sk
|
|t:|1728496929
|switch|p1a: D|Dugtrio, F|100/100
|
|upkeep
|turn|4
|
|t:|1728496936
|move|p2a: Mushroom|Mach Punch|p1a: D
|-damage|p1a: D|46/100
|move|p1a: D|Aerial Ace|p2a: Mushroom
|-supereffective|p2a: Mushroom
|-damage|p2a: Mushroom|0 fnt
|faint|p2a: Mushroom
|
|t:|1728496964
|switch|p2a: Sea Serpent|Gyarados, M|100/100
|-ability|p2a: Sea Serpent|Intimidate|boost
|-unboost|p1a: D|atk|1
|
|upkeep
|turn|5
|inactive|Stockings has 270 seconds left.
|
|t:|1728497007
|switch|p1a: M|Milotic, M|100/100 slp
|move|p2a: Sea Serpent|Dragon Dance|p2a: Sea Serpent
|-boost|p2a: Sea Serpent|atk|1
|-boost|p2a: Sea Serpent|spe|1
|
|upkeep
|turn|6
|
|t:|1728497014
|move|p2a: Sea Serpent|Dragon Dance|p2a: Sea Serpent
|-boost|p2a: Sea Serpent|atk|1
|-boost|p2a: Sea Serpent|spe|1
|cant|p1a: M|slp
|
|upkeep
|turn|7
|
|t:|1728497026
|move|p2a: Sea Serpent|Taunt|p1a: M
|-start|p1a: M|move: Taunt
|-curestatus|p1a: M|slp|[msg]
|cant|p1a: M|move: Taunt|Toxic
|
|upkeep
|turn|8
|inactive|Stockings has 270 seconds left.
|
|t:|1728497061
|switch|p1a: C|Claydol|100/100
|move|p2a: Sea Serpent|Dragon Dance|p2a: Sea Serpent
|-boost|p2a: Sea Serpent|atk|1
|-boost|p2a: Sea Serpent|spe|1
|
|upkeep
|turn|9
|
|t:|1728497090
|switch|p2a: Angry Computer|Metagross|100/100
|-damage|p2a: Angry Computer|88/100|[from] Spikes
|switch|p1a: D|Dugtrio, F|46/100
|
|-heal|p2a: Angry Computer|94/100|[from] item: Leftovers
|upkeep
|turn|10
|
|t:|1728497098
|move|p1a: D|Earthquake|p2a: Angry Computer
|-supereffective|p2a: Angry Computer
|-damage|p2a: Angry Computer|7/100
|move|p2a: Angry Computer|Psychic|p1a: D
|-damage|p1a: D|0 fnt
|faint|p1a: D
|
|t:|1728497107
|switch|p1a: M|Milotic, M|100/100
|
|-heal|p2a: Angry Computer|13/100|[from] item: Leftovers
|upkeep
|turn|11
|
|t:|1728497130
|switch|p2a: Bear|Snorlax, F|100/100
|-damage|p2a: Bear|88/100|[from] Spikes
|move|p1a: M|Surf|p2a: Bear
|-damage|p2a: Bear|71/100
|
|-heal|p2a: Bear|77/100|[from] item: Leftovers
|upkeep
|turn|12
|
|t:|1728497143
|switch|p1a: Su|Suicune|100/100
|move|p2a: Bear|Body Slam|p1a: Su
|-damage|p1a: Su|78/100
|
|-heal|p1a: Su|84/100|[from] item: Leftovers
|-heal|p2a: Bear|83/100|[from] item: Leftovers
|upkeep
|turn|13
|
|t:|1728497157
|move|p1a: Su|Calm Mind|p1a: Su
|-boost|p1a: Su|spa|1
|-boost|p1a: Su|spd|1
|move|p2a: Bear|Body Slam|p1a: Su
|-damage|p1a: Su|61/100
|
|-heal|p1a: Su|67/100|[from] item: Leftovers
|-heal|p2a: Bear|89/100|[from] item: Leftovers
|upkeep
|turn|14
|inactive|Stockings has 240 seconds left.
|
|t:|1728497184
|switch|p1a: C|Claydol|100/100
|move|p2a: Bear|Body Slam|p1a: C
|-damage|p1a: C|62/100
|-status|p1a: C|par
|
|-heal|p2a: Bear|95/100|[from] item: Leftovers
|-heal|p1a: C|68/100 par|[from] item: Leftovers
|upkeep
|turn|15
|inactive|Stockings has 240 seconds left.
|
|t:|1728497203
|switch|p1a: M|Milotic, M|100/100
|move|p2a: Bear|Shadow Ball|p1a: M
|-damage|p1a: M|81/100
|
|-heal|p1a: M|87/100|[from] item: Leftovers
|-heal|p2a: Bear|100/100|[from] item: Leftovers
|upkeep
|turn|16
|
|t:|1728497212
|move|p1a: M|Surf|p2a: Bear
|-damage|p2a: Bear|83/100
|move|p2a: Bear|Body Slam|p1a: M
|-damage|p1a: M|56/100
|
|-heal|p1a: M|62/100|[from] item: Leftovers
|-heal|p2a: Bear|89/100|[from] item: Leftovers
|upkeep
|turn|17
|
|t:|1728497220
|-singleturn|p2a: Bear|move: Focus Punch
|move|p1a: M|Surf|p2a: Bear
|-damage|p2a: Bear|69/100
|move|p2a: Bear|Focus Punch||[still]
|cant|p2a: Bear|Focus Punch|Focus Punch
|
|-heal|p1a: M|68/100|[from] item: Leftovers
|-heal|p2a: Bear|75/100|[from] item: Leftovers
|upkeep
|turn|18
|
|t:|1728497229
|move|p1a: M|Surf|p2a: Bear
|-damage|p2a: Bear|56/100
|move|p2a: Bear|Body Slam|p1a: M
|-damage|p1a: M|40/100
|
|-heal|p1a: M|46/100|[from] item: Leftovers
|-heal|p2a: Bear|62/100|[from] item: Leftovers
|upkeep
|turn|19
|
|t:|1728497236
|move|p1a: M|Surf|p2a: Bear
|-damage|p2a: Bear|44/100
|move|p2a: Bear|Body Slam|p1a: M
|-damage|p1a: M|19/100
|
|-heal|p1a: M|25/100|[from] item: Leftovers
|-heal|p2a: Bear|50/100|[from] item: Leftovers
|upkeep
|turn|20
|inactive|Stockings has 270 seconds left.
|
|t:|1728497244
|move|p1a: M|Recover|p1a: M
|-heal|p1a: M|75/100
|move|p2a: Bear|Body Slam|p1a: M
|-damage|p1a: M|44/100
|
|-heal|p1a: M|50/100|[from] item: Leftovers
|-heal|p2a: Bear|57/100|[from] item: Leftovers
|upkeep
|turn|21
|
|t:|1728497251
|move|p1a: M|Recover|p1a: M
|-heal|p1a: M|99/100
|move|p2a: Bear|Body Slam|p1a: M
|-damage|p1a: M|72/100
|
|-heal|p1a: M|78/100|[from] item: Leftovers
|-heal|p2a: Bear|63/100|[from] item: Leftovers
|upkeep
|turn|22
|
|t:|1728497259
|move|p1a: M|Surf|p2a: Bear
|-damage|p2a: Bear|46/100
|move|p2a: Bear|Body Slam|p1a: M
|-damage|p1a: M|46/100
|
|-heal|p1a: M|52/100|[from] item: Leftovers
|-heal|p2a: Bear|52/100|[from] item: Leftovers
|upkeep
|turn|23
|
|t:|1728497267
|move|p1a: M|Surf|p2a: Bear
|-damage|p2a: Bear|32/100
|move|p2a: Bear|Body Slam|p1a: M
|-damage|p1a: M|25/100
|
|-heal|p1a: M|31/100|[from] item: Leftovers
|-heal|p2a: Bear|38/100|[from] item: Leftovers
|upkeep
|turn|24
|
|t:|1728497274
|move|p1a: M|Recover|p1a: M
|-heal|p1a: M|81/100
|move|p2a: Bear|Body Slam|p1a: M
|-damage|p1a: M|53/100
|-status|p1a: M|par
|
|-heal|p2a: Bear|44/100|[from] item: Leftovers
|-heal|p1a: M|60/100 par|[from] item: Leftovers
|upkeep
|turn|25
|
|t:|1728497283
|move|p2a: Bear|Body Slam|p1a: M
|-damage|p1a: M|41/100 par
|move|p1a: M|Recover|p1a: M
|-heal|p1a: M|91/100 par
|
|-heal|p2a: Bear|50/100|[from] item: Leftovers
|-heal|p1a: M|97/100 par|[from] item: Leftovers
|upkeep
|turn|26
|
|t:|1728497309
|move|p2a: Bear|Body Slam|p1a: M
|-damage|p1a: M|77/100 par
|move|p1a: M|Surf|p2a: Bear
|-damage|p2a: Bear|30/100
|
|-heal|p2a: Bear|36/100|[from] item: Leftovers
|-heal|p1a: M|83/100 par|[from] item: Leftovers
|upkeep
|turn|27
|
|t:|1728497317
|move|p2a: Bear|Self-Destruct|p1a: M
|-damage|p1a: M|0 fnt
|faint|p2a: Bear
|faint|p1a: M
|inactive|fuckboyLenny has 270 seconds left.
|
|t:|1728497352
|switch|p1a: Su|Suicune|67/100
|switch|p2a: Sea Serpent|Gyarados, M|100/100
|-ability|p2a: Sea Serpent|Intimidate|boost
|-unboost|p1a: Su|atk|1
|
|-heal|p1a: Su|73/100|[from] item: Leftovers
|upkeep
|turn|28
|
|t:|1728497381
|move|p2a: Sea Serpent|Dragon Dance|p2a: Sea Serpent
|-boost|p2a: Sea Serpent|atk|1
|-boost|p2a: Sea Serpent|spe|1
|move|p1a: Su|Roar|p2a: Sea Serpent
|drag|p2a: Angry Computer|Metagross|13/100
|-damage|p2a: Angry Computer|1/100|[from] Spikes
|
|-heal|p1a: Su|79/100|[from] item: Leftovers
|-heal|p2a: Angry Computer|7/100|[from] item: Leftovers
|upkeep
|turn|29
|
|t:|1728497392
|move|p1a: Su|Surf|p2a: Angry Computer
|-damage|p2a: Angry Computer|0 fnt
|faint|p2a: Angry Computer
|
|t:|1728497403
|switch|p2a: Sea Serpent|Gyarados, M|100/100
|-ability|p2a: Sea Serpent|Intimidate|boost
|-unboost|p1a: Su|atk|1
|
|-heal|p1a: Su|86/100|[from] item: Leftovers
|upkeep
|turn|30
|
|t:|1728497409
|switch|p1a: C|Claydol|68/100 par
|move|p2a: Sea Serpent|Taunt|p1a: C
|-start|p1a: C|move: Taunt
|
|-heal|p1a: C|75/100 par|[from] item: Leftovers
|upkeep
|turn|31
|
|t:|1728497417
|switch|p2a: Dinosaur|Tyranitar, M|100/100
|-damage|p2a: Dinosaur|88/100|[from] Spikes
|-weather|Sandstorm|[from] ability: Sand Stream|[of] p2a: Dinosaur
|move|p1a: C|Psychic|p2a: Dinosaur
|-immune|p2a: Dinosaur
|
|-weather|Sandstorm|[upkeep]
|-heal|p2a: Dinosaur|94/100|[from] item: Leftovers
|-heal|p1a: C|81/100 par|[from] item: Leftovers
|-end|p1a: C|move: Taunt|[silent]
|upkeep
|turn|32
|inactive|fuckboyLenny has 270 seconds left.
|
|t:|1728497429
|-activate|p1a: C|move: Pursuit
|move|p2a: Dinosaur|Pursuit|p1a: C|[from]Pursuit
|-supereffective|p1a: C
|-damage|p1a: C|26/100 par
|switch|p1a: Su|Suicune|86/100
|
|-weather|Sandstorm|[upkeep]
|-damage|p1a: Su|79/100|[from] Sandstorm
|-heal|p1a: Su|86/100|[from] item: Leftovers
|-heal|p2a: Dinosaur|100/100|[from] item: Leftovers
|upkeep
|turn|33
|inactive|fuckboyLenny has 270 seconds left.
|
|t:|1728497446
|switch|p2a: Sea Serpent|Gyarados, M|100/100
|-ability|p2a: Sea Serpent|Intimidate|boost
|-unboost|p1a: Su|atk|1
|move|p1a: Su|Calm Mind|p1a: Su
|-boost|p1a: Su|spa|1
|-boost|p1a: Su|spd|1
|
|-weather|Sandstorm|[upkeep]
|-damage|p2a: Sea Serpent|94/100|[from] Sandstorm
|-damage|p1a: Su|79/100|[from] Sandstorm
|-heal|p2a: Sea Serpent|100/100|[from] item: Leftovers
|-heal|p1a: Su|86/100|[from] item: Leftovers
|upkeep
|turn|34
|inactive|fuckboyLenny has 270 seconds left.
|
|t:|1728497457
|move|p2a: Sea Serpent|Taunt|p1a: Su
|-start|p1a: Su|move: Taunt
|move|p1a: Su|Surf|p2a: Sea Serpent
|-resisted|p2a: Sea Serpent
|-damage|p2a: Sea Serpent|78/100
|
|-weather|Sandstorm|[upkeep]
|-damage|p2a: Sea Serpent|72/100|[from] Sandstorm
|-damage|p1a: Su|79/100|[from] Sandstorm
|-heal|p2a: Sea Serpent|78/100|[from] item: Leftovers
|-heal|p1a: Su|86/100|[from] item: Leftovers
|upkeep
|turn|35
|inactive|fuckboyLenny has 270 seconds left.
|
|t:|1728497467
|move|p2a: Sea Serpent|Dragon Dance|p2a: Sea Serpent
|-boost|p2a: Sea Serpent|atk|1
|-boost|p2a: Sea Serpent|spe|1
|move|p1a: Su|Surf|p2a: Sea Serpent
|-resisted|p2a: Sea Serpent
|-crit|p2a: Sea Serpent
|-damage|p2a: Sea Serpent|35/100
|
|-weather|Sandstorm|[upkeep]
|-damage|p2a: Sea Serpent|29/100|[from] Sandstorm
|-damage|p1a: Su|79/100|[from] Sandstorm
|-heal|p2a: Sea Serpent|35/100|[from] item: Leftovers
|-heal|p1a: Su|86/100|[from] item: Leftovers
|-end|p1a: Su|move: Taunt|[silent]
|upkeep
|turn|36
|inactive|fuckboyLenny has 270 seconds left.
|
|t:|1728497478
|move|p2a: Sea Serpent|Earthquake|p1a: Su
|-damage|p1a: Su|55/100
|move|p1a: Su|Surf|p2a: Sea Serpent
|-resisted|p2a: Sea Serpent
|-damage|p2a: Sea Serpent|13/100
|
|-weather|Sandstorm|[upkeep]
|-damage|p2a: Sea Serpent|7/100|[from] Sandstorm
|-damage|p1a: Su|49/100|[from] Sandstorm
|-heal|p2a: Sea Serpent|13/100|[from] item: Leftovers
|-heal|p1a: Su|55/100|[from] item: Leftovers
|upkeep
|turn|37
|inactive|fuckboyLenny has 270 seconds left.
|
|t:|1728497513
|move|p2a: Sea Serpent|Taunt|p1a: Su
|-start|p1a: Su|move: Taunt
|move|p1a: Su|Surf|p2a: Sea Serpent
|-resisted|p2a: Sea Serpent
|-damage|p2a: Sea Serpent|0 fnt
|faint|p2a: Sea Serpent
|
|t:|1728497519
|switch|p2a: Dinosaur|Tyranitar, M|100/100
|-damage|p2a: Dinosaur|88/100|[from] Spikes
|
|-weather|Sandstorm|[upkeep]
|-damage|p1a: Su|49/100|[from] Sandstorm
|-heal|p1a: Su|55/100|[from] item: Leftovers
|-heal|p2a: Dinosaur|94/100|[from] item: Leftovers
|upkeep
|turn|38
|
|t:|1728497527
|move|p1a: Su|Surf|p2a: Dinosaur
|-supereffective|p2a: Dinosaur
|-damage|p2a: Dinosaur|21/100
|move|p2a: Dinosaur|Crunch|p1a: Su
|-damage|p1a: Su|35/100
|
|-weather|Sandstorm|[upkeep]
|-damage|p1a: Su|29/100|[from] Sandstorm
|-heal|p1a: Su|35/100|[from] item: Leftovers
|-end|p1a: Su|move: Taunt|[silent]
|-heal|p2a: Dinosaur|27/100|[from] item: Leftovers
|upkeep
|turn|39
|
|t:|1728497538
|move|p1a: Su|Rest|p1a: Su
|-status|p1a: Su|slp|[from] move: Rest
|-heal|p1a: Su|100/100 slp|[silent]
|move|p2a: Dinosaur|Crunch|p1a: Su
|-damage|p1a: Su|83/100 slp
|
|-weather|Sandstorm|[upkeep]
|-damage|p1a: Su|77/100 slp|[from] Sandstorm
|-heal|p1a: Su|83/100 slp|[from] item: Leftovers
|-heal|p2a: Dinosaur|33/100|[from] item: Leftovers
|upkeep
|turn|40
|inactive|fuckboyLenny has 240 seconds left.
|inactive|fuckboyLenny has 210 seconds left.
|
|t:|1728497603
|cant|p1a: Su|slp
|move|p2a: Dinosaur|Crunch|p1a: Su
|-damage|p1a: Su|64/100 slp
|
|-weather|Sandstorm|[upkeep]
|-damage|p1a: Su|58/100 slp|[from] Sandstorm
|-heal|p1a: Su|64/100 slp|[from] item: Leftovers
|-heal|p2a: Dinosaur|39/100|[from] item: Leftovers
|upkeep
|turn|41
|
|t:|1728497612
|cant|p1a: Su|slp
|move|p2a: Dinosaur|Crunch|p1a: Su
|-damage|p1a: Su|44/100 slp
|
|-weather|Sandstorm|[upkeep]
|-damage|p1a: Su|38/100 slp|[from] Sandstorm
|-heal|p1a: Su|44/100 slp|[from] item: Leftovers
|-heal|p2a: Dinosaur|45/100|[from] item: Leftovers
|upkeep
|turn|42
|inactive|fuckboyLenny has 210 seconds left.
|
|t:|1728497629
|-curestatus|p1a: Su|slp|[msg]
|move|p1a: Su|Calm Mind|p1a: Su
|-boost|p1a: Su|spa|1
|-boost|p1a: Su|spd|1
|move|p2a: Dinosaur|Crunch|p1a: Su
|-damage|p1a: Su|29/100
|
|-weather|Sandstorm|[upkeep]
|-damage|p1a: Su|23/100|[from] Sandstorm
|-heal|p1a: Su|29/100|[from] item: Leftovers
|-heal|p2a: Dinosaur|51/100|[from] item: Leftovers
|upkeep
|turn|43
|inactive|fuckboyLenny has 180 seconds left.
|
|t:|1728497664
|move|p1a: Su|Rest|p1a: Su
|-status|p1a: Su|slp|[from] move: Rest
|-heal|p1a: Su|100/100 slp|[silent]
|move|p2a: Dinosaur|Brick Break|p1a: Su
|-damage|p1a: Su|88/100 slp
|
|-weather|Sandstorm|[upkeep]
|-damage|p1a: Su|81/100 slp|[from] Sandstorm
|-heal|p1a: Su|88/100 slp|[from] item: Leftovers
|-heal|p2a: Dinosaur|58/100|[from] item: Leftovers
|upkeep
|turn|44
|inactive|fuckboyLenny has 180 seconds left.
|inactive|fuckboyLenny has 150 seconds left.
|
|t:|1728497706
|cant|p1a: Su|slp
|move|p2a: Dinosaur|Crunch|p1a: Su
|-damage|p1a: Su|72/100 slp
|
|-weather|Sandstorm|[upkeep]
|-damage|p1a: Su|66/100 slp|[from] Sandstorm
|-heal|p1a: Su|72/100 slp|[from] item: Leftovers
|-heal|p2a: Dinosaur|64/100|[from] item: Leftovers
|upkeep
|turn|45
|inactive|fuckboyLenny has 150 seconds left.
|
|t:|1728497715
|cant|p1a: Su|slp
|move|p2a: Dinosaur|Crunch|p1a: Su
|-damage|p1a: Su|56/100 slp
|
|-weather|Sandstorm|[upkeep]
|-damage|p1a: Su|50/100 slp|[from] Sandstorm
|-heal|p1a: Su|56/100 slp|[from] item: Leftovers
|-heal|p2a: Dinosaur|70/100|[from] item: Leftovers
|upkeep
|turn|46
|
|t:|1728497723
|-curestatus|p1a: Su|slp|[msg]
|move|p1a: Su|Surf|p2a: Dinosaur
|-supereffective|p2a: Dinosaur
|-damage|p2a: Dinosaur|0 fnt
|faint|p2a: Dinosaur
|
|t:|1728497729
|switch|p2a: Ironman|Scizor, M, shiny|100/100
|-damage|p2a: Ironman|88/100|[from] Spikes
|
|-weather|Sandstorm|[upkeep]
|-damage|p1a: Su|50/100|[from] Sandstorm
|-heal|p1a: Su|56/100|[from] item: Leftovers
|upkeep
|turn|47
|
|t:|1728497737
|move|p2a: Ironman|Swords Dance|p2a: Ironman
|-boost|p2a: Ironman|atk|2
|move|p1a: Su|Surf|p2a: Ironman
|-crit|p2a: Ironman
|-damage|p2a: Ironman|0 fnt
|faint|p2a: Ironman
|
|win|Stockings
|c|☆Stockings|gg
|c|☆fuckboyLenny|gg

</script>
<script type="application/json" class="data" id="replaydata-smogtours-gen3ou-796687">
{"id":"smogtours-gen3ou-796687","format":"[Gen 3] OU","players":["Stockings","fuckboyLenny"],"uploadtime":1728497737,"views":112,"formatid":"gen3ou","rating":null,"private":0,"password":null}
</script>

<script defer src="js/replays.js?9d40a366"></script>
