<!DOCTYPE html>
<meta charset="utf-8" />
<meta name="viewport" content="width=device-width" />

<title>[Gen 3] OU: Genexys vs. Tasmanian Demon - Replays - Pok&eacute;mon Showdown!</title>

<meta name="description" content="Watch a replay of a Pok&eacute;mon battle between Genexys and Tasmanian Demon! Format: [Gen 3] OU; Date: Oct 10, 2024" />
<!--

Hey, you! Looking in the source for the replay log?

You can find them in JSON format, just add `.json` at the end of a replay URL.

https://replay.pokemonshowdown.com/gen7randomdoublesbattle-865046831.json

Or, if you only need the log itself, add `.log` instead:

https://replay.pokemonshowdown.com/gen7randomdoublesbattle-865046831.log

-->

<link rel="stylesheet" href="//pokemonshowdown.com/style/global.css?0.023195364461161105" />
<link rel="stylesheet" href="//play.pokemonshowdown.com/style/font-awesome.css?0.13261647063804238" />
<link rel="stylesheet" href="//play.pokemonshowdown.com/style/battle.css?0.8753245789963631" />
<link rel="stylesheet" href="//play.pokemonshowdown.com/style/utilichart.css?0.8627959624976733" />

<!-- Global site tag (gtag.js) - Google Analytics -->
<script async src="https://www.googletagmanager.com/gtag/js?id=UA-26211653-1"></script>
<script>
  window.dataLayer = window.dataLayer || [];
  function gtag(){dataLayer.push(arguments);}
  gtag('js', new Date());

  gtag('config', 'UA-26211653-1');
</script>
<!-- End Google Analytics -->
<!-- Venatus Ad Manager - Install in <HEAD> of page -->
	<script src="https://hb.vntsm.com/v3/live/ad-manager.min.js" type="text/javascript" data-site-id="642aba63ec9a7b11c3c9c1be" data-mode="scan" async></script>
<!-- / Venatus Ad Manager -->

<style>
	@media (max-width:820px) {
		.battle {
			margin: 0 auto;
		}
		.battle-log {
			margin: 7px auto 0;
			max-width: 640px;
			height: 300px;
			position: static;
		}
	}
	.optgroup {
		display: inline-block;
		line-height: 22px;
		font-size: 10pt;
	}
	.optgroup .button {
		height: 25px;
		padding-top: 0;
		padding-bottom: 0;
	}
	.optgroup button.button {
		padding-left: 12px;
		padding-right: 12px;
	}
	.linklist {
		list-style: none;
		margin: 0.5em 0;
		padding: 0;
	}
	.linklist li {
		padding: 2px 0;
	}
	.sidebar {
		float: left;
		width: 320px;
	}
	.bar-wrapper {
		max-width: 1100px;
		margin: 0 auto;
	}
	.bar-wrapper.has-sidebar {
		max-width: 1430px;
	}
	.mainbar {
		margin: 0;
		padding-right: 1px;
	}
	.mainbar.has-sidebar {
		margin-left: 330px;
	}
	@media (min-width: 1511px) {
		.sidebar {
			width: 400px;
		}
		.bar-wrapper.has-sidebar {
			max-width: 1510px;
		}
		.mainbar.has-sidebar {
			margin-left: 410px;
		}
	}
	.section.first-section {
		margin-top: 9px;
	}
	.blocklink small {
		white-space: normal;
	}
	.button {
		vertical-align: middle;
	}
	.replay-controls {
		padding-top: 10px;
	}
	.replay-controls h1 {
		font-size: 16pt;
		font-weight: normal;
		color: #CCC;
	}
	.pagelink {
		text-align: center;
	}
	.pagelink a {
		width: 150px;
	}
	.textbox, .button {
		font-size: 11pt;
		vertical-align: middle;
	}
	@media (max-width: 450px) {
		.button {
			font-size: 9pt;
		}
	}
</style>

<div>

	<header>
		<div class="nav-wrapper"><ul class="nav">
			<li><a class="button nav-first" href="//pokemonshowdown.com/"><img src="//pokemonshowdown.com/images/pokemonshowdownbeta.png" srcset="//pokemonshowdown.com/images/pokemonshowdownbeta.png 1x, //pokemonshowdown.com/images/pokemonshowdownbeta@2x.png 2x" alt="Pok&eacute;mon Showdown" width="146" height="44" /> Home</a></li>
			<li><a class="button" href="//pokemonshowdown.com/dex/">Pok&eacute;dex</a></li>
			<li><a class="button cur" href="/">Replays</a></li>
			<li><a class="button" href="//pokemonshowdown.com/ladder/">Ladder</a></li>
			<li><a class="button nav-last" href="//pokemonshowdown.com/forums/">Forum</a></li>
			<li><a class="button greenbutton nav-first nav-last" href="//play.pokemonshowdown.com/">Play</a></li>
		</ul></div>
	</header>

	<div class="main" id="main">

		<noscript><section class="section">You need to enable JavaScript to use this page; sorry!</section></noscript>

	</div>

</div>

<script defer nomodule src="//play.pokemonshowdown.com/js/lib/ps-polyfill.js"></script>
<script defer src="//play.pokemonshowdown.com/js/lib/preact.min.js"></script>

<script defer src="//play.pokemonshowdown.com/config/config.js?2bddbc15"></script>
<script defer src="//play.pokemonshowdown.com/js/lib/jquery-1.11.0.min.js"></script>
<script defer src="//play.pokemonshowdown.com/js/lib/html-sanitizer-minified.js"></script>
<script defer src="//play.pokemonshowdown.com/js/battle-sound.js"></script>
<script defer src="//play.pokemonshowdown.com/js/battledata.js?0.7209276989879541"></script>
<script defer src="//play.pokemonshowdown.com/data/pokedex-mini.js?0.6111056340867951"></script>
<script defer src="//play.pokemonshowdown.com/data/pokedex-mini-bw.js?0.3532142036491459"></script>
<script defer src="//play.pokemonshowdown.com/data/graphics.js?0.24223875632456182"></script>
<script defer src="//play.pokemonshowdown.com/data/pokedex.js?0.38839984266356864"></script>
<script defer src="//play.pokemonshowdown.com/data/moves.js?0.21866028504024015"></script>
<script defer src="//play.pokemonshowdown.com/data/abilities.js?0.2005157953846628"></script>
<script defer src="//play.pokemonshowdown.com/data/items.js?0.9894211263848525"></script>
<script defer src="//play.pokemonshowdown.com/data/teambuilder-tables.js?0.6008791140282215"></script>
<script defer src="//play.pokemonshowdown.com/js/battle-tooltips.js?0.7580118955022959"></script>
<script defer src="//play.pokemonshowdown.com/js/battle.js?0.6057722274234274"></script>

<script defer src="js/utils.js?e31f9a17"></script>
<script defer src="js/replays-battle.js?7008c182"></script>

<!-- don't scrape this data! just add .json or .log after the URL!
Full API docs: https://github.com/smogon/pokemon-showdown-client/blob/master/WEB-API.md -->
<script type="text/plain" class="log" id="replaylog-smogtours-gen3ou-797047">
|inactive|Battle timer is ON: inactive players will automatically lose when time's up.
|t:|1728598288
|gametype|singles
|player|p1|Genexys|ghetsis|
|player|p2|Tasmanian Demon|rood|
|teamsize|p1|6
|teamsize|p2|6
|gen|3
|tier|[Gen 3] OU
|rule|Sleep Clause Mod: Limit one foe put to sleep
|rule|Switch Priority Clause Mod: Faster Pokémon switch first
|rule|Species Clause: Limit one of each Pokémon
|rule|OHKO Clause: OHKO moves are banned
|rule|Evasion Items Clause: Evasion items are banned
|rule|Evasion Moves Clause: Evasion moves are banned
|rule|Endless Battle Clause: Forcing endless battles is banned
|rule|HP Percentage Mod: HP is shown in percentages
|rule|One Boost Passer Clause: Limit one Baton Passer that has a way to boost its stats
|rule|Freeze Clause Mod: Limit one foe frozen
|
|t:|1728598288
|start
|switch|p1a: Crackdos|Zapdos|100/100
|switch|p2a: Tyranitar|Tyranitar, M|100/100
|-weather|Sandstorm|[from] ability: Sand Stream|[of] p2a: Tyranitar
|turn|1
|c|☆Genexys|glhf
|
|t:|1728598294
|switch|p1a: MetaGROSS #OWNED|Metagross, shiny|100/100
|move|p2a: Tyranitar|Rock Slide|p1a: MetaGROSS #OWNED
|-resisted|p1a: MetaGROSS #OWNED
|-crit|p1a: MetaGROSS #OWNED
|-damage|p1a: MetaGROSS #OWNED|68/100
|
|-weather|Sandstorm|[upkeep]
|upkeep
|turn|2
|
|t:|1728598301
|switch|p2a: Swampert|Swampert, M|100/100
|move|p1a: MetaGROSS #OWNED|Meteor Mash|p2a: Swampert
|-resisted|p2a: Swampert
|-damage|p2a: Swampert|68/100
|-boost|p1a: MetaGROSS #OWNED|atk|1
|
|-weather|Sandstorm|[upkeep]
|-heal|p2a: Swampert|74/100|[from] item: Leftovers
|upkeep
|turn|3
|
|t:|1728598309
|switch|p1a: glorp gnarp|Vaporeon, F|100/100
|move|p2a: Swampert|Surf|p1a: glorp gnarp
|-immune|p1a: glorp gnarp|[from] ability: Water Absorb
|
|-weather|Sandstorm|[upkeep]
|-damage|p1a: glorp gnarp|94/100|[from] Sandstorm
|-heal|p1a: glorp gnarp|100/100|[from] item: Leftovers
|-heal|p2a: Swampert|80/100|[from] item: Leftovers
|upkeep
|turn|4
|
|t:|1728598314
|switch|p2a: Forretress|Forretress, M|100/100
|move|p1a: glorp gnarp|Baton Pass|p1a: glorp gnarp
|
|t:|1728598316
|switch|p1a: Crackdos|Zapdos|100/100|[from] Baton Pass
|
|-weather|Sandstorm|[upkeep]
|-damage|p1a: Crackdos|94/100|[from] Sandstorm
|-heal|p1a: Crackdos|100/100|[from] item: Leftovers
|upkeep
|turn|5
|
|t:|1728598322
|move|p1a: Crackdos|Substitute|p1a: Crackdos
|-start|p1a: Crackdos|Substitute
|-damage|p1a: Crackdos|76/100
|move|p2a: Forretress|Spikes|p1a: Crackdos
|-sidestart|p1: Genexys|Spikes
|
|-weather|Sandstorm|[upkeep]
|-damage|p1a: Crackdos|69/100|[from] Sandstorm
|-heal|p1a: Crackdos|76/100|[from] item: Leftovers
|upkeep
|turn|6
|
|t:|1728598327
|move|p1a: Crackdos|Thunderbolt|p2a: Forretress
|-damage|p2a: Forretress|56/100
|move|p2a: Forretress|Spikes|p1a: Crackdos
|-sidestart|p1: Genexys|Spikes
|
|-weather|Sandstorm|[upkeep]
|-damage|p1a: Crackdos|69/100|[from] Sandstorm
|-heal|p1a: Crackdos|76/100|[from] item: Leftovers
|-heal|p2a: Forretress|62/100|[from] item: Leftovers
|upkeep
|turn|7
|
|t:|1728598331
|switch|p2a: Blissey|Blissey, F|100/100
|move|p1a: Crackdos|Thunderbolt|p2a: Blissey
|-damage|p2a: Blissey|81/100
|
|-weather|Sandstorm|[upkeep]
|-damage|p1a: Crackdos|69/100|[from] Sandstorm
|-damage|p2a: Blissey|75/100|[from] Sandstorm
|-heal|p1a: Crackdos|76/100|[from] item: Leftovers
|-heal|p2a: Blissey|81/100|[from] item: Leftovers
|upkeep
|turn|8
|
|t:|1728598348
|move|p1a: Crackdos|Baton Pass|p1a: Crackdos
|
|t:|1728598350
|switch|p1a: Soulja Boy|Heracross, F|100/100|[from] Baton Pass
|-damage|p1a: Soulja Boy|84/100|[from] Spikes
|move|p2a: Blissey|Seismic Toss|p1a: Soulja Boy
|-end|p1a: Soulja Boy|Substitute
|
|-weather|Sandstorm|[upkeep]
|-damage|p1a: Soulja Boy|78/100|[from] Sandstorm
|-damage|p2a: Blissey|75/100|[from] Sandstorm
|-heal|p2a: Blissey|81/100|[from] item: Leftovers
|upkeep
|turn|9
|
|t:|1728598357
|-singleturn|p1a: Soulja Boy|move: Focus Punch
|switch|p2a: Forretress|Forretress, M|62/100
|move|p1a: Soulja Boy|Focus Punch|p2a: Forretress
|-damage|p2a: Forretress|0 fnt
|faint|p2a: Forretress
|
|t:|1728598359
|switch|p2a: Charizard|Charizard, F|100/100
|
|-weather|Sandstorm|[upkeep]
|-damage|p2a: Charizard|94/100|[from] Sandstorm
|-damage|p1a: Soulja Boy|72/100|[from] Sandstorm
|-heal|p2a: Charizard|100/100|[from] item: Leftovers
|upkeep
|turn|10
|
|t:|1728598364
|switch|p1a: glorp gnarp|Vaporeon, F|100/100
|-damage|p1a: glorp gnarp|84/100|[from] Spikes
|move|p2a: Charizard|Substitute|p2a: Charizard
|-start|p2a: Charizard|Substitute
|-damage|p2a: Charizard|76/100
|
|-weather|Sandstorm|[upkeep]
|-damage|p2a: Charizard|70/100|[from] Sandstorm
|-damage|p1a: glorp gnarp|78/100|[from] Sandstorm
|-heal|p2a: Charizard|76/100|[from] item: Leftovers
|-heal|p1a: glorp gnarp|84/100|[from] item: Leftovers
|upkeep
|turn|11
|
|t:|1728598366
|move|p2a: Charizard|Hidden Power|p1a: glorp gnarp
|-supereffective|p1a: glorp gnarp
|-damage|p1a: glorp gnarp|51/100
|move|p1a: glorp gnarp|Surf|p2a: Charizard
|-supereffective|p2a: Charizard
|-end|p2a: Charizard|Substitute
|
|-weather|Sandstorm|[upkeep]
|-damage|p2a: Charizard|70/100|[from] Sandstorm
|-damage|p1a: glorp gnarp|45/100|[from] Sandstorm
|-heal|p2a: Charizard|76/100|[from] item: Leftovers
|-heal|p1a: glorp gnarp|51/100|[from] item: Leftovers
|upkeep
|turn|12
|
|t:|1728598372
|switch|p2a: Breloom|Breloom, M|100/100
|move|p1a: glorp gnarp|Baton Pass|p1a: glorp gnarp
|
|t:|1728598376
|switch|p1a: Crackdos|Zapdos|76/100|[from] Baton Pass
|
|-weather|Sandstorm|[upkeep]
|-damage|p1a: Crackdos|69/100|[from] Sandstorm
|-damage|p2a: Breloom|94/100|[from] Sandstorm
|-heal|p1a: Crackdos|76/100|[from] item: Leftovers
|-heal|p2a: Breloom|100/100|[from] item: Leftovers
|upkeep
|turn|13
|
|t:|1728598382
|switch|p2a: Blissey|Blissey, F|81/100
|move|p1a: Crackdos|Drill Peck|p2a: Blissey
|-damage|p2a: Blissey|59/100
|
|-weather|Sandstorm|[upkeep]
|-damage|p1a: Crackdos|69/100|[from] Sandstorm
|-damage|p2a: Blissey|53/100|[from] Sandstorm
|-heal|p1a: Crackdos|76/100|[from] item: Leftovers
|-heal|p2a: Blissey|59/100|[from] item: Leftovers
|upkeep
|turn|14
|
|t:|1728598390
|switch|p1a: kebab|Blissey, F|100/100
|-damage|p1a: kebab|84/100|[from] Spikes
|move|p2a: Blissey|Soft-Boiled|p2a: Blissey
|-heal|p2a: Blissey|100/100
|
|-weather|Sandstorm|[upkeep]
|-damage|p2a: Blissey|94/100|[from] Sandstorm
|-damage|p1a: kebab|78/100|[from] Sandstorm
|-heal|p1a: kebab|84/100|[from] item: Leftovers
|-heal|p2a: Blissey|100/100|[from] item: Leftovers
|upkeep
|turn|15
|
|t:|1728598397
|move|p2a: Blissey|Thunder Wave|p1a: kebab
|-status|p1a: kebab|par
|move|p1a: kebab|Wish|p1a: kebab
|
|-weather|Sandstorm|[upkeep]
|-damage|p2a: Blissey|94/100|[from] Sandstorm
|-damage|p1a: kebab|78/100 par|[from] Sandstorm
|-heal|p2a: Blissey|100/100|[from] item: Leftovers
|-heal|p1a: kebab|84/100 par|[from] item: Leftovers
|upkeep
|turn|16
|
|t:|1728598405
|-curestatus|p1a: kebab|par|[from] ability: Natural Cure
|switch|p1a: DaExtinctionAgenda|Claydol|100/100
|move|p2a: Blissey|Seismic Toss|p1a: DaExtinctionAgenda
|-damage|p1a: DaExtinctionAgenda|70/100
|
|-heal|p1a: DaExtinctionAgenda|100/100|[from] move: Wish|[wisher] kebab
|-weather|Sandstorm|[upkeep]
|-damage|p2a: Blissey|94/100|[from] Sandstorm
|-heal|p2a: Blissey|100/100|[from] item: Leftovers
|upkeep
|turn|17
|
|t:|1728598412
|switch|p2a: Breloom|Breloom, M|100/100
|move|p1a: DaExtinctionAgenda|Rapid Spin|p2a: Breloom
|-damage|p2a: Breloom|92/100
|-sideend|p1: Genexys|Spikes|[from] move: Rapid Spin|[of] p1a: DaExtinctionAgenda
|
|-weather|Sandstorm|[upkeep]
|-damage|p2a: Breloom|86/100|[from] Sandstorm
|-heal|p2a: Breloom|92/100|[from] item: Leftovers
|upkeep
|turn|18
|
|t:|1728598416
|move|p2a: Breloom|Spore|p1a: DaExtinctionAgenda
|-status|p1a: DaExtinctionAgenda|slp|[from] move: Spore
|cant|p1a: DaExtinctionAgenda|slp
|
|-weather|Sandstorm|[upkeep]
|-damage|p2a: Breloom|86/100|[from] Sandstorm
|-heal|p2a: Breloom|92/100|[from] item: Leftovers
|upkeep
|turn|19
|
|t:|1728598423
|switch|p1a: Crackdos|Zapdos|76/100
|move|p2a: Breloom|Sky Uppercut|p1a: Crackdos
|-resisted|p1a: Crackdos
|-crit|p1a: Crackdos
|-damage|p1a: Crackdos|21/100
|
|-weather|Sandstorm|[upkeep]
|-damage|p1a: Crackdos|15/100|[from] Sandstorm
|-damage|p2a: Breloom|86/100|[from] Sandstorm
|-heal|p1a: Crackdos|21/100|[from] item: Leftovers
|-heal|p2a: Breloom|92/100|[from] item: Leftovers
|upkeep
|turn|20
|
|t:|1728598429
|switch|p2a: Blissey|Blissey, F|100/100
|move|p1a: Crackdos|Drill Peck|p2a: Blissey
|-damage|p2a: Blissey|79/100
|
|-weather|Sandstorm|[upkeep]
|-damage|p1a: Crackdos|15/100|[from] Sandstorm
|-damage|p2a: Blissey|73/100|[from] Sandstorm
|-heal|p1a: Crackdos|21/100|[from] item: Leftovers
|-heal|p2a: Blissey|79/100|[from] item: Leftovers
|upkeep
|turn|21
|
|t:|1728598435
|switch|p1a: MetaGROSS #OWNED|Metagross, shiny|68/100
|move|p2a: Blissey|Seismic Toss|p1a: MetaGROSS #OWNED
|-damage|p1a: MetaGROSS #OWNED|36/100
|
|-weather|Sandstorm|[upkeep]
|-damage|p2a: Blissey|73/100|[from] Sandstorm
|-heal|p2a: Blissey|79/100|[from] item: Leftovers
|upkeep
|turn|22
|
|t:|1728598440
|switch|p2a: Swampert|Swampert, M|80/100
|move|p1a: MetaGROSS #OWNED|Toxic|p2a: Swampert
|-status|p2a: Swampert|tox
|
|-weather|Sandstorm|[upkeep]
|-heal|p2a: Swampert|87/100 tox|[from] item: Leftovers
|-damage|p2a: Swampert|80/100 tox|[from] psn
|upkeep
|turn|23
|
|t:|1728598447
|switch|p1a: Soulja Boy|Heracross, F|72/100
|switch|p2a: Breloom|Breloom, M|92/100
|
|-weather|Sandstorm|[upkeep]
|-damage|p1a: Soulja Boy|66/100|[from] Sandstorm
|-damage|p2a: Breloom|86/100|[from] Sandstorm
|-heal|p2a: Breloom|92/100|[from] item: Leftovers
|upkeep
|turn|24
|
|t:|1728598454
|move|p1a: Soulja Boy|Brick Break|p2a: Breloom
|-damage|p2a: Breloom|0 fnt
|faint|p2a: Breloom
|
|t:|1728598461
|switch|p2a: Charizard|Charizard, F|76/100
|
|-weather|Sandstorm|[upkeep]
|-damage|p2a: Charizard|70/100|[from] Sandstorm
|-damage|p1a: Soulja Boy|60/100|[from] Sandstorm
|-heal|p2a: Charizard|76/100|[from] item: Leftovers
|upkeep
|turn|25
|
|t:|1728598464
|switch|p1a: Crackdos|Zapdos|21/100
|move|p2a: Charizard|Fire Blast|p1a: Crackdos
|-damage|p1a: Crackdos|0 fnt
|faint|p1a: Crackdos
|
|t:|1728598469
|switch|p1a: kebab|Blissey, F|84/100
|
|-weather|Sandstorm|[upkeep]
|-damage|p2a: Charizard|70/100|[from] Sandstorm
|-damage|p1a: kebab|78/100|[from] Sandstorm
|-heal|p2a: Charizard|76/100|[from] item: Leftovers
|-heal|p1a: kebab|84/100|[from] item: Leftovers
|upkeep
|turn|26
|
|t:|1728598479
|switch|p2a: Tyranitar|Tyranitar, M|100/100
|move|p1a: kebab|Wish|p1a: kebab
|
|-weather|Sandstorm|[upkeep]
|-damage|p1a: kebab|78/100|[from] Sandstorm
|-heal|p1a: kebab|84/100|[from] item: Leftovers
|upkeep
|turn|27
|
|t:|1728598486
|switch|p1a: Soulja Boy|Heracross, F|60/100
|move|p2a: Tyranitar|Dragon Dance|p2a: Tyranitar
|-boost|p2a: Tyranitar|atk|1
|-boost|p2a: Tyranitar|spe|1
|
|-heal|p1a: Soulja Boy|100/100|[from] move: Wish|[wisher] kebab
|-weather|Sandstorm|[upkeep]
|-damage|p1a: Soulja Boy|95/100|[from] Sandstorm
|upkeep
|turn|28
|
|t:|1728598491
|move|p2a: Tyranitar|Rock Slide|p1a: Soulja Boy
|-damage|p1a: Soulja Boy|2/100
|move|p1a: Soulja Boy|Brick Break|p2a: Tyranitar
|-supereffective|p2a: Tyranitar
|-damage|p2a: Tyranitar|0 fnt
|faint|p2a: Tyranitar
|
|t:|1728598496
|switch|p2a: Charizard|Charizard, F|76/100
|
|-weather|Sandstorm|[upkeep]
|-damage|p2a: Charizard|70/100|[from] Sandstorm
|-damage|p1a: Soulja Boy|0 fnt|[from] Sandstorm
|faint|p1a: Soulja Boy
|-heal|p2a: Charizard|76/100|[from] item: Leftovers
|upkeep
|
|t:|1728598501
|switch|p1a: glorp gnarp|Vaporeon, F|51/100
|turn|29
|
|t:|1728598506
|move|p2a: Charizard|Substitute|p2a: Charizard
|-start|p2a: Charizard|Substitute
|-damage|p2a: Charizard|51/100
|move|p1a: glorp gnarp|Surf|p2a: Charizard
|-supereffective|p2a: Charizard
|-end|p2a: Charizard|Substitute
|
|-weather|Sandstorm|[upkeep]
|-damage|p2a: Charizard|45/100|[from] Sandstorm
|-damage|p1a: glorp gnarp|45/100|[from] Sandstorm
|-heal|p2a: Charizard|51/100|[from] item: Leftovers
|-heal|p1a: glorp gnarp|51/100|[from] item: Leftovers
|upkeep
|turn|30
|
|t:|1728598509
|switch|p2a: Blissey|Blissey, F|79/100
|move|p1a: glorp gnarp|Surf|p2a: Blissey
|-damage|p2a: Blissey|65/100
|
|-weather|Sandstorm|[upkeep]
|-damage|p1a: glorp gnarp|45/100|[from] Sandstorm
|-damage|p2a: Blissey|59/100|[from] Sandstorm
|-heal|p1a: glorp gnarp|51/100|[from] item: Leftovers
|-heal|p2a: Blissey|65/100|[from] item: Leftovers
|upkeep
|turn|31
|
|t:|1728598513
|switch|p1a: DaExtinctionAgenda|Claydol|100/100 slp
|move|p2a: Blissey|Thunder Wave|p1a: DaExtinctionAgenda
|-immune|p1a: DaExtinctionAgenda
|
|-weather|Sandstorm|[upkeep]
|-damage|p2a: Blissey|59/100|[from] Sandstorm
|-heal|p2a: Blissey|65/100|[from] item: Leftovers
|upkeep
|turn|32
|
|t:|1728598515
|cant|p1a: DaExtinctionAgenda|slp
|move|p2a: Blissey|Ice Beam|p1a: DaExtinctionAgenda
|-supereffective|p1a: DaExtinctionAgenda
|-damage|p1a: DaExtinctionAgenda|56/100 slp
|
|-weather|Sandstorm|[upkeep]
|-damage|p2a: Blissey|59/100|[from] Sandstorm
|-heal|p1a: DaExtinctionAgenda|62/100 slp|[from] item: Leftovers
|-heal|p2a: Blissey|65/100|[from] item: Leftovers
|upkeep
|turn|33
|
|t:|1728598520
|switch|p1a: kebab|Blissey, F|84/100
|move|p2a: Blissey|Soft-Boiled|p2a: Blissey
|-heal|p2a: Blissey|100/100
|
|-weather|Sandstorm|[upkeep]
|-damage|p2a: Blissey|94/100|[from] Sandstorm
|-damage|p1a: kebab|78/100|[from] Sandstorm
|-heal|p1a: kebab|84/100|[from] item: Leftovers
|-heal|p2a: Blissey|100/100|[from] item: Leftovers
|upkeep
|turn|34
|
|t:|1728598528
|move|p2a: Blissey|Thunder Wave|p1a: kebab
|-status|p1a: kebab|par
|cant|p1a: kebab|par
|
|-weather|Sandstorm|[upkeep]
|-damage|p2a: Blissey|94/100|[from] Sandstorm
|-damage|p1a: kebab|78/100 par|[from] Sandstorm
|-heal|p2a: Blissey|100/100|[from] item: Leftovers
|-heal|p1a: kebab|84/100 par|[from] item: Leftovers
|upkeep
|turn|35
|
|t:|1728598532
|switch|p2a: Charizard|Charizard, F|51/100
|move|p1a: kebab|Wish|p1a: kebab
|
|-weather|Sandstorm|[upkeep]
|-damage|p2a: Charizard|45/100|[from] Sandstorm
|-damage|p1a: kebab|78/100 par|[from] Sandstorm
|-heal|p2a: Charizard|51/100|[from] item: Leftovers
|-heal|p1a: kebab|84/100 par|[from] item: Leftovers
|upkeep
|turn|36
|
|t:|1728598539
|-curestatus|p1a: kebab|par|[from] ability: Natural Cure
|switch|p1a: glorp gnarp|Vaporeon, F|51/100
|move|p2a: Charizard|Substitute|p2a: Charizard
|-start|p2a: Charizard|Substitute
|-damage|p2a: Charizard|26/100
|
|-heal|p1a: glorp gnarp|100/100|[from] move: Wish|[wisher] kebab
|-weather|Sandstorm|[upkeep]
|-damage|p2a: Charizard|20/100|[from] Sandstorm
|-damage|p1a: glorp gnarp|94/100|[from] Sandstorm
|-heal|p2a: Charizard|26/100|[from] item: Leftovers
|-heal|p1a: glorp gnarp|100/100|[from] item: Leftovers
|upkeep
|turn|37
|
|t:|1728598545
|move|p2a: Charizard|Hidden Power|p1a: glorp gnarp
|-supereffective|p1a: glorp gnarp
|-damage|p1a: glorp gnarp|67/100
|move|p1a: glorp gnarp|Roar|p2a: Charizard
|drag|p2a: Swampert|Swampert, M|80/100 tox
|
|-weather|Sandstorm|[upkeep]
|-damage|p1a: glorp gnarp|61/100|[from] Sandstorm
|-heal|p1a: glorp gnarp|67/100|[from] item: Leftovers
|-heal|p2a: Swampert|87/100 tox|[from] item: Leftovers
|-damage|p2a: Swampert|80/100 tox|[from] psn
|upkeep
|turn|38
|
|t:|1728598551
|switch|p1a: kebab|Blissey, F|84/100
|switch|p2a: Blissey|Blissey, F|100/100
|
|-weather|Sandstorm|[upkeep]
|-damage|p1a: kebab|78/100|[from] Sandstorm
|-damage|p2a: Blissey|94/100|[from] Sandstorm
|-heal|p1a: kebab|84/100|[from] item: Leftovers
|-heal|p2a: Blissey|100/100|[from] item: Leftovers
|upkeep
|turn|39
|
|t:|1728598557
|move|p1a: kebab|Wish|p1a: kebab
|move|p2a: Blissey|Seismic Toss|p1a: kebab
|-damage|p1a: kebab|69/100
|
|-weather|Sandstorm|[upkeep]
|-damage|p2a: Blissey|94/100|[from] Sandstorm
|-damage|p1a: kebab|62/100|[from] Sandstorm
|-heal|p1a: kebab|69/100|[from] item: Leftovers
|-heal|p2a: Blissey|100/100|[from] item: Leftovers
|upkeep
|turn|40
|
|t:|1728598561
|switch|p1a: MetaGROSS #OWNED|Metagross, shiny|36/100
|move|p2a: Blissey|Seismic Toss|p1a: MetaGROSS #OWNED
|-damage|p1a: MetaGROSS #OWNED|5/100
|
|-heal|p1a: MetaGROSS #OWNED|55/100|[from] move: Wish|[wisher] kebab
|-weather|Sandstorm|[upkeep]
|-damage|p2a: Blissey|94/100|[from] Sandstorm
|-heal|p2a: Blissey|100/100|[from] item: Leftovers
|upkeep
|turn|41
|
|t:|1728598566
|move|p1a: MetaGROSS #OWNED|Meteor Mash|p2a: Blissey
|-damage|p2a: Blissey|13/100
|move|p2a: Blissey|Seismic Toss|p1a: MetaGROSS #OWNED
|-damage|p1a: MetaGROSS #OWNED|23/100
|
|-weather|Sandstorm|[upkeep]
|-damage|p2a: Blissey|7/100|[from] Sandstorm
|-heal|p2a: Blissey|13/100|[from] item: Leftovers
|upkeep
|turn|42
|
|t:|1728598570
|switch|p2a: Swampert|Swampert, M|80/100 tox
|move|p1a: MetaGROSS #OWNED|Meteor Mash|p2a: Swampert
|-resisted|p2a: Swampert
|-damage|p2a: Swampert|48/100 tox
|
|-weather|Sandstorm|[upkeep]
|-heal|p2a: Swampert|54/100 tox|[from] item: Leftovers
|-damage|p2a: Swampert|48/100 tox|[from] psn
|upkeep
|turn|43
|
|t:|1728598575
|switch|p1a: glorp gnarp|Vaporeon, F|67/100
|move|p2a: Swampert|Roar|p1a: glorp gnarp
|drag|p1a: kebab|Blissey, F|69/100
|
|-weather|Sandstorm|[upkeep]
|-damage|p1a: kebab|62/100|[from] Sandstorm
|-heal|p2a: Swampert|54/100 tox|[from] item: Leftovers
|-damage|p2a: Swampert|41/100 tox|[from] psn
|-heal|p1a: kebab|69/100|[from] item: Leftovers
|upkeep
|turn|44
|
|t:|1728598578
|move|p2a: Swampert|Surf|p1a: kebab
|-damage|p1a: kebab|55/100
|move|p1a: kebab|Soft-Boiled|p1a: kebab
|-heal|p1a: kebab|100/100
|
|-weather|Sandstorm|[upkeep]
|-damage|p1a: kebab|94/100|[from] Sandstorm
|-heal|p2a: Swampert|48/100 tox|[from] item: Leftovers
|-damage|p2a: Swampert|29/100 tox|[from] psn
|-heal|p1a: kebab|100/100|[from] item: Leftovers
|upkeep
|turn|45
|
|t:|1728598581
|switch|p2a: Charizard|Charizard, F|26/100
|move|p1a: kebab|Wish|p1a: kebab
|
|-weather|Sandstorm|[upkeep]
|-damage|p2a: Charizard|20/100|[from] Sandstorm
|-damage|p1a: kebab|94/100|[from] Sandstorm
|-heal|p2a: Charizard|26/100|[from] item: Leftovers
|-heal|p1a: kebab|100/100|[from] item: Leftovers
|upkeep
|turn|46
|
|t:|1728598583
|-singleturn|p2a: Charizard|move: Focus Punch
|move|p1a: kebab|Seismic Toss|p2a: Charizard
|-damage|p2a: Charizard|0 fnt
|faint|p2a: Charizard
|
|t:|1728598588
|switch|p2a: Blissey|Blissey, F|13/100
|
|-weather|Sandstorm|[upkeep]
|-damage|p1a: kebab|94/100|[from] Sandstorm
|-damage|p2a: Blissey|7/100|[from] Sandstorm
|-heal|p1a: kebab|100/100|[from] item: Leftovers
|-heal|p2a: Blissey|13/100|[from] item: Leftovers
|upkeep
|turn|47
|
|t:|1728598589
|move|p1a: kebab|Seismic Toss|p2a: Blissey
|-damage|p2a: Blissey|0 fnt
|faint|p2a: Blissey
|
|t:|1728598591
|switch|p2a: Swampert|Swampert, M|29/100 tox
|
|-weather|Sandstorm|[upkeep]
|-damage|p1a: kebab|94/100|[from] Sandstorm
|-heal|p2a: Swampert|35/100 tox|[from] item: Leftovers
|-damage|p2a: Swampert|29/100 tox|[from] psn
|-heal|p1a: kebab|100/100|[from] item: Leftovers
|upkeep
|turn|48
|
|t:|1728598593
|move|p2a: Swampert|Surf|p1a: kebab
|-damage|p1a: kebab|83/100
|move|p1a: kebab|Seismic Toss|p2a: Swampert
|-damage|p2a: Swampert|4/100 tox
|
|-weather|Sandstorm|[upkeep]
|-damage|p1a: kebab|76/100|[from] Sandstorm
|-heal|p2a: Swampert|10/100 tox|[from] item: Leftovers
|-damage|p2a: Swampert|0 fnt|[from] psn
|faint|p2a: Swampert
|
|win|Genexys
|upkeep
|c|☆Tasmanian Demon|gg
|c|☆Genexys|ggwp
|player|p2|

</script>
<script type="application/json" class="data" id="replaydata-smogtours-gen3ou-797047">
{"id":"smogtours-gen3ou-797047","format":"[Gen 3] OU","players":["Genexys","Tasmanian Demon"],"uploadtime":1728598593,"views":88,"formatid":"gen3ou","rating":null,"private":0,"password":null}
</script>

<script defer src="js/replays.js?9d40a366"></script>
