<!DOCTYPE html>
<meta charset="utf-8" />
<meta name="viewport" content="width=device-width" />

<title>[Gen 3] OU: xlimexheep vs. BlerpDerpSkerp - Replays - Pok&eacute;mon Showdown!</title>

<meta name="description" content="Watch a replay of a Pok&eacute;mon battle between xlimexheep and BlerpDerpSkerp! Format: [Gen 3] OU; Date: Oct 10, 2024" />
<!--

Hey, you! Looking in the source for the replay log?

You can find them in JSON format, just add `.json` at the end of a replay URL.

https://replay.pokemonshowdown.com/gen7randomdoublesbattle-865046831.json

Or, if you only need the log itself, add `.log` instead:

https://replay.pokemonshowdown.com/gen7randomdoublesbattle-865046831.log

-->

<link rel="stylesheet" href="//pokemonshowdown.com/style/global.css?0.767286132409787" />
<link rel="stylesheet" href="//play.pokemonshowdown.com/style/font-awesome.css?0.9266228007934947" />
<link rel="stylesheet" href="//play.pokemonshowdown.com/style/battle.css?0.7924700842790926" />
<link rel="stylesheet" href="//play.pokemonshowdown.com/style/utilichart.css?0.8777417872839479" />

<!-- Global site tag (gtag.js) - Google Analytics -->
<script async src="https://www.googletagmanager.com/gtag/js?id=UA-26211653-1"></script>
<script>
  window.dataLayer = window.dataLayer || [];
  function gtag(){dataLayer.push(arguments);}
  gtag('js', new Date());

  gtag('config', 'UA-26211653-1');
</script>
<!-- End Google Analytics -->
<!-- Venatus Ad Manager - Install in <HEAD> of page -->
	<script src="https://hb.vntsm.com/v3/live/ad-manager.min.js" type="text/javascript" data-site-id="642aba63ec9a7b11c3c9c1be" data-mode="scan" async></script>
<!-- / Venatus Ad Manager -->

<style>
	@media (max-width:820px) {
		.battle {
			margin: 0 auto;
		}
		.battle-log {
			margin: 7px auto 0;
			max-width: 640px;
			height: 300px;
			position: static;
		}
	}
	.optgroup {
		display: inline-block;
		line-height: 22px;
		font-size: 10pt;
	}
	.optgroup .button {
		height: 25px;
		padding-top: 0;
		padding-bottom: 0;
	}
	.optgroup button.button {
		padding-left: 12px;
		padding-right: 12px;
	}
	.linklist {
		list-style: none;
		margin: 0.5em 0;
		padding: 0;
	}
	.linklist li {
		padding: 2px 0;
	}
	.sidebar {
		float: left;
		width: 320px;
	}
	.bar-wrapper {
		max-width: 1100px;
		margin: 0 auto;
	}
	.bar-wrapper.has-sidebar {
		max-width: 1430px;
	}
	.mainbar {
		margin: 0;
		padding-right: 1px;
	}
	.mainbar.has-sidebar {
		margin-left: 330px;
	}
	@media (min-width: 1511px) {
		.sidebar {
			width: 400px;
		}
		.bar-wrapper.has-sidebar {
			max-width: 1510px;
		}
		.mainbar.has-sidebar {
			margin-left: 410px;
		}
	}
	.section.first-section {
		margin-top: 9px;
	}
	.blocklink small {
		white-space: normal;
	}
	.button {
		vertical-align: middle;
	}
	.replay-controls {
		padding-top: 10px;
	}
	.replay-controls h1 {
		font-size: 16pt;
		font-weight: normal;
		color: #CCC;
	}
	.pagelink {
		text-align: center;
	}
	.pagelink a {
		width: 150px;
	}
	.textbox, .button {
		font-size: 11pt;
		vertical-align: middle;
	}
	@media (max-width: 450px) {
		.button {
			font-size: 9pt;
		}
	}
</style>

<div>

	<header>
		<div class="nav-wrapper"><ul class="nav">
			<li><a class="button nav-first" href="//pokemonshowdown.com/"><img src="//pokemonshowdown.com/images/pokemonshowdownbeta.png" srcset="//pokemonshowdown.com/images/pokemonshowdownbeta.png 1x, //pokemonshowdown.com/images/pokemonshowdownbeta@2x.png 2x" alt="Pok&eacute;mon Showdown" width="146" height="44" /> Home</a></li>
			<li><a class="button" href="//pokemonshowdown.com/dex/">Pok&eacute;dex</a></li>
			<li><a class="button cur" href="/">Replays</a></li>
			<li><a class="button" href="//pokemonshowdown.com/ladder/">Ladder</a></li>
			<li><a class="button nav-last" href="//pokemonshowdown.com/forums/">Forum</a></li>
			<li><a class="button greenbutton nav-first nav-last" href="//play.pokemonshowdown.com/">Play</a></li>
		</ul></div>
	</header>

	<div class="main" id="main">

		<noscript><section class="section">You need to enable JavaScript to use this page; sorry!</section></noscript>

	</div>

</div>

<script defer nomodule src="//play.pokemonshowdown.com/js/lib/ps-polyfill.js"></script>
<script defer src="//play.pokemonshowdown.com/js/lib/preact.min.js"></script>

<script defer src="//play.pokemonshowdown.com/config/config.js?6dec07f6"></script>
<script defer src="//play.pokemonshowdown.com/js/lib/jquery-1.11.0.min.js"></script>
<script defer src="//play.pokemonshowdown.com/js/lib/html-sanitizer-minified.js"></script>
<script defer src="//play.pokemonshowdown.com/js/battle-sound.js"></script>
<script defer src="//play.pokemonshowdown.com/js/battledata.js?0.6315294753075389"></script>
<script defer src="//play.pokemonshowdown.com/data/pokedex-mini.js?0.7603743185311358"></script>
<script defer src="//play.pokemonshowdown.com/data/pokedex-mini-bw.js?0.030888842834281283"></script>
<script defer src="//play.pokemonshowdown.com/data/graphics.js?0.05593094747507488"></script>
<script defer src="//play.pokemonshowdown.com/data/pokedex.js?0.47064822249611904"></script>
<script defer src="//play.pokemonshowdown.com/data/moves.js?0.8583693120512459"></script>
<script defer src="//play.pokemonshowdown.com/data/abilities.js?0.16017181182386842"></script>
<script defer src="//play.pokemonshowdown.com/data/items.js?0.4163379185673943"></script>
<script defer src="//play.pokemonshowdown.com/data/teambuilder-tables.js?0.31075597372830477"></script>
<script defer src="//play.pokemonshowdown.com/js/battle-tooltips.js?0.6536193500708172"></script>
<script defer src="//play.pokemonshowdown.com/js/battle.js?0.1916591943277901"></script>

<script defer src="js/utils.js?e31f9a17"></script>
<script defer src="js/replays-battle.js?7008c182"></script>

<!-- don't scrape this data! just add .json or .log after the URL!
Full API docs: https://github.com/smogon/pokemon-showdown-client/blob/master/WEB-API.md -->
<script type="text/plain" class="log" id="replaylog-smogtours-gen3ou-797079">
|inactive|Battle timer is ON: inactive players will automatically lose when time's up.
|t:|1728603375
|gametype|singles
|player|p1|xlimexheep|schoolkidf|
|player|p2|BlerpDerpSkerp|265|
|teamsize|p1|6
|teamsize|p2|6
|gen|3
|tier|[Gen 3] OU
|rule|Sleep Clause Mod: Limit one foe put to sleep
|rule|Switch Priority Clause Mod: Faster Pokémon switch first
|rule|Species Clause: Limit one of each Pokémon
|rule|OHKO Clause: OHKO moves are banned
|rule|Evasion Items Clause: Evasion items are banned
|rule|Evasion Moves Clause: Evasion moves are banned
|rule|Endless Battle Clause: Forcing endless battles is banned
|rule|HP Percentage Mod: HP is shown in percentages
|rule|One Boost Passer Clause: Limit one Baton Passer that has a way to boost its stats
|rule|Freeze Clause Mod: Limit one foe frozen
|
|t:|1728603375
|start
|switch|p1a: pupper|Salamence, F, shiny|100/100
|switch|p2a: Medicham|Medicham, M|100/100
|-ability|p1a: pupper|Intimidate|boost
|-unboost|p2a: Medicham|atk|1
|turn|1
|
|t:|1728603389
|switch|p2a: Porygon2|Porygon2|100/100
|-ability|p2a: Porygon2|Intimidate|[from] ability: Trace|[of] p1a: pupper
|move|p1a: pupper|Dragon Claw|p2a: Porygon2
|-damage|p2a: Porygon2|58/100
|
|-heal|p2a: Porygon2|64/100|[from] item: Leftovers
|upkeep
|turn|2
|
|t:|1728603401
|switch|p1a: laxlaborlaws|Snorlax, F|100/100
|switch|p2a: Starmie|Starmie|100/100
|
|upkeep
|turn|3
|
|t:|1728603406
|move|p2a: Starmie|Thunder Wave|p1a: laxlaborlaws
|-status|p1a: laxlaborlaws|par
|cant|p1a: laxlaborlaws|par
|
|upkeep
|turn|4
|
|t:|1728603413
|switch|p2a: Celebi|Celebi|100/100
|cant|p1a: laxlaborlaws|par
|
|upkeep
|turn|5
|
|t:|1728603418
|move|p2a: Celebi|Leech Seed|p1a: laxlaborlaws
|-start|p1a: laxlaborlaws|move: Leech Seed
|move|p1a: laxlaborlaws|Body Slam|p2a: Celebi
|-damage|p2a: Celebi|71/100
|
|-heal|p2a: Celebi|77/100|[from] item: Leftovers
|-damage|p1a: laxlaborlaws|88/100 par|[from] Leech Seed|[of] p2a: Celebi
|-heal|p2a: Celebi|93/100|[silent]
|upkeep
|turn|6
|
|t:|1728603424
|switch|p1a: with the wind|Flygon, F|100/100
|move|p2a: Celebi|Psychic|p1a: with the wind
|-damage|p1a: with the wind|41/100
|
|-heal|p2a: Celebi|99/100|[from] item: Leftovers
|upkeep
|turn|7
|inactive|BlerpDerpSkerp has 270 seconds left.
|
|t:|1728603466
|switch|p2a: Porygon2|Porygon2|64/100
|-ability|p2a: Porygon2|Levitate|[from] ability: Trace|[of] p1a: with the wind
|move|p1a: with the wind|Hidden Power|p2a: Porygon2
|-crit|p2a: Porygon2
|-damage|p2a: Porygon2|15/100
|
|-heal|p2a: Porygon2|21/100|[from] item: Leftovers
|upkeep
|turn|8
|
|t:|1728603478
|switch|p2a: Raikou|Raikou|100/100
|move|p1a: with the wind|Hidden Power|p2a: Raikou
|-damage|p2a: Raikou|60/100
|
|-heal|p2a: Raikou|67/100|[from] item: Leftovers
|upkeep
|turn|9
|
|t:|1728603487
|switch|p1a: orb|Forretress, F|100/100
|move|p2a: Raikou|Substitute|p2a: Raikou
|-start|p2a: Raikou|Substitute
|-damage|p2a: Raikou|42/100
|
|-heal|p2a: Raikou|48/100|[from] item: Leftovers
|upkeep
|turn|10
|
|t:|1728603491
|move|p2a: Raikou|Thunderbolt|p1a: orb
|-damage|p1a: orb|56/100
|move|p1a: orb|Earthquake|p2a: Raikou
|-supereffective|p2a: Raikou
|-end|p2a: Raikou|Substitute
|
|-heal|p2a: Raikou|54/100|[from] item: Leftovers
|-heal|p1a: orb|62/100|[from] item: Leftovers
|upkeep
|turn|11
|
|t:|1728603502
|switch|p2a: Celebi|Celebi|99/100
|move|p1a: orb|Earthquake|p2a: Celebi
|-resisted|p2a: Celebi
|-crit|p2a: Celebi
|-damage|p2a: Celebi|80/100
|
|-heal|p2a: Celebi|86/100|[from] item: Leftovers
|-heal|p1a: orb|69/100|[from] item: Leftovers
|upkeep
|turn|12
|
|t:|1728603512
|switch|p1a: pupper|Salamence, F, shiny|100/100
|-ability|p1a: pupper|Intimidate|boost
|-unboost|p2a: Celebi|atk|1
|move|p2a: Celebi|Leech Seed|p1a: pupper|[miss]
|-miss|p2a: Celebi|p1a: pupper
|
|-heal|p2a: Celebi|92/100|[from] item: Leftovers
|upkeep
|turn|13
|
|t:|1728603520
|switch|p2a: Jirachi|Jirachi|100/100
|move|p1a: pupper|Flamethrower|p2a: Jirachi
|-supereffective|p2a: Jirachi
|-damage|p2a: Jirachi|42/100
|
|-heal|p2a: Jirachi|49/100|[from] item: Leftovers
|upkeep
|turn|14
|
|t:|1728603525
|move|p2a: Jirachi|Protect|p2a: Jirachi
|-singleturn|p2a: Jirachi|Protect
|move|p1a: pupper|Flamethrower|p2a: Jirachi
|-activate|p2a: Jirachi|Protect
|
|-heal|p2a: Jirachi|55/100|[from] item: Leftovers
|upkeep
|turn|15
|
|t:|1728603531
|switch|p2a: Starmie|Starmie|100/100
|move|p1a: pupper|Flamethrower|p2a: Starmie
|-resisted|p2a: Starmie
|-damage|p2a: Starmie|81/100
|
|-heal|p2a: Starmie|88/100|[from] item: Leftovers
|upkeep
|turn|16
|
|t:|1728603536
|switch|p1a: june|Celebi|100/100
|move|p2a: Starmie|Thunder Wave|p1a: june
|-status|p1a: june|par
|
|-heal|p2a: Starmie|94/100|[from] item: Leftovers
|upkeep
|turn|17
|
|t:|1728603544
|switch|p2a: Celebi|Celebi|92/100
|move|p1a: june|Heal Bell|p1a: june
|-activate|p1a: june|move: Heal Bell
|-curestatus|p1a: june|par|[silent]
|-curestatus|p1: laxlaborlaws|par|[silent]
|
|-heal|p2a: Celebi|98/100|[from] item: Leftovers
|upkeep
|turn|18
|
|t:|1728603551
|switch|p1a: orb|Forretress, F|69/100
|move|p2a: Celebi|Psychic|p1a: orb
|-resisted|p1a: orb
|-crit|p1a: orb
|-damage|p1a: orb|28/100
|
|-heal|p2a: Celebi|100/100|[from] item: Leftovers
|-heal|p1a: orb|34/100|[from] item: Leftovers
|upkeep
|turn|19
|
|t:|1728603560
|switch|p2a: Jirachi|Jirachi|55/100
|move|p1a: orb|Spikes|p2a: Jirachi
|-sidestart|p2: BlerpDerpSkerp|Spikes
|
|-heal|p2a: Jirachi|61/100|[from] item: Leftovers
|-heal|p1a: orb|40/100|[from] item: Leftovers
|upkeep
|turn|20
|
|t:|1728603568
|move|p2a: Jirachi|Wish|p2a: Jirachi
|move|p1a: orb|Earthquake|p2a: Jirachi
|-supereffective|p2a: Jirachi
|-damage|p2a: Jirachi|35/100
|
|-heal|p2a: Jirachi|41/100|[from] item: Leftovers
|-heal|p1a: orb|47/100|[from] item: Leftovers
|upkeep
|turn|21
|
|t:|1728603572
|move|p2a: Jirachi|Fire Punch|p1a: orb
|-supereffective|p1a: orb
|-damage|p1a: orb|0 fnt
|faint|p1a: orb
|
|t:|1728603576
|switch|p1a: with the wind|Flygon, F|41/100
|
|-heal|p2a: Jirachi|91/100|[from] move: Wish|[wisher] Jirachi
|-heal|p2a: Jirachi|98/100|[from] item: Leftovers
|upkeep
|turn|22
|
|t:|1728603588
|switch|p1a: laxlaborlaws|Snorlax, F|88/100
|switch|p2a: Porygon2|Porygon2|21/100
|-damage|p2a: Porygon2|9/100|[from] Spikes
|-ability|p2a: Porygon2|Thick Fat|[from] ability: Trace|[of] p1a: laxlaborlaws
|
|-heal|p2a: Porygon2|15/100|[from] item: Leftovers
|-heal|p1a: laxlaborlaws|94/100|[from] item: Leftovers
|upkeep
|turn|23
|
|t:|1728603595
|move|p2a: Porygon2|Thunder Wave|p1a: laxlaborlaws
|-status|p1a: laxlaborlaws|par
|move|p1a: laxlaborlaws|Body Slam|p2a: Porygon2
|-damage|p2a: Porygon2|0 fnt
|faint|p2a: Porygon2
|
|t:|1728603601
|switch|p2a: Medicham|Medicham, M|100/100
|-damage|p2a: Medicham|88/100|[from] Spikes
|
|-heal|p1a: laxlaborlaws|100/100 par|[from] item: Leftovers
|upkeep
|turn|24
|
|t:|1728603608
|switch|p1a: pupper|Salamence, F, shiny|100/100
|-ability|p1a: pupper|Intimidate|boost
|-unboost|p2a: Medicham|atk|1
|move|p2a: Medicham|Brick Break|p1a: pupper
|-resisted|p1a: pupper
|-damage|p1a: pupper|70/100
|
|-heal|p1a: pupper|76/100|[from] item: Leftovers
|upkeep
|turn|25
|
|t:|1728603616
|switch|p2a: Starmie|Starmie|94/100
|-damage|p2a: Starmie|81/100|[from] Spikes
|move|p1a: pupper|Dragon Claw|p2a: Starmie
|-damage|p2a: Starmie|36/100
|
|-heal|p2a: Starmie|42/100|[from] item: Leftovers
|-heal|p1a: pupper|82/100|[from] item: Leftovers
|upkeep
|turn|26
|
|t:|1728603621
|switch|p1a: laxlaborlaws|Snorlax, F|100/100 par
|move|p2a: Starmie|Thunder Wave|p1a: laxlaborlaws
|-fail|p1a: laxlaborlaws|par
|
|-heal|p2a: Starmie|49/100|[from] item: Leftovers
|upkeep
|turn|27
|
|t:|1728603628
|move|p2a: Starmie|Recover|p2a: Starmie
|-heal|p2a: Starmie|99/100
|move|p1a: laxlaborlaws|Curse|p1a: laxlaborlaws
|-unboost|p1a: laxlaborlaws|spe|1
|-boost|p1a: laxlaborlaws|atk|1
|-boost|p1a: laxlaborlaws|def|1
|
|-heal|p2a: Starmie|100/100|[from] item: Leftovers
|upkeep
|turn|28
|
|t:|1728603638
|switch|p2a: Celebi|Celebi|100/100
|-damage|p2a: Celebi|88/100|[from] Spikes
|move|p1a: laxlaborlaws|Curse|p1a: laxlaborlaws
|-unboost|p1a: laxlaborlaws|spe|1
|-boost|p1a: laxlaborlaws|atk|1
|-boost|p1a: laxlaborlaws|def|1
|
|-heal|p2a: Celebi|94/100|[from] item: Leftovers
|upkeep
|turn|29
|
|t:|1728603640
|move|p2a: Celebi|Leech Seed|p1a: laxlaborlaws|[miss]
|-miss|p2a: Celebi|p1a: laxlaborlaws
|move|p1a: laxlaborlaws|Body Slam|p2a: Celebi
|-damage|p2a: Celebi|30/100
|-status|p2a: Celebi|par
|
|-heal|p2a: Celebi|36/100 par|[from] item: Leftovers
|upkeep
|turn|30
|
|t:|1728603643
|cant|p2a: Celebi|par
|move|p1a: laxlaborlaws|Body Slam|p2a: Celebi
|-damage|p2a: Celebi|0 fnt
|faint|p2a: Celebi
|
|t:|1728603645
|switch|p2a: Medicham|Medicham, M|88/100
|-damage|p2a: Medicham|76/100|[from] Spikes
|
|upkeep
|turn|31
|
|t:|1728603648
|move|p2a: Medicham|Brick Break|p1a: laxlaborlaws
|-supereffective|p1a: laxlaborlaws
|-damage|p1a: laxlaborlaws|33/100 par
|move|p1a: laxlaborlaws|Body Slam|p2a: Medicham
|-damage|p2a: Medicham|0 fnt
|faint|p2a: Medicham
|
|t:|1728603654
|switch|p2a: Raikou|Raikou|54/100
|-damage|p2a: Raikou|42/100|[from] Spikes
|
|-heal|p2a: Raikou|48/100|[from] item: Leftovers
|-heal|p1a: laxlaborlaws|39/100 par|[from] item: Leftovers
|upkeep
|turn|32
|
|t:|1728603658
|move|p2a: Raikou|Substitute|p2a: Raikou
|-start|p2a: Raikou|Substitute
|-damage|p2a: Raikou|23/100
|move|p1a: laxlaborlaws|Earthquake|p2a: Raikou
|-supereffective|p2a: Raikou
|-end|p2a: Raikou|Substitute
|
|-heal|p2a: Raikou|29/100|[from] item: Leftovers
|-heal|p1a: laxlaborlaws|46/100 par|[from] item: Leftovers
|upkeep
|turn|33
|
|t:|1728603663
|move|p2a: Raikou|Substitute|p2a: Raikou
|-start|p2a: Raikou|Substitute
|-damage|p2a: Raikou|5/100
|move|p1a: laxlaborlaws|Earthquake|p2a: Raikou
|-supereffective|p2a: Raikou
|-end|p2a: Raikou|Substitute
|
|-heal|p2a: Raikou|11/100|[from] item: Leftovers
|-heal|p1a: laxlaborlaws|52/100 par|[from] item: Leftovers
|upkeep
|turn|34
|
|t:|1728603669
|move|p2a: Raikou|Thunderbolt|p1a: laxlaborlaws
|-damage|p1a: laxlaborlaws|28/100 par
|cant|p1a: laxlaborlaws|par
|
|-heal|p2a: Raikou|17/100|[from] item: Leftovers
|-heal|p1a: laxlaborlaws|34/100 par|[from] item: Leftovers
|upkeep
|turn|35
|
|t:|1728603674
|move|p2a: Raikou|Thunderbolt|p1a: laxlaborlaws
|-damage|p1a: laxlaborlaws|9/100 par
|move|p1a: laxlaborlaws|Earthquake|p2a: Raikou
|-supereffective|p2a: Raikou
|-damage|p2a: Raikou|0 fnt
|faint|p2a: Raikou
|
|t:|1728603678
|switch|p2a: Jirachi|Jirachi|98/100
|-damage|p2a: Jirachi|85/100|[from] Spikes
|
|-heal|p2a: Jirachi|91/100|[from] item: Leftovers
|-heal|p1a: laxlaborlaws|16/100 par|[from] item: Leftovers
|upkeep
|turn|36
|
|t:|1728603681
|move|p2a: Jirachi|Fire Punch|p1a: laxlaborlaws
|-damage|p1a: laxlaborlaws|11/100 par
|cant|p1a: laxlaborlaws|par
|
|-heal|p2a: Jirachi|98/100|[from] item: Leftovers
|-heal|p1a: laxlaborlaws|17/100 par|[from] item: Leftovers
|upkeep
|turn|37
|
|t:|1728603686
|move|p2a: Jirachi|Fire Punch|p1a: laxlaborlaws
|-damage|p1a: laxlaborlaws|12/100 par
|move|p1a: laxlaborlaws|Earthquake|p2a: Jirachi
|-supereffective|p2a: Jirachi
|-damage|p2a: Jirachi|32/100
|
|-heal|p2a: Jirachi|39/100|[from] item: Leftovers
|-heal|p1a: laxlaborlaws|19/100 par|[from] item: Leftovers
|upkeep
|turn|38
|
|t:|1728603688
|move|p2a: Jirachi|Fire Punch|p1a: laxlaborlaws
|-damage|p1a: laxlaborlaws|14/100 par
|move|p1a: laxlaborlaws|Earthquake|p2a: Jirachi
|-supereffective|p2a: Jirachi
|-damage|p2a: Jirachi|0 fnt
|faint|p2a: Jirachi
|
|t:|1728603690
|switch|p2a: Starmie|Starmie|100/100
|-damage|p2a: Starmie|88/100|[from] Spikes
|
|-heal|p2a: Starmie|94/100|[from] item: Leftovers
|-heal|p1a: laxlaborlaws|21/100 par|[from] item: Leftovers
|upkeep
|turn|39
|
|t:|1728603694
|move|p2a: Starmie|Surf|p1a: laxlaborlaws
|-damage|p1a: laxlaborlaws|2/100 par
|cant|p1a: laxlaborlaws|par
|
|-heal|p2a: Starmie|100/100|[from] item: Leftovers
|-heal|p1a: laxlaborlaws|9/100 par|[from] item: Leftovers
|upkeep
|turn|40
|
|t:|1728603699
|move|p2a: Starmie|Surf|p1a: laxlaborlaws
|-damage|p1a: laxlaborlaws|0 fnt
|faint|p1a: laxlaborlaws
|
|t:|1728603701
|switch|p1a: june|Celebi|100/100
|
|upkeep
|turn|41
|
|t:|1728603703
|move|p2a: Starmie|Thunder Wave|p1a: june
|-status|p1a: june|par
|move|p1a: june|Leech Seed|p2a: Starmie
|-start|p2a: Starmie|move: Leech Seed
|
|-damage|p2a: Starmie|88/100|[from] Leech Seed|[of] p1a: june
|upkeep
|turn|42
|
|t:|1728603706
|move|p2a: Starmie|Rapid Spin|p1a: june
|-damage|p1a: june|98/100 par
|-end|p2a: Starmie|Leech Seed|[from] move: Rapid Spin|[of] p2a: Starmie
|-sideend|p2: BlerpDerpSkerp|Spikes|[from] move: Rapid Spin|[of] p2a: Starmie
|cant|p1a: june|par
|
|-heal|p2a: Starmie|94/100|[from] item: Leftovers
|-heal|p1a: june|100/100 par|[from] item: Leftovers
|upkeep
|turn|43
|
|t:|1728603711
|move|p2a: Starmie|Rapid Spin|p1a: june
|-damage|p1a: june|98/100 par
|move|p1a: june|Hidden Power|p2a: Starmie
|-supereffective|p2a: Starmie
|-damage|p2a: Starmie|38/100
|
|-heal|p2a: Starmie|44/100|[from] item: Leftovers
|-heal|p1a: june|100/100 par|[from] item: Leftovers
|upkeep
|turn|44
|
|t:|1728603715
|move|p2a: Starmie|Recover|p2a: Starmie
|-heal|p2a: Starmie|94/100
|move|p1a: june|Hidden Power|p2a: Starmie
|-supereffective|p2a: Starmie
|-damage|p2a: Starmie|40/100
|
|-heal|p2a: Starmie|46/100|[from] item: Leftovers
|upkeep
|turn|45
|c|☆BlerpDerpSkerp|ggwp
|-message|BlerpDerpSkerp forfeited.
|
|win|xlimexheep
|player|p2|
|c|☆xlimexheep|ggwp

</script>
<script type="application/json" class="data" id="replaydata-smogtours-gen3ou-797079">
{"id":"smogtours-gen3ou-797079","format":"[Gen 3] OU","players":["xlimexheep","BlerpDerpSkerp"],"uploadtime":1728603722,"views":115,"formatid":"gen3ou","rating":null,"private":0,"password":null}
</script>

<script defer src="js/replays.js?9d40a366"></script>
