<!DOCTYPE html>
<meta charset="utf-8" />
<meta name="viewport" content="width=device-width" />

<title>[Gen 3] OU: SteelSwaggy vs. LTG - Replays - Pok&eacute;mon Showdown!</title>

<meta name="description" content="Watch a replay of a Pok&eacute;mon battle between SteelSwaggy and LTG! Format: [Gen 3] OU; Date: Oct 3, 2024" />
<!--

Hey, you! Looking in the source for the replay log?

You can find them in JSON format, just add `.json` at the end of a replay URL.

https://replay.pokemonshowdown.com/gen7randomdoublesbattle-865046831.json

Or, if you only need the log itself, add `.log` instead:

https://replay.pokemonshowdown.com/gen7randomdoublesbattle-865046831.log

-->

<link rel="stylesheet" href="//pokemonshowdown.com/style/global.css?0.023195364461161105" />
<link rel="stylesheet" href="//play.pokemonshowdown.com/style/font-awesome.css?0.13261647063804238" />
<link rel="stylesheet" href="//play.pokemonshowdown.com/style/battle.css?0.8753245789963631" />
<link rel="stylesheet" href="//play.pokemonshowdown.com/style/utilichart.css?0.8627959624976733" />

<!-- Global site tag (gtag.js) - Google Analytics -->
<script async src="https://www.googletagmanager.com/gtag/js?id=UA-26211653-1"></script>
<script>
  window.dataLayer = window.dataLayer || [];
  function gtag(){dataLayer.push(arguments);}
  gtag('js', new Date());

  gtag('config', 'UA-26211653-1');
</script>
<!-- End Google Analytics -->
<!-- Venatus Ad Manager - Install in <HEAD> of page -->
	<script src="https://hb.vntsm.com/v3/live/ad-manager.min.js" type="text/javascript" data-site-id="642aba63ec9a7b11c3c9c1be" data-mode="scan" async></script>
<!-- / Venatus Ad Manager -->

<style>
	@media (max-width:820px) {
		.battle {
			margin: 0 auto;
		}
		.battle-log {
			margin: 7px auto 0;
			max-width: 640px;
			height: 300px;
			position: static;
		}
	}
	.optgroup {
		display: inline-block;
		line-height: 22px;
		font-size: 10pt;
	}
	.optgroup .button {
		height: 25px;
		padding-top: 0;
		padding-bottom: 0;
	}
	.optgroup button.button {
		padding-left: 12px;
		padding-right: 12px;
	}
	.linklist {
		list-style: none;
		margin: 0.5em 0;
		padding: 0;
	}
	.linklist li {
		padding: 2px 0;
	}
	.sidebar {
		float: left;
		width: 320px;
	}
	.bar-wrapper {
		max-width: 1100px;
		margin: 0 auto;
	}
	.bar-wrapper.has-sidebar {
		max-width: 1430px;
	}
	.mainbar {
		margin: 0;
		padding-right: 1px;
	}
	.mainbar.has-sidebar {
		margin-left: 330px;
	}
	@media (min-width: 1511px) {
		.sidebar {
			width: 400px;
		}
		.bar-wrapper.has-sidebar {
			max-width: 1510px;
		}
		.mainbar.has-sidebar {
			margin-left: 410px;
		}
	}
	.section.first-section {
		margin-top: 9px;
	}
	.blocklink small {
		white-space: normal;
	}
	.button {
		vertical-align: middle;
	}
	.replay-controls {
		padding-top: 10px;
	}
	.replay-controls h1 {
		font-size: 16pt;
		font-weight: normal;
		color: #CCC;
	}
	.pagelink {
		text-align: center;
	}
	.pagelink a {
		width: 150px;
	}
	.textbox, .button {
		font-size: 11pt;
		vertical-align: middle;
	}
	@media (max-width: 450px) {
		.button {
			font-size: 9pt;
		}
	}
</style>

<div>

	<header>
		<div class="nav-wrapper"><ul class="nav">
			<li><a class="button nav-first" href="//pokemonshowdown.com/"><img src="//pokemonshowdown.com/images/pokemonshowdownbeta.png" srcset="//pokemonshowdown.com/images/pokemonshowdownbeta.png 1x, //pokemonshowdown.com/images/pokemonshowdownbeta@2x.png 2x" alt="Pok&eacute;mon Showdown" width="146" height="44" /> Home</a></li>
			<li><a class="button" href="//pokemonshowdown.com/dex/">Pok&eacute;dex</a></li>
			<li><a class="button cur" href="/">Replays</a></li>
			<li><a class="button" href="//pokemonshowdown.com/ladder/">Ladder</a></li>
			<li><a class="button nav-last" href="//pokemonshowdown.com/forums/">Forum</a></li>
			<li><a class="button greenbutton nav-first nav-last" href="//play.pokemonshowdown.com/">Play</a></li>
		</ul></div>
	</header>

	<div class="main" id="main">

		<noscript><section class="section">You need to enable JavaScript to use this page; sorry!</section></noscript>

	</div>

</div>

<script defer nomodule src="//play.pokemonshowdown.com/js/lib/ps-polyfill.js"></script>
<script defer src="//play.pokemonshowdown.com/js/lib/preact.min.js"></script>

<script defer src="//play.pokemonshowdown.com/config/config.js?2bddbc15"></script>
<script defer src="//play.pokemonshowdown.com/js/lib/jquery-1.11.0.min.js"></script>
<script defer src="//play.pokemonshowdown.com/js/lib/html-sanitizer-minified.js"></script>
<script defer src="//play.pokemonshowdown.com/js/battle-sound.js"></script>
<script defer src="//play.pokemonshowdown.com/js/battledata.js?0.7209276989879541"></script>
<script defer src="//play.pokemonshowdown.com/data/pokedex-mini.js?0.6111056340867951"></script>
<script defer src="//play.pokemonshowdown.com/data/pokedex-mini-bw.js?0.3532142036491459"></script>
<script defer src="//play.pokemonshowdown.com/data/graphics.js?0.24223875632456182"></script>
<script defer src="//play.pokemonshowdown.com/data/pokedex.js?0.38839984266356864"></script>
<script defer src="//play.pokemonshowdown.com/data/moves.js?0.21866028504024015"></script>
<script defer src="//play.pokemonshowdown.com/data/abilities.js?0.2005157953846628"></script>
<script defer src="//play.pokemonshowdown.com/data/items.js?0.9894211263848525"></script>
<script defer src="//play.pokemonshowdown.com/data/teambuilder-tables.js?0.6008791140282215"></script>
<script defer src="//play.pokemonshowdown.com/js/battle-tooltips.js?0.7580118955022959"></script>
<script defer src="//play.pokemonshowdown.com/js/battle.js?0.6057722274234274"></script>

<script defer src="js/utils.js?e31f9a17"></script>
<script defer src="js/replays-battle.js?7008c182"></script>

<!-- don't scrape this data! just add .json or .log after the URL!
Full API docs: https://github.com/smogon/pokemon-showdown-client/blob/master/WEB-API.md -->
<script type="text/plain" class="log" id="replaylog-smogtours-gen3ou-794237">
|inactive|Battle timer is ON: inactive players will automatically lose when time's up.
|t:|1727972570
|gametype|singles
|player|p1|SteelSwaggy|169|
|player|p2|LTG|#ltg|
|teamsize|p1|6
|teamsize|p2|6
|gen|3
|tier|[Gen 3] OU
|rule|Sleep Clause Mod: Limit one foe put to sleep
|rule|Switch Priority Clause Mod: Faster Pokémon switch first
|rule|Species Clause: Limit one of each Pokémon
|rule|OHKO Clause: OHKO moves are banned
|rule|Evasion Items Clause: Evasion items are banned
|rule|Evasion Moves Clause: Evasion moves are banned
|rule|Endless Battle Clause: Forcing endless battles is banned
|rule|HP Percentage Mod: HP is shown in percentages
|rule|One Boost Passer Clause: Limit one Baton Passer that has a way to boost its stats
|rule|Freeze Clause Mod: Limit one foe frozen
|
|t:|1727972570
|start
|switch|p1a: Jakka|Tyranitar, M|100/100
|switch|p2a: Skarmory|Skarmory, F|100/100
|-weather|Sandstorm|[from] ability: Sand Stream|[of] p1a: Jakka
|turn|1
|c|☆SteelSwaggy|Final match, have fun!
|c|☆LTG|hf
|inactive|LTG has 270 seconds left.
|
|t:|1727972602
|switch|p1a: Baudimon|Forretress, M|100/100
|move|p2a: Skarmory|Spikes|p1a: Baudimon
|-sidestart|p1: SteelSwaggy|Spikes
|
|-weather|Sandstorm|[upkeep]
|upkeep
|turn|2
|
|t:|1727972608
|switch|p2a: Gengar|Gengar, M|100/100
|move|p1a: Baudimon|Spikes|p2a: Gengar
|-sidestart|p2: LTG|Spikes
|
|-weather|Sandstorm|[upkeep]
|-damage|p2a: Gengar|94/100|[from] Sandstorm
|-heal|p2a: Gengar|100/100|[from] item: Leftovers
|upkeep
|turn|3
|
|t:|1727972617
|switch|p1a: Galahad|Metagross|100/100
|-damage|p1a: Galahad|88/100|[from] Spikes
|move|p2a: Gengar|Thunderbolt|p1a: Galahad
|-damage|p1a: Galahad|52/100
|-status|p1a: Galahad|par
|
|-weather|Sandstorm|[upkeep]
|-damage|p2a: Gengar|94/100|[from] Sandstorm
|-heal|p2a: Gengar|100/100|[from] item: Leftovers
|-heal|p1a: Galahad|58/100 par|[from] item: Leftovers
|upkeep
|turn|4
|
|t:|1727972634
|switch|p2a: Flygon|Flygon, F|100/100
|move|p1a: Galahad|Psychic|p2a: Flygon
|-damage|p2a: Flygon|58/100
|
|-weather|Sandstorm|[upkeep]
|-heal|p2a: Flygon|64/100|[from] item: Leftovers
|-heal|p1a: Galahad|64/100 par|[from] item: Leftovers
|upkeep
|turn|5
|inactive|SteelSwaggy has 270 seconds left.
|
|t:|1727972667
|move|p2a: Flygon|Earthquake|p1a: Galahad
|-supereffective|p1a: Galahad
|-damage|p1a: Galahad|11/100 par
|move|p1a: Galahad|Ice Punch|p2a: Flygon
|-supereffective|p2a: Flygon
|-damage|p2a: Flygon|0 fnt
|faint|p2a: Flygon
|
|t:|1727972687
|switch|p2a: Gengar|Gengar, M|100/100
|
|-weather|Sandstorm|[upkeep]
|-damage|p2a: Gengar|94/100|[from] Sandstorm
|-heal|p2a: Gengar|100/100|[from] item: Leftovers
|-heal|p1a: Galahad|17/100 par|[from] item: Leftovers
|upkeep
|turn|6
|
|t:|1727972694
|move|p2a: Gengar|Thunderbolt|p1a: Galahad
|-damage|p1a: Galahad|0 fnt
|faint|p1a: Galahad
|
|t:|1727972696
|switch|p1a: Jakka|Tyranitar, M|100/100
|-damage|p1a: Jakka|88/100|[from] Spikes
|
|-weather|Sandstorm|[upkeep]
|-damage|p2a: Gengar|94/100|[from] Sandstorm
|-heal|p2a: Gengar|100/100|[from] item: Leftovers
|upkeep
|turn|7
|
|t:|1727972713
|switch|p2a: Skarmory|Skarmory, F|100/100
|move|p1a: Jakka|Dragon Dance|p1a: Jakka
|-boost|p1a: Jakka|atk|1
|-boost|p1a: Jakka|spe|1
|
|-weather|Sandstorm|[upkeep]
|upkeep
|turn|8
|
|t:|1727972716
|move|p1a: Jakka|Rock Slide|p2a: Skarmory
|-damage|p2a: Skarmory|47/100
|cant|p2a: Skarmory|flinch
|
|-weather|Sandstorm|[upkeep]
|-heal|p2a: Skarmory|53/100|[from] item: Leftovers
|upkeep
|turn|9
|
|t:|1727972720
|move|p2a: Skarmory|Protect|p2a: Skarmory
|-singleturn|p2a: Skarmory|Protect
|move|p1a: Jakka|Rock Slide|p2a: Skarmory|[miss]
|-miss|p1a: Jakka|p2a: Skarmory
|
|-weather|Sandstorm|[upkeep]
|-heal|p2a: Skarmory|59/100|[from] item: Leftovers
|upkeep
|turn|10
|
|t:|1727972724
|move|p1a: Jakka|Rock Slide|p2a: Skarmory
|-damage|p2a: Skarmory|11/100
|move|p2a: Skarmory|Roar|p1a: Jakka
|drag|p1a: Tendaris|Salamence, M|100/100
|-ability|p1a: Tendaris|Intimidate|boost
|-unboost|p2a: Skarmory|atk|1
|
|-weather|Sandstorm|[upkeep]
|-damage|p1a: Tendaris|94/100|[from] Sandstorm
|-heal|p1a: Tendaris|100/100|[from] item: Leftovers
|-heal|p2a: Skarmory|17/100|[from] item: Leftovers
|upkeep
|turn|11
|
|t:|1727972738
|move|p1a: Tendaris|Dragon Dance|p1a: Tendaris
|-boost|p1a: Tendaris|atk|1
|-boost|p1a: Tendaris|spe|1
|move|p2a: Skarmory|Toxic|p1a: Tendaris
|-status|p1a: Tendaris|tox
|
|-weather|Sandstorm|[upkeep]
|-damage|p1a: Tendaris|94/100 tox|[from] Sandstorm
|-heal|p1a: Tendaris|100/100 tox|[from] item: Leftovers
|-damage|p1a: Tendaris|94/100 tox|[from] psn
|-heal|p2a: Skarmory|23/100|[from] item: Leftovers
|upkeep
|turn|12
|
|t:|1727972742
|move|p2a: Skarmory|Protect|p2a: Skarmory
|-singleturn|p2a: Skarmory|Protect
|move|p1a: Tendaris|Rock Slide|p2a: Skarmory
|-activate|p2a: Skarmory|Protect
|
|-weather|Sandstorm|[upkeep]
|-damage|p1a: Tendaris|88/100 tox|[from] Sandstorm
|-heal|p1a: Tendaris|94/100 tox|[from] item: Leftovers
|-damage|p1a: Tendaris|82/100 tox|[from] psn
|-heal|p2a: Skarmory|29/100|[from] item: Leftovers
|upkeep
|turn|13
|inactive|LTG has 270 seconds left.
|
|t:|1727972782
|move|p2a: Skarmory|Protect||[still]
|-fail|p2a: Skarmory
|move|p1a: Tendaris|Rock Slide|p2a: Skarmory
|-damage|p2a: Skarmory|0 fnt
|faint|p2a: Skarmory
|
|t:|1727972796
|switch|p2a: Gengar|Gengar, M|100/100
|
|-weather|Sandstorm|[upkeep]
|-damage|p1a: Tendaris|76/100 tox|[from] Sandstorm
|-damage|p2a: Gengar|94/100|[from] Sandstorm
|-heal|p1a: Tendaris|82/100 tox|[from] item: Leftovers
|-damage|p1a: Tendaris|64/100 tox|[from] psn
|-heal|p2a: Gengar|100/100|[from] item: Leftovers
|upkeep
|turn|14
|
|t:|1727972802
|switch|p2a: Tyranitar|Tyranitar, M|100/100
|-damage|p2a: Tyranitar|88/100|[from] Spikes
|move|p1a: Tendaris|Hidden Power|p2a: Tyranitar
|-resisted|p2a: Tyranitar
|-damage|p2a: Tyranitar|66/100
|
|-weather|Sandstorm|[upkeep]
|-damage|p1a: Tendaris|58/100 tox|[from] Sandstorm
|-heal|p1a: Tendaris|64/100 tox|[from] item: Leftovers
|-damage|p1a: Tendaris|39/100 tox|[from] psn
|-heal|p2a: Tyranitar|72/100|[from] item: Leftovers
|upkeep
|turn|15
|
|t:|1727972826
|switch|p2a: Charizard|Charizard, M|100/100
|move|p1a: Tendaris|Rock Slide|p2a: Charizard|[miss]
|-miss|p1a: Tendaris|p2a: Charizard
|
|-weather|Sandstorm|[upkeep]
|-damage|p1a: Tendaris|33/100 tox|[from] Sandstorm
|-damage|p2a: Charizard|94/100|[from] Sandstorm
|-heal|p1a: Tendaris|39/100 tox|[from] item: Leftovers
|-damage|p1a: Tendaris|9/100 tox|[from] psn
|-heal|p2a: Charizard|100/100|[from] item: Leftovers
|upkeep
|turn|16
|
|t:|1727972838
|move|p1a: Tendaris|Rock Slide|p2a: Charizard|[miss]
|-miss|p1a: Tendaris|p2a: Charizard
|move|p2a: Charizard|Substitute|p2a: Charizard
|-start|p2a: Charizard|Substitute
|-damage|p2a: Charizard|76/100
|
|-weather|Sandstorm|[upkeep]
|-damage|p1a: Tendaris|3/100 tox|[from] Sandstorm
|-damage|p2a: Charizard|70/100|[from] Sandstorm
|-heal|p1a: Tendaris|9/100 tox|[from] item: Leftovers
|-damage|p1a: Tendaris|0 fnt|[from] psn
|faint|p1a: Tendaris
|-heal|p2a: Charizard|76/100|[from] item: Leftovers
|upkeep
|c|☆LTG|unfort
|
|t:|1727972844
|switch|p1a: Buggi|Aerodactyl, M|100/100
|turn|17
|inactive|LTG has 240 seconds left.
|
|t:|1727972874
|move|p1a: Buggi|Rock Slide|p2a: Charizard
|-supereffective|p2a: Charizard
|-end|p2a: Charizard|Substitute
|move|p2a: Charizard|Substitute|p2a: Charizard
|-start|p2a: Charizard|Substitute
|-damage|p2a: Charizard|51/100
|
|-weather|Sandstorm|[upkeep]
|-damage|p2a: Charizard|45/100|[from] Sandstorm
|-heal|p2a: Charizard|51/100|[from] item: Leftovers
|upkeep
|turn|18
|
|t:|1727972877
|move|p1a: Buggi|Rock Slide|p2a: Charizard
|-supereffective|p2a: Charizard
|-end|p2a: Charizard|Substitute
|move|p2a: Charizard|Substitute|p2a: Charizard
|-start|p2a: Charizard|Substitute
|-damage|p2a: Charizard|26/100
|
|-weather|Sandstorm|[upkeep]
|-damage|p2a: Charizard|20/100|[from] Sandstorm
|-heal|p2a: Charizard|26/100|[from] item: Leftovers
|upkeep
|turn|19
|
|t:|1727972880
|move|p1a: Buggi|Rock Slide|p2a: Charizard
|-supereffective|p2a: Charizard
|-end|p2a: Charizard|Substitute
|move|p2a: Charizard|Substitute|p2a: Charizard
|-start|p2a: Charizard|Substitute
|-damage|p2a: Charizard|1/100
|
|-weather|Sandstorm|[upkeep]
|-damage|p2a: Charizard|0 fnt|[from] Sandstorm
|faint|p2a: Charizard
|upkeep
|c|☆LTG|oops
|c|☆SteelSwaggy|Welp, that makes up for it.
|inactive|LTG has 240 seconds left.
|c|☆LTG|in my defense I don't play this gen
|
|t:|1727972920
|switch|p2a: Gengar|Gengar, M|100/100
|turn|20
|c|☆SteelSwaggy|I play it, and I've made the sub into sand kill mistake as well.
|
|t:|1727972930
|move|p1a: Buggi|Rock Slide|p2a: Gengar
|-damage|p2a: Gengar|0 fnt
|faint|p2a: Gengar
|
|t:|1727972934
|switch|p2a: Aerodactyl|Aerodactyl, M|100/100
|
|-weather|Sandstorm|[upkeep]
|upkeep
|turn|21
|
|t:|1727972938
|switch|p1a: Baudimon|Forretress, M|100/100
|-damage|p1a: Baudimon|88/100|[from] Spikes
|move|p2a: Aerodactyl|Rock Slide|p1a: Baudimon
|-damage|p1a: Baudimon|49/100
|
|-weather|Sandstorm|[upkeep]
|-heal|p1a: Baudimon|56/100|[from] item: Leftovers
|upkeep
|turn|22
|
|t:|1727972946
|move|p2a: Aerodactyl|Rock Slide|p1a: Baudimon
|-damage|p1a: Baudimon|21/100
|move|p1a: Baudimon|Explosion|p2a: Aerodactyl
|-resisted|p2a: Aerodactyl
|-damage|p2a: Aerodactyl|13/100
|faint|p1a: Baudimon
|
|t:|1727972950
|switch|p1a: Isabelle|Jirachi|100/100
|-damage|p1a: Isabelle|88/100|[from] Spikes
|
|-weather|Sandstorm|[upkeep]
|-heal|p1a: Isabelle|94/100|[from] item: Leftovers
|upkeep
|turn|23
|
|t:|1727972953
|switch|p2a: Tyranitar|Tyranitar, M|72/100
|-damage|p2a: Tyranitar|60/100|[from] Spikes
|move|p1a: Isabelle|Substitute|p1a: Isabelle
|-start|p1a: Isabelle|Substitute
|-damage|p1a: Isabelle|69/100
|
|-weather|Sandstorm|[upkeep]
|-heal|p1a: Isabelle|75/100|[from] item: Leftovers
|-heal|p2a: Tyranitar|66/100|[from] item: Leftovers
|upkeep
|turn|24
|
|t:|1727972957
|move|p1a: Isabelle|Thunderbolt|p2a: Tyranitar
|-damage|p2a: Tyranitar|45/100
|move|p2a: Tyranitar|Crunch|p1a: Isabelle
|-end|p1a: Isabelle|Substitute
|
|-weather|Sandstorm|[upkeep]
|-heal|p1a: Isabelle|82/100|[from] item: Leftovers
|-heal|p2a: Tyranitar|51/100|[from] item: Leftovers
|upkeep
|turn|25
|
|t:|1727972961
|move|p1a: Isabelle|Calm Mind|p1a: Isabelle
|-boost|p1a: Isabelle|spa|1
|-boost|p1a: Isabelle|spd|1
|move|p2a: Tyranitar|Fire Blast|p1a: Isabelle
|-supereffective|p1a: Isabelle
|-damage|p1a: Isabelle|39/100
|
|-weather|Sandstorm|[upkeep]
|-heal|p1a: Isabelle|45/100|[from] item: Leftovers
|-heal|p2a: Tyranitar|57/100|[from] item: Leftovers
|upkeep
|turn|26
|
|t:|1727972964
|move|p1a: Isabelle|Thunderbolt|p2a: Tyranitar
|-damage|p2a: Tyranitar|24/100
|-status|p2a: Tyranitar|par
|move|p2a: Tyranitar|Roar|p1a: Isabelle
|drag|p1a: Jakka|Tyranitar, M|88/100
|-damage|p1a: Jakka|76/100|[from] Spikes
|
|-weather|Sandstorm|[upkeep]
|-heal|p2a: Tyranitar|30/100 par|[from] item: Leftovers
|upkeep
|turn|27
|
|t:|1727972974
|move|p1a: Jakka|Rock Slide|p2a: Tyranitar
|-damage|p2a: Tyranitar|0 fnt
|faint|p2a: Tyranitar
|
|t:|1727972976
|switch|p2a: Aerodactyl|Aerodactyl, M|13/100
|
|-weather|Sandstorm|[upkeep]
|upkeep
|turn|28
|c|☆LTG|when there's an aero there's a way
|
|t:|1727972984
|move|p2a: Aerodactyl|Rock Slide|p1a: Jakka
|-damage|p1a: Jakka|34/100
|move|p1a: Jakka|Hidden Power|p2a: Aerodactyl
|-damage|p2a: Aerodactyl|0 fnt
|faint|p2a: Aerodactyl
|
|win|SteelSwaggy
|c|☆LTG|nvm
|c|☆LTG|ggs
|c|☆SteelSwaggy|I just wanted to say the aero line lol
|c|☆SteelSwaggy|gg
|c|☆SteelSwaggy|wp

</script>
<script type="application/json" class="data" id="replaydata-smogtours-gen3ou-794237">
{"id":"smogtours-gen3ou-794237","format":"[Gen 3] OU","players":["SteelSwaggy","LTG"],"uploadtime":1727972984,"views":99,"formatid":"gen3ou","rating":null,"private":0,"password":null}
</script>

<script defer src="js/replays.js?9d40a366"></script>
