<!DOCTYPE html>
<meta charset="utf-8" />
<meta name="viewport" content="width=device-width" />

<title>[Gen 3] OU: yt-cyber-dj vs. Buzzed27 - Replays - Pok&eacute;mon Showdown!</title>

<meta name="description" content="Watch a replay of a Pok&eacute;mon battle between yt-cyber-dj and Buzzed27! Format: [Gen 3] OU; Date: Oct 11, 2024" />
<!--

Hey, you! Looking in the source for the replay log?

You can find them in JSON format, just add `.json` at the end of a replay URL.

https://replay.pokemonshowdown.com/gen7randomdoublesbattle-865046831.json

Or, if you only need the log itself, add `.log` instead:

https://replay.pokemonshowdown.com/gen7randomdoublesbattle-865046831.log

-->

<link rel="stylesheet" href="//pokemonshowdown.com/style/global.css?0.767286132409787" />
<link rel="stylesheet" href="//play.pokemonshowdown.com/style/font-awesome.css?0.9266228007934947" />
<link rel="stylesheet" href="//play.pokemonshowdown.com/style/battle.css?0.7924700842790926" />
<link rel="stylesheet" href="//play.pokemonshowdown.com/style/utilichart.css?0.8777417872839479" />

<!-- Global site tag (gtag.js) - Google Analytics -->
<script async src="https://www.googletagmanager.com/gtag/js?id=UA-26211653-1"></script>
<script>
  window.dataLayer = window.dataLayer || [];
  function gtag(){dataLayer.push(arguments);}
  gtag('js', new Date());

  gtag('config', 'UA-26211653-1');
</script>
<!-- End Google Analytics -->
<!-- Venatus Ad Manager - Install in <HEAD> of page -->
	<script src="https://hb.vntsm.com/v3/live/ad-manager.min.js" type="text/javascript" data-site-id="642aba63ec9a7b11c3c9c1be" data-mode="scan" async></script>
<!-- / Venatus Ad Manager -->

<style>
	@media (max-width:820px) {
		.battle {
			margin: 0 auto;
		}
		.battle-log {
			margin: 7px auto 0;
			max-width: 640px;
			height: 300px;
			position: static;
		}
	}
	.optgroup {
		display: inline-block;
		line-height: 22px;
		font-size: 10pt;
	}
	.optgroup .button {
		height: 25px;
		padding-top: 0;
		padding-bottom: 0;
	}
	.optgroup button.button {
		padding-left: 12px;
		padding-right: 12px;
	}
	.linklist {
		list-style: none;
		margin: 0.5em 0;
		padding: 0;
	}
	.linklist li {
		padding: 2px 0;
	}
	.sidebar {
		float: left;
		width: 320px;
	}
	.bar-wrapper {
		max-width: 1100px;
		margin: 0 auto;
	}
	.bar-wrapper.has-sidebar {
		max-width: 1430px;
	}
	.mainbar {
		margin: 0;
		padding-right: 1px;
	}
	.mainbar.has-sidebar {
		margin-left: 330px;
	}
	@media (min-width: 1511px) {
		.sidebar {
			width: 400px;
		}
		.bar-wrapper.has-sidebar {
			max-width: 1510px;
		}
		.mainbar.has-sidebar {
			margin-left: 410px;
		}
	}
	.section.first-section {
		margin-top: 9px;
	}
	.blocklink small {
		white-space: normal;
	}
	.button {
		vertical-align: middle;
	}
	.replay-controls {
		padding-top: 10px;
	}
	.replay-controls h1 {
		font-size: 16pt;
		font-weight: normal;
		color: #CCC;
	}
	.pagelink {
		text-align: center;
	}
	.pagelink a {
		width: 150px;
	}
	.textbox, .button {
		font-size: 11pt;
		vertical-align: middle;
	}
	@media (max-width: 450px) {
		.button {
			font-size: 9pt;
		}
	}
</style>

<div>

	<header>
		<div class="nav-wrapper"><ul class="nav">
			<li><a class="button nav-first" href="//pokemonshowdown.com/"><img src="//pokemonshowdown.com/images/pokemonshowdownbeta.png" srcset="//pokemonshowdown.com/images/pokemonshowdownbeta.png 1x, //pokemonshowdown.com/images/pokemonshowdownbeta@2x.png 2x" alt="Pok&eacute;mon Showdown" width="146" height="44" /> Home</a></li>
			<li><a class="button" href="//pokemonshowdown.com/dex/">Pok&eacute;dex</a></li>
			<li><a class="button cur" href="/">Replays</a></li>
			<li><a class="button" href="//pokemonshowdown.com/ladder/">Ladder</a></li>
			<li><a class="button nav-last" href="//pokemonshowdown.com/forums/">Forum</a></li>
			<li><a class="button greenbutton nav-first nav-last" href="//play.pokemonshowdown.com/">Play</a></li>
		</ul></div>
	</header>

	<div class="main" id="main">

		<noscript><section class="section">You need to enable JavaScript to use this page; sorry!</section></noscript>

	</div>

</div>

<script defer nomodule src="//play.pokemonshowdown.com/js/lib/ps-polyfill.js"></script>
<script defer src="//play.pokemonshowdown.com/js/lib/preact.min.js"></script>

<script defer src="//play.pokemonshowdown.com/config/config.js?6dec07f6"></script>
<script defer src="//play.pokemonshowdown.com/js/lib/jquery-1.11.0.min.js"></script>
<script defer src="//play.pokemonshowdown.com/js/lib/html-sanitizer-minified.js"></script>
<script defer src="//play.pokemonshowdown.com/js/battle-sound.js"></script>
<script defer src="//play.pokemonshowdown.com/js/battledata.js?0.6315294753075389"></script>
<script defer src="//play.pokemonshowdown.com/data/pokedex-mini.js?0.7603743185311358"></script>
<script defer src="//play.pokemonshowdown.com/data/pokedex-mini-bw.js?0.030888842834281283"></script>
<script defer src="//play.pokemonshowdown.com/data/graphics.js?0.05593094747507488"></script>
<script defer src="//play.pokemonshowdown.com/data/pokedex.js?0.47064822249611904"></script>
<script defer src="//play.pokemonshowdown.com/data/moves.js?0.8583693120512459"></script>
<script defer src="//play.pokemonshowdown.com/data/abilities.js?0.16017181182386842"></script>
<script defer src="//play.pokemonshowdown.com/data/items.js?0.4163379185673943"></script>
<script defer src="//play.pokemonshowdown.com/data/teambuilder-tables.js?0.31075597372830477"></script>
<script defer src="//play.pokemonshowdown.com/js/battle-tooltips.js?0.6536193500708172"></script>
<script defer src="//play.pokemonshowdown.com/js/battle.js?0.1916591943277901"></script>

<script defer src="js/utils.js?e31f9a17"></script>
<script defer src="js/replays-battle.js?7008c182"></script>

<!-- don't scrape this data! just add .json or .log after the URL!
Full API docs: https://github.com/smogon/pokemon-showdown-client/blob/master/WEB-API.md -->
<script type="text/plain" class="log" id="replaylog-smogtours-gen3ou-797200">
|inactive|Battle timer is ON: inactive players will automatically lose when time's up.
|t:|1728663337
|gametype|singles
|player|p1|yt-cyber-dj|gambler|
|player|p2|Buzzed27|clay|
|teamsize|p1|6
|teamsize|p2|6
|gen|3
|tier|[Gen 3] OU
|rule|Sleep Clause Mod: Limit one foe put to sleep
|rule|Switch Priority Clause Mod: Faster Pokémon switch first
|rule|Species Clause: Limit one of each Pokémon
|rule|OHKO Clause: OHKO moves are banned
|rule|Evasion Items Clause: Evasion items are banned
|rule|Evasion Moves Clause: Evasion moves are banned
|rule|Endless Battle Clause: Forcing endless battles is banned
|rule|HP Percentage Mod: HP is shown in percentages
|rule|One Boost Passer Clause: Limit one Baton Passer that has a way to boost its stats
|rule|Freeze Clause Mod: Limit one foe frozen
|
|t:|1728663337
|start
|switch|p1a: Salami|Salamence, F, shiny|100/100
|switch|p2a: Smeargle|Smeargle, M|100/100
|-ability|p1a: Salami|Intimidate|boost
|-unboost|p2a: Smeargle|atk|1
|turn|1
|c|☆yt-cyber-dj|GLHF
|c|☆Buzzed27|u2
|inactive|yt-cyber-dj has 270 seconds left.
|
|t:|1728663389
|switch|p2a: Gengar|Gengar, M|100/100
|move|p1a: Salami|Brick Break|p2a: Gengar
|-immune|p2a: Gengar
|
|upkeep
|turn|2
|
|t:|1728663394
|switch|p1a: Big Scary Pink|Blissey, F|100/100
|move|p2a: Gengar|Will-O-Wisp|p1a: Big Scary Pink|[miss]
|-miss|p2a: Gengar|p1a: Big Scary Pink
|
|upkeep
|turn|3
|
|t:|1728663409
|switch|p2a: Smeargle|Smeargle, M|100/100
|move|p1a: Big Scary Pink|Ice Beam|p2a: Smeargle
|-damage|p2a: Smeargle|61/100
|
|upkeep
|turn|4
|
|t:|1728663415
|switch|p1a: Let it rip!|Claydol|100/100
|move|p2a: Smeargle|Spikes|p1a: Let it rip!
|-sidestart|p1: yt-cyber-dj|Spikes
|
|upkeep
|turn|5
|
|t:|1728663422
|move|p2a: Smeargle|Spore|p1a: Let it rip!
|-status|p1a: Let it rip!|slp|[from] move: Spore
|cant|p1a: Let it rip!|slp
|
|upkeep
|turn|6
|
|t:|1728663430
|switch|p1a: Flinchinator|Jirachi|100/100
|-damage|p1a: Flinchinator|88/100|[from] Spikes
|move|p2a: Smeargle|Spikes|p1a: Flinchinator
|-sidestart|p1: yt-cyber-dj|Spikes
|
|-heal|p1a: Flinchinator|94/100|[from] item: Leftovers
|upkeep
|turn|7
|
|t:|1728663435
|move|p2a: Smeargle|Spikes|p1a: Flinchinator
|-sidestart|p1: yt-cyber-dj|Spikes
|move|p1a: Flinchinator|Fire Punch|p2a: Smeargle
|-damage|p2a: Smeargle|33/100
|
|-heal|p1a: Flinchinator|100/100|[from] item: Leftovers
|upkeep
|turn|8
|
|t:|1728663443
|move|p1a: Flinchinator|Protect|p1a: Flinchinator
|-singleturn|p1a: Flinchinator|Protect
|move|p2a: Smeargle|Roar|p1a: Flinchinator
|-activate|p1a: Flinchinator|Protect
|
|upkeep
|turn|9
|
|t:|1728663454
|move|p1a: Flinchinator|Wish|p1a: Flinchinator
|move|p2a: Smeargle|Roar|p1a: Flinchinator
|drag|p1a: Gutsy Shinobi|Hariyama, M|100/100
|-damage|p1a: Gutsy Shinobi|76/100|[from] Spikes
|
|-heal|p1a: Gutsy Shinobi|82/100|[from] item: Leftovers
|upkeep
|turn|10
|
|t:|1728663459
|move|p1a: Gutsy Shinobi|Knock Off|p2a: Smeargle
|-damage|p2a: Smeargle|29/100
|-enditem|p2a: Smeargle|Salac Berry|[from] move: Knock Off|[of] p1a: Gutsy Shinobi
|-hint|In Gens 3-4, Knock Off only makes the target's item unusable; it cannot obtain a new item.
|move|p2a: Smeargle|Roar|p1a: Gutsy Shinobi
|drag|p1a: Suic Army Knife|Suicune|100/100
|-damage|p1a: Suic Army Knife|76/100|[from] Spikes
|
|-heal|p1a: Suic Army Knife|100/100|[from] move: Wish|[wisher] Flinchinator
|upkeep
|turn|11
|
|t:|1728663473
|move|p2a: Smeargle|Explosion|p1a: Suic Army Knife
|-damage|p1a: Suic Army Knife|69/100
|faint|p2a: Smeargle
|
|t:|1728663481
|switch|p2a: Jolteon|Jolteon, F|100/100
|
|-heal|p1a: Suic Army Knife|75/100|[from] item: Leftovers
|upkeep
|turn|12
|
|t:|1728663500
|switch|p1a: Let it rip!|Claydol|100/100 slp
|move|p2a: Jolteon|Baton Pass|p2a: Jolteon
|
|t:|1728663515
|switch|p2a: Gengar|Gengar, M|100/100|[from] Baton Pass
|
|upkeep
|turn|13
|
|t:|1728663522
|switch|p2a: Tyranitar|Tyranitar, M|100/100
|-weather|Sandstorm|[from] ability: Sand Stream|[of] p2a: Tyranitar
|switch|p1a: Flinchinator|Jirachi|100/100
|-damage|p1a: Flinchinator|76/100|[from] Spikes
|
|-weather|Sandstorm|[upkeep]
|-heal|p1a: Flinchinator|82/100|[from] item: Leftovers
|upkeep
|turn|14
|
|t:|1728663539
|switch|p1a: Salami|Salamence, F, shiny|100/100
|-ability|p1a: Salami|Intimidate|boost
|-unboost|p2a: Tyranitar|atk|1
|move|p2a: Tyranitar|Earthquake|p1a: Salami
|-immune|p1a: Salami
|
|-weather|Sandstorm|[upkeep]
|-damage|p1a: Salami|94/100|[from] Sandstorm
|upkeep
|turn|15
|
|t:|1728663546
|switch|p2a: Gengar|Gengar, M|100/100
|move|p1a: Salami|Rock Slide|p2a: Gengar
|-damage|p2a: Gengar|34/100
|
|-weather|Sandstorm|[upkeep]
|-damage|p2a: Gengar|27/100|[from] Sandstorm
|-damage|p1a: Salami|88/100|[from] Sandstorm
|-heal|p2a: Gengar|34/100|[from] item: Leftovers
|upkeep
|turn|16
|
|t:|1728663555
|switch|p1a: Big Scary Pink|Blissey, F|100/100
|-damage|p1a: Big Scary Pink|76/100|[from] Spikes
|move|p2a: Gengar|Ice Punch|p1a: Big Scary Pink
|-damage|p1a: Big Scary Pink|67/100
|
|-weather|Sandstorm|[upkeep]
|-damage|p2a: Gengar|27/100|[from] Sandstorm
|-damage|p1a: Big Scary Pink|61/100|[from] Sandstorm
|-heal|p2a: Gengar|34/100|[from] item: Leftovers
|-heal|p1a: Big Scary Pink|67/100|[from] item: Leftovers
|upkeep
|turn|17
|
|t:|1728663559
|move|p2a: Gengar|Explosion|p1a: Big Scary Pink
|-damage|p1a: Big Scary Pink|0 fnt
|faint|p2a: Gengar
|faint|p1a: Big Scary Pink
|
|t:|1728663569
|switch|p2a: Swampert|Swampert, M|100/100
|switch|p1a: Let it rip!|Claydol|100/100 slp
|
|-weather|Sandstorm|[upkeep]
|upkeep
|turn|18
|
|t:|1728663574
|switch|p1a: Suic Army Knife|Suicune|75/100
|-damage|p1a: Suic Army Knife|50/100|[from] Spikes
|move|p2a: Swampert|Ice Beam|p1a: Suic Army Knife
|-resisted|p1a: Suic Army Knife
|-damage|p1a: Suic Army Knife|40/100
|
|-weather|Sandstorm|[upkeep]
|-damage|p1a: Suic Army Knife|34/100|[from] Sandstorm
|-heal|p1a: Suic Army Knife|40/100|[from] item: Leftovers
|upkeep
|turn|19
|
|t:|1728663582
|move|p1a: Suic Army Knife|Rest|p1a: Suic Army Knife
|-status|p1a: Suic Army Knife|slp|[from] move: Rest
|-heal|p1a: Suic Army Knife|100/100 slp|[silent]
|move|p2a: Swampert|Earthquake|p1a: Suic Army Knife
|-damage|p1a: Suic Army Knife|79/100 slp
|
|-weather|Sandstorm|[upkeep]
|-damage|p1a: Suic Army Knife|73/100 slp|[from] Sandstorm
|-heal|p1a: Suic Army Knife|79/100 slp|[from] item: Leftovers
|upkeep
|turn|20
|
|t:|1728663594
|switch|p1a: Flinchinator|Jirachi|82/100
|-damage|p1a: Flinchinator|57/100|[from] Spikes
|switch|p2a: Jolteon|Jolteon, F|100/100
|
|-weather|Sandstorm|[upkeep]
|-damage|p2a: Jolteon|95/100|[from] Sandstorm
|-heal|p2a: Jolteon|100/100|[from] item: Leftovers
|-heal|p1a: Flinchinator|63/100|[from] item: Leftovers
|upkeep
|turn|21
|
|t:|1728663597
|move|p2a: Jolteon|Thunder Wave|p1a: Flinchinator
|-status|p1a: Flinchinator|par
|cant|p1a: Flinchinator|par
|
|-weather|Sandstorm|[upkeep]
|-damage|p2a: Jolteon|95/100|[from] Sandstorm
|-heal|p2a: Jolteon|100/100|[from] item: Leftovers
|-heal|p1a: Flinchinator|69/100 par|[from] item: Leftovers
|upkeep
|turn|22
|
|t:|1728663616
|switch|p2a: Swampert|Swampert, M|100/100
|move|p1a: Flinchinator|Wish|p1a: Flinchinator
|
|-weather|Sandstorm|[upkeep]
|-heal|p1a: Flinchinator|76/100 par|[from] item: Leftovers
|upkeep
|turn|23
|
|t:|1728663625
|-singleturn|p2a: Swampert|move: Focus Punch
|cant|p1a: Flinchinator|par
|move|p2a: Swampert|Focus Punch|p1a: Flinchinator
|-damage|p1a: Flinchinator|50/100 par
|
|-heal|p1a: Flinchinator|99/100 par|[from] move: Wish|[wisher] Flinchinator
|-weather|Sandstorm|[upkeep]
|-heal|p1a: Flinchinator|100/100 par|[from] item: Leftovers
|upkeep
|turn|24
|
|t:|1728663632
|move|p2a: Swampert|Earthquake|p1a: Flinchinator
|-supereffective|p1a: Flinchinator
|-damage|p1a: Flinchinator|54/100 par
|move|p1a: Flinchinator|Toxic|p2a: Swampert
|-status|p2a: Swampert|tox
|
|-weather|Sandstorm|[upkeep]
|-damage|p2a: Swampert|94/100 tox|[from] psn
|-heal|p1a: Flinchinator|61/100 par|[from] item: Leftovers
|upkeep
|turn|25
|
|t:|1728663639
|switch|p2a: Tyranitar|Tyranitar, M|100/100
|cant|p1a: Flinchinator|par
|
|-weather|Sandstorm|[upkeep]
|-heal|p1a: Flinchinator|67/100 par|[from] item: Leftovers
|upkeep
|turn|26
|
|t:|1728663643
|switch|p1a: Gutsy Shinobi|Hariyama, M|82/100
|-damage|p1a: Gutsy Shinobi|57/100|[from] Spikes
|move|p2a: Tyranitar|Dragon Dance|p2a: Tyranitar
|-boost|p2a: Tyranitar|atk|1
|-boost|p2a: Tyranitar|spe|1
|
|-weather|Sandstorm|[upkeep]
|-damage|p1a: Gutsy Shinobi|51/100|[from] Sandstorm
|-heal|p1a: Gutsy Shinobi|57/100|[from] item: Leftovers
|upkeep
|turn|27
|
|t:|1728663655
|switch|p2a: Swampert|Swampert, M|94/100 tox
|move|p1a: Gutsy Shinobi|Brick Break|p2a: Swampert
|-damage|p2a: Swampert|62/100 tox
|
|-weather|Sandstorm|[upkeep]
|-damage|p1a: Gutsy Shinobi|51/100|[from] Sandstorm
|-heal|p2a: Swampert|68/100 tox|[from] item: Leftovers
|-damage|p2a: Swampert|62/100 tox|[from] psn
|-heal|p1a: Gutsy Shinobi|57/100|[from] item: Leftovers
|upkeep
|turn|28
|
|t:|1728663664
|move|p2a: Swampert|Hydro Pump|p1a: Gutsy Shinobi
|-damage|p1a: Gutsy Shinobi|9/100
|move|p1a: Gutsy Shinobi|Knock Off|p2a: Swampert
|-damage|p2a: Swampert|60/100 tox
|-enditem|p2a: Swampert|Leftovers|[from] move: Knock Off|[of] p1a: Gutsy Shinobi
|
|-weather|Sandstorm|[upkeep]
|-damage|p1a: Gutsy Shinobi|3/100|[from] Sandstorm
|-damage|p2a: Swampert|48/100 tox|[from] psn
|-heal|p1a: Gutsy Shinobi|9/100|[from] item: Leftovers
|upkeep
|turn|29
|
|t:|1728663676
|-singleturn|p1a: Gutsy Shinobi|move: Focus Punch
|move|p2a: Swampert|Earthquake|p1a: Gutsy Shinobi
|-crit|p1a: Gutsy Shinobi
|-damage|p1a: Gutsy Shinobi|0 fnt
|faint|p1a: Gutsy Shinobi
|
|t:|1728663684
|switch|p1a: Suic Army Knife|Suicune|79/100 slp
|-damage|p1a: Suic Army Knife|55/100 slp|[from] Spikes
|
|-weather|Sandstorm|[upkeep]
|-damage|p1a: Suic Army Knife|48/100 slp|[from] Sandstorm
|-heal|p1a: Suic Army Knife|55/100 slp|[from] item: Leftovers
|-damage|p2a: Swampert|29/100 tox|[from] psn
|upkeep
|turn|30
|
|t:|1728663698
|cant|p1a: Suic Army Knife|slp
|move|p2a: Swampert|Earthquake|p1a: Suic Army Knife
|-damage|p1a: Suic Army Knife|31/100 slp
|
|-weather|Sandstorm|[upkeep]
|-damage|p1a: Suic Army Knife|25/100 slp|[from] Sandstorm
|-heal|p1a: Suic Army Knife|31/100 slp|[from] item: Leftovers
|-damage|p2a: Swampert|5/100 tox|[from] psn
|upkeep
|turn|31
|
|t:|1728663702
|cant|p1a: Suic Army Knife|slp
|move|p2a: Swampert|Earthquake|p1a: Suic Army Knife
|-damage|p1a: Suic Army Knife|10/100 slp
|
|-weather|Sandstorm|[upkeep]
|-damage|p1a: Suic Army Knife|3/100 slp|[from] Sandstorm
|-heal|p1a: Suic Army Knife|10/100 slp|[from] item: Leftovers
|-damage|p2a: Swampert|0 fnt|[from] psn
|faint|p2a: Swampert
|upkeep
|
|t:|1728663718
|switch|p2a: Jolteon|Jolteon, F|100/100
|turn|32
|
|t:|1728663724
|switch|p1a: Let it rip!|Claydol|100/100 slp
|move|p2a: Jolteon|Hidden Power|p1a: Let it rip!
|-supereffective|p1a: Let it rip!
|-damage|p1a: Let it rip!|58/100 slp
|
|-weather|Sandstorm|[upkeep]
|-damage|p2a: Jolteon|95/100|[from] Sandstorm
|-heal|p2a: Jolteon|100/100|[from] item: Leftovers
|-heal|p1a: Let it rip!|64/100 slp|[from] item: Leftovers
|upkeep
|turn|33
|
|t:|1728663730
|move|p2a: Jolteon|Hidden Power|p1a: Let it rip!
|-supereffective|p1a: Let it rip!
|-damage|p1a: Let it rip!|24/100 slp
|cant|p1a: Let it rip!|slp
|
|-weather|Sandstorm|[upkeep]
|-damage|p2a: Jolteon|95/100|[from] Sandstorm
|-heal|p2a: Jolteon|100/100|[from] item: Leftovers
|-heal|p1a: Let it rip!|31/100 slp|[from] item: Leftovers
|upkeep
|turn|34
|
|t:|1728663733
|move|p2a: Jolteon|Hidden Power|p1a: Let it rip!
|-supereffective|p1a: Let it rip!
|-damage|p1a: Let it rip!|0 fnt
|faint|p1a: Let it rip!
|
|t:|1728663735
|switch|p1a: Salami|Salamence, F, shiny|88/100
|-ability|p1a: Salami|Intimidate|boost
|-unboost|p2a: Jolteon|atk|1
|
|-weather|Sandstorm|[upkeep]
|-damage|p2a: Jolteon|95/100|[from] Sandstorm
|-damage|p1a: Salami|82/100|[from] Sandstorm
|-heal|p2a: Jolteon|100/100|[from] item: Leftovers
|upkeep
|turn|35
|inactive|Buzzed27 has 270 seconds left.
|
|t:|1728663771
|move|p2a: Jolteon|Thunder Wave|p1a: Salami
|-status|p1a: Salami|par
|move|p1a: Salami|Earthquake|p2a: Jolteon
|-supereffective|p2a: Jolteon
|-damage|p2a: Jolteon|0 fnt
|faint|p2a: Jolteon
|
|t:|1728663782
|switch|p2a: Golduck|Golduck, F|100/100
|
|-weather|Sandstorm|[upkeep]
|upkeep
|turn|36
|
|t:|1728663790
|switch|p1a: Suic Army Knife|Suicune|10/100 slp
|-damage|p1a: Suic Army Knife|0 fnt|[from] Spikes
|faint|p1a: Suic Army Knife
|
|t:|1728663791
|switch|p1a: Flinchinator|Jirachi|67/100 par
|-damage|p1a: Flinchinator|42/100 par|[from] Spikes
|
|-weather|Sandstorm|[upkeep]
|-heal|p1a: Flinchinator|48/100 par|[from] item: Leftovers
|upkeep
|turn|37
|
|t:|1728663798
|move|p2a: Golduck|Calm Mind|p2a: Golduck
|-boost|p2a: Golduck|spa|1
|-boost|p2a: Golduck|spd|1
|cant|p1a: Flinchinator|par
|
|-weather|Sandstorm|[upkeep]
|-heal|p1a: Flinchinator|54/100 par|[from] item: Leftovers
|upkeep
|turn|38
|-message|yt-cyber-dj forfeited.
|
|win|Buzzed27
|player|p1|
|player|p1|yt-cyber-dj|gambler|

</script>
<script type="application/json" class="data" id="replaydata-smogtours-gen3ou-797200">
{"id":"smogtours-gen3ou-797200","format":"[Gen 3] OU","players":["yt-cyber-dj","Buzzed27"],"uploadtime":1728663804,"views":120,"formatid":"gen3ou","rating":null,"private":0,"password":null}
</script>

<script defer src="js/replays.js?9d40a366"></script>
