<!DOCTYPE html>
<meta charset="utf-8" />
<meta name="viewport" content="width=device-width" />

<title>[Gen 3] OU: RevivalTyp vs. Count Sliggoo II - Replays - Pok&eacute;mon Showdown!</title>

<meta name="description" content="Watch a replay of a Pok&eacute;mon battle between RevivalTyp and Count Sliggoo II! Format: [Gen 3] OU; Date: Oct 2, 2024" />
<!--

Hey, you! Looking in the source for the replay log?

You can find them in JSON format, just add `.json` at the end of a replay URL.

https://replay.pokemonshowdown.com/gen7randomdoublesbattle-865046831.json

Or, if you only need the log itself, add `.log` instead:

https://replay.pokemonshowdown.com/gen7randomdoublesbattle-865046831.log

-->

<link rel="stylesheet" href="//pokemonshowdown.com/style/global.css?0.767286132409787" />
<link rel="stylesheet" href="//play.pokemonshowdown.com/style/font-awesome.css?0.9266228007934947" />
<link rel="stylesheet" href="//play.pokemonshowdown.com/style/battle.css?0.7924700842790926" />
<link rel="stylesheet" href="//play.pokemonshowdown.com/style/utilichart.css?0.8777417872839479" />

<!-- Global site tag (gtag.js) - Google Analytics -->
<script async src="https://www.googletagmanager.com/gtag/js?id=UA-26211653-1"></script>
<script>
  window.dataLayer = window.dataLayer || [];
  function gtag(){dataLayer.push(arguments);}
  gtag('js', new Date());

  gtag('config', 'UA-26211653-1');
</script>
<!-- End Google Analytics -->
<!-- Venatus Ad Manager - Install in <HEAD> of page -->
	<script src="https://hb.vntsm.com/v3/live/ad-manager.min.js" type="text/javascript" data-site-id="642aba63ec9a7b11c3c9c1be" data-mode="scan" async></script>
<!-- / Venatus Ad Manager -->

<style>
	@media (max-width:820px) {
		.battle {
			margin: 0 auto;
		}
		.battle-log {
			margin: 7px auto 0;
			max-width: 640px;
			height: 300px;
			position: static;
		}
	}
	.optgroup {
		display: inline-block;
		line-height: 22px;
		font-size: 10pt;
	}
	.optgroup .button {
		height: 25px;
		padding-top: 0;
		padding-bottom: 0;
	}
	.optgroup button.button {
		padding-left: 12px;
		padding-right: 12px;
	}
	.linklist {
		list-style: none;
		margin: 0.5em 0;
		padding: 0;
	}
	.linklist li {
		padding: 2px 0;
	}
	.sidebar {
		float: left;
		width: 320px;
	}
	.bar-wrapper {
		max-width: 1100px;
		margin: 0 auto;
	}
	.bar-wrapper.has-sidebar {
		max-width: 1430px;
	}
	.mainbar {
		margin: 0;
		padding-right: 1px;
	}
	.mainbar.has-sidebar {
		margin-left: 330px;
	}
	@media (min-width: 1511px) {
		.sidebar {
			width: 400px;
		}
		.bar-wrapper.has-sidebar {
			max-width: 1510px;
		}
		.mainbar.has-sidebar {
			margin-left: 410px;
		}
	}
	.section.first-section {
		margin-top: 9px;
	}
	.blocklink small {
		white-space: normal;
	}
	.button {
		vertical-align: middle;
	}
	.replay-controls {
		padding-top: 10px;
	}
	.replay-controls h1 {
		font-size: 16pt;
		font-weight: normal;
		color: #CCC;
	}
	.pagelink {
		text-align: center;
	}
	.pagelink a {
		width: 150px;
	}
	.textbox, .button {
		font-size: 11pt;
		vertical-align: middle;
	}
	@media (max-width: 450px) {
		.button {
			font-size: 9pt;
		}
	}
</style>

<div>

	<header>
		<div class="nav-wrapper"><ul class="nav">
			<li><a class="button nav-first" href="//pokemonshowdown.com/"><img src="//pokemonshowdown.com/images/pokemonshowdownbeta.png" srcset="//pokemonshowdown.com/images/pokemonshowdownbeta.png 1x, //pokemonshowdown.com/images/pokemonshowdownbeta@2x.png 2x" alt="Pok&eacute;mon Showdown" width="146" height="44" /> Home</a></li>
			<li><a class="button" href="//pokemonshowdown.com/dex/">Pok&eacute;dex</a></li>
			<li><a class="button cur" href="/">Replays</a></li>
			<li><a class="button" href="//pokemonshowdown.com/ladder/">Ladder</a></li>
			<li><a class="button nav-last" href="//pokemonshowdown.com/forums/">Forum</a></li>
			<li><a class="button greenbutton nav-first nav-last" href="//play.pokemonshowdown.com/">Play</a></li>
		</ul></div>
	</header>

	<div class="main" id="main">

		<noscript><section class="section">You need to enable JavaScript to use this page; sorry!</section></noscript>

	</div>

</div>

<script defer nomodule src="//play.pokemonshowdown.com/js/lib/ps-polyfill.js"></script>
<script defer src="//play.pokemonshowdown.com/js/lib/preact.min.js"></script>

<script defer src="//play.pokemonshowdown.com/config/config.js?6dec07f6"></script>
<script defer src="//play.pokemonshowdown.com/js/lib/jquery-1.11.0.min.js"></script>
<script defer src="//play.pokemonshowdown.com/js/lib/html-sanitizer-minified.js"></script>
<script defer src="//play.pokemonshowdown.com/js/battle-sound.js"></script>
<script defer src="//play.pokemonshowdown.com/js/battledata.js?0.6315294753075389"></script>
<script defer src="//play.pokemonshowdown.com/data/pokedex-mini.js?0.7603743185311358"></script>
<script defer src="//play.pokemonshowdown.com/data/pokedex-mini-bw.js?0.030888842834281283"></script>
<script defer src="//play.pokemonshowdown.com/data/graphics.js?0.05593094747507488"></script>
<script defer src="//play.pokemonshowdown.com/data/pokedex.js?0.47064822249611904"></script>
<script defer src="//play.pokemonshowdown.com/data/moves.js?0.8583693120512459"></script>
<script defer src="//play.pokemonshowdown.com/data/abilities.js?0.16017181182386842"></script>
<script defer src="//play.pokemonshowdown.com/data/items.js?0.4163379185673943"></script>
<script defer src="//play.pokemonshowdown.com/data/teambuilder-tables.js?0.31075597372830477"></script>
<script defer src="//play.pokemonshowdown.com/js/battle-tooltips.js?0.6536193500708172"></script>
<script defer src="//play.pokemonshowdown.com/js/battle.js?0.1916591943277901"></script>

<script defer src="js/utils.js?e31f9a17"></script>
<script defer src="js/replays-battle.js?7008c182"></script>

<!-- don't scrape this data! just add .json or .log after the URL!
Full API docs: https://github.com/smogon/pokemon-showdown-client/blob/master/WEB-API.md -->
<script type="text/plain" class="log" id="replaylog-smogtours-gen3ou-793935">
|inactive|Battle timer is ON: inactive players will automatically lose when time's up.
|t:|1727877859
|gametype|singles
|player|p1|RevivalTyp|169|
|player|p2|Count Sliggoo II|ruinmaniac-gen3rs|
|teamsize|p1|6
|teamsize|p2|6
|gen|3
|tier|[Gen 3] OU
|rule|Sleep Clause Mod: Limit one foe put to sleep
|rule|Switch Priority Clause Mod: Faster Pokémon switch first
|rule|Species Clause: Limit one of each Pokémon
|rule|OHKO Clause: OHKO moves are banned
|rule|Evasion Items Clause: Evasion items are banned
|rule|Evasion Moves Clause: Evasion moves are banned
|rule|Endless Battle Clause: Forcing endless battles is banned
|rule|HP Percentage Mod: HP is shown in percentages
|rule|One Boost Passer Clause: Limit one Baton Passer that has a way to boost its stats
|rule|Freeze Clause Mod: Limit one foe frozen
|
|t:|1727877859
|start
|switch|p1a: Zapdos|Zapdos|100/100
|switch|p2a: Boltbeak|Zapdos|100/100
|turn|1
|
|t:|1727877879
|move|p2a: Boltbeak|Protect|p2a: Boltbeak
|-singleturn|p2a: Boltbeak|Protect
|move|p1a: Zapdos|Thunder Wave|p2a: Boltbeak
|-activate|p2a: Boltbeak|Protect
|
|upkeep
|turn|2
|
|t:|1727877902
|switch|p2a: Unfazed|Snorlax, M, shiny|100/100
|move|p1a: Zapdos|Thunder Wave|p2a: Unfazed
|-status|p2a: Unfazed|par
|
|upkeep
|turn|3
|
|t:|1727877925
|switch|p1a: Skarmory|Skarmory, F|100/100
|cant|p2a: Unfazed|par
|
|upkeep
|turn|4
|
|t:|1727877938
|switch|p2a: Deadbolt|Magneton|100/100
|move|p1a: Skarmory|Roar|p2a: Deadbolt
|drag|p2a: Boltbeak|Zapdos|100/100
|
|upkeep
|turn|5
|inactive|RevivalTyp has 270 seconds left.
|
|t:|1727877962
|switch|p1a: Swampert|Swampert, F|100/100
|move|p2a: Boltbeak|Thunderbolt|p1a: Swampert
|-immune|p1a: Swampert
|
|upkeep
|turn|6
|
|t:|1727877971
|move|p1a: Swampert|Protect|p1a: Swampert
|-singleturn|p1a: Swampert|Protect
|move|p2a: Boltbeak|Toxic|p1a: Swampert
|-activate|p1a: Swampert|Protect
|
|upkeep
|turn|7
|inactive|RevivalTyp has 270 seconds left.
|
|t:|1727877986
|switch|p1a: Skarmory|Skarmory, F|100/100
|move|p2a: Boltbeak|Toxic|p1a: Skarmory
|-immune|p1a: Skarmory
|
|upkeep
|turn|8
|inactive|RevivalTyp has 270 seconds left.
|
|t:|1727878001
|move|p2a: Boltbeak|Thunderbolt|p1a: Skarmory
|-supereffective|p1a: Skarmory
|-damage|p1a: Skarmory|11/100
|move|p1a: Skarmory|Roar|p2a: Boltbeak
|drag|p2a: Aurora|Suicune|100/100
|
|-heal|p1a: Skarmory|17/100|[from] item: Leftovers
|upkeep
|turn|9
|inactive|RevivalTyp has 270 seconds left.
|
|t:|1727878020
|switch|p1a: Hypno|Hypno, M|100/100
|move|p2a: Aurora|Surf|p1a: Hypno
|-damage|p1a: Hypno|80/100
|
|-heal|p1a: Hypno|86/100|[from] item: Leftovers
|upkeep
|turn|10
|inactive|RevivalTyp has 270 seconds left.
|
|t:|1727878033
|switch|p2a: Unfazed|Snorlax, M, shiny|100/100 par
|move|p1a: Hypno|Toxic||[still]
|-fail|p1a: Hypno
|
|-heal|p1a: Hypno|92/100|[from] item: Leftovers
|upkeep
|turn|11
|inactive|RevivalTyp has 270 seconds left.
|
|t:|1727878050
|switch|p1a: Metagross|Metagross|100/100
|cant|p2a: Unfazed|par
|
|upkeep
|turn|12
|inactive|RevivalTyp has 270 seconds left.
|
|t:|1727878059
|move|p1a: Metagross|Meteor Mash|p2a: Unfazed
|-damage|p2a: Unfazed|22/100 par
|move|p2a: Unfazed|Earthquake|p1a: Metagross
|-supereffective|p1a: Metagross
|-damage|p1a: Metagross|55/100
|
|-heal|p2a: Unfazed|28/100 par|[from] item: Leftovers
|upkeep
|turn|13
|inactive|RevivalTyp has 270 seconds left.
|
|t:|1727878082
|switch|p1a: Zapdos|Zapdos|100/100
|switch|p2a: Deadbolt|Magneton|100/100
|
|upkeep
|turn|14
|inactive|RevivalTyp has 270 seconds left.
|
|t:|1727878100
|switch|p2a: Unfazed|Snorlax, M, shiny|28/100 par
|move|p1a: Zapdos|Thunder Wave|p2a: Unfazed
|-fail|p2a: Unfazed|par
|
|-heal|p2a: Unfazed|34/100 par|[from] item: Leftovers
|upkeep
|turn|15
|inactive|RevivalTyp has 270 seconds left.
|
|t:|1727878124
|move|p1a: Zapdos|Protect|p1a: Zapdos
|-singleturn|p1a: Zapdos|Protect
|cant|p2a: Unfazed|par
|
|-heal|p2a: Unfazed|40/100 par|[from] item: Leftovers
|upkeep
|turn|16
|
|t:|1727878143
|switch|p1a: Metagross|Metagross|55/100
|move|p2a: Unfazed|Self-Destruct|p1a: Metagross
|-resisted|p1a: Metagross
|-damage|p1a: Metagross|0 fnt
|faint|p2a: Unfazed
|faint|p1a: Metagross
|
|t:|1727878157
|switch|p1a: Swampert|Swampert, F|100/100
|switch|p2a: Deadbolt|Magneton|100/100
|
|upkeep
|turn|17
|
|t:|1727878166
|switch|p2a: Aurora|Suicune|100/100
|move|p1a: Swampert|Earthquake|p2a: Aurora
|-damage|p2a: Aurora|81/100
|
|-heal|p2a: Aurora|88/100|[from] item: Leftovers
|upkeep
|turn|18
|
|t:|1727878174
|switch|p1a: Hypno|Hypno, M|92/100
|move|p2a: Aurora|Calm Mind|p2a: Aurora
|-boost|p2a: Aurora|spa|1
|-boost|p2a: Aurora|spd|1
|
|-heal|p2a: Aurora|94/100|[from] item: Leftovers
|-heal|p1a: Hypno|98/100|[from] item: Leftovers
|upkeep
|turn|19
|inactive|Count Sliggoo II has 270 seconds left.
|
|t:|1727878224
|move|p2a: Aurora|Calm Mind|p2a: Aurora
|-boost|p2a: Aurora|spa|1
|-boost|p2a: Aurora|spd|1
|move|p1a: Hypno|Toxic|p2a: Aurora
|-status|p2a: Aurora|tox
|
|-heal|p2a: Aurora|99/100 tox|[from] item: Leftovers
|-damage|p2a: Aurora|94/100 tox|[from] psn
|-heal|p1a: Hypno|100/100|[from] item: Leftovers
|upkeep
|turn|20
|
|t:|1727878244
|move|p2a: Aurora|Calm Mind|p2a: Aurora
|-boost|p2a: Aurora|spa|1
|-boost|p2a: Aurora|spd|1
|move|p1a: Hypno|Skill Swap|p2a: Aurora
|-activate|p1a: Hypno|move: Skill Swap
|-endability|p1a: Hypno|Insomnia|[from] move: Skill Swap
|-endability|p2a: Aurora|Pressure|[from] move: Skill Swap
|
|-heal|p2a: Aurora|99/100 tox|[from] item: Leftovers
|-damage|p2a: Aurora|88/100 tox|[from] psn
|upkeep
|turn|21
|inactive|Count Sliggoo II has 270 seconds left.
|
|t:|1727878264
|move|p2a: Aurora|Surf|p1a: Hypno
|-damage|p1a: Hypno|54/100
|move|p1a: Hypno|Seismic Toss|p2a: Aurora
|-damage|p2a: Aurora|63/100 tox
|
|-heal|p2a: Aurora|69/100 tox|[from] item: Leftovers
|-damage|p2a: Aurora|50/100 tox|[from] psn
|-heal|p1a: Hypno|60/100|[from] item: Leftovers
|upkeep
|turn|22
|
|t:|1727878286
|switch|p2a: Deadbolt|Magneton|100/100
|move|p1a: Hypno|Seismic Toss|p2a: Deadbolt
|-damage|p2a: Deadbolt|59/100
|
|-heal|p1a: Hypno|67/100|[from] item: Leftovers
|upkeep
|turn|23
|inactive|RevivalTyp has 240 seconds left.
|
|t:|1727878314
|move|p2a: Deadbolt|Toxic|p1a: Hypno|[miss]
|-miss|p2a: Deadbolt|p1a: Hypno
|move|p1a: Hypno|Torment|p2a: Deadbolt
|-start|p2a: Deadbolt|Torment
|
|-heal|p1a: Hypno|73/100|[from] item: Leftovers
|upkeep
|turn|24
|
|t:|1727878326
|move|p2a: Deadbolt|Thunderbolt|p1a: Hypno
|-damage|p1a: Hypno|33/100
|move|p1a: Hypno|Seismic Toss|p2a: Deadbolt
|-damage|p2a: Deadbolt|18/100
|
|-heal|p1a: Hypno|39/100|[from] item: Leftovers
|upkeep
|turn|25
|
|t:|1727878338
|move|p2a: Deadbolt|Toxic|p1a: Hypno
|-status|p1a: Hypno|tox
|move|p1a: Hypno|Seismic Toss|p2a: Deadbolt
|-damage|p2a: Deadbolt|0 fnt
|faint|p2a: Deadbolt
|
|t:|1727878355
|switch|p2a: Gigaton|Metagross, shiny|100/100
|
|-heal|p1a: Hypno|45/100 tox|[from] item: Leftovers
|-damage|p1a: Hypno|39/100 tox|[from] psn
|upkeep
|turn|26
|inactive|RevivalTyp has 240 seconds left.
|
|t:|1727878375
|switch|p1a: Swampert|Swampert, F|100/100
|move|p2a: Gigaton|Earthquake|p1a: Swampert
|-damage|p1a: Swampert|74/100
|
|-heal|p1a: Swampert|80/100|[from] item: Leftovers
|upkeep
|turn|27
|
|t:|1727878388
|switch|p2a: Aurora|Suicune|50/100 tox
|move|p1a: Swampert|Earthquake|p2a: Aurora
|-damage|p2a: Aurora|31/100 tox
|
|-heal|p2a: Aurora|37/100 tox|[from] item: Leftovers
|-damage|p2a: Aurora|31/100 tox|[from] psn
|-heal|p1a: Swampert|86/100|[from] item: Leftovers
|upkeep
|turn|28
|inactive|RevivalTyp has 240 seconds left.
|
|t:|1727878408
|move|p1a: Swampert|Protect|p1a: Swampert
|-singleturn|p1a: Swampert|Protect
|move|p2a: Aurora|Rest|p2a: Aurora
|-status|p2a: Aurora|slp|[from] move: Rest
|-heal|p2a: Aurora|100/100 slp|[silent]
|
|-heal|p1a: Swampert|93/100|[from] item: Leftovers
|upkeep
|turn|29
|inactive|Count Sliggoo II has 270 seconds left.
|
|t:|1727878432
|switch|p2a: Boltbeak|Zapdos|100/100
|switch|p1a: Skarmory|Skarmory, F|17/100
|
|-heal|p1a: Skarmory|23/100|[from] item: Leftovers
|upkeep
|turn|30
|
|t:|1727878440
|move|p1a: Skarmory|Protect|p1a: Skarmory
|-singleturn|p1a: Skarmory|Protect
|move|p2a: Boltbeak|Thunderbolt|p1a: Skarmory
|-activate|p1a: Skarmory|Protect
|
|-heal|p1a: Skarmory|29/100|[from] item: Leftovers
|upkeep
|turn|31
|inactive|RevivalTyp has 210 seconds left.
|
|t:|1727878460
|switch|p1a: Swampert|Swampert, F|93/100
|move|p2a: Boltbeak|Thunderbolt|p1a: Swampert
|-immune|p1a: Swampert
|
|-heal|p1a: Swampert|99/100|[from] item: Leftovers
|upkeep
|turn|32
|inactive|RevivalTyp has 210 seconds left.
|
|t:|1727878481
|move|p2a: Boltbeak|Toxic|p1a: Swampert
|-status|p1a: Swampert|tox
|move|p1a: Swampert|Ice Beam|p2a: Boltbeak
|-supereffective|p2a: Boltbeak
|-damage|p2a: Boltbeak|57/100
|
|-heal|p2a: Boltbeak|63/100|[from] item: Leftovers
|-heal|p1a: Swampert|100/100 tox|[from] item: Leftovers
|-damage|p1a: Swampert|94/100 tox|[from] psn
|upkeep
|turn|33
|inactive|RevivalTyp has 210 seconds left.
|inactive|RevivalTyp has 180 seconds left.
|
|t:|1727878546
|switch|p1a: Aerodactyl|Aerodactyl, F|100/100
|move|p2a: Boltbeak|Protect||[still]
|-fail|p2a: Boltbeak
|
|-heal|p2a: Boltbeak|69/100|[from] item: Leftovers
|upkeep
|turn|34
|
|t:|1727878558
|move|p2a: Boltbeak|Protect|p2a: Boltbeak
|-singleturn|p2a: Boltbeak|Protect
|move|p1a: Aerodactyl|Rock Slide|p2a: Boltbeak
|-activate|p2a: Boltbeak|Protect
|
|-heal|p2a: Boltbeak|76/100|[from] item: Leftovers
|upkeep
|turn|35
|
|t:|1727878566
|switch|p2a: Gigaton|Metagross, shiny|100/100
|move|p1a: Aerodactyl|Rock Slide|p2a: Gigaton
|-resisted|p2a: Gigaton
|-damage|p2a: Gigaton|80/100
|
|-heal|p2a: Gigaton|86/100|[from] item: Leftovers
|upkeep
|turn|36
|
|t:|1727878578
|switch|p1a: Swampert|Swampert, F|94/100 tox
|move|p2a: Gigaton|Meteor Mash|p1a: Swampert
|-resisted|p1a: Swampert
|-damage|p1a: Swampert|73/100 tox
|
|-heal|p2a: Gigaton|92/100|[from] item: Leftovers
|-heal|p1a: Swampert|79/100 tox|[from] item: Leftovers
|-damage|p1a: Swampert|73/100 tox|[from] psn
|upkeep
|turn|37
|inactive|RevivalTyp has 180 seconds left.
|
|t:|1727878598
|switch|p2a: Aurora|Suicune|100/100 slp
|move|p1a: Swampert|Ice Beam|p2a: Aurora
|-resisted|p2a: Aurora
|-damage|p2a: Aurora|94/100 slp
|
|-heal|p2a: Aurora|99/100 slp|[from] item: Leftovers
|-heal|p1a: Swampert|79/100 tox|[from] item: Leftovers
|-damage|p1a: Swampert|67/100 tox|[from] psn
|upkeep
|turn|38
|
|t:|1727878612
|switch|p1a: Zapdos|Zapdos|100/100
|cant|p2a: Aurora|slp
|
|-heal|p2a: Aurora|100/100 slp|[from] item: Leftovers
|upkeep
|turn|39
|inactive|Count Sliggoo II has 270 seconds left.
|
|t:|1727878644
|switch|p2a: Boltbeak|Zapdos|76/100
|move|p1a: Zapdos|Thunderbolt|p2a: Boltbeak
|-damage|p2a: Boltbeak|24/100
|
|-heal|p2a: Boltbeak|31/100|[from] item: Leftovers
|upkeep
|turn|40
|
|t:|1727878657
|move|p2a: Boltbeak|Protect|p2a: Boltbeak
|-singleturn|p2a: Boltbeak|Protect
|move|p1a: Zapdos|Thunderbolt|p2a: Boltbeak
|-activate|p2a: Boltbeak|Protect
|
|-heal|p2a: Boltbeak|37/100|[from] item: Leftovers
|upkeep
|turn|41
|
|t:|1727878671
|move|p1a: Zapdos|Thunderbolt|p2a: Boltbeak
|-damage|p2a: Boltbeak|0 fnt
|faint|p2a: Boltbeak
|inactive|Count Sliggoo II has 270 seconds left.
|
|t:|1727878702
|switch|p2a: Draco|Salamence, M|100/100
|-ability|p2a: Draco|Intimidate|boost
|-unboost|p1a: Zapdos|atk|1
|
|upkeep
|turn|42
|inactive|RevivalTyp has 180 seconds left.
|
|t:|1727878714
|move|p1a: Zapdos|Thunder Wave|p2a: Draco
|-status|p2a: Draco|par
|cant|p2a: Draco|par
|
|upkeep
|turn|43
|inactive|RevivalTyp has 180 seconds left.
|
|t:|1727878740
|move|p1a: Zapdos|Thunderbolt|p2a: Draco
|-damage|p2a: Draco|30/100 par
|move|p2a: Draco|Dragon Claw|p1a: Zapdos
|-damage|p1a: Zapdos|52/100
|
|-heal|p1a: Zapdos|59/100|[from] item: Leftovers
|-heal|p2a: Draco|36/100 par|[from] item: Leftovers
|upkeep
|turn|44
|
|t:|1727878750
|move|p1a: Zapdos|Protect|p1a: Zapdos
|-singleturn|p1a: Zapdos|Protect
|move|p2a: Draco|Dragon Claw|p1a: Zapdos
|-activate|p1a: Zapdos|Protect
|
|-heal|p1a: Zapdos|65/100|[from] item: Leftovers
|-heal|p2a: Draco|42/100 par|[from] item: Leftovers
|upkeep
|turn|45
|
|t:|1727878758
|move|p1a: Zapdos|Thunderbolt|p2a: Draco
|-damage|p2a: Draco|0 fnt
|faint|p2a: Draco
|
|t:|1727878761
|switch|p2a: Gigaton|Metagross, shiny|92/100
|
|-heal|p1a: Zapdos|71/100|[from] item: Leftovers
|-heal|p2a: Gigaton|98/100|[from] item: Leftovers
|upkeep
|turn|46
|
|t:|1727878775
|move|p1a: Zapdos|Thunder Wave|p2a: Gigaton
|-status|p2a: Gigaton|par
|cant|p2a: Gigaton|par
|
|-heal|p1a: Zapdos|77/100|[from] item: Leftovers
|-heal|p2a: Gigaton|100/100 par|[from] item: Leftovers
|upkeep
|turn|47
|
|t:|1727878789
|switch|p1a: Swampert|Swampert, F|67/100 tox
|move|p2a: Gigaton|Rock Slide|p1a: Swampert
|-resisted|p1a: Swampert
|-damage|p1a: Swampert|57/100 tox
|
|-heal|p1a: Swampert|63/100 tox|[from] item: Leftovers
|-damage|p1a: Swampert|57/100 tox|[from] psn
|upkeep
|turn|48
|
|t:|1727878797
|switch|p2a: Aurora|Suicune|100/100 slp
|move|p1a: Swampert|Earthquake|p2a: Aurora
|-damage|p2a: Aurora|79/100 slp
|
|-heal|p2a: Aurora|85/100 slp|[from] item: Leftovers
|-heal|p1a: Swampert|63/100 tox|[from] item: Leftovers
|-damage|p1a: Swampert|50/100 tox|[from] psn
|upkeep
|turn|49
|
|t:|1727878811
|switch|p1a: Zapdos|Zapdos|77/100
|cant|p2a: Aurora|slp
|
|-heal|p1a: Zapdos|83/100|[from] item: Leftovers
|-heal|p2a: Aurora|91/100 slp|[from] item: Leftovers
|upkeep
|turn|50
|inactive|Count Sliggoo II has 270 seconds left.
|
|t:|1727878859
|move|p1a: Zapdos|Thunderbolt|p2a: Aurora
|-supereffective|p2a: Aurora
|-damage|p2a: Aurora|22/100 slp
|-curestatus|p2a: Aurora|slp|[msg]
|move|p2a: Aurora|Surf|p1a: Zapdos
|-damage|p1a: Zapdos|49/100
|
|-heal|p1a: Zapdos|55/100|[from] item: Leftovers
|-heal|p2a: Aurora|29/100|[from] item: Leftovers
|upkeep
|turn|51
|
|t:|1727878870
|move|p1a: Zapdos|Thunderbolt|p2a: Aurora
|-supereffective|p2a: Aurora
|-damage|p2a: Aurora|0 fnt
|faint|p2a: Aurora
|
|t:|1727878872
|switch|p2a: Gigaton|Metagross, shiny|100/100 par
|
|-heal|p1a: Zapdos|61/100|[from] item: Leftovers
|upkeep
|turn|52
|
|t:|1727878879
|move|p1a: Zapdos|Thunderbolt|p2a: Gigaton
|-damage|p2a: Gigaton|51/100 par
|move|p2a: Gigaton|Rock Slide|p1a: Zapdos|[miss]
|-miss|p2a: Gigaton|p1a: Zapdos
|
|-heal|p1a: Zapdos|67/100|[from] item: Leftovers
|-heal|p2a: Gigaton|57/100 par|[from] item: Leftovers
|upkeep
|turn|53
|inactive|RevivalTyp has 210 seconds left.
|
|t:|1727878889
|move|p1a: Zapdos|Thunderbolt|p2a: Gigaton
|-damage|p2a: Gigaton|5/100 par
|move|p2a: Gigaton|Rock Slide|p1a: Zapdos
|-supereffective|p1a: Zapdos
|-damage|p1a: Zapdos|0 fnt
|faint|p1a: Zapdos
|
|t:|1727878897
|switch|p1a: Aerodactyl|Aerodactyl, F|100/100
|
|-heal|p2a: Gigaton|11/100 par|[from] item: Leftovers
|upkeep
|turn|54
|
|t:|1727878902
|move|p1a: Aerodactyl|Earthquake|p2a: Gigaton
|-supereffective|p2a: Gigaton
|-damage|p2a: Gigaton|0 fnt
|faint|p2a: Gigaton
|
|win|RevivalTyp
|c|☆Count Sliggoo II|Gg.
|c|☆RevivalTyp|ggwp
|player|p2|

</script>
<script type="application/json" class="data" id="replaydata-smogtours-gen3ou-793935">
{"id":"smogtours-gen3ou-793935","format":"[Gen 3] OU","players":["RevivalTyp","Count Sliggoo II"],"uploadtime":1727878902,"views":93,"formatid":"gen3ou","rating":null,"private":0,"password":null}
</script>

<script defer src="js/replays.js?9d40a366"></script>
