<!DOCTYPE html>
<meta charset="utf-8" />
<meta name="viewport" content="width=device-width" />

<title>[Gen 3] OU: less19chara vs. AfroFaust - Replays - Pok&eacute;mon Showdown!</title>

<meta name="description" content="Watch a replay of a Pok&eacute;mon battle between less19chara and AfroFaust! Format: [Gen 3] OU; Date: Oct 2, 2024" />
<!--

Hey, you! Looking in the source for the replay log?

You can find them in JSON format, just add `.json` at the end of a replay URL.

https://replay.pokemonshowdown.com/gen7randomdoublesbattle-865046831.json

Or, if you only need the log itself, add `.log` instead:

https://replay.pokemonshowdown.com/gen7randomdoublesbattle-865046831.log

-->

<link rel="stylesheet" href="//pokemonshowdown.com/style/global.css?0.023195364461161105" />
<link rel="stylesheet" href="//play.pokemonshowdown.com/style/font-awesome.css?0.13261647063804238" />
<link rel="stylesheet" href="//play.pokemonshowdown.com/style/battle.css?0.8753245789963631" />
<link rel="stylesheet" href="//play.pokemonshowdown.com/style/utilichart.css?0.8627959624976733" />

<!-- Global site tag (gtag.js) - Google Analytics -->
<script async src="https://www.googletagmanager.com/gtag/js?id=UA-26211653-1"></script>
<script>
  window.dataLayer = window.dataLayer || [];
  function gtag(){dataLayer.push(arguments);}
  gtag('js', new Date());

  gtag('config', 'UA-26211653-1');
</script>
<!-- End Google Analytics -->
<!-- Venatus Ad Manager - Install in <HEAD> of page -->
	<script src="https://hb.vntsm.com/v3/live/ad-manager.min.js" type="text/javascript" data-site-id="642aba63ec9a7b11c3c9c1be" data-mode="scan" async></script>
<!-- / Venatus Ad Manager -->

<style>
	@media (max-width:820px) {
		.battle {
			margin: 0 auto;
		}
		.battle-log {
			margin: 7px auto 0;
			max-width: 640px;
			height: 300px;
			position: static;
		}
	}
	.optgroup {
		display: inline-block;
		line-height: 22px;
		font-size: 10pt;
	}
	.optgroup .button {
		height: 25px;
		padding-top: 0;
		padding-bottom: 0;
	}
	.optgroup button.button {
		padding-left: 12px;
		padding-right: 12px;
	}
	.linklist {
		list-style: none;
		margin: 0.5em 0;
		padding: 0;
	}
	.linklist li {
		padding: 2px 0;
	}
	.sidebar {
		float: left;
		width: 320px;
	}
	.bar-wrapper {
		max-width: 1100px;
		margin: 0 auto;
	}
	.bar-wrapper.has-sidebar {
		max-width: 1430px;
	}
	.mainbar {
		margin: 0;
		padding-right: 1px;
	}
	.mainbar.has-sidebar {
		margin-left: 330px;
	}
	@media (min-width: 1511px) {
		.sidebar {
			width: 400px;
		}
		.bar-wrapper.has-sidebar {
			max-width: 1510px;
		}
		.mainbar.has-sidebar {
			margin-left: 410px;
		}
	}
	.section.first-section {
		margin-top: 9px;
	}
	.blocklink small {
		white-space: normal;
	}
	.button {
		vertical-align: middle;
	}
	.replay-controls {
		padding-top: 10px;
	}
	.replay-controls h1 {
		font-size: 16pt;
		font-weight: normal;
		color: #CCC;
	}
	.pagelink {
		text-align: center;
	}
	.pagelink a {
		width: 150px;
	}
	.textbox, .button {
		font-size: 11pt;
		vertical-align: middle;
	}
	@media (max-width: 450px) {
		.button {
			font-size: 9pt;
		}
	}
</style>

<div>

	<header>
		<div class="nav-wrapper"><ul class="nav">
			<li><a class="button nav-first" href="//pokemonshowdown.com/"><img src="//pokemonshowdown.com/images/pokemonshowdownbeta.png" srcset="//pokemonshowdown.com/images/pokemonshowdownbeta.png 1x, //pokemonshowdown.com/images/pokemonshowdownbeta@2x.png 2x" alt="Pok&eacute;mon Showdown" width="146" height="44" /> Home</a></li>
			<li><a class="button" href="//pokemonshowdown.com/dex/">Pok&eacute;dex</a></li>
			<li><a class="button cur" href="/">Replays</a></li>
			<li><a class="button" href="//pokemonshowdown.com/ladder/">Ladder</a></li>
			<li><a class="button nav-last" href="//pokemonshowdown.com/forums/">Forum</a></li>
			<li><a class="button greenbutton nav-first nav-last" href="//play.pokemonshowdown.com/">Play</a></li>
		</ul></div>
	</header>

	<div class="main" id="main">

		<noscript><section class="section">You need to enable JavaScript to use this page; sorry!</section></noscript>

	</div>

</div>

<script defer nomodule src="//play.pokemonshowdown.com/js/lib/ps-polyfill.js"></script>
<script defer src="//play.pokemonshowdown.com/js/lib/preact.min.js"></script>

<script defer src="//play.pokemonshowdown.com/config/config.js?2bddbc15"></script>
<script defer src="//play.pokemonshowdown.com/js/lib/jquery-1.11.0.min.js"></script>
<script defer src="//play.pokemonshowdown.com/js/lib/html-sanitizer-minified.js"></script>
<script defer src="//play.pokemonshowdown.com/js/battle-sound.js"></script>
<script defer src="//play.pokemonshowdown.com/js/battledata.js?0.7209276989879541"></script>
<script defer src="//play.pokemonshowdown.com/data/pokedex-mini.js?0.6111056340867951"></script>
<script defer src="//play.pokemonshowdown.com/data/pokedex-mini-bw.js?0.3532142036491459"></script>
<script defer src="//play.pokemonshowdown.com/data/graphics.js?0.24223875632456182"></script>
<script defer src="//play.pokemonshowdown.com/data/pokedex.js?0.38839984266356864"></script>
<script defer src="//play.pokemonshowdown.com/data/moves.js?0.21866028504024015"></script>
<script defer src="//play.pokemonshowdown.com/data/abilities.js?0.2005157953846628"></script>
<script defer src="//play.pokemonshowdown.com/data/items.js?0.9894211263848525"></script>
<script defer src="//play.pokemonshowdown.com/data/teambuilder-tables.js?0.6008791140282215"></script>
<script defer src="//play.pokemonshowdown.com/js/battle-tooltips.js?0.7580118955022959"></script>
<script defer src="//play.pokemonshowdown.com/js/battle.js?0.6057722274234274"></script>

<script defer src="js/utils.js?e31f9a17"></script>
<script defer src="js/replays-battle.js?7008c182"></script>

<!-- don't scrape this data! just add .json or .log after the URL!
Full API docs: https://github.com/smogon/pokemon-showdown-client/blob/master/WEB-API.md -->
<script type="text/plain" class="log" id="replaylog-smogtours-gen3ou-793868">
|inactive|Battle timer is ON: inactive players will automatically lose when time's up.
|t:|1727827545
|gametype|singles
|player|p1|less19chara|policeman-gen4|
|player|p2|AfroFaust|101|
|teamsize|p1|6
|teamsize|p2|6
|gen|3
|tier|[Gen 3] OU
|rule|Sleep Clause Mod: Limit one foe put to sleep
|rule|Switch Priority Clause Mod: Faster Pokémon switch first
|rule|Species Clause: Limit one of each Pokémon
|rule|OHKO Clause: OHKO moves are banned
|rule|Evasion Items Clause: Evasion items are banned
|rule|Evasion Moves Clause: Evasion moves are banned
|rule|Endless Battle Clause: Forcing endless battles is banned
|rule|HP Percentage Mod: HP is shown in percentages
|rule|One Boost Passer Clause: Limit one Baton Passer that has a way to boost its stats
|rule|Freeze Clause Mod: Limit one foe frozen
|
|t:|1727827545
|start
|switch|p1a: Zapdos|Zapdos|100/100
|switch|p2a: Salamence|Salamence, M|100/100
|-ability|p2a: Salamence|Intimidate|boost
|-unboost|p1a: Zapdos|atk|1
|turn|1
|
|t:|1727827562
|switch|p2a: Umbreon|Umbreon, M|100/100
|move|p1a: Zapdos|Thunder Wave|p2a: Umbreon
|-status|p2a: Umbreon|par
|-status|p1a: Zapdos|par|[from] ability: Synchronize|[of] p2a: Umbreon
|
|upkeep
|turn|2
|
|t:|1727827575
|move|p2a: Umbreon|Pursuit|p1a: Zapdos
|-damage|p1a: Zapdos|89/100 par
|move|p1a: Zapdos|Roar|p2a: Umbreon
|drag|p2a: Swampert|Swampert, M|100/100
|
|-heal|p1a: Zapdos|95/100 par|[from] item: Leftovers
|upkeep
|turn|3
|
|t:|1727827591
|switch|p2a: Salamence|Salamence, M|100/100
|-ability|p2a: Salamence|Intimidate|boost
|-unboost|p1a: Zapdos|atk|1
|cant|p1a: Zapdos|par
|
|-heal|p1a: Zapdos|100/100 par|[from] item: Leftovers
|upkeep
|turn|4
|
|t:|1727827597
|move|p2a: Salamence|Rock Slide|p1a: Zapdos
|-supereffective|p1a: Zapdos
|-damage|p1a: Zapdos|0 fnt
|faint|p1a: Zapdos
|
|t:|1727827609
|switch|p1a: Forretress|Forretress, M|100/100
|
|upkeep
|turn|5
|
|t:|1727827621
|switch|p2a: Forretress|Forretress, M|100/100
|move|p1a: Forretress|Spikes|p2a: Forretress
|-sidestart|p2: AfroFaust|Spikes
|
|upkeep
|turn|6
|
|t:|1727827630
|switch|p1a: Celebi|Celebi|100/100
|move|p2a: Forretress|Rapid Spin|p1a: Celebi
|-damage|p1a: Celebi|97/100
|-sideend|p2: AfroFaust|Spikes|[from] move: Rapid Spin|[of] p2a: Forretress
|
|-heal|p1a: Celebi|100/100|[from] item: Leftovers
|upkeep
|turn|7
|
|t:|1727827638
|switch|p2a: Umbreon|Umbreon, M|100/100 par
|move|p1a: Celebi|Calm Mind|p1a: Celebi
|-boost|p1a: Celebi|spa|1
|-boost|p1a: Celebi|spd|1
|
|upkeep
|turn|8
|
|t:|1727827645
|move|p1a: Celebi|Calm Mind|p1a: Celebi
|-boost|p1a: Celebi|spa|1
|-boost|p1a: Celebi|spd|1
|move|p2a: Umbreon|Toxic|p1a: Celebi
|-status|p1a: Celebi|tox
|
|-damage|p1a: Celebi|94/100 tox|[from] psn
|upkeep
|turn|9
|
|t:|1727827652
|move|p1a: Celebi|Baton Pass|p1a: Celebi
|
|t:|1727827655
|-curestatus|p1a: Celebi|tox|[from] ability: Natural Cure
|switch|p1a: Metagross|Metagross|100/100|[from] Baton Pass
|move|p2a: Umbreon|Wish|p2a: Umbreon
|
|upkeep
|turn|10
|
|t:|1727827676
|switch|p2a: Swampert|Swampert, M|100/100
|move|p1a: Metagross|Agility|p1a: Metagross
|-boost|p1a: Metagross|spe|2
|
|upkeep
|turn|11
|
|t:|1727827683
|move|p2a: Swampert|Protect|p2a: Swampert
|-singleturn|p2a: Swampert|Protect
|move|p1a: Metagross|Earthquake|p2a: Swampert
|-activate|p2a: Swampert|Protect
|
|upkeep
|turn|12
|
|t:|1727827702
|move|p1a: Metagross|Earthquake|p2a: Swampert
|-damage|p2a: Swampert|74/100
|move|p2a: Swampert|Earthquake|p1a: Metagross
|-supereffective|p1a: Metagross
|-damage|p1a: Metagross|42/100
|
|-heal|p2a: Swampert|81/100|[from] item: Leftovers
|upkeep
|turn|13
|
|t:|1727827713
|move|p1a: Metagross|Meteor Mash|p2a: Swampert
|-resisted|p2a: Swampert
|-damage|p2a: Swampert|61/100
|move|p2a: Swampert|Ice Beam|p1a: Metagross
|-resisted|p1a: Metagross
|-damage|p1a: Metagross|37/100
|
|-heal|p2a: Swampert|67/100|[from] item: Leftovers
|upkeep
|turn|14
|
|t:|1727827734
|switch|p1a: Celebi|Celebi|94/100
|move|p2a: Swampert|Protect||[still]
|-fail|p2a: Swampert
|
|-heal|p1a: Celebi|100/100|[from] item: Leftovers
|-heal|p2a: Swampert|73/100|[from] item: Leftovers
|upkeep
|turn|15
|inactive|less19chara has 270 seconds left.
|inactive|less19chara has 240 seconds left.
|
|t:|1727827791
|switch|p1a: Metagross|Metagross|37/100
|switch|p2a: Weezing|Weezing, M|100/100
|
|upkeep
|turn|16
|
|t:|1727827798
|move|p1a: Metagross|Explosion|p2a: Weezing
|-damage|p2a: Weezing|0 fnt
|faint|p1a: Metagross
|faint|p2a: Weezing
|
|t:|1727827809
|switch|p1a: Celebi|Celebi|100/100
|switch|p2a: Salamence|Salamence, M|100/100
|-ability|p2a: Salamence|Intimidate|boost
|-unboost|p1a: Celebi|atk|1
|
|upkeep
|turn|17
|
|t:|1727827819
|switch|p1a: Forretress|Forretress, M|100/100
|move|p2a: Salamence|Hidden Power|p1a: Forretress
|-damage|p1a: Forretress|54/100
|
|-heal|p1a: Forretress|60/100|[from] item: Leftovers
|upkeep
|turn|18
|
|t:|1727827827
|move|p2a: Salamence|Hidden Power|p1a: Forretress
|-damage|p1a: Forretress|19/100
|move|p1a: Forretress|Explosion|p2a: Salamence
|-damage|p2a: Salamence|0 fnt
|faint|p1a: Forretress
|faint|p2a: Salamence
|
|t:|1727827839
|switch|p2a: Forretress|Forretress, M|100/100
|switch|p1a: Celebi|Celebi|100/100
|
|upkeep
|turn|19
|inactive|less19chara has 270 seconds left.
|
|t:|1727827850
|move|p1a: Celebi|Hidden Power|p2a: Forretress
|-supereffective|p2a: Forretress
|-damage|p2a: Forretress|33/100
|move|p2a: Forretress|Spikes|p1a: Celebi
|-sidestart|p1: less19chara|Spikes
|
|-heal|p2a: Forretress|39/100|[from] item: Leftovers
|upkeep
|turn|20
|inactive|less19chara has 270 seconds left.
|
|t:|1727827858
|switch|p2a: Umbreon|Umbreon, M|100/100 par
|move|p1a: Celebi|Calm Mind|p1a: Celebi
|-boost|p1a: Celebi|spa|1
|-boost|p1a: Celebi|spd|1
|
|upkeep
|turn|21
|
|t:|1727827865
|move|p1a: Celebi|Calm Mind|p1a: Celebi
|-boost|p1a: Celebi|spa|1
|-boost|p1a: Celebi|spd|1
|move|p2a: Umbreon|Wish|p2a: Umbreon
|
|upkeep
|turn|22
|
|t:|1727827872
|move|p1a: Celebi|Hidden Power|p2a: Umbreon
|-damage|p2a: Umbreon|82/100 par
|cant|p2a: Umbreon|par
|
|-heal|p2a: Umbreon|100/100 par|[from] move: Wish|[wisher] Umbreon
|upkeep
|turn|23
|inactive|less19chara has 270 seconds left.
|
|t:|1727827900
|move|p1a: Celebi|Giga Drain|p2a: Umbreon
|-damage|p2a: Umbreon|74/100 par
|move|p2a: Umbreon|Toxic|p1a: Celebi
|-status|p1a: Celebi|tox
|
|-damage|p1a: Celebi|94/100 tox|[from] psn
|-heal|p2a: Umbreon|80/100 par|[from] item: Leftovers
|upkeep
|turn|24
|inactive|less19chara has 270 seconds left.
|
|t:|1727827912
|move|p1a: Celebi|Giga Drain|p2a: Umbreon
|-damage|p2a: Umbreon|55/100 par
|-heal|p1a: Celebi|100/100 tox|[from] drain|[of] p2a: Umbreon
|move|p2a: Umbreon|Pursuit|p1a: Celebi
|-supereffective|p1a: Celebi
|-damage|p1a: Celebi|92/100 tox
|
|-heal|p1a: Celebi|98/100 tox|[from] item: Leftovers
|-damage|p1a: Celebi|85/100 tox|[from] psn
|-heal|p2a: Umbreon|61/100 par|[from] item: Leftovers
|upkeep
|turn|25
|
|t:|1727827918
|move|p1a: Celebi|Giga Drain|p2a: Umbreon
|-damage|p2a: Umbreon|38/100 par
|-heal|p1a: Celebi|97/100 tox|[from] drain|[of] p2a: Umbreon
|cant|p2a: Umbreon|par
|
|-heal|p1a: Celebi|100/100 tox|[from] item: Leftovers
|-damage|p1a: Celebi|82/100 tox|[from] psn
|-heal|p2a: Umbreon|44/100 par|[from] item: Leftovers
|upkeep
|turn|26
|
|t:|1727827926
|move|p1a: Celebi|Giga Drain|p2a: Umbreon
|-damage|p2a: Umbreon|17/100 par
|-heal|p1a: Celebi|95/100 tox|[from] drain|[of] p2a: Umbreon
|move|p2a: Umbreon|Pursuit|p1a: Celebi
|-supereffective|p1a: Celebi
|-damage|p1a: Celebi|86/100 tox
|
|-heal|p1a: Celebi|92/100 tox|[from] item: Leftovers
|-damage|p1a: Celebi|67/100 tox|[from] psn
|-heal|p2a: Umbreon|23/100 par|[from] item: Leftovers
|upkeep
|turn|27
|
|t:|1727827934
|move|p2a: Umbreon|Protect|p2a: Umbreon
|-singleturn|p2a: Umbreon|Protect
|move|p1a: Celebi|Giga Drain|p2a: Umbreon
|-activate|p2a: Umbreon|Protect
|
|-heal|p1a: Celebi|73/100 tox|[from] item: Leftovers
|-damage|p1a: Celebi|42/100 tox|[from] psn
|-heal|p2a: Umbreon|29/100 par|[from] item: Leftovers
|upkeep
|turn|28
|
|t:|1727827942
|move|p1a: Celebi|Giga Drain|p2a: Umbreon
|-damage|p2a: Umbreon|4/100 par
|-heal|p1a: Celebi|54/100 tox|[from] drain|[of] p2a: Umbreon
|move|p2a: Umbreon|Wish|p2a: Umbreon
|
|-heal|p1a: Celebi|61/100 tox|[from] item: Leftovers
|-damage|p1a: Celebi|24/100 tox|[from] psn
|-heal|p2a: Umbreon|10/100 par|[from] item: Leftovers
|upkeep
|turn|29
|
|t:|1727827947
|move|p2a: Umbreon|Protect|p2a: Umbreon
|-singleturn|p2a: Umbreon|Protect
|move|p1a: Celebi|Baton Pass|p1a: Celebi
|
|t:|1727827950
|-curestatus|p1a: Celebi|tox|[from] ability: Natural Cure
|switch|p1a: Tyranitar|Tyranitar, F|100/100|[from] Baton Pass
|-damage|p1a: Tyranitar|88/100|[from] Spikes
|-weather|Sandstorm|[from] ability: Sand Stream|[of] p1a: Tyranitar
|
|-heal|p2a: Umbreon|60/100 par|[from] move: Wish|[wisher] Umbreon
|-weather|Sandstorm|[upkeep]
|-damage|p2a: Umbreon|54/100 par|[from] Sandstorm
|-heal|p1a: Tyranitar|94/100|[from] item: Leftovers
|-heal|p2a: Umbreon|60/100 par|[from] item: Leftovers
|upkeep
|turn|30
|
|t:|1727827964
|switch|p2a: Forretress|Forretress, M|39/100
|move|p1a: Tyranitar|Dragon Dance|p1a: Tyranitar
|-boost|p1a: Tyranitar|atk|1
|-boost|p1a: Tyranitar|spe|1
|
|-weather|Sandstorm|[upkeep]
|-heal|p1a: Tyranitar|100/100|[from] item: Leftovers
|-heal|p2a: Forretress|46/100|[from] item: Leftovers
|upkeep
|turn|31
|
|t:|1727827973
|move|p1a: Tyranitar|Rock Slide|p2a: Forretress|[miss]
|-miss|p1a: Tyranitar|p2a: Forretress
|move|p2a: Forretress|Earthquake|p1a: Tyranitar
|-supereffective|p1a: Tyranitar
|-damage|p1a: Tyranitar|69/100
|
|-weather|Sandstorm|[upkeep]
|-heal|p1a: Tyranitar|76/100|[from] item: Leftovers
|-heal|p2a: Forretress|52/100|[from] item: Leftovers
|upkeep
|turn|32
|
|t:|1727827981
|move|p1a: Tyranitar|Dragon Dance|p1a: Tyranitar
|-boost|p1a: Tyranitar|atk|1
|-boost|p1a: Tyranitar|spe|1
|move|p2a: Forretress|Earthquake|p1a: Tyranitar
|-supereffective|p1a: Tyranitar
|-damage|p1a: Tyranitar|44/100
|
|-weather|Sandstorm|[upkeep]
|-heal|p1a: Tyranitar|50/100|[from] item: Leftovers
|-heal|p2a: Forretress|58/100|[from] item: Leftovers
|upkeep
|turn|33
|
|t:|1727827986
|move|p1a: Tyranitar|Rock Slide|p2a: Forretress
|-damage|p2a: Forretress|0 fnt
|faint|p2a: Forretress
|
|t:|1727827989
|switch|p2a: Scizor|Scizor, M|100/100
|
|-weather|Sandstorm|[upkeep]
|-heal|p1a: Tyranitar|56/100|[from] item: Leftovers
|upkeep
|turn|34
|
|t:|1727827999
|move|p1a: Tyranitar|Rock Slide|p2a: Scizor
|-damage|p2a: Scizor|9/100
|move|p2a: Scizor|Agility|p2a: Scizor
|-boost|p2a: Scizor|spe|2
|
|-weather|Sandstorm|[upkeep]
|-heal|p1a: Tyranitar|63/100|[from] item: Leftovers
|-heal|p2a: Scizor|15/100|[from] item: Leftovers
|upkeep
|turn|35
|
|t:|1727828009
|move|p1a: Tyranitar|Earthquake|p2a: Scizor
|-damage|p2a: Scizor|0 fnt
|faint|p2a: Scizor
|
|t:|1727828013
|switch|p2a: Swampert|Swampert, M|73/100
|
|-weather|Sandstorm|[upkeep]
|-heal|p1a: Tyranitar|69/100|[from] item: Leftovers
|-heal|p2a: Swampert|79/100|[from] item: Leftovers
|upkeep
|turn|36
|
|t:|1727828017
|move|p1a: Tyranitar|Earthquake|p2a: Swampert
|-damage|p2a: Swampert|37/100
|move|p2a: Swampert|Hydro Pump|p1a: Tyranitar
|-supereffective|p1a: Tyranitar
|-crit|p1a: Tyranitar
|-damage|p1a: Tyranitar|0 fnt
|faint|p1a: Tyranitar
|
|t:|1727828021
|switch|p1a: Blissey|Blissey, F|100/100
|-damage|p1a: Blissey|88/100|[from] Spikes
|
|-weather|Sandstorm|[upkeep]
|-damage|p1a: Blissey|82/100|[from] Sandstorm
|-heal|p1a: Blissey|88/100|[from] item: Leftovers
|-heal|p2a: Swampert|43/100|[from] item: Leftovers
|upkeep
|turn|37
|c|☆AfroFaust|man i thought i was faster lol
|
|t:|1727828031
|switch|p2a: Umbreon|Umbreon, M|60/100 par
|move|p1a: Blissey|Ice Beam|p2a: Umbreon
|-crit|p2a: Umbreon
|-damage|p2a: Umbreon|32/100 par
|
|-weather|Sandstorm|[upkeep]
|-damage|p1a: Blissey|82/100|[from] Sandstorm
|-damage|p2a: Umbreon|26/100 par|[from] Sandstorm
|-heal|p1a: Blissey|88/100|[from] item: Leftovers
|-heal|p2a: Umbreon|32/100 par|[from] item: Leftovers
|upkeep
|turn|38
|
|t:|1727828036
|move|p1a: Blissey|Ice Beam|p2a: Umbreon
|-damage|p2a: Umbreon|17/100 par
|cant|p2a: Umbreon|par
|
|-weather|Sandstorm|[upkeep]
|-damage|p1a: Blissey|82/100|[from] Sandstorm
|-damage|p2a: Umbreon|11/100 par|[from] Sandstorm
|-heal|p1a: Blissey|88/100|[from] item: Leftovers
|-heal|p2a: Umbreon|17/100 par|[from] item: Leftovers
|upkeep
|turn|39
|
|t:|1727828047
|move|p1a: Blissey|Ice Beam|p2a: Umbreon
|-damage|p2a: Umbreon|2/100 par
|move|p2a: Umbreon|Wish|p2a: Umbreon
|
|-weather|Sandstorm|[upkeep]
|-damage|p1a: Blissey|82/100|[from] Sandstorm
|-damage|p2a: Umbreon|0 fnt|[from] Sandstorm
|faint|p2a: Umbreon
|-heal|p1a: Blissey|88/100|[from] item: Leftovers
|upkeep
|
|t:|1727828048
|switch|p2a: Swampert|Swampert, M|43/100
|turn|40
|
|t:|1727828056
|move|p1a: Blissey|Ice Beam|p2a: Swampert
|-damage|p2a: Swampert|19/100
|move|p2a: Swampert|Hydro Pump|p1a: Blissey|[miss]
|-miss|p2a: Swampert|p1a: Blissey
|
|-heal|p2a: Swampert|69/100|[from] move: Wish|[wisher] Umbreon
|-weather|Sandstorm|[upkeep]
|-damage|p1a: Blissey|82/100|[from] Sandstorm
|-heal|p1a: Blissey|88/100|[from] item: Leftovers
|-heal|p2a: Swampert|75/100|[from] item: Leftovers
|upkeep
|turn|41
|
|t:|1727828062
|move|p1a: Blissey|Ice Beam|p2a: Swampert
|-damage|p2a: Swampert|55/100
|move|p2a: Swampert|Earthquake|p1a: Blissey
|-damage|p1a: Blissey|50/100
|
|-weather|Sandstorm|[upkeep]
|-damage|p1a: Blissey|43/100|[from] Sandstorm
|-heal|p1a: Blissey|50/100|[from] item: Leftovers
|-heal|p2a: Swampert|61/100|[from] item: Leftovers
|upkeep
|turn|42
|
|t:|1727828066
|move|p1a: Blissey|Soft-Boiled|p1a: Blissey
|-heal|p1a: Blissey|99/100
|move|p2a: Swampert|Earthquake|p1a: Blissey
|-damage|p1a: Blissey|63/100
|
|-weather|Sandstorm|[upkeep]
|-damage|p1a: Blissey|57/100|[from] Sandstorm
|-heal|p1a: Blissey|63/100|[from] item: Leftovers
|-heal|p2a: Swampert|67/100|[from] item: Leftovers
|upkeep
|turn|43
|
|t:|1727828069
|move|p1a: Blissey|Ice Beam|p2a: Swampert
|-damage|p2a: Swampert|45/100
|move|p2a: Swampert|Earthquake|p1a: Blissey
|-damage|p1a: Blissey|25/100
|
|-weather|Sandstorm|[upkeep]
|-damage|p1a: Blissey|19/100|[from] Sandstorm
|-heal|p1a: Blissey|25/100|[from] item: Leftovers
|-heal|p2a: Swampert|51/100|[from] item: Leftovers
|upkeep
|turn|44
|
|t:|1727828076
|move|p1a: Blissey|Ice Beam|p2a: Swampert
|-damage|p2a: Swampert|27/100
|move|p2a: Swampert|Earthquake|p1a: Blissey
|-damage|p1a: Blissey|0 fnt
|faint|p1a: Blissey
|
|t:|1727828081
|switch|p1a: Celebi|Celebi|24/100
|-damage|p1a: Celebi|11/100|[from] Spikes
|
|-weather|Sandstorm|[upkeep]
|-damage|p1a: Celebi|5/100|[from] Sandstorm
|-heal|p1a: Celebi|11/100|[from] item: Leftovers
|-heal|p2a: Swampert|33/100|[from] item: Leftovers
|upkeep
|turn|45
|
|t:|1727828084
|move|p2a: Swampert|Protect|p2a: Swampert
|-singleturn|p2a: Swampert|Protect
|move|p1a: Celebi|Giga Drain|p2a: Swampert
|-activate|p2a: Swampert|Protect
|
|-weather|Sandstorm|[upkeep]
|-damage|p1a: Celebi|5/100|[from] Sandstorm
|-heal|p1a: Celebi|11/100|[from] item: Leftovers
|-heal|p2a: Swampert|39/100|[from] item: Leftovers
|upkeep
|turn|46
|
|t:|1727828088
|move|p2a: Swampert|Protect||[still]
|-fail|p2a: Swampert
|move|p1a: Celebi|Giga Drain|p2a: Swampert
|-supereffective|p2a: Swampert
|-damage|p2a: Swampert|0 fnt
|-heal|p1a: Celebi|30/100|[from] drain|[of] p2a: Swampert
|faint|p2a: Swampert
|
|win|less19chara
|c|☆AfroFaust|gg
|c|☆less19chara|gg
|player|p2|
|player|p1|
|player|p1|less19chara|policeman-gen4|

</script>
<script type="application/json" class="data" id="replaydata-smogtours-gen3ou-793868">
{"id":"smogtours-gen3ou-793868","format":"[Gen 3] OU","players":["less19chara","AfroFaust"],"uploadtime":1727828088,"views":126,"formatid":"gen3ou","rating":null,"private":0,"password":null}
</script>

<script defer src="js/replays.js?9d40a366"></script>
