<!DOCTYPE html>
<meta charset="utf-8" />
<meta name="viewport" content="width=device-width" />

<title>[Gen 3] OU: I&#039;m the Dome Ace vs. EG Zelph - Replays - Pok&eacute;mon Showdown!</title>

<meta name="description" content="Watch a replay of a Pok&eacute;mon battle between I&#039;m the Dome Ace and EG Zelph! Format: [Gen 3] OU; Date: Nov 5, 2024" />
<!--

Hey, you! Looking in the source for the replay log?

You can find them in JSON format, just add `.json` at the end of a replay URL.

https://replay.pokemonshowdown.com/gen7randomdoublesbattle-865046831.json

Or, if you only need the log itself, add `.log` instead:

https://replay.pokemonshowdown.com/gen7randomdoublesbattle-865046831.log

-->

<link rel="stylesheet" href="//pokemonshowdown.com/style/global.css?0.023195364461161105" />
<link rel="stylesheet" href="//play.pokemonshowdown.com/style/font-awesome.css?0.13261647063804238" />
<link rel="stylesheet" href="//play.pokemonshowdown.com/style/battle.css?0.8753245789963631" />
<link rel="stylesheet" href="//play.pokemonshowdown.com/style/utilichart.css?0.8627959624976733" />

<!-- Global site tag (gtag.js) - Google Analytics -->
<script async src="https://www.googletagmanager.com/gtag/js?id=UA-26211653-1"></script>
<script>
  window.dataLayer = window.dataLayer || [];
  function gtag(){dataLayer.push(arguments);}
  gtag('js', new Date());

  gtag('config', 'UA-26211653-1');
</script>
<!-- End Google Analytics -->
<!-- Venatus Ad Manager - Install in <HEAD> of page -->
	<script src="https://hb.vntsm.com/v3/live/ad-manager.min.js" type="text/javascript" data-site-id="642aba63ec9a7b11c3c9c1be" data-mode="scan" async></script>
<!-- / Venatus Ad Manager -->

<style>
	@media (max-width:820px) {
		.battle {
			margin: 0 auto;
		}
		.battle-log {
			margin: 7px auto 0;
			max-width: 640px;
			height: 300px;
			position: static;
		}
	}
	.optgroup {
		display: inline-block;
		line-height: 22px;
		font-size: 10pt;
	}
	.optgroup .button {
		height: 25px;
		padding-top: 0;
		padding-bottom: 0;
	}
	.optgroup button.button {
		padding-left: 12px;
		padding-right: 12px;
	}
	.linklist {
		list-style: none;
		margin: 0.5em 0;
		padding: 0;
	}
	.linklist li {
		padding: 2px 0;
	}
	.sidebar {
		float: left;
		width: 320px;
	}
	.bar-wrapper {
		max-width: 1100px;
		margin: 0 auto;
	}
	.bar-wrapper.has-sidebar {
		max-width: 1430px;
	}
	.mainbar {
		margin: 0;
		padding-right: 1px;
	}
	.mainbar.has-sidebar {
		margin-left: 330px;
	}
	@media (min-width: 1511px) {
		.sidebar {
			width: 400px;
		}
		.bar-wrapper.has-sidebar {
			max-width: 1510px;
		}
		.mainbar.has-sidebar {
			margin-left: 410px;
		}
	}
	.section.first-section {
		margin-top: 9px;
	}
	.blocklink small {
		white-space: normal;
	}
	.button {
		vertical-align: middle;
	}
	.replay-controls {
		padding-top: 10px;
	}
	.replay-controls h1 {
		font-size: 16pt;
		font-weight: normal;
		color: #CCC;
	}
	.pagelink {
		text-align: center;
	}
	.pagelink a {
		width: 150px;
	}
	.textbox, .button {
		font-size: 11pt;
		vertical-align: middle;
	}
	@media (max-width: 450px) {
		.button {
			font-size: 9pt;
		}
	}
</style>

<div>

	<header>
		<div class="nav-wrapper"><ul class="nav">
			<li><a class="button nav-first" href="//pokemonshowdown.com/"><img src="//pokemonshowdown.com/images/pokemonshowdownbeta.png" srcset="//pokemonshowdown.com/images/pokemonshowdownbeta.png 1x, //pokemonshowdown.com/images/pokemonshowdownbeta@2x.png 2x" alt="Pok&eacute;mon Showdown" width="146" height="44" /> Home</a></li>
			<li><a class="button" href="//pokemonshowdown.com/dex/">Pok&eacute;dex</a></li>
			<li><a class="button cur" href="/">Replays</a></li>
			<li><a class="button" href="//pokemonshowdown.com/ladder/">Ladder</a></li>
			<li><a class="button nav-last" href="//pokemonshowdown.com/forums/">Forum</a></li>
			<li><a class="button greenbutton nav-first nav-last" href="//play.pokemonshowdown.com/">Play</a></li>
		</ul></div>
	</header>

	<div class="main" id="main">

		<noscript><section class="section">You need to enable JavaScript to use this page; sorry!</section></noscript>

	</div>

</div>

<script defer nomodule src="//play.pokemonshowdown.com/js/lib/ps-polyfill.js"></script>
<script defer src="//play.pokemonshowdown.com/js/lib/preact.min.js"></script>

<script defer src="//play.pokemonshowdown.com/config/config.js?2bddbc15"></script>
<script defer src="//play.pokemonshowdown.com/js/lib/jquery-1.11.0.min.js"></script>
<script defer src="//play.pokemonshowdown.com/js/lib/html-sanitizer-minified.js"></script>
<script defer src="//play.pokemonshowdown.com/js/battle-sound.js"></script>
<script defer src="//play.pokemonshowdown.com/js/battledata.js?0.7209276989879541"></script>
<script defer src="//play.pokemonshowdown.com/data/pokedex-mini.js?0.6111056340867951"></script>
<script defer src="//play.pokemonshowdown.com/data/pokedex-mini-bw.js?0.3532142036491459"></script>
<script defer src="//play.pokemonshowdown.com/data/graphics.js?0.24223875632456182"></script>
<script defer src="//play.pokemonshowdown.com/data/pokedex.js?0.38839984266356864"></script>
<script defer src="//play.pokemonshowdown.com/data/moves.js?0.21866028504024015"></script>
<script defer src="//play.pokemonshowdown.com/data/abilities.js?0.2005157953846628"></script>
<script defer src="//play.pokemonshowdown.com/data/items.js?0.9894211263848525"></script>
<script defer src="//play.pokemonshowdown.com/data/teambuilder-tables.js?0.6008791140282215"></script>
<script defer src="//play.pokemonshowdown.com/js/battle-tooltips.js?0.7580118955022959"></script>
<script defer src="//play.pokemonshowdown.com/js/battle.js?0.6057722274234274"></script>

<script defer src="js/utils.js?e31f9a17"></script>
<script defer src="js/replays-battle.js?7008c182"></script>

<!-- don't scrape this data! just add .json or .log after the URL!
Full API docs: https://github.com/smogon/pokemon-showdown-client/blob/master/WEB-API.md -->
<script type="text/plain" class="log" id="replaylog-smogtours-gen3ou-804852">
|inactive|Battle timer is ON: inactive players will automatically lose when time's up.
|t:|1730770436
|gametype|singles
|player|p1|I'm the Dome Ace|rancher|
|player|p2|EG Zelph|sabrina|
|teamsize|p1|6
|teamsize|p2|6
|gen|3
|tier|[Gen 3] OU
|rule|Sleep Clause Mod: Limit one foe put to sleep
|rule|Switch Priority Clause Mod: Faster Pokémon switch first
|rule|Species Clause: Limit one of each Pokémon
|rule|OHKO Clause: OHKO moves are banned
|rule|Evasion Items Clause: Evasion items are banned
|rule|Evasion Moves Clause: Evasion moves are banned
|rule|Endless Battle Clause: Forcing endless battles is banned
|rule|HP Percentage Mod: HP is shown in percentages
|rule|One Boost Passer Clause: Limit one Baton Passer that has a way to boost its stats
|rule|Freeze Clause Mod: Limit one foe frozen
|
|t:|1730770436
|start
|switch|p1a: Tyranitar|Tyranitar, F|100/100
|switch|p2a: Swampert|Swampert, M|100/100
|-weather|Sandstorm|[from] ability: Sand Stream|[of] p1a: Tyranitar
|turn|1
|inactive|EG Zelph also wants the timer to be on.
|c|☆I'm the Dome Ace|glhf
|c|☆EG Zelph|u2
|
|t:|1730770455
|switch|p1a: Skarmory|Skarmory, F|100/100
|move|p2a: Swampert|Earthquake|p1a: Skarmory
|-immune|p1a: Skarmory
|
|-weather|Sandstorm|[upkeep]
|upkeep
|turn|2
|
|t:|1730770458
|switch|p2a: Forretress|Forretress, M|100/100
|move|p1a: Skarmory|Spikes|p2a: Forretress
|-sidestart|p2: EG Zelph|Spikes
|
|-weather|Sandstorm|[upkeep]
|upkeep
|turn|3
|
|t:|1730770471
|switch|p1a: Tyranitar|Tyranitar, F|100/100
|move|p2a: Forretress|Spikes|p1a: Tyranitar
|-sidestart|p1: I'm the Dome Ace|Spikes
|
|-weather|Sandstorm|[upkeep]
|upkeep
|turn|4
|
|t:|1730770484
|switch|p2a: Salamence|Salamence, F|100/100
|-ability|p2a: Salamence|Intimidate|boost
|-unboost|p1a: Tyranitar|atk|1
|move|p1a: Tyranitar|Crunch|p2a: Salamence
|-damage|p2a: Salamence|47/100
|-unboost|p2a: Salamence|spd|1
|
|-weather|Sandstorm|[upkeep]
|-damage|p2a: Salamence|41/100|[from] Sandstorm
|-heal|p2a: Salamence|47/100|[from] item: Leftovers
|upkeep
|turn|5
|
|t:|1730770509
|switch|p1a: Gengar|Gengar, M|100/100
|move|p2a: Salamence|Brick Break|p1a: Gengar
|-immune|p1a: Gengar
|
|-weather|Sandstorm|[upkeep]
|-damage|p2a: Salamence|41/100|[from] Sandstorm
|-damage|p1a: Gengar|94/100|[from] Sandstorm
|-heal|p2a: Salamence|47/100|[from] item: Leftovers
|-heal|p1a: Gengar|100/100|[from] item: Leftovers
|upkeep
|turn|6
|inactive|I'm the Dome Ace has 270 seconds left.
|
|t:|1730770532
|switch|p2a: Blissey|Blissey, F, shiny|100/100
|-damage|p2a: Blissey|88/100|[from] Spikes
|switch|p1a: Charizard|Charizard, M|100/100
|
|-weather|Sandstorm|[upkeep]
|-damage|p1a: Charizard|94/100|[from] Sandstorm
|-damage|p2a: Blissey|82/100|[from] Sandstorm
|-heal|p1a: Charizard|100/100|[from] item: Leftovers
|-heal|p2a: Blissey|88/100|[from] item: Leftovers
|upkeep
|turn|7
|inactive|I'm the Dome Ace has 270 seconds left.
|
|t:|1730770545
|switch|p1a: Blissey|Blissey, F|100/100
|-damage|p1a: Blissey|88/100|[from] Spikes
|move|p2a: Blissey|Thunderbolt|p1a: Blissey
|-damage|p1a: Blissey|79/100
|
|-weather|Sandstorm|[upkeep]
|-damage|p2a: Blissey|82/100|[from] Sandstorm
|-damage|p1a: Blissey|72/100|[from] Sandstorm
|-heal|p2a: Blissey|88/100|[from] item: Leftovers
|-heal|p1a: Blissey|79/100|[from] item: Leftovers
|upkeep
|turn|8
|inactive|I'm the Dome Ace has 270 seconds left.
|
|t:|1730770572
|move|p2a: Blissey|Calm Mind|p2a: Blissey
|-boost|p2a: Blissey|spa|1
|-boost|p2a: Blissey|spd|1
|move|p1a: Blissey|Toxic|p2a: Blissey
|-status|p2a: Blissey|tox
|
|-weather|Sandstorm|[upkeep]
|-damage|p2a: Blissey|82/100 tox|[from] Sandstorm
|-damage|p1a: Blissey|72/100|[from] Sandstorm
|-heal|p1a: Blissey|79/100|[from] item: Leftovers
|-heal|p2a: Blissey|88/100 tox|[from] item: Leftovers
|-damage|p2a: Blissey|82/100 tox|[from] psn
|upkeep
|turn|9
|
|t:|1730770593
|switch|p1a: Tyranitar|Tyranitar, F|100/100
|-damage|p1a: Tyranitar|88/100|[from] Spikes
|move|p2a: Blissey|Soft-Boiled|p2a: Blissey
|-heal|p2a: Blissey|100/100 tox
|
|-weather|Sandstorm|[upkeep]
|-damage|p2a: Blissey|94/100 tox|[from] Sandstorm
|-heal|p2a: Blissey|100/100 tox|[from] item: Leftovers
|-damage|p2a: Blissey|88/100 tox|[from] psn
|-heal|p1a: Tyranitar|94/100|[from] item: Leftovers
|upkeep
|turn|10
|
|t:|1730770600
|move|p2a: Blissey|Ice Beam|p1a: Tyranitar
|-damage|p1a: Tyranitar|63/100
|move|p1a: Tyranitar|Crunch|p2a: Blissey
|-damage|p2a: Blissey|78/100 tox
|
|-weather|Sandstorm|[upkeep]
|-damage|p2a: Blissey|72/100 tox|[from] Sandstorm
|-heal|p2a: Blissey|78/100 tox|[from] item: Leftovers
|-damage|p2a: Blissey|60/100 tox|[from] psn
|-heal|p1a: Tyranitar|69/100|[from] item: Leftovers
|upkeep
|turn|11
|
|t:|1730770610
|move|p2a: Blissey|Ice Beam|p1a: Tyranitar
|-damage|p1a: Tyranitar|36/100
|move|p1a: Tyranitar|Brick Break|p2a: Blissey
|-supereffective|p2a: Blissey
|-damage|p2a: Blissey|13/100 tox
|
|-weather|Sandstorm|[upkeep]
|-damage|p2a: Blissey|7/100 tox|[from] Sandstorm
|-heal|p2a: Blissey|13/100 tox|[from] item: Leftovers
|-damage|p2a: Blissey|0 fnt|[from] psn
|faint|p2a: Blissey
|-heal|p1a: Tyranitar|42/100|[from] item: Leftovers
|upkeep
|
|t:|1730770617
|switch|p2a: Tyranitar|Tyranitar, F|100/100
|-damage|p2a: Tyranitar|88/100|[from] Spikes
|turn|12
|
|t:|1730770623
|switch|p1a: Flygon|Flygon, M|100/100
|move|p2a: Tyranitar|Brick Break|p1a: Flygon
|-damage|p1a: Flygon|83/100
|
|-weather|Sandstorm|[upkeep]
|-heal|p1a: Flygon|90/100|[from] item: Leftovers
|-heal|p2a: Tyranitar|94/100|[from] item: Leftovers
|upkeep
|turn|13
|inactive|I'm the Dome Ace has 270 seconds left.
|
|t:|1730770635
|switch|p2a: Gengar|Gengar, F, shiny|100/100
|move|p1a: Flygon|Toxic|p2a: Gengar|[miss]
|-miss|p1a: Flygon|p2a: Gengar
|
|-weather|Sandstorm|[upkeep]
|-damage|p2a: Gengar|94/100|[from] Sandstorm
|-heal|p2a: Gengar|100/100|[from] item: Leftovers
|-heal|p1a: Flygon|96/100|[from] item: Leftovers
|upkeep
|turn|14
|inactive|I'm the Dome Ace has 270 seconds left.
|
|t:|1730770647
|move|p1a: Flygon|Protect|p1a: Flygon
|-singleturn|p1a: Flygon|Protect
|move|p2a: Gengar|Will-O-Wisp|p1a: Flygon|[miss]
|-miss|p2a: Gengar|p1a: Flygon
|
|-weather|Sandstorm|[upkeep]
|-damage|p2a: Gengar|94/100|[from] Sandstorm
|-heal|p2a: Gengar|100/100|[from] item: Leftovers
|-heal|p1a: Flygon|100/100|[from] item: Leftovers
|upkeep
|turn|15
|
|t:|1730770651
|switch|p1a: Blissey|Blissey, F|79/100
|-damage|p1a: Blissey|66/100|[from] Spikes
|move|p2a: Gengar|Will-O-Wisp|p1a: Blissey|[miss]
|-miss|p2a: Gengar|p1a: Blissey
|
|-weather|Sandstorm|[upkeep]
|-damage|p2a: Gengar|94/100|[from] Sandstorm
|-damage|p1a: Blissey|60/100|[from] Sandstorm
|-heal|p2a: Gengar|100/100|[from] item: Leftovers
|-heal|p1a: Blissey|66/100|[from] item: Leftovers
|upkeep
|turn|16
|
|t:|1730770657
|switch|p2a: Forretress|Forretress, M|100/100
|-damage|p2a: Forretress|88/100|[from] Spikes
|move|p1a: Blissey|Ice Beam|p2a: Forretress
|-resisted|p2a: Forretress
|-crit|p2a: Forretress
|-damage|p2a: Forretress|65/100
|
|-weather|Sandstorm|[upkeep]
|-damage|p1a: Blissey|60/100|[from] Sandstorm
|-heal|p1a: Blissey|66/100|[from] item: Leftovers
|-heal|p2a: Forretress|71/100|[from] item: Leftovers
|upkeep
|turn|17
|
|t:|1730770662
|switch|p2a: Tyranitar|Tyranitar, F|94/100
|-damage|p2a: Tyranitar|82/100|[from] Spikes
|move|p1a: Blissey|Soft-Boiled|p1a: Blissey
|-heal|p1a: Blissey|100/100
|
|-weather|Sandstorm|[upkeep]
|-damage|p1a: Blissey|94/100|[from] Sandstorm
|-heal|p2a: Tyranitar|88/100|[from] item: Leftovers
|-heal|p1a: Blissey|100/100|[from] item: Leftovers
|upkeep
|turn|18
|
|t:|1730770667
|switch|p2a: Forretress|Forretress, M|71/100
|-damage|p2a: Forretress|58/100|[from] Spikes
|move|p1a: Blissey|Toxic|p2a: Forretress
|-immune|p2a: Forretress
|
|-weather|Sandstorm|[upkeep]
|-damage|p1a: Blissey|94/100|[from] Sandstorm
|-heal|p1a: Blissey|100/100|[from] item: Leftovers
|-heal|p2a: Forretress|65/100|[from] item: Leftovers
|upkeep
|turn|19
|
|t:|1730770669
|switch|p1a: Gengar|Gengar, M|100/100
|switch|p2a: Tyranitar|Tyranitar, F|88/100
|-damage|p2a: Tyranitar|76/100|[from] Spikes
|
|-weather|Sandstorm|[upkeep]
|-damage|p1a: Gengar|94/100|[from] Sandstorm
|-heal|p1a: Gengar|100/100|[from] item: Leftovers
|-heal|p2a: Tyranitar|82/100|[from] item: Leftovers
|upkeep
|turn|20
|
|t:|1730770679
|move|p1a: Gengar|Will-O-Wisp|p2a: Tyranitar|[miss]
|-miss|p1a: Gengar|p2a: Tyranitar
|move|p2a: Tyranitar|Pursuit|p1a: Gengar
|-supereffective|p1a: Gengar
|-damage|p1a: Gengar|61/100
|
|-weather|Sandstorm|[upkeep]
|-damage|p1a: Gengar|55/100|[from] Sandstorm
|-heal|p1a: Gengar|61/100|[from] item: Leftovers
|-heal|p2a: Tyranitar|88/100|[from] item: Leftovers
|upkeep
|turn|21
|
|t:|1730770681
|move|p1a: Gengar|Giga Drain|p2a: Tyranitar
|-supereffective|p2a: Tyranitar
|-damage|p2a: Tyranitar|54/100
|-heal|p1a: Gengar|82/100|[from] drain|[of] p2a: Tyranitar
|move|p2a: Tyranitar|Crunch|p1a: Gengar
|-supereffective|p1a: Gengar
|-damage|p1a: Gengar|13/100
|-unboost|p1a: Gengar|spd|1
|
|-weather|Sandstorm|[upkeep]
|-damage|p1a: Gengar|6/100|[from] Sandstorm
|-heal|p1a: Gengar|13/100|[from] item: Leftovers
|-heal|p2a: Tyranitar|60/100|[from] item: Leftovers
|upkeep
|turn|22
|
|t:|1730770685
|move|p1a: Gengar|Giga Drain|p2a: Tyranitar
|-supereffective|p2a: Tyranitar
|-damage|p2a: Tyranitar|30/100
|-heal|p1a: Gengar|31/100|[from] drain|[of] p2a: Tyranitar
|move|p2a: Tyranitar|Pursuit|p1a: Gengar
|-supereffective|p1a: Gengar
|-damage|p1a: Gengar|0 fnt
|faint|p1a: Gengar
|
|t:|1730770691
|switch|p1a: Flygon|Flygon, M|100/100
|
|-weather|Sandstorm|[upkeep]
|-heal|p2a: Tyranitar|36/100|[from] item: Leftovers
|upkeep
|turn|23
|
|t:|1730770704
|switch|p2a: Forretress|Forretress, M|65/100
|-damage|p2a: Forretress|52/100|[from] Spikes
|move|p1a: Flygon|Flamethrower|p2a: Forretress
|-supereffective|p2a: Forretress
|-damage|p2a: Forretress|0 fnt
|faint|p2a: Forretress
|
|t:|1730770707
|switch|p2a: Gengar|Gengar, F, shiny|100/100
|
|-weather|Sandstorm|[upkeep]
|-damage|p2a: Gengar|94/100|[from] Sandstorm
|-heal|p2a: Gengar|100/100|[from] item: Leftovers
|upkeep
|turn|24
|
|t:|1730770716
|switch|p1a: Blissey|Blissey, F|100/100
|-damage|p1a: Blissey|88/100|[from] Spikes
|move|p2a: Gengar|Will-O-Wisp|p1a: Blissey|[miss]
|-miss|p2a: Gengar|p1a: Blissey
|
|-weather|Sandstorm|[upkeep]
|-damage|p2a: Gengar|94/100|[from] Sandstorm
|-damage|p1a: Blissey|82/100|[from] Sandstorm
|-heal|p2a: Gengar|100/100|[from] item: Leftovers
|-heal|p1a: Blissey|88/100|[from] item: Leftovers
|upkeep
|turn|25
|c|☆I'm the Dome Ace|gengar is the worst fucking pkmn ever
|
|t:|1730770733
|move|p2a: Gengar|Will-O-Wisp|p1a: Blissey
|-status|p1a: Blissey|brn
|move|p1a: Blissey|Ice Beam|p2a: Gengar
|-damage|p2a: Gengar|70/100
|
|-weather|Sandstorm|[upkeep]
|-damage|p2a: Gengar|64/100|[from] Sandstorm
|-damage|p1a: Blissey|82/100 brn|[from] Sandstorm
|-heal|p2a: Gengar|70/100|[from] item: Leftovers
|-heal|p1a: Blissey|88/100 brn|[from] item: Leftovers
|-damage|p1a: Blissey|76/100 brn|[from] brn
|upkeep
|turn|26
|c|☆I'm the Dome Ace|im resubmitting a vr and dropping him to below hariyama
|inactive|EG Zelph no longer wants the timer on, but the timer is staying on because staff still does.
|
|t:|1730770747
|move|p2a: Gengar|Ice Punch|p1a: Blissey
|-damage|p1a: Blissey|68/100 brn
|move|p1a: Blissey|Ice Beam|p2a: Gengar
|-damage|p2a: Gengar|42/100
|-status|p2a: Gengar|frz
|
|-weather|Sandstorm|[upkeep]
|-damage|p2a: Gengar|36/100 frz|[from] Sandstorm
|-damage|p1a: Blissey|61/100 brn|[from] Sandstorm
|-heal|p2a: Gengar|42/100 frz|[from] item: Leftovers
|-heal|p1a: Blissey|68/100 brn|[from] item: Leftovers
|-damage|p1a: Blissey|55/100 brn|[from] brn
|upkeep
|turn|27
|
|t:|1730770755
|cant|p2a: Gengar|frz
|move|p1a: Blissey|Soft-Boiled|p1a: Blissey
|-heal|p1a: Blissey|100/100 brn
|
|-weather|Sandstorm|[upkeep]
|-damage|p2a: Gengar|36/100 frz|[from] Sandstorm
|-damage|p1a: Blissey|94/100 brn|[from] Sandstorm
|-heal|p2a: Gengar|42/100 frz|[from] item: Leftovers
|-heal|p1a: Blissey|100/100 brn|[from] item: Leftovers
|-damage|p1a: Blissey|88/100 brn|[from] brn
|upkeep
|turn|28
|
|t:|1730770758
|cant|p2a: Gengar|frz
|move|p1a: Blissey|Ice Beam|p2a: Gengar
|-damage|p2a: Gengar|13/100 frz
|
|-weather|Sandstorm|[upkeep]
|-damage|p2a: Gengar|6/100 frz|[from] Sandstorm
|-damage|p1a: Blissey|82/100 brn|[from] Sandstorm
|-heal|p2a: Gengar|13/100 frz|[from] item: Leftovers
|-heal|p1a: Blissey|88/100 brn|[from] item: Leftovers
|-damage|p1a: Blissey|76/100 brn|[from] brn
|upkeep
|turn|29
|
|t:|1730770761
|cant|p2a: Gengar|frz
|move|p1a: Blissey|Ice Beam|p2a: Gengar
|-damage|p2a: Gengar|0 fnt
|faint|p2a: Gengar
|
|t:|1730770765
|switch|p2a: Tyranitar|Tyranitar, F|36/100
|-damage|p2a: Tyranitar|24/100|[from] Spikes
|
|-weather|Sandstorm|[upkeep]
|-damage|p1a: Blissey|69/100 brn|[from] Sandstorm
|-heal|p2a: Tyranitar|30/100|[from] item: Leftovers
|-heal|p1a: Blissey|76/100 brn|[from] item: Leftovers
|-damage|p1a: Blissey|63/100 brn|[from] brn
|upkeep
|turn|30
|
|t:|1730770769
|-curestatus|p1a: Blissey|brn|[from] ability: Natural Cure
|switch|p1a: Flygon|Flygon, M|100/100
|move|p2a: Tyranitar|Brick Break|p1a: Flygon
|-damage|p1a: Flygon|85/100
|
|-weather|Sandstorm|[upkeep]
|-heal|p1a: Flygon|91/100|[from] item: Leftovers
|-heal|p2a: Tyranitar|36/100|[from] item: Leftovers
|upkeep
|turn|31
|
|t:|1730770772
|move|p1a: Flygon|Toxic|p2a: Tyranitar
|-status|p2a: Tyranitar|tox
|move|p2a: Tyranitar|Crunch|p1a: Flygon
|-damage|p1a: Flygon|48/100
|
|-weather|Sandstorm|[upkeep]
|-heal|p1a: Flygon|54/100|[from] item: Leftovers
|-heal|p2a: Tyranitar|42/100 tox|[from] item: Leftovers
|-damage|p2a: Tyranitar|36/100 tox|[from] psn
|upkeep
|turn|32
|
|t:|1730770777
|switch|p2a: Salamence|Salamence, F|47/100
|-ability|p2a: Salamence|Intimidate|boost
|-unboost|p1a: Flygon|atk|1
|move|p1a: Flygon|Earthquake|p2a: Salamence
|-immune|p2a: Salamence
|
|-weather|Sandstorm|[upkeep]
|-damage|p2a: Salamence|41/100|[from] Sandstorm
|-heal|p2a: Salamence|47/100|[from] item: Leftovers
|-heal|p1a: Flygon|60/100|[from] item: Leftovers
|upkeep
|turn|33
|
|t:|1730770783
|move|p1a: Flygon|Protect|p1a: Flygon
|-singleturn|p1a: Flygon|Protect
|move|p2a: Salamence|Dragon Claw|p1a: Flygon
|-activate|p1a: Flygon|Protect
|
|-weather|Sandstorm|[upkeep]
|-damage|p2a: Salamence|41/100|[from] Sandstorm
|-heal|p2a: Salamence|47/100|[from] item: Leftovers
|-heal|p1a: Flygon|66/100|[from] item: Leftovers
|upkeep
|turn|34
|
|t:|1730770786
|switch|p1a: Tyranitar|Tyranitar, F|42/100
|-damage|p1a: Tyranitar|30/100|[from] Spikes
|move|p2a: Salamence|Dragon Claw|p1a: Tyranitar
|-damage|p1a: Tyranitar|0 fnt
|faint|p1a: Tyranitar
|
|t:|1730770792
|switch|p1a: Charizard|Charizard, M|100/100
|
|-weather|Sandstorm|[upkeep]
|-damage|p1a: Charizard|94/100|[from] Sandstorm
|-damage|p2a: Salamence|41/100|[from] Sandstorm
|-heal|p1a: Charizard|100/100|[from] item: Leftovers
|-heal|p2a: Salamence|47/100|[from] item: Leftovers
|upkeep
|turn|35
|
|t:|1730770806
|move|p1a: Charizard|Toxic|p2a: Salamence
|-status|p2a: Salamence|tox
|move|p2a: Salamence|Dragon Claw|p1a: Charizard
|-damage|p1a: Charizard|43/100
|
|-weather|Sandstorm|[upkeep]
|-damage|p1a: Charizard|37/100|[from] Sandstorm
|-damage|p2a: Salamence|41/100 tox|[from] Sandstorm
|-heal|p1a: Charizard|43/100|[from] item: Leftovers
|-heal|p2a: Salamence|47/100 tox|[from] item: Leftovers
|-damage|p2a: Salamence|41/100 tox|[from] psn
|upkeep
|turn|36
|
|t:|1730770817
|move|p1a: Charizard|Hidden Power|p2a: Salamence
|-supereffective|p2a: Salamence
|-damage|p2a: Salamence|0 fnt
|faint|p2a: Salamence
|-message|EG Zelph forfeited.
|
|win|I'm the Dome Ace
|c|☆I'm the Dome Ace|ggs sorry about this one too
|player|p1|

</script>
<script type="application/json" class="data" id="replaydata-smogtours-gen3ou-804852">
{"id":"smogtours-gen3ou-804852","format":"[Gen 3] OU","players":["I'm the Dome Ace","EG Zelph"],"uploadtime":1730770828,"views":92,"formatid":"gen3ou","rating":null,"private":0,"password":null}
</script>

<script defer src="js/replays.js?9d40a366"></script>
