<!DOCTYPE html>
<meta charset="utf-8" />
<meta name="viewport" content="width=device-width" />

<title>[Gen 3] OU: LilBigBamSam vs. xXEricXx - Replays - Pok&eacute;mon Showdown!</title>

<meta name="description" content="Watch a replay of a Pok&eacute;mon battle between LilBigBamSam and xXEricXx! Format: [Gen 3] OU; Date: Oct 30, 2024" />
<!--

Hey, you! Looking in the source for the replay log?

You can find them in JSON format, just add `.json` at the end of a replay URL.

https://replay.pokemonshowdown.com/gen7randomdoublesbattle-865046831.json

Or, if you only need the log itself, add `.log` instead:

https://replay.pokemonshowdown.com/gen7randomdoublesbattle-865046831.log

-->

<link rel="stylesheet" href="//pokemonshowdown.com/style/global.css?0.023195364461161105" />
<link rel="stylesheet" href="//play.pokemonshowdown.com/style/font-awesome.css?0.13261647063804238" />
<link rel="stylesheet" href="//play.pokemonshowdown.com/style/battle.css?0.8753245789963631" />
<link rel="stylesheet" href="//play.pokemonshowdown.com/style/utilichart.css?0.8627959624976733" />

<!-- Global site tag (gtag.js) - Google Analytics -->
<script async src="https://www.googletagmanager.com/gtag/js?id=UA-26211653-1"></script>
<script>
  window.dataLayer = window.dataLayer || [];
  function gtag(){dataLayer.push(arguments);}
  gtag('js', new Date());

  gtag('config', 'UA-26211653-1');
</script>
<!-- End Google Analytics -->
<!-- Venatus Ad Manager - Install in <HEAD> of page -->
	<script src="https://hb.vntsm.com/v3/live/ad-manager.min.js" type="text/javascript" data-site-id="642aba63ec9a7b11c3c9c1be" data-mode="scan" async></script>
<!-- / Venatus Ad Manager -->

<style>
	@media (max-width:820px) {
		.battle {
			margin: 0 auto;
		}
		.battle-log {
			margin: 7px auto 0;
			max-width: 640px;
			height: 300px;
			position: static;
		}
	}
	.optgroup {
		display: inline-block;
		line-height: 22px;
		font-size: 10pt;
	}
	.optgroup .button {
		height: 25px;
		padding-top: 0;
		padding-bottom: 0;
	}
	.optgroup button.button {
		padding-left: 12px;
		padding-right: 12px;
	}
	.linklist {
		list-style: none;
		margin: 0.5em 0;
		padding: 0;
	}
	.linklist li {
		padding: 2px 0;
	}
	.sidebar {
		float: left;
		width: 320px;
	}
	.bar-wrapper {
		max-width: 1100px;
		margin: 0 auto;
	}
	.bar-wrapper.has-sidebar {
		max-width: 1430px;
	}
	.mainbar {
		margin: 0;
		padding-right: 1px;
	}
	.mainbar.has-sidebar {
		margin-left: 330px;
	}
	@media (min-width: 1511px) {
		.sidebar {
			width: 400px;
		}
		.bar-wrapper.has-sidebar {
			max-width: 1510px;
		}
		.mainbar.has-sidebar {
			margin-left: 410px;
		}
	}
	.section.first-section {
		margin-top: 9px;
	}
	.blocklink small {
		white-space: normal;
	}
	.button {
		vertical-align: middle;
	}
	.replay-controls {
		padding-top: 10px;
	}
	.replay-controls h1 {
		font-size: 16pt;
		font-weight: normal;
		color: #CCC;
	}
	.pagelink {
		text-align: center;
	}
	.pagelink a {
		width: 150px;
	}
	.textbox, .button {
		font-size: 11pt;
		vertical-align: middle;
	}
	@media (max-width: 450px) {
		.button {
			font-size: 9pt;
		}
	}
</style>

<div>

	<header>
		<div class="nav-wrapper"><ul class="nav">
			<li><a class="button nav-first" href="//pokemonshowdown.com/"><img src="//pokemonshowdown.com/images/pokemonshowdownbeta.png" srcset="//pokemonshowdown.com/images/pokemonshowdownbeta.png 1x, //pokemonshowdown.com/images/pokemonshowdownbeta@2x.png 2x" alt="Pok&eacute;mon Showdown" width="146" height="44" /> Home</a></li>
			<li><a class="button" href="//pokemonshowdown.com/dex/">Pok&eacute;dex</a></li>
			<li><a class="button cur" href="/">Replays</a></li>
			<li><a class="button" href="//pokemonshowdown.com/ladder/">Ladder</a></li>
			<li><a class="button nav-last" href="//pokemonshowdown.com/forums/">Forum</a></li>
			<li><a class="button greenbutton nav-first nav-last" href="//play.pokemonshowdown.com/">Play</a></li>
		</ul></div>
	</header>

	<div class="main" id="main">

		<noscript><section class="section">You need to enable JavaScript to use this page; sorry!</section></noscript>

	</div>

</div>

<script defer nomodule src="//play.pokemonshowdown.com/js/lib/ps-polyfill.js"></script>
<script defer src="//play.pokemonshowdown.com/js/lib/preact.min.js"></script>

<script defer src="//play.pokemonshowdown.com/config/config.js?2bddbc15"></script>
<script defer src="//play.pokemonshowdown.com/js/lib/jquery-1.11.0.min.js"></script>
<script defer src="//play.pokemonshowdown.com/js/lib/html-sanitizer-minified.js"></script>
<script defer src="//play.pokemonshowdown.com/js/battle-sound.js"></script>
<script defer src="//play.pokemonshowdown.com/js/battledata.js?0.7209276989879541"></script>
<script defer src="//play.pokemonshowdown.com/data/pokedex-mini.js?0.6111056340867951"></script>
<script defer src="//play.pokemonshowdown.com/data/pokedex-mini-bw.js?0.3532142036491459"></script>
<script defer src="//play.pokemonshowdown.com/data/graphics.js?0.24223875632456182"></script>
<script defer src="//play.pokemonshowdown.com/data/pokedex.js?0.38839984266356864"></script>
<script defer src="//play.pokemonshowdown.com/data/moves.js?0.21866028504024015"></script>
<script defer src="//play.pokemonshowdown.com/data/abilities.js?0.2005157953846628"></script>
<script defer src="//play.pokemonshowdown.com/data/items.js?0.9894211263848525"></script>
<script defer src="//play.pokemonshowdown.com/data/teambuilder-tables.js?0.6008791140282215"></script>
<script defer src="//play.pokemonshowdown.com/js/battle-tooltips.js?0.7580118955022959"></script>
<script defer src="//play.pokemonshowdown.com/js/battle.js?0.6057722274234274"></script>

<script defer src="js/utils.js?e31f9a17"></script>
<script defer src="js/replays-battle.js?7008c182"></script>

<!-- don't scrape this data! just add .json or .log after the URL!
Full API docs: https://github.com/smogon/pokemon-showdown-client/blob/master/WEB-API.md -->
<script type="text/plain" class="log" id="replaylog-smogtours-gen3ou-803409">
|inactive|Battle timer is ON: inactive players will automatically lose when time's up.
|t:|1730267872
|gametype|singles
|player|p1|LilBigBamSam|hoopster|
|player|p2|xXEricXx|red|
|teamsize|p1|6
|teamsize|p2|6
|gen|3
|tier|[Gen 3] OU
|rule|Sleep Clause Mod: Limit one foe put to sleep
|rule|Switch Priority Clause Mod: Faster Pokémon switch first
|rule|Species Clause: Limit one of each Pokémon
|rule|OHKO Clause: OHKO moves are banned
|rule|Evasion Items Clause: Evasion items are banned
|rule|Evasion Moves Clause: Evasion moves are banned
|rule|Endless Battle Clause: Forcing endless battles is banned
|rule|HP Percentage Mod: HP is shown in percentages
|rule|One Boost Passer Clause: Limit one Baton Passer that has a way to boost its stats
|rule|Freeze Clause Mod: Limit one foe frozen
|
|t:|1730267872
|start
|switch|p1a: Tyranitar|Tyranitar, M|100/100
|switch|p2a: Raikou|Raikou|100/100
|-weather|Sandstorm|[from] ability: Sand Stream|[of] p1a: Tyranitar
|turn|1
|c|☆xXEricXx|hf
|c|☆LilBigBamSam|u2
|
|t:|1730267886
|-singleturn|p1a: Tyranitar|move: Focus Punch
|switch|p2a: Swampert|Swampert, M|100/100
|move|p1a: Tyranitar|Focus Punch|p2a: Swampert
|-damage|p2a: Swampert|15/100
|
|-weather|Sandstorm|[upkeep]
|-heal|p2a: Swampert|21/100|[from] item: Leftovers
|upkeep
|turn|2
|
|t:|1730267911
|switch|p1a: Skarmory|Skarmory, F|100/100
|move|p2a: Swampert|Ice Beam|p1a: Skarmory
|-damage|p1a: Skarmory|77/100
|
|-weather|Sandstorm|[upkeep]
|-heal|p2a: Swampert|27/100|[from] item: Leftovers
|-heal|p1a: Skarmory|83/100|[from] item: Leftovers
|upkeep
|turn|3
|
|t:|1730267925
|switch|p2a: Zapdos|Zapdos|100/100
|move|p1a: Skarmory|Spikes|p2a: Zapdos
|-sidestart|p2: xXEricXx|Spikes
|
|-weather|Sandstorm|[upkeep]
|-damage|p2a: Zapdos|94/100|[from] Sandstorm
|-heal|p2a: Zapdos|100/100|[from] item: Leftovers
|-heal|p1a: Skarmory|89/100|[from] item: Leftovers
|upkeep
|turn|4
|
|t:|1730267941
|switch|p1a: Blissey|Blissey, F|100/100
|move|p2a: Zapdos|Substitute|p2a: Zapdos
|-start|p2a: Zapdos|Substitute
|-damage|p2a: Zapdos|76/100
|
|-weather|Sandstorm|[upkeep]
|-damage|p2a: Zapdos|69/100|[from] Sandstorm
|-damage|p1a: Blissey|94/100|[from] Sandstorm
|-heal|p2a: Zapdos|76/100|[from] item: Leftovers
|-heal|p1a: Blissey|100/100|[from] item: Leftovers
|upkeep
|turn|5
|
|t:|1730267946
|move|p2a: Zapdos|Baton Pass|p2a: Zapdos
|
|t:|1730267949
|switch|p2a: Dugtrio|Dugtrio, M|100/100|[from] Baton Pass
|-damage|p2a: Dugtrio|88/100|[from] Spikes
|move|p1a: Blissey|Seismic Toss|p2a: Dugtrio
|-end|p2a: Dugtrio|Substitute
|
|-weather|Sandstorm|[upkeep]
|-damage|p1a: Blissey|94/100|[from] Sandstorm
|-heal|p1a: Blissey|100/100|[from] item: Leftovers
|upkeep
|turn|6
|inactive|LilBigBamSam has 270 seconds left.
|
|t:|1730268002
|move|p2a: Dugtrio|Beat Up|p1a: Blissey
|-damage|p1a: Blissey|91/100
|-damage|p1a: Blissey|77/100
|-damage|p1a: Blissey|67/100
|-damage|p1a: Blissey|50/100
|-damage|p1a: Blissey|38/100
|-damage|p1a: Blissey|27/100
|-hitcount|p1a: Blissey|6
|move|p1a: Blissey|Seismic Toss|p2a: Dugtrio
|-damage|p2a: Dugtrio|48/100
|
|-weather|Sandstorm|[upkeep]
|-damage|p1a: Blissey|21/100|[from] Sandstorm
|-heal|p1a: Blissey|27/100|[from] item: Leftovers
|upkeep
|turn|7
|
|t:|1730268007
|move|p2a: Dugtrio|Beat Up|p1a: Blissey
|-damage|p1a: Blissey|18/100
|-damage|p1a: Blissey|4/100
|-damage|p1a: Blissey|0 fnt
|-hitcount|p1a: Blissey|3
|faint|p1a: Blissey
|
|t:|1730268031
|switch|p1a: Moltres|Moltres|100/100
|
|-weather|Sandstorm|[upkeep]
|-damage|p1a: Moltres|94/100|[from] Sandstorm
|-heal|p1a: Moltres|100/100|[from] item: Leftovers
|upkeep
|turn|8
|
|t:|1730268048
|switch|p2a: Raikou|Raikou|100/100
|-damage|p2a: Raikou|88/100|[from] Spikes
|move|p1a: Moltres|Will-O-Wisp|p2a: Raikou
|-status|p2a: Raikou|brn
|-enditem|p2a: Raikou|Lum Berry|[eat]
|-curestatus|p2a: Raikou|brn|[msg]
|
|-weather|Sandstorm|[upkeep]
|-damage|p2a: Raikou|82/100|[from] Sandstorm
|-damage|p1a: Moltres|94/100|[from] Sandstorm
|-heal|p1a: Moltres|100/100|[from] item: Leftovers
|upkeep
|turn|9
|inactive|LilBigBamSam has 240 seconds left.
|
|t:|1730268075
|switch|p1a: Claydol|Claydol|100/100
|move|p2a: Raikou|Thunderbolt|p1a: Claydol
|-immune|p1a: Claydol
|
|-weather|Sandstorm|[upkeep]
|-damage|p2a: Raikou|76/100|[from] Sandstorm
|upkeep
|turn|10
|
|t:|1730268097
|move|p2a: Raikou|Toxic|p1a: Claydol|[miss]
|-miss|p2a: Raikou|p1a: Claydol
|move|p1a: Claydol|Toxic|p2a: Raikou
|-status|p2a: Raikou|tox
|
|-weather|Sandstorm|[upkeep]
|-damage|p2a: Raikou|69/100 tox|[from] Sandstorm
|-damage|p2a: Raikou|63/100 tox|[from] psn
|upkeep
|turn|11
|inactive|LilBigBamSam has 240 seconds left.
|
|t:|1730268112
|switch|p2a: Zapdos|Zapdos|76/100
|move|p1a: Claydol|Protect||[still]
|-fail|p1a: Claydol
|
|-weather|Sandstorm|[upkeep]
|-damage|p2a: Zapdos|69/100|[from] Sandstorm
|-heal|p2a: Zapdos|76/100|[from] item: Leftovers
|upkeep
|turn|12
|inactive|LilBigBamSam has 240 seconds left.
|inactive|LilBigBamSam has 210 seconds left.
|inactive|LilBigBamSam has 180 seconds left.
|
|t:|1730268186
|move|p2a: Zapdos|Substitute|p2a: Zapdos
|-start|p2a: Zapdos|Substitute
|-damage|p2a: Zapdos|51/100
|move|p1a: Claydol|Shadow Ball|p2a: Zapdos
|-activate|p2a: Zapdos|Substitute|[damage]
|
|-weather|Sandstorm|[upkeep]
|-damage|p2a: Zapdos|44/100|[from] Sandstorm
|-heal|p2a: Zapdos|51/100|[from] item: Leftovers
|upkeep
|turn|13
|
|t:|1730268201
|move|p2a: Zapdos|Hidden Power|p1a: Claydol
|-supereffective|p1a: Claydol
|-damage|p1a: Claydol|60/100
|move|p1a: Claydol|Shadow Ball|p2a: Zapdos
|-end|p2a: Zapdos|Substitute
|
|-weather|Sandstorm|[upkeep]
|-damage|p2a: Zapdos|44/100|[from] Sandstorm
|-heal|p2a: Zapdos|51/100|[from] item: Leftovers
|-heal|p1a: Claydol|66/100|[from] item: Leftovers
|upkeep
|turn|14
|inactive|LilBigBamSam has 180 seconds left.
|
|t:|1730268219
|move|p2a: Zapdos|Substitute|p2a: Zapdos
|-start|p2a: Zapdos|Substitute
|-damage|p2a: Zapdos|26/100
|move|p1a: Claydol|Shadow Ball|p2a: Zapdos
|-activate|p2a: Zapdos|Substitute|[damage]
|
|-weather|Sandstorm|[upkeep]
|-damage|p2a: Zapdos|20/100|[from] Sandstorm
|-heal|p2a: Zapdos|26/100|[from] item: Leftovers
|-heal|p1a: Claydol|72/100|[from] item: Leftovers
|upkeep
|turn|15
|
|t:|1730268229
|move|p1a: Claydol|Protect|p1a: Claydol
|-singleturn|p1a: Claydol|Protect
|move|p2a: Zapdos|Hidden Power|p1a: Claydol
|-activate|p1a: Claydol|Protect
|
|-weather|Sandstorm|[upkeep]
|-damage|p2a: Zapdos|20/100|[from] Sandstorm
|-heal|p2a: Zapdos|26/100|[from] item: Leftovers
|-heal|p1a: Claydol|78/100|[from] item: Leftovers
|upkeep
|turn|16
|
|t:|1730268234
|move|p2a: Zapdos|Hidden Power|p1a: Claydol
|-supereffective|p1a: Claydol
|-damage|p1a: Claydol|33/100
|move|p1a: Claydol|Shadow Ball|p2a: Zapdos
|-end|p2a: Zapdos|Substitute
|
|-weather|Sandstorm|[upkeep]
|-damage|p2a: Zapdos|20/100|[from] Sandstorm
|-heal|p2a: Zapdos|26/100|[from] item: Leftovers
|-heal|p1a: Claydol|39/100|[from] item: Leftovers
|upkeep
|turn|17
|inactive|xXEricXx has 270 seconds left.
|
|t:|1730268270
|move|p1a: Claydol|Protect|p1a: Claydol
|-singleturn|p1a: Claydol|Protect
|move|p2a: Zapdos|Baton Pass|p2a: Zapdos
|
|t:|1730268281
|switch|p2a: Raikou|Raikou|63/100 tox|[from] Baton Pass
|-damage|p2a: Raikou|51/100 tox|[from] Spikes
|
|-weather|Sandstorm|[upkeep]
|-damage|p2a: Raikou|44/100 tox|[from] Sandstorm
|-damage|p2a: Raikou|38/100 tox|[from] psn
|-heal|p1a: Claydol|45/100|[from] item: Leftovers
|upkeep
|turn|18
|inactive|LilBigBamSam has 180 seconds left.
|
|t:|1730268317
|switch|p1a: Skarmory|Skarmory, F|89/100
|move|p2a: Raikou|Hidden Power|p1a: Skarmory
|-damage|p1a: Skarmory|69/100
|
|-weather|Sandstorm|[upkeep]
|-damage|p2a: Raikou|32/100 tox|[from] Sandstorm
|-damage|p2a: Raikou|20/100 tox|[from] psn
|-heal|p1a: Skarmory|75/100|[from] item: Leftovers
|upkeep
|turn|19
|inactive|xXEricXx has 270 seconds left.
|
|t:|1730268343
|switch|p1a: Claydol|Claydol|45/100
|move|p2a: Raikou|Thunderbolt|p1a: Claydol
|-immune|p1a: Claydol
|
|-weather|Sandstorm|[upkeep]
|-damage|p2a: Raikou|13/100 tox|[from] Sandstorm
|-damage|p2a: Raikou|0 fnt|[from] psn
|faint|p2a: Raikou
|-heal|p1a: Claydol|51/100|[from] item: Leftovers
|upkeep
|
|t:|1730268365
|switch|p2a: Jirachi|Jirachi|100/100
|-damage|p2a: Jirachi|88/100|[from] Spikes
|turn|20
|inactive|LilBigBamSam has 150 seconds left.
|
|t:|1730268386
|move|p2a: Jirachi|Ice Punch|p1a: Claydol
|-supereffective|p1a: Claydol
|-damage|p1a: Claydol|11/100
|-status|p1a: Claydol|frz
|-curestatus|p1a: Claydol|frz|[msg]
|move|p1a: Claydol|Earthquake|p2a: Jirachi
|-supereffective|p2a: Jirachi
|-damage|p2a: Jirachi|28/100
|
|-weather|Sandstorm|[upkeep]
|-heal|p2a: Jirachi|34/100|[from] item: Leftovers
|-heal|p1a: Claydol|17/100|[from] item: Leftovers
|upkeep
|turn|21
|inactive|LilBigBamSam has 150 seconds left.
|
|t:|1730268423
|move|p2a: Jirachi|Ice Punch|p1a: Claydol
|-supereffective|p1a: Claydol
|-damage|p1a: Claydol|0 fnt
|faint|p1a: Claydol
|
|t:|1730268431
|switch|p1a: Moltres|Moltres|100/100
|
|-weather|Sandstorm|[upkeep]
|-damage|p1a: Moltres|94/100|[from] Sandstorm
|-heal|p1a: Moltres|100/100|[from] item: Leftovers
|-heal|p2a: Jirachi|40/100|[from] item: Leftovers
|upkeep
|turn|22
|
|t:|1730268445
|switch|p2a: Swampert|Swampert, M|27/100
|-damage|p2a: Swampert|15/100|[from] Spikes
|move|p1a: Moltres|Flamethrower|p2a: Swampert
|-resisted|p2a: Swampert
|-damage|p2a: Swampert|0 fnt
|faint|p2a: Swampert
|
|t:|1730268452
|switch|p2a: Zapdos|Zapdos|26/100
|
|-weather|Sandstorm|[upkeep]
|-damage|p2a: Zapdos|20/100|[from] Sandstorm
|-damage|p1a: Moltres|94/100|[from] Sandstorm
|-heal|p2a: Zapdos|26/100|[from] item: Leftovers
|-heal|p1a: Moltres|100/100|[from] item: Leftovers
|upkeep
|turn|23
|
|t:|1730268480
|switch|p1a: Tyranitar|Tyranitar, M|100/100
|move|p2a: Zapdos|Thunderbolt|p1a: Tyranitar
|-damage|p1a: Tyranitar|52/100
|
|-weather|Sandstorm|[upkeep]
|-damage|p2a: Zapdos|20/100|[from] Sandstorm
|-heal|p2a: Zapdos|26/100|[from] item: Leftovers
|upkeep
|turn|24
|inactive|xXEricXx has 270 seconds left.
|inactive|LilBigBamSam has 120 seconds left.
|inactive|xXEricXx has 240 seconds left.
|
|t:|1730268545
|move|p2a: Zapdos|Baton Pass|p2a: Zapdos
|
|t:|1730268547
|switch|p2a: Dugtrio|Dugtrio, M|48/100|[from] Baton Pass
|-damage|p2a: Dugtrio|35/100|[from] Spikes
|move|p1a: Tyranitar|Rock Slide|p2a: Dugtrio
|-resisted|p2a: Dugtrio
|-damage|p2a: Dugtrio|0 fnt
|faint|p2a: Dugtrio
|
|t:|1730268562
|switch|p2a: Tyranitar|Tyranitar, M|100/100
|-damage|p2a: Tyranitar|88/100|[from] Spikes
|
|-weather|Sandstorm|[upkeep]
|-heal|p2a: Tyranitar|94/100|[from] item: Leftovers
|upkeep
|turn|25
|
|t:|1730268574
|move|p1a: Tyranitar|Rock Slide|p2a: Tyranitar
|-damage|p2a: Tyranitar|39/100
|move|p2a: Tyranitar|Dragon Dance|p2a: Tyranitar
|-boost|p2a: Tyranitar|atk|1
|-boost|p2a: Tyranitar|spe|1
|
|-weather|Sandstorm|[upkeep]
|-heal|p2a: Tyranitar|45/100|[from] item: Leftovers
|upkeep
|turn|26
|
|t:|1730268579
|move|p2a: Tyranitar|Hidden Power|p1a: Tyranitar
|-supereffective|p1a: Tyranitar
|-damage|p1a: Tyranitar|0 fnt
|faint|p1a: Tyranitar
|
|t:|1730268586
|switch|p1a: Skarmory|Skarmory, F|75/100
|
|-weather|Sandstorm|[upkeep]
|-heal|p2a: Tyranitar|52/100|[from] item: Leftovers
|-heal|p1a: Skarmory|81/100|[from] item: Leftovers
|upkeep
|turn|27
|inactive|xXEricXx has 240 seconds left.
|
|t:|1730268607
|switch|p2a: Jirachi|Jirachi|40/100
|-damage|p2a: Jirachi|28/100|[from] Spikes
|move|p1a: Skarmory|Roar|p2a: Jirachi
|drag|p2a: Zapdos|Zapdos|26/100
|
|-weather|Sandstorm|[upkeep]
|-damage|p2a: Zapdos|20/100|[from] Sandstorm
|-heal|p2a: Zapdos|26/100|[from] item: Leftovers
|-heal|p1a: Skarmory|87/100|[from] item: Leftovers
|upkeep
|turn|28
|
|t:|1730268619
|move|p2a: Zapdos|Thunderbolt|p1a: Skarmory
|-supereffective|p1a: Skarmory
|-damage|p1a: Skarmory|0 fnt
|faint|p1a: Skarmory
|
|t:|1730268623
|switch|p1a: Gengar|Gengar, F|100/100
|
|-weather|Sandstorm|[upkeep]
|-damage|p1a: Gengar|94/100|[from] Sandstorm
|-damage|p2a: Zapdos|20/100|[from] Sandstorm
|-heal|p1a: Gengar|100/100|[from] item: Leftovers
|-heal|p2a: Zapdos|26/100|[from] item: Leftovers
|upkeep
|turn|29
|
|t:|1730268639
|move|p1a: Gengar|Ice Punch|p2a: Zapdos
|-supereffective|p2a: Zapdos
|-damage|p2a: Zapdos|0 fnt
|faint|p2a: Zapdos
|
|t:|1730268642
|switch|p2a: Tyranitar|Tyranitar, M|52/100
|-damage|p2a: Tyranitar|39/100|[from] Spikes
|
|-weather|Sandstorm|[upkeep]
|-damage|p1a: Gengar|94/100|[from] Sandstorm
|-heal|p1a: Gengar|100/100|[from] item: Leftovers
|-heal|p2a: Tyranitar|45/100|[from] item: Leftovers
|upkeep
|turn|30
|inactive|LilBigBamSam has 120 seconds left.
|
|t:|1730268678
|move|p1a: Gengar|Hidden Power|p2a: Tyranitar
|-supereffective|p2a: Tyranitar
|-damage|p2a: Tyranitar|4/100
|move|p2a: Tyranitar|Dragon Dance|p2a: Tyranitar
|-boost|p2a: Tyranitar|atk|1
|-boost|p2a: Tyranitar|spe|1
|
|-weather|Sandstorm|[upkeep]
|-damage|p1a: Gengar|94/100|[from] Sandstorm
|-heal|p1a: Gengar|100/100|[from] item: Leftovers
|-heal|p2a: Tyranitar|10/100|[from] item: Leftovers
|upkeep
|turn|31
|inactive|LilBigBamSam has 120 seconds left.
|
|t:|1730268688
|move|p1a: Gengar|Hidden Power|p2a: Tyranitar
|-supereffective|p2a: Tyranitar
|-damage|p2a: Tyranitar|0 fnt
|faint|p2a: Tyranitar
|c|☆xXEricXx|gg
|
|t:|1730268692
|switch|p2a: Jirachi|Jirachi|28/100
|-damage|p2a: Jirachi|16/100|[from] Spikes
|
|-weather|Sandstorm|[upkeep]
|-damage|p1a: Gengar|94/100|[from] Sandstorm
|-heal|p1a: Gengar|100/100|[from] item: Leftovers
|-heal|p2a: Jirachi|22/100|[from] item: Leftovers
|upkeep
|turn|32
|
|t:|1730268696
|move|p1a: Gengar|Thunderbolt|p2a: Jirachi
|-damage|p2a: Jirachi|0 fnt
|faint|p2a: Jirachi
|
|win|LilBigBamSam
|c|☆LilBigBamSam|gg

</script>
<script type="application/json" class="data" id="replaydata-smogtours-gen3ou-803409">
{"id":"smogtours-gen3ou-803409","format":"[Gen 3] OU","players":["LilBigBamSam","xXEricXx"],"uploadtime":1730268696,"views":78,"formatid":"gen3ou","rating":null,"private":0,"password":null}
</script>

<script defer src="js/replays.js?9d40a366"></script>
