<!DOCTYPE html>
<meta charset="utf-8" />
<meta name="viewport" content="width=device-width" />

<title>[Gen 3] OU: VZR vs. Xenocles - Replays - Pok&eacute;mon Showdown!</title>

<meta name="description" content="Watch a replay of a Pok&eacute;mon battle between VZR and Xenocles! Format: [Gen 3] OU; Date: Nov 7, 2024" />
<!--

Hey, you! Looking in the source for the replay log?

You can find them in JSON format, just add `.json` at the end of a replay URL.

https://replay.pokemonshowdown.com/gen7randomdoublesbattle-865046831.json

Or, if you only need the log itself, add `.log` instead:

https://replay.pokemonshowdown.com/gen7randomdoublesbattle-865046831.log

-->

<link rel="stylesheet" href="//pokemonshowdown.com/style/global.css?0.023195364461161105" />
<link rel="stylesheet" href="//play.pokemonshowdown.com/style/font-awesome.css?0.13261647063804238" />
<link rel="stylesheet" href="//play.pokemonshowdown.com/style/battle.css?0.8753245789963631" />
<link rel="stylesheet" href="//play.pokemonshowdown.com/style/utilichart.css?0.8627959624976733" />

<!-- Global site tag (gtag.js) - Google Analytics -->
<script async src="https://www.googletagmanager.com/gtag/js?id=UA-26211653-1"></script>
<script>
  window.dataLayer = window.dataLayer || [];
  function gtag(){dataLayer.push(arguments);}
  gtag('js', new Date());

  gtag('config', 'UA-26211653-1');
</script>
<!-- End Google Analytics -->
<!-- Venatus Ad Manager - Install in <HEAD> of page -->
	<script src="https://hb.vntsm.com/v3/live/ad-manager.min.js" type="text/javascript" data-site-id="642aba63ec9a7b11c3c9c1be" data-mode="scan" async></script>
<!-- / Venatus Ad Manager -->

<style>
	@media (max-width:820px) {
		.battle {
			margin: 0 auto;
		}
		.battle-log {
			margin: 7px auto 0;
			max-width: 640px;
			height: 300px;
			position: static;
		}
	}
	.optgroup {
		display: inline-block;
		line-height: 22px;
		font-size: 10pt;
	}
	.optgroup .button {
		height: 25px;
		padding-top: 0;
		padding-bottom: 0;
	}
	.optgroup button.button {
		padding-left: 12px;
		padding-right: 12px;
	}
	.linklist {
		list-style: none;
		margin: 0.5em 0;
		padding: 0;
	}
	.linklist li {
		padding: 2px 0;
	}
	.sidebar {
		float: left;
		width: 320px;
	}
	.bar-wrapper {
		max-width: 1100px;
		margin: 0 auto;
	}
	.bar-wrapper.has-sidebar {
		max-width: 1430px;
	}
	.mainbar {
		margin: 0;
		padding-right: 1px;
	}
	.mainbar.has-sidebar {
		margin-left: 330px;
	}
	@media (min-width: 1511px) {
		.sidebar {
			width: 400px;
		}
		.bar-wrapper.has-sidebar {
			max-width: 1510px;
		}
		.mainbar.has-sidebar {
			margin-left: 410px;
		}
	}
	.section.first-section {
		margin-top: 9px;
	}
	.blocklink small {
		white-space: normal;
	}
	.button {
		vertical-align: middle;
	}
	.replay-controls {
		padding-top: 10px;
	}
	.replay-controls h1 {
		font-size: 16pt;
		font-weight: normal;
		color: #CCC;
	}
	.pagelink {
		text-align: center;
	}
	.pagelink a {
		width: 150px;
	}
	.textbox, .button {
		font-size: 11pt;
		vertical-align: middle;
	}
	@media (max-width: 450px) {
		.button {
			font-size: 9pt;
		}
	}
</style>

<div>

	<header>
		<div class="nav-wrapper"><ul class="nav">
			<li><a class="button nav-first" href="//pokemonshowdown.com/"><img src="//pokemonshowdown.com/images/pokemonshowdownbeta.png" srcset="//pokemonshowdown.com/images/pokemonshowdownbeta.png 1x, //pokemonshowdown.com/images/pokemonshowdownbeta@2x.png 2x" alt="Pok&eacute;mon Showdown" width="146" height="44" /> Home</a></li>
			<li><a class="button" href="//pokemonshowdown.com/dex/">Pok&eacute;dex</a></li>
			<li><a class="button cur" href="/">Replays</a></li>
			<li><a class="button" href="//pokemonshowdown.com/ladder/">Ladder</a></li>
			<li><a class="button nav-last" href="//pokemonshowdown.com/forums/">Forum</a></li>
			<li><a class="button greenbutton nav-first nav-last" href="//play.pokemonshowdown.com/">Play</a></li>
		</ul></div>
	</header>

	<div class="main" id="main">

		<noscript><section class="section">You need to enable JavaScript to use this page; sorry!</section></noscript>

	</div>

</div>

<script defer nomodule src="//play.pokemonshowdown.com/js/lib/ps-polyfill.js"></script>
<script defer src="//play.pokemonshowdown.com/js/lib/preact.min.js"></script>

<script defer src="//play.pokemonshowdown.com/config/config.js?2bddbc15"></script>
<script defer src="//play.pokemonshowdown.com/js/lib/jquery-1.11.0.min.js"></script>
<script defer src="//play.pokemonshowdown.com/js/lib/html-sanitizer-minified.js"></script>
<script defer src="//play.pokemonshowdown.com/js/battle-sound.js"></script>
<script defer src="//play.pokemonshowdown.com/js/battledata.js?0.7209276989879541"></script>
<script defer src="//play.pokemonshowdown.com/data/pokedex-mini.js?0.6111056340867951"></script>
<script defer src="//play.pokemonshowdown.com/data/pokedex-mini-bw.js?0.3532142036491459"></script>
<script defer src="//play.pokemonshowdown.com/data/graphics.js?0.24223875632456182"></script>
<script defer src="//play.pokemonshowdown.com/data/pokedex.js?0.38839984266356864"></script>
<script defer src="//play.pokemonshowdown.com/data/moves.js?0.21866028504024015"></script>
<script defer src="//play.pokemonshowdown.com/data/abilities.js?0.2005157953846628"></script>
<script defer src="//play.pokemonshowdown.com/data/items.js?0.9894211263848525"></script>
<script defer src="//play.pokemonshowdown.com/data/teambuilder-tables.js?0.6008791140282215"></script>
<script defer src="//play.pokemonshowdown.com/js/battle-tooltips.js?0.7580118955022959"></script>
<script defer src="//play.pokemonshowdown.com/js/battle.js?0.6057722274234274"></script>

<script defer src="js/utils.js?e31f9a17"></script>
<script defer src="js/replays-battle.js?7008c182"></script>

<!-- don't scrape this data! just add .json or .log after the URL!
Full API docs: https://github.com/smogon/pokemon-showdown-client/blob/master/WEB-API.md -->
<script type="text/plain" class="log" id="replaylog-smogtours-gen3ou-805074">
|inactive|Battle timer is ON: inactive players will automatically lose when time's up.
|t:|1730950250
|gametype|singles
|player|p1|VZR|102|
|player|p2|Xenocles|sailor|
|teamsize|p1|6
|teamsize|p2|6
|gen|3
|tier|[Gen 3] OU
|rule|Sleep Clause Mod: Limit one foe put to sleep
|rule|Switch Priority Clause Mod: Faster Pokémon switch first
|rule|Species Clause: Limit one of each Pokémon
|rule|OHKO Clause: OHKO moves are banned
|rule|Evasion Items Clause: Evasion items are banned
|rule|Evasion Moves Clause: Evasion moves are banned
|rule|Endless Battle Clause: Forcing endless battles is banned
|rule|HP Percentage Mod: HP is shown in percentages
|rule|One Boost Passer Clause: Limit one Baton Passer that has a way to boost its stats
|rule|Freeze Clause Mod: Limit one foe frozen
|
|t:|1730950250
|start
|switch|p1a: Skarmory|Skarmory, M|100/100
|switch|p2a: Tyranitar|Tyranitar, M|100/100
|-weather|Sandstorm|[from] ability: Sand Stream|[of] p2a: Tyranitar
|turn|1
|inactive|Xenocles also wants the timer to be on.
|c|☆VZR|hf
|c|☆Xenocles|u2
|inactive|Xenocles has 270 seconds left.
|
|t:|1730950285
|switch|p2a: Jirachi|Jirachi|100/100
|move|p1a: Skarmory|Spikes|p2a: Jirachi
|-sidestart|p2: Xenocles|Spikes
|
|-weather|Sandstorm|[upkeep]
|upkeep
|turn|2
|
|t:|1730950303
|switch|p1a: Blissey|Blissey, F|100/100
|move|p2a: Jirachi|Fire Punch|p1a: Blissey
|-damage|p1a: Blissey|94/100
|
|-weather|Sandstorm|[upkeep]
|-damage|p1a: Blissey|88/100|[from] Sandstorm
|-heal|p1a: Blissey|94/100|[from] item: Leftovers
|upkeep
|turn|3
|
|t:|1730950311
|switch|p2a: Claydol|Claydol|100/100
|move|p1a: Blissey|Seismic Toss|p2a: Claydol
|-damage|p2a: Claydol|70/100
|
|-weather|Sandstorm|[upkeep]
|-damage|p1a: Blissey|88/100|[from] Sandstorm
|-heal|p2a: Claydol|76/100|[from] item: Leftovers
|-heal|p1a: Blissey|94/100|[from] item: Leftovers
|upkeep
|turn|4
|
|t:|1730950321
|switch|p2a: Skarmory|Skarmory, M|100/100
|move|p1a: Blissey|Ice Beam|p2a: Skarmory
|-damage|p2a: Skarmory|80/100
|
|-weather|Sandstorm|[upkeep]
|-damage|p1a: Blissey|88/100|[from] Sandstorm
|-heal|p2a: Skarmory|86/100|[from] item: Leftovers
|-heal|p1a: Blissey|94/100|[from] item: Leftovers
|upkeep
|turn|5
|
|t:|1730950339
|move|p2a: Skarmory|Spikes|p1a: Blissey
|-sidestart|p1: VZR|Spikes
|move|p1a: Blissey|Sing|p2a: Skarmory
|-status|p2a: Skarmory|slp|[from] move: Sing
|
|-weather|Sandstorm|[upkeep]
|-damage|p1a: Blissey|88/100|[from] Sandstorm
|-heal|p2a: Skarmory|92/100 slp|[from] item: Leftovers
|-heal|p1a: Blissey|94/100|[from] item: Leftovers
|upkeep
|turn|6
|
|t:|1730950356
|switch|p2a: Milotic|Milotic, F|100/100
|-damage|p2a: Milotic|88/100|[from] Spikes
|move|p1a: Blissey|Seismic Toss|p2a: Milotic
|-damage|p2a: Milotic|62/100
|
|-weather|Sandstorm|[upkeep]
|-damage|p2a: Milotic|56/100|[from] Sandstorm
|-damage|p1a: Blissey|88/100|[from] Sandstorm
|-heal|p2a: Milotic|62/100|[from] item: Leftovers
|-heal|p1a: Blissey|94/100|[from] item: Leftovers
|upkeep
|turn|7
|
|t:|1730950365
|switch|p1a: Skarmory|Skarmory, M|100/100
|move|p2a: Milotic|Recover|p2a: Milotic
|-heal|p2a: Milotic|100/100
|
|-weather|Sandstorm|[upkeep]
|-damage|p2a: Milotic|94/100|[from] Sandstorm
|-heal|p2a: Milotic|100/100|[from] item: Leftovers
|upkeep
|turn|8
|
|t:|1730950371
|switch|p2a: Jirachi|Jirachi|100/100
|-damage|p2a: Jirachi|88/100|[from] Spikes
|move|p1a: Skarmory|Spikes|p2a: Jirachi
|-sidestart|p2: Xenocles|Spikes
|
|-weather|Sandstorm|[upkeep]
|-heal|p2a: Jirachi|94/100|[from] item: Leftovers
|upkeep
|turn|9
|
|t:|1730950381
|switch|p1a: Blissey|Blissey, F|94/100
|-damage|p1a: Blissey|81/100|[from] Spikes
|move|p2a: Jirachi|Fire Punch|p1a: Blissey
|-damage|p1a: Blissey|75/100
|
|-weather|Sandstorm|[upkeep]
|-damage|p1a: Blissey|69/100|[from] Sandstorm
|-heal|p2a: Jirachi|100/100|[from] item: Leftovers
|-heal|p1a: Blissey|75/100|[from] item: Leftovers
|upkeep
|turn|10
|
|t:|1730950389
|move|p2a: Jirachi|Body Slam|p1a: Blissey
|-crit|p1a: Blissey
|-damage|p1a: Blissey|41/100
|move|p1a: Blissey|Ice Beam|p2a: Jirachi
|-resisted|p2a: Jirachi
|-crit|p2a: Jirachi
|-damage|p2a: Jirachi|84/100
|
|-weather|Sandstorm|[upkeep]
|-damage|p1a: Blissey|35/100|[from] Sandstorm
|-heal|p2a: Jirachi|91/100|[from] item: Leftovers
|-heal|p1a: Blissey|41/100|[from] item: Leftovers
|upkeep
|turn|11
|
|t:|1730950396
|move|p2a: Jirachi|Wish|p2a: Jirachi
|move|p1a: Blissey|Soft-Boiled|p1a: Blissey
|-heal|p1a: Blissey|91/100
|
|-weather|Sandstorm|[upkeep]
|-damage|p1a: Blissey|85/100|[from] Sandstorm
|-heal|p2a: Jirachi|97/100|[from] item: Leftovers
|-heal|p1a: Blissey|91/100|[from] item: Leftovers
|upkeep
|turn|12
|
|t:|1730950406
|move|p2a: Jirachi|Body Slam|p1a: Blissey
|-damage|p1a: Blissey|74/100
|-status|p1a: Blissey|par
|move|p1a: Blissey|Ice Beam|p2a: Jirachi
|-resisted|p2a: Jirachi
|-damage|p2a: Jirachi|89/100
|
|-heal|p2a: Jirachi|100/100|[from] move: Wish|[wisher] Jirachi
|-weather|Sandstorm|[upkeep]
|-damage|p1a: Blissey|68/100 par|[from] Sandstorm
|-heal|p1a: Blissey|74/100 par|[from] item: Leftovers
|upkeep
|turn|13
|
|t:|1730950415
|move|p2a: Jirachi|Body Slam|p1a: Blissey
|-damage|p1a: Blissey|59/100 par
|move|p1a: Blissey|Soft-Boiled|p1a: Blissey
|-heal|p1a: Blissey|100/100 par
|
|-weather|Sandstorm|[upkeep]
|-damage|p1a: Blissey|94/100 par|[from] Sandstorm
|-heal|p1a: Blissey|100/100 par|[from] item: Leftovers
|upkeep
|turn|14
|
|t:|1730950430
|switch|p2a: Tyranitar|Tyranitar, M|100/100
|-damage|p2a: Tyranitar|84/100|[from] Spikes
|move|p1a: Blissey|Seismic Toss|p2a: Tyranitar
|-damage|p2a: Tyranitar|59/100
|
|-weather|Sandstorm|[upkeep]
|-damage|p1a: Blissey|94/100 par|[from] Sandstorm
|-heal|p2a: Tyranitar|65/100|[from] item: Leftovers
|-heal|p1a: Blissey|100/100 par|[from] item: Leftovers
|upkeep
|turn|15
|
|t:|1730950451
|-singleturn|p2a: Tyranitar|move: Focus Punch
|-curestatus|p1a: Blissey|par|[from] ability: Natural Cure
|switch|p1a: Skarmory|Skarmory, M|100/100
|move|p2a: Tyranitar|Focus Punch|p1a: Skarmory
|-damage|p1a: Skarmory|57/100
|
|-weather|Sandstorm|[upkeep]
|-heal|p1a: Skarmory|63/100|[from] item: Leftovers
|-heal|p2a: Tyranitar|72/100|[from] item: Leftovers
|upkeep
|turn|16
|
|t:|1730950465
|switch|p2a: Claydol|Claydol|76/100
|move|p1a: Skarmory|Protect||[still]
|-fail|p1a: Skarmory
|
|-weather|Sandstorm|[upkeep]
|-heal|p2a: Claydol|82/100|[from] item: Leftovers
|-heal|p1a: Skarmory|69/100|[from] item: Leftovers
|upkeep
|turn|17
|
|t:|1730950470
|move|p2a: Claydol|Rapid Spin|p1a: Skarmory
|-resisted|p1a: Skarmory
|-damage|p1a: Skarmory|68/100
|-sideend|p2: Xenocles|Spikes|[from] move: Rapid Spin|[of] p2a: Claydol
|move|p1a: Skarmory|Toxic|p2a: Claydol
|-status|p2a: Claydol|tox
|
|-weather|Sandstorm|[upkeep]
|-heal|p2a: Claydol|88/100 tox|[from] item: Leftovers
|-damage|p2a: Claydol|82/100 tox|[from] psn
|-heal|p1a: Skarmory|74/100|[from] item: Leftovers
|upkeep
|turn|18
|
|t:|1730950476
|switch|p2a: Jirachi|Jirachi|100/100
|move|p1a: Skarmory|Spikes|p2a: Jirachi
|-sidestart|p2: Xenocles|Spikes
|
|-weather|Sandstorm|[upkeep]
|-heal|p1a: Skarmory|80/100|[from] item: Leftovers
|upkeep
|turn|19
|
|t:|1730950487
|move|p1a: Skarmory|Protect|p1a: Skarmory
|-singleturn|p1a: Skarmory|Protect
|move|p2a: Jirachi|Body Slam|p1a: Skarmory
|-activate|p1a: Skarmory|Protect
|
|-weather|Sandstorm|[upkeep]
|-heal|p1a: Skarmory|86/100|[from] item: Leftovers
|upkeep
|turn|20
|
|t:|1730950503
|switch|p1a: Blissey|Blissey, F|100/100
|-damage|p1a: Blissey|88/100|[from] Spikes
|move|p2a: Jirachi|Fire Punch|p1a: Blissey
|-damage|p1a: Blissey|81/100
|
|-weather|Sandstorm|[upkeep]
|-damage|p1a: Blissey|75/100|[from] Sandstorm
|-heal|p1a: Blissey|81/100|[from] item: Leftovers
|upkeep
|turn|21
|
|t:|1730950510
|move|p2a: Jirachi|Protect|p2a: Jirachi
|-singleturn|p2a: Jirachi|Protect
|move|p1a: Blissey|Seismic Toss|p2a: Jirachi
|-activate|p2a: Jirachi|Protect
|
|-weather|Sandstorm|[upkeep]
|-damage|p1a: Blissey|75/100|[from] Sandstorm
|-heal|p1a: Blissey|81/100|[from] item: Leftovers
|upkeep
|turn|22
|
|t:|1730950516
|move|p2a: Jirachi|Wish|p2a: Jirachi
|move|p1a: Blissey|Seismic Toss|p2a: Jirachi
|-damage|p2a: Jirachi|76/100
|
|-weather|Sandstorm|[upkeep]
|-damage|p1a: Blissey|75/100|[from] Sandstorm
|-heal|p2a: Jirachi|82/100|[from] item: Leftovers
|-heal|p1a: Blissey|81/100|[from] item: Leftovers
|upkeep
|turn|23
|
|t:|1730950527
|switch|p2a: Tyranitar|Tyranitar, M|72/100
|-damage|p2a: Tyranitar|59/100|[from] Spikes
|move|p1a: Blissey|Seismic Toss|p2a: Tyranitar
|-damage|p2a: Tyranitar|34/100
|
|-heal|p2a: Tyranitar|84/100|[from] move: Wish|[wisher] Jirachi
|-weather|Sandstorm|[upkeep]
|-damage|p1a: Blissey|75/100|[from] Sandstorm
|-heal|p2a: Tyranitar|91/100|[from] item: Leftovers
|-heal|p1a: Blissey|81/100|[from] item: Leftovers
|upkeep
|turn|24
|
|t:|1730950543
|switch|p1a: Gengar|Gengar, M|100/100
|move|p2a: Tyranitar|Rock Slide|p1a: Gengar
|-crit|p1a: Gengar
|-damage|p1a: Gengar|0 fnt
|faint|p1a: Gengar
|
|t:|1730950553
|switch|p1a: Suicune|Suicune|100/100
|-damage|p1a: Suicune|88/100|[from] Spikes
|
|-weather|Sandstorm|[upkeep]
|-damage|p1a: Suicune|82/100|[from] Sandstorm
|-heal|p1a: Suicune|88/100|[from] item: Leftovers
|-heal|p2a: Tyranitar|97/100|[from] item: Leftovers
|upkeep
|turn|25
|
|t:|1730950566
|switch|p2a: Milotic|Milotic, F|100/100
|-damage|p2a: Milotic|88/100|[from] Spikes
|move|p1a: Suicune|Roar|p2a: Milotic
|drag|p2a: Tyranitar|Tyranitar, M|97/100
|-damage|p2a: Tyranitar|84/100|[from] Spikes
|
|-weather|Sandstorm|[upkeep]
|-damage|p1a: Suicune|82/100|[from] Sandstorm
|-heal|p1a: Suicune|88/100|[from] item: Leftovers
|-heal|p2a: Tyranitar|91/100|[from] item: Leftovers
|upkeep
|turn|26
|
|t:|1730950576
|switch|p2a: Milotic|Milotic, F|88/100
|-damage|p2a: Milotic|76/100|[from] Spikes
|move|p1a: Suicune|Calm Mind|p1a: Suicune
|-boost|p1a: Suicune|spa|1
|-boost|p1a: Suicune|spd|1
|
|-weather|Sandstorm|[upkeep]
|-damage|p1a: Suicune|82/100|[from] Sandstorm
|-damage|p2a: Milotic|69/100|[from] Sandstorm
|-heal|p1a: Suicune|88/100|[from] item: Leftovers
|-heal|p2a: Milotic|76/100|[from] item: Leftovers
|upkeep
|turn|27
|
|t:|1730950580
|move|p1a: Suicune|Calm Mind|p1a: Suicune
|-boost|p1a: Suicune|spa|1
|-boost|p1a: Suicune|spd|1
|move|p2a: Milotic|Toxic|p1a: Suicune
|-status|p1a: Suicune|tox
|
|-weather|Sandstorm|[upkeep]
|-damage|p1a: Suicune|82/100 tox|[from] Sandstorm
|-damage|p2a: Milotic|69/100|[from] Sandstorm
|-heal|p1a: Suicune|88/100 tox|[from] item: Leftovers
|-damage|p1a: Suicune|82/100 tox|[from] psn
|-heal|p2a: Milotic|76/100|[from] item: Leftovers
|upkeep
|turn|28
|
|t:|1730950591
|move|p1a: Suicune|Rest|p1a: Suicune
|-status|p1a: Suicune|slp|[from] move: Rest
|-heal|p1a: Suicune|100/100 slp|[silent]
|move|p2a: Milotic|Recover|p2a: Milotic
|-heal|p2a: Milotic|100/100
|
|-weather|Sandstorm|[upkeep]
|-damage|p1a: Suicune|94/100 slp|[from] Sandstorm
|-damage|p2a: Milotic|94/100|[from] Sandstorm
|-heal|p1a: Suicune|100/100 slp|[from] item: Leftovers
|-heal|p2a: Milotic|100/100|[from] item: Leftovers
|upkeep
|turn|29
|
|t:|1730950597
|switch|p2a: Skarmory|Skarmory, M|92/100 slp
|cant|p1a: Suicune|slp
|
|-weather|Sandstorm|[upkeep]
|-damage|p1a: Suicune|94/100 slp|[from] Sandstorm
|-heal|p1a: Suicune|100/100 slp|[from] item: Leftovers
|-heal|p2a: Skarmory|98/100 slp|[from] item: Leftovers
|upkeep
|turn|30
|
|t:|1730950602
|cant|p1a: Suicune|slp
|cant|p2a: Skarmory|slp
|
|-weather|Sandstorm|[upkeep]
|-damage|p1a: Suicune|94/100 slp|[from] Sandstorm
|-heal|p1a: Suicune|100/100 slp|[from] item: Leftovers
|-heal|p2a: Skarmory|100/100 slp|[from] item: Leftovers
|upkeep
|turn|31
|
|t:|1730950608
|switch|p2a: Milotic|Milotic, F|100/100
|-damage|p2a: Milotic|88/100|[from] Spikes
|-curestatus|p1a: Suicune|slp|[msg]
|move|p1a: Suicune|Roar|p2a: Milotic
|drag|p2a: Claydol|Claydol|82/100 tox
|
|-weather|Sandstorm|[upkeep]
|-damage|p1a: Suicune|94/100|[from] Sandstorm
|-heal|p1a: Suicune|100/100|[from] item: Leftovers
|-heal|p2a: Claydol|88/100 tox|[from] item: Leftovers
|-damage|p2a: Claydol|82/100 tox|[from] psn
|upkeep
|turn|32
|
|t:|1730950615
|switch|p2a: Milotic|Milotic, F|88/100
|-damage|p2a: Milotic|76/100|[from] Spikes
|move|p1a: Suicune|Surf|p2a: Milotic
|-resisted|p2a: Milotic
|-damage|p2a: Milotic|56/100
|
|-weather|Sandstorm|[upkeep]
|-damage|p1a: Suicune|94/100|[from] Sandstorm
|-damage|p2a: Milotic|50/100|[from] Sandstorm
|-heal|p1a: Suicune|100/100|[from] item: Leftovers
|-heal|p2a: Milotic|56/100|[from] item: Leftovers
|upkeep
|turn|33
|
|t:|1730950622
|move|p1a: Suicune|Calm Mind|p1a: Suicune
|-boost|p1a: Suicune|spa|1
|-boost|p1a: Suicune|spd|1
|move|p2a: Milotic|Recover|p2a: Milotic
|-heal|p2a: Milotic|100/100
|
|-weather|Sandstorm|[upkeep]
|-damage|p1a: Suicune|94/100|[from] Sandstorm
|-damage|p2a: Milotic|94/100|[from] Sandstorm
|-heal|p1a: Suicune|100/100|[from] item: Leftovers
|-heal|p2a: Milotic|100/100|[from] item: Leftovers
|upkeep
|turn|34
|
|t:|1730950627
|move|p1a: Suicune|Calm Mind|p1a: Suicune
|-boost|p1a: Suicune|spa|1
|-boost|p1a: Suicune|spd|1
|move|p2a: Milotic|Toxic|p1a: Suicune
|-status|p1a: Suicune|tox
|
|-weather|Sandstorm|[upkeep]
|-damage|p1a: Suicune|94/100 tox|[from] Sandstorm
|-damage|p2a: Milotic|94/100|[from] Sandstorm
|-heal|p1a: Suicune|100/100 tox|[from] item: Leftovers
|-damage|p1a: Suicune|94/100 tox|[from] psn
|-heal|p2a: Milotic|100/100|[from] item: Leftovers
|upkeep
|turn|35
|
|t:|1730950630
|move|p1a: Suicune|Rest|p1a: Suicune
|-status|p1a: Suicune|slp|[from] move: Rest
|-heal|p1a: Suicune|100/100 slp|[silent]
|move|p2a: Milotic|Refresh||[still]
|-fail|p2a: Milotic
|
|-weather|Sandstorm|[upkeep]
|-damage|p1a: Suicune|94/100 slp|[from] Sandstorm
|-damage|p2a: Milotic|94/100|[from] Sandstorm
|-heal|p1a: Suicune|100/100 slp|[from] item: Leftovers
|-heal|p2a: Milotic|100/100|[from] item: Leftovers
|upkeep
|turn|36
|
|t:|1730950637
|switch|p2a: Skarmory|Skarmory, M|100/100 slp
|cant|p1a: Suicune|slp
|
|-weather|Sandstorm|[upkeep]
|-damage|p1a: Suicune|94/100 slp|[from] Sandstorm
|-heal|p1a: Suicune|100/100 slp|[from] item: Leftovers
|upkeep
|turn|37
|
|t:|1730950641
|cant|p1a: Suicune|slp
|cant|p2a: Skarmory|slp
|
|-weather|Sandstorm|[upkeep]
|-damage|p1a: Suicune|94/100 slp|[from] Sandstorm
|-heal|p1a: Suicune|100/100 slp|[from] item: Leftovers
|upkeep
|turn|38
|
|t:|1730950645
|switch|p2a: Milotic|Milotic, F|100/100
|-damage|p2a: Milotic|88/100|[from] Spikes
|-curestatus|p1a: Suicune|slp|[msg]
|move|p1a: Suicune|Roar|p2a: Milotic
|drag|p2a: Tyranitar|Tyranitar, M|91/100
|-damage|p2a: Tyranitar|78/100|[from] Spikes
|
|-weather|Sandstorm|[upkeep]
|-damage|p1a: Suicune|94/100|[from] Sandstorm
|-heal|p1a: Suicune|100/100|[from] item: Leftovers
|-heal|p2a: Tyranitar|84/100|[from] item: Leftovers
|upkeep
|turn|39
|
|t:|1730950654
|switch|p2a: Milotic|Milotic, F|88/100
|-damage|p2a: Milotic|76/100|[from] Spikes
|move|p1a: Suicune|Calm Mind|p1a: Suicune
|-boost|p1a: Suicune|spa|1
|-boost|p1a: Suicune|spd|1
|
|-weather|Sandstorm|[upkeep]
|-damage|p1a: Suicune|94/100|[from] Sandstorm
|-damage|p2a: Milotic|69/100|[from] Sandstorm
|-heal|p1a: Suicune|100/100|[from] item: Leftovers
|-heal|p2a: Milotic|76/100|[from] item: Leftovers
|upkeep
|turn|40
|
|t:|1730950662
|move|p1a: Suicune|Surf|p2a: Milotic
|-resisted|p2a: Milotic
|-damage|p2a: Milotic|38/100
|move|p2a: Milotic|Recover|p2a: Milotic
|-heal|p2a: Milotic|88/100
|
|-weather|Sandstorm|[upkeep]
|-damage|p1a: Suicune|94/100|[from] Sandstorm
|-damage|p2a: Milotic|82/100|[from] Sandstorm
|-heal|p1a: Suicune|100/100|[from] item: Leftovers
|-heal|p2a: Milotic|88/100|[from] item: Leftovers
|upkeep
|turn|41
|
|t:|1730950671
|move|p1a: Suicune|Calm Mind|p1a: Suicune
|-boost|p1a: Suicune|spa|1
|-boost|p1a: Suicune|spd|1
|move|p2a: Milotic|Toxic|p1a: Suicune
|-status|p1a: Suicune|tox
|
|-weather|Sandstorm|[upkeep]
|-damage|p1a: Suicune|94/100 tox|[from] Sandstorm
|-damage|p2a: Milotic|82/100|[from] Sandstorm
|-heal|p1a: Suicune|100/100 tox|[from] item: Leftovers
|-damage|p1a: Suicune|94/100 tox|[from] psn
|-heal|p2a: Milotic|88/100|[from] item: Leftovers
|upkeep
|turn|42
|
|t:|1730950675
|move|p1a: Suicune|Rest|p1a: Suicune
|-status|p1a: Suicune|slp|[from] move: Rest
|-heal|p1a: Suicune|100/100 slp|[silent]
|move|p2a: Milotic|Refresh||[still]
|-fail|p2a: Milotic
|
|-weather|Sandstorm|[upkeep]
|-damage|p1a: Suicune|94/100 slp|[from] Sandstorm
|-damage|p2a: Milotic|82/100|[from] Sandstorm
|-heal|p1a: Suicune|100/100 slp|[from] item: Leftovers
|-heal|p2a: Milotic|88/100|[from] item: Leftovers
|upkeep
|turn|43
|
|t:|1730950680
|switch|p2a: Skarmory|Skarmory, M|100/100 slp
|cant|p1a: Suicune|slp
|
|-weather|Sandstorm|[upkeep]
|-damage|p1a: Suicune|94/100 slp|[from] Sandstorm
|-heal|p1a: Suicune|100/100 slp|[from] item: Leftovers
|upkeep
|turn|44
|
|t:|1730950683
|cant|p1a: Suicune|slp
|cant|p2a: Skarmory|slp
|
|-weather|Sandstorm|[upkeep]
|-damage|p1a: Suicune|94/100 slp|[from] Sandstorm
|-heal|p1a: Suicune|100/100 slp|[from] item: Leftovers
|upkeep
|turn|45
|
|t:|1730950692
|cant|p2a: Skarmory|slp
|-curestatus|p1a: Suicune|slp|[msg]
|move|p1a: Suicune|Roar|p2a: Skarmory
|drag|p2a: Blissey|Blissey, F|100/100
|-damage|p2a: Blissey|88/100|[from] Spikes
|
|-weather|Sandstorm|[upkeep]
|-damage|p1a: Suicune|94/100|[from] Sandstorm
|-damage|p2a: Blissey|82/100|[from] Sandstorm
|-heal|p1a: Suicune|100/100|[from] item: Leftovers
|-heal|p2a: Blissey|88/100|[from] item: Leftovers
|upkeep
|turn|46
|
|t:|1730950699
|move|p1a: Suicune|Surf|p2a: Blissey
|-damage|p2a: Blissey|42/100
|move|p2a: Blissey|Soft-Boiled|p2a: Blissey
|-heal|p2a: Blissey|92/100
|
|-weather|Sandstorm|[upkeep]
|-damage|p1a: Suicune|94/100|[from] Sandstorm
|-damage|p2a: Blissey|86/100|[from] Sandstorm
|-heal|p1a: Suicune|100/100|[from] item: Leftovers
|-heal|p2a: Blissey|92/100|[from] item: Leftovers
|upkeep
|turn|47
|
|t:|1730950704
|move|p1a: Suicune|Surf|p2a: Blissey
|-damage|p2a: Blissey|44/100
|move|p2a: Blissey|Soft-Boiled|p2a: Blissey
|-heal|p2a: Blissey|93/100
|
|-weather|Sandstorm|[upkeep]
|-damage|p1a: Suicune|94/100|[from] Sandstorm
|-damage|p2a: Blissey|87/100|[from] Sandstorm
|-heal|p1a: Suicune|100/100|[from] item: Leftovers
|-heal|p2a: Blissey|93/100|[from] item: Leftovers
|upkeep
|turn|48
|
|t:|1730950728
|move|p2a: Blissey|Calm Mind|p2a: Blissey
|-boost|p2a: Blissey|spa|1
|-boost|p2a: Blissey|spd|1
|move|p1a: Suicune|Roar|p2a: Blissey
|drag|p2a: Jirachi|Jirachi|82/100
|-damage|p2a: Jirachi|70/100|[from] Spikes
|
|-weather|Sandstorm|[upkeep]
|-damage|p1a: Suicune|94/100|[from] Sandstorm
|-heal|p2a: Jirachi|76/100|[from] item: Leftovers
|-heal|p1a: Suicune|100/100|[from] item: Leftovers
|upkeep
|turn|49
|
|t:|1730950736
|move|p2a: Jirachi|Protect|p2a: Jirachi
|-singleturn|p2a: Jirachi|Protect
|move|p1a: Suicune|Surf|p2a: Jirachi
|-activate|p2a: Jirachi|Protect
|
|-weather|Sandstorm|[upkeep]
|-damage|p1a: Suicune|94/100|[from] Sandstorm
|-heal|p2a: Jirachi|82/100|[from] item: Leftovers
|-heal|p1a: Suicune|100/100|[from] item: Leftovers
|upkeep
|turn|50
|inactive|Xenocles has 270 seconds left.
|inactive|Xenocles has 240 seconds left.
|
|t:|1730950813
|move|p2a: Jirachi|Wish|p2a: Jirachi
|move|p1a: Suicune|Surf|p2a: Jirachi
|-damage|p2a: Jirachi|0 fnt
|faint|p2a: Jirachi
|
|t:|1730950815
|switch|p2a: Milotic|Milotic, F|88/100
|-damage|p2a: Milotic|75/100|[from] Spikes
|
|-weather|Sandstorm|[upkeep]
|-damage|p1a: Suicune|94/100|[from] Sandstorm
|-damage|p2a: Milotic|69/100|[from] Sandstorm
|-heal|p1a: Suicune|100/100|[from] item: Leftovers
|-heal|p2a: Milotic|75/100|[from] item: Leftovers
|upkeep
|turn|51
|
|t:|1730950825
|move|p2a: Milotic|Toxic|p1a: Suicune
|-status|p1a: Suicune|tox
|move|p1a: Suicune|Roar|p2a: Milotic
|drag|p2a: Tyranitar|Tyranitar, M|84/100
|-damage|p2a: Tyranitar|72/100|[from] Spikes
|
|-heal|p2a: Tyranitar|100/100|[from] move: Wish|[wisher] Jirachi
|-weather|Sandstorm|[upkeep]
|-damage|p1a: Suicune|94/100 tox|[from] Sandstorm
|-heal|p1a: Suicune|100/100 tox|[from] item: Leftovers
|-damage|p1a: Suicune|94/100 tox|[from] psn
|upkeep
|turn|52
|
|t:|1730950831
|switch|p2a: Milotic|Milotic, F|75/100
|-damage|p2a: Milotic|63/100|[from] Spikes
|move|p1a: Suicune|Surf|p2a: Milotic
|-resisted|p2a: Milotic
|-damage|p2a: Milotic|19/100
|
|-weather|Sandstorm|[upkeep]
|-damage|p1a: Suicune|88/100 tox|[from] Sandstorm
|-damage|p2a: Milotic|13/100|[from] Sandstorm
|-heal|p1a: Suicune|94/100 tox|[from] item: Leftovers
|-damage|p1a: Suicune|82/100 tox|[from] psn
|-heal|p2a: Milotic|19/100|[from] item: Leftovers
|upkeep
|turn|53
|
|t:|1730950839
|move|p1a: Suicune|Surf|p2a: Milotic
|-resisted|p2a: Milotic
|-damage|p2a: Milotic|0 fnt
|faint|p2a: Milotic
|
|t:|1730950841
|switch|p2a: Blissey|Blissey, F|93/100
|-damage|p2a: Blissey|81/100|[from] Spikes
|
|-weather|Sandstorm|[upkeep]
|-damage|p1a: Suicune|76/100 tox|[from] Sandstorm
|-damage|p2a: Blissey|75/100|[from] Sandstorm
|-heal|p1a: Suicune|82/100 tox|[from] item: Leftovers
|-damage|p1a: Suicune|63/100 tox|[from] psn
|-heal|p2a: Blissey|81/100|[from] item: Leftovers
|upkeep
|turn|54
|
|t:|1730950848
|move|p1a: Suicune|Rest|p1a: Suicune
|-status|p1a: Suicune|slp|[from] move: Rest
|-heal|p1a: Suicune|100/100 slp|[silent]
|move|p2a: Blissey|Soft-Boiled|p2a: Blissey
|-heal|p2a: Blissey|100/100
|
|-weather|Sandstorm|[upkeep]
|-damage|p1a: Suicune|94/100 slp|[from] Sandstorm
|-damage|p2a: Blissey|94/100|[from] Sandstorm
|-heal|p1a: Suicune|100/100 slp|[from] item: Leftovers
|-heal|p2a: Blissey|100/100|[from] item: Leftovers
|upkeep
|turn|55
|
|t:|1730950854
|switch|p2a: Skarmory|Skarmory, M|100/100 slp
|cant|p1a: Suicune|slp
|
|-weather|Sandstorm|[upkeep]
|-damage|p1a: Suicune|94/100 slp|[from] Sandstorm
|-heal|p1a: Suicune|100/100 slp|[from] item: Leftovers
|upkeep
|turn|56
|
|t:|1730950858
|cant|p1a: Suicune|slp
|-curestatus|p2a: Skarmory|slp|[msg]
|move|p2a: Skarmory|Roar|p1a: Suicune
|drag|p1a: Skarmory|Skarmory, M|86/100
|
|-weather|Sandstorm|[upkeep]
|-heal|p1a: Skarmory|92/100|[from] item: Leftovers
|upkeep
|turn|57
|
|t:|1730950866
|move|p2a: Skarmory|Spikes|p1a: Skarmory
|-sidestart|p1: VZR|Spikes
|move|p1a: Skarmory|Spikes|p2a: Skarmory
|-sidestart|p2: Xenocles|Spikes
|
|-weather|Sandstorm|[upkeep]
|-heal|p1a: Skarmory|98/100|[from] item: Leftovers
|upkeep
|turn|58
|
|t:|1730950871
|move|p2a: Skarmory|Spikes|p1a: Skarmory
|-sidestart|p1: VZR|Spikes
|move|p1a: Skarmory|Spikes|p2a: Skarmory
|-sidestart|p2: Xenocles|Spikes
|
|-weather|Sandstorm|[upkeep]
|-heal|p1a: Skarmory|100/100|[from] item: Leftovers
|upkeep
|turn|59
|
|t:|1730950880
|move|p1a: Skarmory|Drill Peck|p2a: Skarmory
|-resisted|p2a: Skarmory
|-damage|p2a: Skarmory|91/100
|move|p2a: Skarmory|Roar|p1a: Skarmory
|drag|p1a: Blissey|Blissey, F|81/100
|-damage|p1a: Blissey|56/100|[from] Spikes
|
|-weather|Sandstorm|[upkeep]
|-damage|p1a: Blissey|50/100|[from] Sandstorm
|-heal|p2a: Skarmory|97/100|[from] item: Leftovers
|-heal|p1a: Blissey|56/100|[from] item: Leftovers
|upkeep
|turn|60
|
|t:|1730950888
|switch|p2a: Claydol|Claydol|82/100 tox
|move|p1a: Blissey|Soft-Boiled|p1a: Blissey
|-heal|p1a: Blissey|100/100
|
|-weather|Sandstorm|[upkeep]
|-damage|p1a: Blissey|94/100|[from] Sandstorm
|-heal|p2a: Claydol|88/100 tox|[from] item: Leftovers
|-damage|p2a: Claydol|82/100 tox|[from] psn
|-heal|p1a: Blissey|100/100|[from] item: Leftovers
|upkeep
|turn|61
|
|t:|1730950893
|move|p2a: Claydol|Rapid Spin|p1a: Blissey
|-damage|p1a: Blissey|96/100
|-sideend|p2: Xenocles|Spikes|[from] move: Rapid Spin|[of] p2a: Claydol
|move|p1a: Blissey|Ice Beam|p2a: Claydol
|-supereffective|p2a: Claydol
|-damage|p2a: Claydol|46/100 tox
|
|-weather|Sandstorm|[upkeep]
|-damage|p1a: Blissey|90/100|[from] Sandstorm
|-heal|p2a: Claydol|53/100 tox|[from] item: Leftovers
|-damage|p2a: Claydol|40/100 tox|[from] psn
|-heal|p1a: Blissey|96/100|[from] item: Leftovers
|upkeep
|turn|62
|
|t:|1730950907
|switch|p2a: Blissey|Blissey, F|100/100
|switch|p1a: Skarmory|Skarmory, M|100/100
|
|-weather|Sandstorm|[upkeep]
|-damage|p2a: Blissey|94/100|[from] Sandstorm
|-heal|p2a: Blissey|100/100|[from] item: Leftovers
|upkeep
|turn|63
|
|t:|1730950913
|move|p1a: Skarmory|Toxic|p2a: Blissey
|-status|p2a: Blissey|tox
|move|p2a: Blissey|Thunderbolt|p1a: Skarmory
|-supereffective|p1a: Skarmory
|-damage|p1a: Skarmory|62/100
|
|-weather|Sandstorm|[upkeep]
|-damage|p2a: Blissey|94/100 tox|[from] Sandstorm
|-heal|p1a: Skarmory|68/100|[from] item: Leftovers
|-heal|p2a: Blissey|100/100 tox|[from] item: Leftovers
|-damage|p2a: Blissey|94/100 tox|[from] psn
|upkeep
|turn|64
|
|t:|1730950921
|switch|p1a: Claydol|Claydol|100/100
|move|p2a: Blissey|Thunderbolt|p1a: Claydol
|-immune|p1a: Claydol
|
|-weather|Sandstorm|[upkeep]
|-damage|p2a: Blissey|88/100 tox|[from] Sandstorm
|-heal|p2a: Blissey|94/100 tox|[from] item: Leftovers
|-damage|p2a: Blissey|82/100 tox|[from] psn
|upkeep
|turn|65
|
|t:|1730950929
|-curestatus|p2a: Blissey|tox|[from] ability: Natural Cure
|switch|p2a: Skarmory|Skarmory, M|97/100
|move|p1a: Claydol|Rapid Spin|p2a: Skarmory
|-resisted|p2a: Skarmory
|-damage|p2a: Skarmory|96/100
|-sideend|p1: VZR|Spikes|[from] move: Rapid Spin|[of] p1a: Claydol
|
|-weather|Sandstorm|[upkeep]
|-heal|p2a: Skarmory|100/100|[from] item: Leftovers
|upkeep
|turn|66
|
|t:|1730950939
|switch|p2a: Blissey|Blissey, F|82/100
|switch|p1a: Blissey|Blissey, F|96/100
|
|-weather|Sandstorm|[upkeep]
|-damage|p2a: Blissey|76/100|[from] Sandstorm
|-damage|p1a: Blissey|90/100|[from] Sandstorm
|-heal|p2a: Blissey|82/100|[from] item: Leftovers
|-heal|p1a: Blissey|96/100|[from] item: Leftovers
|upkeep
|turn|67
|
|t:|1730950950
|move|p2a: Blissey|Ice Beam|p1a: Blissey
|-damage|p1a: Blissey|87/100
|move|p1a: Blissey|Sing|p2a: Blissey|[miss]
|-miss|p1a: Blissey|p2a: Blissey
|
|-weather|Sandstorm|[upkeep]
|-damage|p2a: Blissey|76/100|[from] Sandstorm
|-damage|p1a: Blissey|81/100|[from] Sandstorm
|-heal|p2a: Blissey|82/100|[from] item: Leftovers
|-heal|p1a: Blissey|87/100|[from] item: Leftovers
|upkeep
|turn|68
|
|t:|1730950956
|move|p2a: Blissey|Ice Beam|p1a: Blissey
|-damage|p1a: Blissey|78/100
|move|p1a: Blissey|Sing|p2a: Blissey|[miss]
|-miss|p1a: Blissey|p2a: Blissey
|
|-weather|Sandstorm|[upkeep]
|-damage|p2a: Blissey|76/100|[from] Sandstorm
|-damage|p1a: Blissey|71/100|[from] Sandstorm
|-heal|p2a: Blissey|82/100|[from] item: Leftovers
|-heal|p1a: Blissey|78/100|[from] item: Leftovers
|upkeep
|turn|69
|
|t:|1730950961
|switch|p2a: Claydol|Claydol|40/100 tox
|move|p1a: Blissey|Sing|p2a: Claydol|[miss]
|-miss|p1a: Blissey|p2a: Claydol
|
|-weather|Sandstorm|[upkeep]
|-damage|p1a: Blissey|71/100|[from] Sandstorm
|-heal|p2a: Claydol|46/100 tox|[from] item: Leftovers
|-damage|p2a: Claydol|40/100 tox|[from] psn
|-heal|p1a: Blissey|78/100|[from] item: Leftovers
|upkeep
|turn|70
|
|t:|1730950965
|switch|p2a: Blissey|Blissey, F|82/100
|switch|p1a: Skarmory|Skarmory, M|68/100
|
|-weather|Sandstorm|[upkeep]
|-damage|p2a: Blissey|76/100|[from] Sandstorm
|-heal|p1a: Skarmory|74/100|[from] item: Leftovers
|-heal|p2a: Blissey|82/100|[from] item: Leftovers
|upkeep
|turn|71
|
|t:|1730950971
|move|p1a: Skarmory|Toxic|p2a: Blissey
|-status|p2a: Blissey|tox
|move|p2a: Blissey|Thunderbolt|p1a: Skarmory
|-supereffective|p1a: Skarmory
|-crit|p1a: Skarmory
|-damage|p1a: Skarmory|0 fnt
|faint|p1a: Skarmory
|
|t:|1730950976
|switch|p1a: Dugtrio|Dugtrio, F|100/100
|
|-weather|Sandstorm|[upkeep]
|-damage|p2a: Blissey|76/100 tox|[from] Sandstorm
|-heal|p2a: Blissey|82/100 tox|[from] item: Leftovers
|-damage|p2a: Blissey|76/100 tox|[from] psn
|upkeep
|turn|72
|
|t:|1730950989
|move|p1a: Dugtrio|Earthquake|p2a: Blissey
|-damage|p2a: Blissey|21/100 tox
|move|p2a: Blissey|Ice Beam|p1a: Dugtrio
|-supereffective|p1a: Dugtrio
|-damage|p1a: Dugtrio|10/100
|
|-weather|Sandstorm|[upkeep]
|-damage|p2a: Blissey|14/100 tox|[from] Sandstorm
|-heal|p2a: Blissey|21/100 tox|[from] item: Leftovers
|-damage|p2a: Blissey|8/100 tox|[from] psn
|upkeep
|turn|73
|
|t:|1730950994
|move|p1a: Dugtrio|Earthquake|p2a: Blissey
|-damage|p2a: Blissey|0 fnt
|faint|p2a: Blissey
|
|t:|1730950997
|switch|p2a: Skarmory|Skarmory, M|100/100
|
|-weather|Sandstorm|[upkeep]
|upkeep
|turn|74
|
|t:|1730951008
|switch|p1a: Suicune|Suicune|100/100 slp
|move|p2a: Skarmory|Toxic||[still]
|-fail|p2a: Skarmory
|
|-weather|Sandstorm|[upkeep]
|-damage|p1a: Suicune|94/100 slp|[from] Sandstorm
|-heal|p1a: Suicune|100/100 slp|[from] item: Leftovers
|upkeep
|turn|75
|
|t:|1730951013
|-curestatus|p1a: Suicune|slp|[msg]
|move|p1a: Suicune|Surf|p2a: Skarmory
|-damage|p2a: Skarmory|71/100
|move|p2a: Skarmory|Spikes|p1a: Suicune
|-sidestart|p1: VZR|Spikes
|
|-weather|Sandstorm|[upkeep]
|-damage|p1a: Suicune|94/100|[from] Sandstorm
|-heal|p1a: Suicune|100/100|[from] item: Leftovers
|-heal|p2a: Skarmory|77/100|[from] item: Leftovers
|upkeep
|turn|76
|
|t:|1730951021
|move|p1a: Suicune|Roar|p2a: Skarmory
|drag|p2a: Claydol|Claydol|40/100 tox
|
|-weather|Sandstorm|[upkeep]
|-damage|p1a: Suicune|94/100|[from] Sandstorm
|-heal|p1a: Suicune|100/100|[from] item: Leftovers
|-heal|p2a: Claydol|46/100 tox|[from] item: Leftovers
|-damage|p2a: Claydol|40/100 tox|[from] psn
|upkeep
|turn|77
|c|☆Xenocles|gg
|c|☆VZR|gg
|
|t:|1730951028
|switch|p2a: Skarmory|Skarmory, M|77/100
|move|p1a: Suicune|Surf|p2a: Skarmory
|-damage|p2a: Skarmory|46/100
|
|-weather|Sandstorm|[upkeep]
|-damage|p1a: Suicune|94/100|[from] Sandstorm
|-heal|p1a: Suicune|100/100|[from] item: Leftovers
|-heal|p2a: Skarmory|52/100|[from] item: Leftovers
|upkeep
|turn|78
|
|t:|1730951042
|move|p1a: Suicune|Surf|p2a: Skarmory
|-crit|p2a: Skarmory
|-damage|p2a: Skarmory|0 fnt
|faint|p2a: Skarmory
|
|t:|1730951045
|switch|p2a: Claydol|Claydol|40/100 tox
|
|-weather|Sandstorm|[upkeep]
|-damage|p1a: Suicune|94/100|[from] Sandstorm
|-heal|p1a: Suicune|100/100|[from] item: Leftovers
|-heal|p2a: Claydol|46/100 tox|[from] item: Leftovers
|-damage|p2a: Claydol|40/100 tox|[from] psn
|upkeep
|turn|79
|
|t:|1730951051
|move|p1a: Suicune|Surf|p2a: Claydol
|-supereffective|p2a: Claydol
|-crit|p2a: Claydol
|-damage|p2a: Claydol|0 fnt
|faint|p2a: Claydol
|
|t:|1730951053
|switch|p2a: Tyranitar|Tyranitar, M|100/100
|
|-weather|Sandstorm|[upkeep]
|-damage|p1a: Suicune|94/100|[from] Sandstorm
|-heal|p1a: Suicune|100/100|[from] item: Leftovers
|upkeep
|turn|80
|
|t:|1730951058
|move|p1a: Suicune|Surf|p2a: Tyranitar
|-supereffective|p2a: Tyranitar
|-damage|p2a: Tyranitar|51/100
|move|p2a: Tyranitar|Rock Slide|p1a: Suicune
|-damage|p1a: Suicune|76/100
|
|-weather|Sandstorm|[upkeep]
|-damage|p1a: Suicune|70/100|[from] Sandstorm
|-heal|p1a: Suicune|76/100|[from] item: Leftovers
|-heal|p2a: Tyranitar|57/100|[from] item: Leftovers
|upkeep
|turn|81
|
|t:|1730951076
|move|p1a: Suicune|Surf|p2a: Tyranitar
|-supereffective|p2a: Tyranitar
|-damage|p2a: Tyranitar|8/100
|move|p2a: Tyranitar|Rock Slide|p1a: Suicune
|-damage|p1a: Suicune|50/100
|
|-weather|Sandstorm|[upkeep]
|-damage|p1a: Suicune|43/100|[from] Sandstorm
|-heal|p1a: Suicune|50/100|[from] item: Leftovers
|-heal|p2a: Tyranitar|14/100|[from] item: Leftovers
|upkeep
|turn|82
|
|t:|1730951087
|move|p1a: Suicune|Surf|p2a: Tyranitar
|-supereffective|p2a: Tyranitar
|-damage|p2a: Tyranitar|0 fnt
|faint|p2a: Tyranitar
|
|win|VZR

</script>
<script type="application/json" class="data" id="replaydata-smogtours-gen3ou-805074">
{"id":"smogtours-gen3ou-805074","format":"[Gen 3] OU","players":["VZR","Xenocles"],"uploadtime":1730951087,"views":47,"formatid":"gen3ou","rating":null,"private":0,"password":null}
</script>

<script defer src="js/replays.js?9d40a366"></script>
