<!DOCTYPE html>
<meta charset="utf-8" />
<meta name="viewport" content="width=device-width" />

<title>[Gen 3] OU: mint yerb vs. qsns - Replays - Pok&eacute;mon Showdown!</title>

<meta name="description" content="Watch a replay of a Pok&eacute;mon battle between mint yerb and qsns! Format: [Gen 3] OU; Date: Nov 9, 2024" />
<!--

Hey, you! Looking in the source for the replay log?

You can find them in JSON format, just add `.json` at the end of a replay URL.

https://replay.pokemonshowdown.com/gen7randomdoublesbattle-865046831.json

Or, if you only need the log itself, add `.log` instead:

https://replay.pokemonshowdown.com/gen7randomdoublesbattle-865046831.log

-->

<link rel="stylesheet" href="//pokemonshowdown.com/style/global.css?0.023195364461161105" />
<link rel="stylesheet" href="//play.pokemonshowdown.com/style/font-awesome.css?0.13261647063804238" />
<link rel="stylesheet" href="//play.pokemonshowdown.com/style/battle.css?0.8753245789963631" />
<link rel="stylesheet" href="//play.pokemonshowdown.com/style/utilichart.css?0.8627959624976733" />

<!-- Global site tag (gtag.js) - Google Analytics -->
<script async src="https://www.googletagmanager.com/gtag/js?id=UA-26211653-1"></script>
<script>
  window.dataLayer = window.dataLayer || [];
  function gtag(){dataLayer.push(arguments);}
  gtag('js', new Date());

  gtag('config', 'UA-26211653-1');
</script>
<!-- End Google Analytics -->
<!-- Venatus Ad Manager - Install in <HEAD> of page -->
	<script src="https://hb.vntsm.com/v3/live/ad-manager.min.js" type="text/javascript" data-site-id="642aba63ec9a7b11c3c9c1be" data-mode="scan" async></script>
<!-- / Venatus Ad Manager -->

<style>
	@media (max-width:820px) {
		.battle {
			margin: 0 auto;
		}
		.battle-log {
			margin: 7px auto 0;
			max-width: 640px;
			height: 300px;
			position: static;
		}
	}
	.optgroup {
		display: inline-block;
		line-height: 22px;
		font-size: 10pt;
	}
	.optgroup .button {
		height: 25px;
		padding-top: 0;
		padding-bottom: 0;
	}
	.optgroup button.button {
		padding-left: 12px;
		padding-right: 12px;
	}
	.linklist {
		list-style: none;
		margin: 0.5em 0;
		padding: 0;
	}
	.linklist li {
		padding: 2px 0;
	}
	.sidebar {
		float: left;
		width: 320px;
	}
	.bar-wrapper {
		max-width: 1100px;
		margin: 0 auto;
	}
	.bar-wrapper.has-sidebar {
		max-width: 1430px;
	}
	.mainbar {
		margin: 0;
		padding-right: 1px;
	}
	.mainbar.has-sidebar {
		margin-left: 330px;
	}
	@media (min-width: 1511px) {
		.sidebar {
			width: 400px;
		}
		.bar-wrapper.has-sidebar {
			max-width: 1510px;
		}
		.mainbar.has-sidebar {
			margin-left: 410px;
		}
	}
	.section.first-section {
		margin-top: 9px;
	}
	.blocklink small {
		white-space: normal;
	}
	.button {
		vertical-align: middle;
	}
	.replay-controls {
		padding-top: 10px;
	}
	.replay-controls h1 {
		font-size: 16pt;
		font-weight: normal;
		color: #CCC;
	}
	.pagelink {
		text-align: center;
	}
	.pagelink a {
		width: 150px;
	}
	.textbox, .button {
		font-size: 11pt;
		vertical-align: middle;
	}
	@media (max-width: 450px) {
		.button {
			font-size: 9pt;
		}
	}
</style>

<div>

	<header>
		<div class="nav-wrapper"><ul class="nav">
			<li><a class="button nav-first" href="//pokemonshowdown.com/"><img src="//pokemonshowdown.com/images/pokemonshowdownbeta.png" srcset="//pokemonshowdown.com/images/pokemonshowdownbeta.png 1x, //pokemonshowdown.com/images/pokemonshowdownbeta@2x.png 2x" alt="Pok&eacute;mon Showdown" width="146" height="44" /> Home</a></li>
			<li><a class="button" href="//pokemonshowdown.com/dex/">Pok&eacute;dex</a></li>
			<li><a class="button cur" href="/">Replays</a></li>
			<li><a class="button" href="//pokemonshowdown.com/ladder/">Ladder</a></li>
			<li><a class="button nav-last" href="//pokemonshowdown.com/forums/">Forum</a></li>
			<li><a class="button greenbutton nav-first nav-last" href="//play.pokemonshowdown.com/">Play</a></li>
		</ul></div>
	</header>

	<div class="main" id="main">

		<noscript><section class="section">You need to enable JavaScript to use this page; sorry!</section></noscript>

	</div>

</div>

<script defer nomodule src="//play.pokemonshowdown.com/js/lib/ps-polyfill.js"></script>
<script defer src="//play.pokemonshowdown.com/js/lib/preact.min.js"></script>

<script defer src="//play.pokemonshowdown.com/config/config.js?2bddbc15"></script>
<script defer src="//play.pokemonshowdown.com/js/lib/jquery-1.11.0.min.js"></script>
<script defer src="//play.pokemonshowdown.com/js/lib/html-sanitizer-minified.js"></script>
<script defer src="//play.pokemonshowdown.com/js/battle-sound.js"></script>
<script defer src="//play.pokemonshowdown.com/js/battledata.js?0.7209276989879541"></script>
<script defer src="//play.pokemonshowdown.com/data/pokedex-mini.js?0.6111056340867951"></script>
<script defer src="//play.pokemonshowdown.com/data/pokedex-mini-bw.js?0.3532142036491459"></script>
<script defer src="//play.pokemonshowdown.com/data/graphics.js?0.24223875632456182"></script>
<script defer src="//play.pokemonshowdown.com/data/pokedex.js?0.38839984266356864"></script>
<script defer src="//play.pokemonshowdown.com/data/moves.js?0.21866028504024015"></script>
<script defer src="//play.pokemonshowdown.com/data/abilities.js?0.2005157953846628"></script>
<script defer src="//play.pokemonshowdown.com/data/items.js?0.9894211263848525"></script>
<script defer src="//play.pokemonshowdown.com/data/teambuilder-tables.js?0.6008791140282215"></script>
<script defer src="//play.pokemonshowdown.com/js/battle-tooltips.js?0.7580118955022959"></script>
<script defer src="//play.pokemonshowdown.com/js/battle.js?0.6057722274234274"></script>

<script defer src="js/utils.js?e31f9a17"></script>
<script defer src="js/replays-battle.js?7008c182"></script>

<!-- don't scrape this data! just add .json or .log after the URL!
Full API docs: https://github.com/smogon/pokemon-showdown-client/blob/master/WEB-API.md -->
<script type="text/plain" class="log" id="replaylog-smogtours-gen3ou-805341">
|inactive|Battle timer is ON: inactive players will automatically lose when time's up.
|t:|1731114218
|gametype|singles
|player|p1|mint yerb|flannery|
|player|p2|qsns|#scl4islanders2|
|teamsize|p1|6
|teamsize|p2|6
|gen|3
|tier|[Gen 3] OU
|rule|Sleep Clause Mod: Limit one foe put to sleep
|rule|Switch Priority Clause Mod: Faster Pokémon switch first
|rule|Species Clause: Limit one of each Pokémon
|rule|OHKO Clause: OHKO moves are banned
|rule|Evasion Items Clause: Evasion items are banned
|rule|Evasion Moves Clause: Evasion moves are banned
|rule|Endless Battle Clause: Forcing endless battles is banned
|rule|HP Percentage Mod: HP is shown in percentages
|rule|One Boost Passer Clause: Limit one Baton Passer that has a way to boost its stats
|rule|Freeze Clause Mod: Limit one foe frozen
|
|t:|1731114218
|start
|switch|p1a: Smeargle|Smeargle, M|100/100
|switch|p2a: Salamence|Salamence, M|100/100
|-ability|p2a: Salamence|Intimidate|boost
|-unboost|p1a: Smeargle|atk|1
|turn|1
|c|☆qsns|hf
|inactive|mint yerb has 270 seconds left.
|c|☆mint yerb|u2! 
|
|t:|1731114268
|switch|p1a: Gengar|Gengar, F|100/100
|move|p2a: Salamence|Brick Break|p1a: Gengar
|-immune|p1a: Gengar
|
|upkeep
|turn|2
|
|t:|1731114276
|-singleturn|p1a: Gengar|move: Focus Punch
|switch|p2a: Tyranitar|Tyranitar, M|100/100
|-weather|Sandstorm|[from] ability: Sand Stream|[of] p2a: Tyranitar
|move|p1a: Gengar|Focus Punch|p2a: Tyranitar
|-supereffective|p2a: Tyranitar
|-damage|p2a: Tyranitar|12/100
|
|-weather|Sandstorm|[upkeep]
|-damage|p1a: Gengar|94/100|[from] Sandstorm
|-heal|p1a: Gengar|100/100|[from] item: Leftovers
|-heal|p2a: Tyranitar|18/100|[from] item: Leftovers
|upkeep
|turn|3
|
|t:|1731114283
|switch|p2a: Jirachi|Jirachi|100/100
|move|p1a: Gengar|Thunderbolt|p2a: Jirachi
|-damage|p2a: Jirachi|80/100
|
|-weather|Sandstorm|[upkeep]
|-damage|p1a: Gengar|94/100|[from] Sandstorm
|-heal|p1a: Gengar|100/100|[from] item: Leftovers
|-heal|p2a: Jirachi|86/100|[from] item: Leftovers
|upkeep
|turn|4
|
|t:|1731114312
|switch|p1a: Smeargle|Smeargle, M|100/100
|move|p2a: Jirachi|Fire Punch|p1a: Smeargle
|-damage|p1a: Smeargle|68/100
|
|-weather|Sandstorm|[upkeep]
|-damage|p1a: Smeargle|61/100|[from] Sandstorm
|-heal|p2a: Jirachi|93/100|[from] item: Leftovers
|upkeep
|turn|5
|
|t:|1731114322
|switch|p2a: Tyranitar|Tyranitar, M|18/100
|move|p1a: Smeargle|Spore|p2a: Tyranitar
|-status|p2a: Tyranitar|slp|[from] move: Spore
|
|-weather|Sandstorm|[upkeep]
|-damage|p1a: Smeargle|55/100|[from] Sandstorm
|-heal|p2a: Tyranitar|24/100 slp|[from] item: Leftovers
|upkeep
|turn|6
|
|t:|1731114330
|switch|p2a: Salamence|Salamence, M|100/100
|-ability|p2a: Salamence|Intimidate|boost
|-unboost|p1a: Smeargle|atk|1
|move|p1a: Smeargle|Spikes|p2a: Salamence
|-sidestart|p2: qsns|Spikes
|
|-weather|Sandstorm|[upkeep]
|-damage|p2a: Salamence|94/100|[from] Sandstorm
|-damage|p1a: Smeargle|49/100|[from] Sandstorm
|-heal|p2a: Salamence|100/100|[from] item: Leftovers
|upkeep
|turn|7
|inactive|mint yerb has 270 seconds left.
|
|t:|1731114355
|move|p2a: Salamence|Dragon Claw|p1a: Smeargle
|-damage|p1a: Smeargle|0 fnt
|faint|p1a: Smeargle
|inactive|mint yerb has 270 seconds left.
|
|t:|1731114362
|switch|p1a: Gengar|Gengar, F|100/100
|
|-weather|Sandstorm|[upkeep]
|-damage|p1a: Gengar|94/100|[from] Sandstorm
|-damage|p2a: Salamence|94/100|[from] Sandstorm
|-heal|p1a: Gengar|100/100|[from] item: Leftovers
|-heal|p2a: Salamence|100/100|[from] item: Leftovers
|upkeep
|turn|8
|inactive|mint yerb has 270 seconds left.
|
|t:|1731114377
|switch|p1a: Tyranitar|Tyranitar, M|100/100
|switch|p2a: Tyranitar|Tyranitar, M|24/100 slp
|-damage|p2a: Tyranitar|12/100 slp|[from] Spikes
|
|-weather|Sandstorm|[upkeep]
|-heal|p2a: Tyranitar|18/100 slp|[from] item: Leftovers
|upkeep
|turn|9
|inactive|mint yerb has 270 seconds left.
|
|t:|1731114383
|switch|p2a: Swampert|Swampert, F|100/100
|-damage|p2a: Swampert|88/100|[from] Spikes
|move|p1a: Tyranitar|Dragon Dance|p1a: Tyranitar
|-boost|p1a: Tyranitar|atk|1
|-boost|p1a: Tyranitar|spe|1
|
|-weather|Sandstorm|[upkeep]
|-heal|p2a: Swampert|94/100|[from] item: Leftovers
|upkeep
|turn|10
|inactive|mint yerb has 270 seconds left.
|
|t:|1731114409
|switch|p1a: Snorlax|Snorlax, M|100/100
|move|p2a: Swampert|Hydro Pump|p1a: Snorlax
|-damage|p1a: Snorlax|82/100
|
|-weather|Sandstorm|[upkeep]
|-damage|p1a: Snorlax|75/100|[from] Sandstorm
|-heal|p2a: Swampert|100/100|[from] item: Leftovers
|-heal|p1a: Snorlax|82/100|[from] item: Leftovers
|upkeep
|turn|11
|
|t:|1731114423
|switch|p2a: Skarmory|Skarmory, M|100/100
|move|p1a: Snorlax|Body Slam|p2a: Skarmory
|-resisted|p2a: Skarmory
|-damage|p2a: Skarmory|87/100
|-status|p2a: Skarmory|par
|
|-weather|Sandstorm|[upkeep]
|-damage|p1a: Snorlax|75/100|[from] Sandstorm
|-heal|p1a: Snorlax|82/100|[from] item: Leftovers
|-heal|p2a: Skarmory|93/100 par|[from] item: Leftovers
|upkeep
|turn|12
|
|t:|1731114427
|move|p1a: Snorlax|Curse|p1a: Snorlax
|-unboost|p1a: Snorlax|spe|1
|-boost|p1a: Snorlax|atk|1
|-boost|p1a: Snorlax|def|1
|move|p2a: Skarmory|Spikes|p1a: Snorlax
|-sidestart|p1: mint yerb|Spikes
|
|-weather|Sandstorm|[upkeep]
|-damage|p1a: Snorlax|75/100|[from] Sandstorm
|-heal|p1a: Snorlax|82/100|[from] item: Leftovers
|-heal|p2a: Skarmory|99/100 par|[from] item: Leftovers
|upkeep
|turn|13
|inactive|mint yerb has 270 seconds left.
|
|t:|1731114447
|switch|p2a: Gengar|Gengar, F, shiny|100/100
|move|p1a: Snorlax|Curse|p1a: Snorlax
|-unboost|p1a: Snorlax|spe|1
|-boost|p1a: Snorlax|atk|1
|-boost|p1a: Snorlax|def|1
|
|-weather|Sandstorm|[upkeep]
|-damage|p2a: Gengar|94/100|[from] Sandstorm
|-damage|p1a: Snorlax|75/100|[from] Sandstorm
|-heal|p2a: Gengar|100/100|[from] item: Leftovers
|-heal|p1a: Snorlax|82/100|[from] item: Leftovers
|upkeep
|turn|14
|
|t:|1731114450
|move|p2a: Gengar|Will-O-Wisp|p1a: Snorlax
|-status|p1a: Snorlax|brn
|move|p1a: Snorlax|Shadow Ball|p2a: Gengar
|-supereffective|p2a: Gengar
|-damage|p2a: Gengar|43/100
|
|-weather|Sandstorm|[upkeep]
|-damage|p2a: Gengar|37/100|[from] Sandstorm
|-damage|p1a: Snorlax|75/100 brn|[from] Sandstorm
|-heal|p2a: Gengar|43/100|[from] item: Leftovers
|-heal|p1a: Snorlax|82/100 brn|[from] item: Leftovers
|-damage|p1a: Snorlax|69/100 brn|[from] brn
|upkeep
|turn|15
|inactive|mint yerb has 270 seconds left.
|
|t:|1731114468
|switch|p2a: Skarmory|Skarmory, M|99/100 par
|move|p1a: Snorlax|Shadow Ball|p2a: Skarmory
|-resisted|p2a: Skarmory
|-damage|p2a: Skarmory|91/100 par
|
|-weather|Sandstorm|[upkeep]
|-damage|p1a: Snorlax|63/100 brn|[from] Sandstorm
|-heal|p1a: Snorlax|69/100 brn|[from] item: Leftovers
|-damage|p1a: Snorlax|57/100 brn|[from] brn
|-heal|p2a: Skarmory|97/100 par|[from] item: Leftovers
|upkeep
|turn|16
|inactive|mint yerb has 270 seconds left.
|
|t:|1731114477
|move|p1a: Snorlax|Self-Destruct|p2a: Skarmory
|-resisted|p2a: Skarmory
|-damage|p2a: Skarmory|32/100 par
|faint|p1a: Snorlax
|inactive|mint yerb has 270 seconds left.
|
|t:|1731114495
|switch|p1a: Swampert|Swampert, F|100/100
|-damage|p1a: Swampert|88/100|[from] Spikes
|
|-weather|Sandstorm|[upkeep]
|-heal|p2a: Skarmory|38/100 par|[from] item: Leftovers
|upkeep
|turn|17
|
|t:|1731114508
|move|p1a: Swampert|Surf|p2a: Skarmory
|-damage|p2a: Skarmory|0 fnt
|faint|p2a: Skarmory
|
|t:|1731114511
|switch|p2a: Salamence|Salamence, M|100/100
|-ability|p2a: Salamence|Intimidate|boost
|-unboost|p1a: Swampert|atk|1
|
|-weather|Sandstorm|[upkeep]
|-damage|p2a: Salamence|94/100|[from] Sandstorm
|-heal|p2a: Salamence|100/100|[from] item: Leftovers
|upkeep
|turn|18
|
|t:|1731114524
|switch|p1a: Gengar|Gengar, F|100/100
|move|p2a: Salamence|Dragon Claw|p1a: Gengar
|-damage|p1a: Gengar|33/100
|
|-weather|Sandstorm|[upkeep]
|-damage|p1a: Gengar|27/100|[from] Sandstorm
|-damage|p2a: Salamence|94/100|[from] Sandstorm
|-heal|p1a: Gengar|33/100|[from] item: Leftovers
|-heal|p2a: Salamence|100/100|[from] item: Leftovers
|upkeep
|turn|19
|
|t:|1731114542
|switch|p1a: Swampert|Swampert, F|88/100
|-damage|p1a: Swampert|76/100|[from] Spikes
|switch|p2a: Tyranitar|Tyranitar, M|18/100 slp
|-damage|p2a: Tyranitar|6/100 slp|[from] Spikes
|
|-weather|Sandstorm|[upkeep]
|-heal|p2a: Tyranitar|12/100 slp|[from] item: Leftovers
|upkeep
|turn|20
|
|t:|1731114557
|move|p1a: Swampert|Substitute|p1a: Swampert
|-start|p1a: Swampert|Substitute
|-damage|p1a: Swampert|51/100
|cant|p2a: Tyranitar|slp
|
|-weather|Sandstorm|[upkeep]
|-heal|p2a: Tyranitar|18/100 slp|[from] item: Leftovers
|upkeep
|turn|21
|
|t:|1731114571
|move|p1a: Swampert|Roar|p2a: Tyranitar
|drag|p2a: Jirachi|Jirachi|93/100
|-damage|p2a: Jirachi|80/100|[from] Spikes
|
|-weather|Sandstorm|[upkeep]
|-heal|p2a: Jirachi|86/100|[from] item: Leftovers
|upkeep
|turn|22
|
|t:|1731114580
|move|p2a: Jirachi|Wish|p2a: Jirachi
|move|p1a: Swampert|Surf|p2a: Jirachi
|-crit|p2a: Jirachi
|-damage|p2a: Jirachi|37/100
|
|-weather|Sandstorm|[upkeep]
|-heal|p2a: Jirachi|43/100|[from] item: Leftovers
|upkeep
|turn|23
|
|t:|1731114585
|move|p2a: Jirachi|Protect|p2a: Jirachi
|-singleturn|p2a: Jirachi|Protect
|move|p1a: Swampert|Roar|p2a: Jirachi
|-activate|p2a: Jirachi|Protect
|
|-heal|p2a: Jirachi|93/100|[from] move: Wish|[wisher] Jirachi
|-weather|Sandstorm|[upkeep]
|-heal|p2a: Jirachi|99/100|[from] item: Leftovers
|upkeep
|turn|24
|
|t:|1731114588
|move|p2a: Jirachi|Wish|p2a: Jirachi
|move|p1a: Swampert|Surf|p2a: Jirachi
|-damage|p2a: Jirachi|74/100
|
|-weather|Sandstorm|[upkeep]
|-heal|p2a: Jirachi|80/100|[from] item: Leftovers
|upkeep
|turn|25
|
|t:|1731114600
|move|p2a: Jirachi|Fire Punch|p1a: Swampert
|-resisted|p1a: Swampert
|-activate|p1a: Swampert|Substitute|[damage]
|move|p1a: Swampert|Surf|p2a: Jirachi
|-damage|p2a: Jirachi|54/100
|
|-heal|p2a: Jirachi|100/100|[from] move: Wish|[wisher] Jirachi
|-weather|Sandstorm|[upkeep]
|upkeep
|turn|26
|
|t:|1731114606
|move|p2a: Jirachi|Fire Punch|p1a: Swampert
|-resisted|p1a: Swampert
|-activate|p1a: Swampert|Substitute|[damage]
|move|p1a: Swampert|Roar|p2a: Jirachi
|drag|p2a: Tyranitar|Tyranitar, M|18/100 slp
|-damage|p2a: Tyranitar|6/100 slp|[from] Spikes
|
|-weather|Sandstorm|[upkeep]
|-heal|p2a: Tyranitar|12/100 slp|[from] item: Leftovers
|upkeep
|turn|27
|
|t:|1731114611
|cant|p2a: Tyranitar|slp
|move|p1a: Swampert|Roar|p2a: Tyranitar
|drag|p2a: Swampert|Swampert, F|100/100
|-damage|p2a: Swampert|88/100|[from] Spikes
|
|-weather|Sandstorm|[upkeep]
|-heal|p2a: Swampert|94/100|[from] item: Leftovers
|upkeep
|turn|28
|
|t:|1731114621
|switch|p2a: Jirachi|Jirachi|100/100
|-damage|p2a: Jirachi|88/100|[from] Spikes
|move|p1a: Swampert|Surf|p2a: Jirachi
|-damage|p2a: Jirachi|65/100
|
|-weather|Sandstorm|[upkeep]
|-heal|p2a: Jirachi|71/100|[from] item: Leftovers
|upkeep
|turn|29
|
|t:|1731114631
|move|p2a: Jirachi|Wish|p2a: Jirachi
|move|p1a: Swampert|Roar|p2a: Jirachi
|drag|p2a: Gengar|Gengar, F, shiny|43/100
|
|-weather|Sandstorm|[upkeep]
|-damage|p2a: Gengar|37/100|[from] Sandstorm
|-heal|p2a: Gengar|43/100|[from] item: Leftovers
|upkeep
|turn|30
|
|t:|1731114644
|move|p2a: Gengar|Destiny Bond|p2a: Gengar
|-singlemove|p2a: Gengar|Destiny Bond
|move|p1a: Swampert|Surf|p2a: Gengar
|-damage|p2a: Gengar|0 fnt
|faint|p2a: Gengar
|-activate|p2a: Gengar|move: Destiny Bond
|faint|p1a: Swampert
|inactive|mint yerb has 270 seconds left.
|
|t:|1731114686
|switch|p2a: Jirachi|Jirachi|71/100
|switch|p1a: Gengar|Gengar, F|33/100
|-damage|p2a: Jirachi|58/100|[from] Spikes
|
|-heal|p2a: Jirachi|100/100|[from] move: Wish|[wisher] Jirachi
|-weather|Sandstorm|[upkeep]
|-damage|p1a: Gengar|27/100|[from] Sandstorm
|-heal|p1a: Gengar|33/100|[from] item: Leftovers
|upkeep
|turn|31
|
|t:|1731114696
|switch|p1a: Tyranitar|Tyranitar, M|100/100
|-damage|p1a: Tyranitar|88/100|[from] Spikes
|move|p2a: Jirachi|Fire Punch|p1a: Tyranitar
|-resisted|p1a: Tyranitar
|-damage|p1a: Tyranitar|80/100
|
|-weather|Sandstorm|[upkeep]
|upkeep
|turn|32
|
|t:|1731114711
|switch|p2a: Swampert|Swampert, F|94/100
|-damage|p2a: Swampert|82/100|[from] Spikes
|move|p1a: Tyranitar|Double-Edge|p2a: Swampert
|-crit|p2a: Swampert
|-damage|p2a: Swampert|19/100
|-damage|p1a: Tyranitar|56/100|[from] Recoil|[of] p2a: Swampert
|
|-weather|Sandstorm|[upkeep]
|-heal|p2a: Swampert|25/100|[from] item: Leftovers
|upkeep
|turn|33
|inactive|mint yerb has 270 seconds left.
|inactive|mint yerb has 240 seconds left.
|
|t:|1731114751
|move|p1a: Tyranitar|Dragon Dance|p1a: Tyranitar
|-boost|p1a: Tyranitar|atk|1
|-boost|p1a: Tyranitar|spe|1
|move|p2a: Swampert|Hydro Pump|p1a: Tyranitar
|-supereffective|p1a: Tyranitar
|-damage|p1a: Tyranitar|0 fnt
|faint|p1a: Tyranitar
|inactive|mint yerb has 240 seconds left.
|
|t:|1731114759
|switch|p1a: Aerodactyl|Aerodactyl, F|100/100
|
|-weather|Sandstorm|[upkeep]
|-heal|p2a: Swampert|32/100|[from] item: Leftovers
|upkeep
|turn|34
|inactive|mint yerb has 240 seconds left.
|
|t:|1731114772
|switch|p1a: Gengar|Gengar, F|33/100
|move|p2a: Swampert|Protect||[still]
|-fail|p2a: Swampert
|
|-weather|Sandstorm|[upkeep]
|-damage|p1a: Gengar|27/100|[from] Sandstorm
|-heal|p1a: Gengar|33/100|[from] item: Leftovers
|-heal|p2a: Swampert|38/100|[from] item: Leftovers
|upkeep
|turn|35
|
|t:|1731114778
|move|p2a: Swampert|Protect|p2a: Swampert
|-singleturn|p2a: Swampert|Protect
|move|p1a: Gengar|Ice Punch|p2a: Swampert
|-activate|p2a: Swampert|Protect
|
|-weather|Sandstorm|[upkeep]
|-damage|p1a: Gengar|27/100|[from] Sandstorm
|-heal|p1a: Gengar|33/100|[from] item: Leftovers
|-heal|p2a: Swampert|44/100|[from] item: Leftovers
|upkeep
|turn|36
|inactive|mint yerb has 240 seconds left.
|inactive|mint yerb has 210 seconds left.
|
|t:|1731114847
|move|p1a: Gengar|Explosion|p2a: Swampert
|-damage|p2a: Swampert|0 fnt
|faint|p1a: Gengar
|faint|p2a: Swampert
|
|t:|1731114852
|switch|p1a: Aerodactyl|Aerodactyl, F|100/100
|switch|p2a: Salamence|Salamence, M|100/100
|-ability|p2a: Salamence|Intimidate|boost
|-unboost|p1a: Aerodactyl|atk|1
|
|-weather|Sandstorm|[upkeep]
|-damage|p2a: Salamence|94/100|[from] Sandstorm
|-heal|p2a: Salamence|100/100|[from] item: Leftovers
|upkeep
|turn|37
|
|t:|1731114862
|move|p1a: Aerodactyl|Rock Slide|p2a: Salamence
|-supereffective|p2a: Salamence
|-damage|p2a: Salamence|18/100
|cant|p2a: Salamence|flinch
|
|-weather|Sandstorm|[upkeep]
|-damage|p2a: Salamence|12/100|[from] Sandstorm
|-heal|p2a: Salamence|18/100|[from] item: Leftovers
|upkeep
|turn|38
|
|t:|1731114867
|switch|p2a: Tyranitar|Tyranitar, M|12/100 slp
|-damage|p2a: Tyranitar|0 fnt|[from] Spikes
|faint|p2a: Tyranitar
|
|t:|1731114868
|switch|p2a: Salamence|Salamence, M|18/100
|-ability|p2a: Salamence|Intimidate|boost
|-unboost|p1a: Aerodactyl|atk|1
|
|-weather|Sandstorm|[upkeep]
|-damage|p2a: Salamence|12/100|[from] Sandstorm
|-heal|p2a: Salamence|18/100|[from] item: Leftovers
|upkeep
|turn|39
|
|t:|1731114870
|move|p1a: Aerodactyl|Rock Slide|p2a: Salamence
|-supereffective|p2a: Salamence
|-damage|p2a: Salamence|0 fnt
|faint|p2a: Salamence
|
|t:|1731114872
|switch|p2a: Jirachi|Jirachi|100/100
|-damage|p2a: Jirachi|88/100|[from] Spikes
|
|-weather|Sandstorm|[upkeep]
|-heal|p2a: Jirachi|94/100|[from] item: Leftovers
|upkeep
|turn|40
|
|t:|1731114880
|move|p1a: Aerodactyl|Rock Slide|p2a: Jirachi
|-resisted|p2a: Jirachi
|-damage|p2a: Jirachi|85/100
|move|p2a: Jirachi|Toxic|p1a: Aerodactyl
|-status|p1a: Aerodactyl|tox
|
|-weather|Sandstorm|[upkeep]
|-damage|p1a: Aerodactyl|95/100 tox|[from] psn
|-heal|p2a: Jirachi|91/100|[from] item: Leftovers
|upkeep
|turn|41
|
|t:|1731114885
|move|p2a: Jirachi|Protect|p2a: Jirachi
|-singleturn|p2a: Jirachi|Protect
|move|p1a: Aerodactyl|Rock Slide|p2a: Jirachi
|-activate|p2a: Jirachi|Protect
|
|-weather|Sandstorm|[upkeep]
|-damage|p1a: Aerodactyl|83/100 tox|[from] psn
|-heal|p2a: Jirachi|97/100|[from] item: Leftovers
|upkeep
|turn|42
|c|☆mint yerb|gg 
|c|☆qsns|gg
|inactive|mint yerb has 240 seconds left.
|-message|mint yerb forfeited.
|
|win|qsns
|player|p2|

</script>
<script type="application/json" class="data" id="replaydata-smogtours-gen3ou-805341">
{"id":"smogtours-gen3ou-805341","format":"[Gen 3] OU","players":["mint yerb","qsns"],"uploadtime":1731114900,"views":64,"formatid":"gen3ou","rating":null,"private":0,"password":null}
</script>

<script defer src="js/replays.js?9d40a366"></script>
