<!DOCTYPE html>
<meta charset="utf-8" />
<meta name="viewport" content="width=device-width" />

<title>[Gen 3] OU: scald&gt;focusmiss vs. ratdogrefurnished - Replays - Pok&eacute;mon Showdown!</title>

<meta name="description" content="Watch a replay of a Pok&eacute;mon battle between scald&gt;focusmiss and ratdogrefurnished! Format: [Gen 3] OU; Date: Oct 18, 2024" />
<!--

Hey, you! Looking in the source for the replay log?

You can find them in JSON format, just add `.json` at the end of a replay URL.

https://replay.pokemonshowdown.com/gen7randomdoublesbattle-865046831.json

Or, if you only need the log itself, add `.log` instead:

https://replay.pokemonshowdown.com/gen7randomdoublesbattle-865046831.log

-->

<link rel="stylesheet" href="//pokemonshowdown.com/style/global.css?0.023195364461161105" />
<link rel="stylesheet" href="//play.pokemonshowdown.com/style/font-awesome.css?0.13261647063804238" />
<link rel="stylesheet" href="//play.pokemonshowdown.com/style/battle.css?0.8753245789963631" />
<link rel="stylesheet" href="//play.pokemonshowdown.com/style/utilichart.css?0.8627959624976733" />

<!-- Global site tag (gtag.js) - Google Analytics -->
<script async src="https://www.googletagmanager.com/gtag/js?id=UA-26211653-1"></script>
<script>
  window.dataLayer = window.dataLayer || [];
  function gtag(){dataLayer.push(arguments);}
  gtag('js', new Date());

  gtag('config', 'UA-26211653-1');
</script>
<!-- End Google Analytics -->
<!-- Venatus Ad Manager - Install in <HEAD> of page -->
	<script src="https://hb.vntsm.com/v3/live/ad-manager.min.js" type="text/javascript" data-site-id="642aba63ec9a7b11c3c9c1be" data-mode="scan" async></script>
<!-- / Venatus Ad Manager -->

<style>
	@media (max-width:820px) {
		.battle {
			margin: 0 auto;
		}
		.battle-log {
			margin: 7px auto 0;
			max-width: 640px;
			height: 300px;
			position: static;
		}
	}
	.optgroup {
		display: inline-block;
		line-height: 22px;
		font-size: 10pt;
	}
	.optgroup .button {
		height: 25px;
		padding-top: 0;
		padding-bottom: 0;
	}
	.optgroup button.button {
		padding-left: 12px;
		padding-right: 12px;
	}
	.linklist {
		list-style: none;
		margin: 0.5em 0;
		padding: 0;
	}
	.linklist li {
		padding: 2px 0;
	}
	.sidebar {
		float: left;
		width: 320px;
	}
	.bar-wrapper {
		max-width: 1100px;
		margin: 0 auto;
	}
	.bar-wrapper.has-sidebar {
		max-width: 1430px;
	}
	.mainbar {
		margin: 0;
		padding-right: 1px;
	}
	.mainbar.has-sidebar {
		margin-left: 330px;
	}
	@media (min-width: 1511px) {
		.sidebar {
			width: 400px;
		}
		.bar-wrapper.has-sidebar {
			max-width: 1510px;
		}
		.mainbar.has-sidebar {
			margin-left: 410px;
		}
	}
	.section.first-section {
		margin-top: 9px;
	}
	.blocklink small {
		white-space: normal;
	}
	.button {
		vertical-align: middle;
	}
	.replay-controls {
		padding-top: 10px;
	}
	.replay-controls h1 {
		font-size: 16pt;
		font-weight: normal;
		color: #CCC;
	}
	.pagelink {
		text-align: center;
	}
	.pagelink a {
		width: 150px;
	}
	.textbox, .button {
		font-size: 11pt;
		vertical-align: middle;
	}
	@media (max-width: 450px) {
		.button {
			font-size: 9pt;
		}
	}
</style>

<div>

	<header>
		<div class="nav-wrapper"><ul class="nav">
			<li><a class="button nav-first" href="//pokemonshowdown.com/"><img src="//pokemonshowdown.com/images/pokemonshowdownbeta.png" srcset="//pokemonshowdown.com/images/pokemonshowdownbeta.png 1x, //pokemonshowdown.com/images/pokemonshowdownbeta@2x.png 2x" alt="Pok&eacute;mon Showdown" width="146" height="44" /> Home</a></li>
			<li><a class="button" href="//pokemonshowdown.com/dex/">Pok&eacute;dex</a></li>
			<li><a class="button cur" href="/">Replays</a></li>
			<li><a class="button" href="//pokemonshowdown.com/ladder/">Ladder</a></li>
			<li><a class="button nav-last" href="//pokemonshowdown.com/forums/">Forum</a></li>
			<li><a class="button greenbutton nav-first nav-last" href="//play.pokemonshowdown.com/">Play</a></li>
		</ul></div>
	</header>

	<div class="main" id="main">

		<noscript><section class="section">You need to enable JavaScript to use this page; sorry!</section></noscript>

	</div>

</div>

<script defer nomodule src="//play.pokemonshowdown.com/js/lib/ps-polyfill.js"></script>
<script defer src="//play.pokemonshowdown.com/js/lib/preact.min.js"></script>

<script defer src="//play.pokemonshowdown.com/config/config.js?2bddbc15"></script>
<script defer src="//play.pokemonshowdown.com/js/lib/jquery-1.11.0.min.js"></script>
<script defer src="//play.pokemonshowdown.com/js/lib/html-sanitizer-minified.js"></script>
<script defer src="//play.pokemonshowdown.com/js/battle-sound.js"></script>
<script defer src="//play.pokemonshowdown.com/js/battledata.js?0.7209276989879541"></script>
<script defer src="//play.pokemonshowdown.com/data/pokedex-mini.js?0.6111056340867951"></script>
<script defer src="//play.pokemonshowdown.com/data/pokedex-mini-bw.js?0.3532142036491459"></script>
<script defer src="//play.pokemonshowdown.com/data/graphics.js?0.24223875632456182"></script>
<script defer src="//play.pokemonshowdown.com/data/pokedex.js?0.38839984266356864"></script>
<script defer src="//play.pokemonshowdown.com/data/moves.js?0.21866028504024015"></script>
<script defer src="//play.pokemonshowdown.com/data/abilities.js?0.2005157953846628"></script>
<script defer src="//play.pokemonshowdown.com/data/items.js?0.9894211263848525"></script>
<script defer src="//play.pokemonshowdown.com/data/teambuilder-tables.js?0.6008791140282215"></script>
<script defer src="//play.pokemonshowdown.com/js/battle-tooltips.js?0.7580118955022959"></script>
<script defer src="//play.pokemonshowdown.com/js/battle.js?0.6057722274234274"></script>

<script defer src="js/utils.js?e31f9a17"></script>
<script defer src="js/replays-battle.js?7008c182"></script>

<!-- don't scrape this data! just add .json or .log after the URL!
Full API docs: https://github.com/smogon/pokemon-showdown-client/blob/master/WEB-API.md -->
<script type="text/plain" class="log" id="replaylog-smogtours-gen3ou-799574">
|inactive|Battle timer is ON: inactive players will automatically lose when time's up.
|t:|1729274462
|gametype|singles
|player|p1|scald>focusmiss|colress|
|player|p2|ratdogrefurnished|firebreather|
|teamsize|p1|6
|teamsize|p2|6
|gen|3
|tier|[Gen 3] OU
|rule|Sleep Clause Mod: Limit one foe put to sleep
|rule|Switch Priority Clause Mod: Faster Pokémon switch first
|rule|Species Clause: Limit one of each Pokémon
|rule|OHKO Clause: OHKO moves are banned
|rule|Evasion Items Clause: Evasion items are banned
|rule|Evasion Moves Clause: Evasion moves are banned
|rule|Endless Battle Clause: Forcing endless battles is banned
|rule|HP Percentage Mod: HP is shown in percentages
|rule|One Boost Passer Clause: Limit one Baton Passer that has a way to boost its stats
|rule|Freeze Clause Mod: Limit one foe frozen
|
|t:|1729274462
|start
|switch|p1a: Tyranitar|Tyranitar, F|100/100
|switch|p2a: Louisiana Slots|Metagross|100/100
|-weather|Sandstorm|[from] ability: Sand Stream|[of] p1a: Tyranitar
|turn|1
|c|☆ratdogrefurnished|hf!
|
|t:|1729274478
|switch|p1a: Charizard|Charizard, M|100/100
|move|p2a: Louisiana Slots|Explosion|p1a: Charizard
|-damage|p1a: Charizard|0 fnt
|faint|p2a: Louisiana Slots
|faint|p1a: Charizard
|c|☆scald>focusmiss|u2
|
|t:|1729274499
|switch|p1a: Tyranitar|Tyranitar, F|100/100
|switch|p2a: Swampert|Swampert, M|100/100
|
|-weather|Sandstorm|[upkeep]
|upkeep
|turn|2
|
|t:|1729274504
|move|p1a: Tyranitar|Earthquake|p2a: Swampert
|-damage|p2a: Swampert|72/100
|move|p2a: Swampert|Surf|p1a: Tyranitar
|-supereffective|p1a: Tyranitar
|-damage|p1a: Tyranitar|42/100
|
|-weather|Sandstorm|[upkeep]
|-heal|p1a: Tyranitar|48/100|[from] item: Leftovers
|-heal|p2a: Swampert|78/100|[from] item: Leftovers
|upkeep
|turn|3
|
|t:|1729274512
|switch|p1a: Skarmory|Skarmory, M|100/100
|move|p2a: Swampert|Toxic|p1a: Skarmory|[miss]
|-miss|p2a: Swampert|p1a: Skarmory
|
|-weather|Sandstorm|[upkeep]
|-heal|p2a: Swampert|84/100|[from] item: Leftovers
|upkeep
|turn|4
|
|t:|1729274520
|move|p1a: Skarmory|Spikes|p2a: Swampert
|-sidestart|p2: ratdogrefurnished|Spikes
|move|p2a: Swampert|Surf|p1a: Skarmory
|-damage|p1a: Skarmory|72/100
|
|-weather|Sandstorm|[upkeep]
|-heal|p1a: Skarmory|78/100|[from] item: Leftovers
|-heal|p2a: Swampert|90/100|[from] item: Leftovers
|upkeep
|turn|5
|
|t:|1729274524
|move|p1a: Skarmory|Spikes|p2a: Swampert
|-sidestart|p2: ratdogrefurnished|Spikes
|move|p2a: Swampert|Surf|p1a: Skarmory
|-damage|p1a: Skarmory|50/100
|
|-weather|Sandstorm|[upkeep]
|-heal|p1a: Skarmory|56/100|[from] item: Leftovers
|-heal|p2a: Swampert|97/100|[from] item: Leftovers
|upkeep
|turn|6
|inactive|scald>focusmiss has 270 seconds left.
|
|t:|1729274564
|move|p1a: Skarmory|Spikes|p2a: Swampert
|-sidestart|p2: ratdogrefurnished|Spikes
|move|p2a: Swampert|Surf|p1a: Skarmory
|-damage|p1a: Skarmory|28/100
|
|-weather|Sandstorm|[upkeep]
|-heal|p1a: Skarmory|34/100|[from] item: Leftovers
|-heal|p2a: Swampert|100/100|[from] item: Leftovers
|upkeep
|turn|7
|
|t:|1729274570
|move|p1a: Skarmory|Protect|p1a: Skarmory
|-singleturn|p1a: Skarmory|Protect
|move|p2a: Swampert|Surf|p1a: Skarmory
|-activate|p1a: Skarmory|Protect
|
|-weather|Sandstorm|[upkeep]
|-heal|p1a: Skarmory|40/100|[from] item: Leftovers
|upkeep
|turn|8
|
|t:|1729274580
|move|p2a: Swampert|Surf|p1a: Skarmory
|-damage|p1a: Skarmory|14/100
|move|p1a: Skarmory|Roar|p2a: Swampert
|drag|p2a: Tyranitar|Tyranitar, M|100/100
|-damage|p2a: Tyranitar|76/100|[from] Spikes
|
|-weather|Sandstorm|[upkeep]
|-heal|p1a: Skarmory|20/100|[from] item: Leftovers
|upkeep
|turn|9
|
|t:|1729274592
|-singleturn|p2a: Tyranitar|move: Focus Punch
|switch|p1a: Swampert|Swampert, F|100/100
|move|p2a: Tyranitar|Focus Punch|p1a: Swampert
|-damage|p1a: Swampert|41/100
|
|-weather|Sandstorm|[upkeep]
|-heal|p1a: Swampert|48/100|[from] item: Leftovers
|upkeep
|turn|10
|
|t:|1729274598
|switch|p2a: Zapdos|Zapdos|100/100
|move|p1a: Swampert|Surf|p2a: Zapdos
|-damage|p2a: Zapdos|79/100
|
|-weather|Sandstorm|[upkeep]
|-damage|p2a: Zapdos|72/100|[from] Sandstorm
|-heal|p2a: Zapdos|79/100|[from] item: Leftovers
|-heal|p1a: Swampert|54/100|[from] item: Leftovers
|upkeep
|turn|11
|
|t:|1729274606
|move|p1a: Swampert|Protect|p1a: Swampert
|-singleturn|p1a: Swampert|Protect
|move|p2a: Zapdos|Toxic|p1a: Swampert
|-activate|p1a: Swampert|Protect
|
|-weather|Sandstorm|[upkeep]
|-damage|p2a: Zapdos|72/100|[from] Sandstorm
|-heal|p2a: Zapdos|79/100|[from] item: Leftovers
|-heal|p1a: Swampert|60/100|[from] item: Leftovers
|upkeep
|turn|12
|
|t:|1729274611
|switch|p1a: Skarmory|Skarmory, M|20/100
|move|p2a: Zapdos|Hidden Power|p1a: Skarmory
|-resisted|p1a: Skarmory
|-damage|p1a: Skarmory|16/100
|
|-weather|Sandstorm|[upkeep]
|-damage|p2a: Zapdos|72/100|[from] Sandstorm
|-heal|p2a: Zapdos|79/100|[from] item: Leftovers
|-heal|p1a: Skarmory|22/100|[from] item: Leftovers
|upkeep
|turn|13
|
|t:|1729274616
|move|p1a: Skarmory|Protect|p1a: Skarmory
|-singleturn|p1a: Skarmory|Protect
|move|p2a: Zapdos|Thunderbolt|p1a: Skarmory
|-activate|p1a: Skarmory|Protect
|
|-weather|Sandstorm|[upkeep]
|-damage|p2a: Zapdos|72/100|[from] Sandstorm
|-heal|p2a: Zapdos|79/100|[from] item: Leftovers
|-heal|p1a: Skarmory|28/100|[from] item: Leftovers
|upkeep
|turn|14
|
|t:|1729274629
|move|p2a: Zapdos|Thunderbolt|p1a: Skarmory
|-supereffective|p1a: Skarmory
|-damage|p1a: Skarmory|0 fnt
|faint|p1a: Skarmory
|
|t:|1729274643
|switch|p1a: Jirachi|Jirachi|100/100
|
|-weather|Sandstorm|[upkeep]
|-damage|p2a: Zapdos|72/100|[from] Sandstorm
|-heal|p2a: Zapdos|79/100|[from] item: Leftovers
|upkeep
|turn|15
|
|t:|1729274657
|move|p1a: Jirachi|Calm Mind|p1a: Jirachi
|-boost|p1a: Jirachi|spa|1
|-boost|p1a: Jirachi|spd|1
|move|p2a: Zapdos|Thunderbolt|p1a: Jirachi
|-damage|p1a: Jirachi|76/100
|
|-weather|Sandstorm|[upkeep]
|-damage|p2a: Zapdos|72/100|[from] Sandstorm
|-heal|p1a: Jirachi|83/100|[from] item: Leftovers
|-heal|p2a: Zapdos|79/100|[from] item: Leftovers
|upkeep
|turn|16
|
|t:|1729274665
|switch|p2a: Tyranitar|Tyranitar, M|76/100
|-damage|p2a: Tyranitar|51/100|[from] Spikes
|move|p1a: Jirachi|Fire Punch|p2a: Tyranitar
|-resisted|p2a: Tyranitar
|-damage|p2a: Tyranitar|39/100
|-status|p2a: Tyranitar|brn
|
|-weather|Sandstorm|[upkeep]
|-heal|p1a: Jirachi|89/100|[from] item: Leftovers
|-damage|p2a: Tyranitar|27/100 brn|[from] brn
|upkeep
|turn|17
|
|t:|1729274668
|move|p1a: Jirachi|Hidden Power|p2a: Tyranitar
|-supereffective|p2a: Tyranitar
|-damage|p2a: Tyranitar|0 fnt
|faint|p2a: Tyranitar
|
|t:|1729274669
|switch|p2a: The Fingers|Dugtrio, F|100/100
|-damage|p2a: The Fingers|76/100|[from] Spikes
|
|-weather|Sandstorm|[upkeep]
|-heal|p1a: Jirachi|95/100|[from] item: Leftovers
|upkeep
|turn|18
|
|t:|1729274672
|move|p2a: The Fingers|Earthquake|p1a: Jirachi
|-supereffective|p1a: Jirachi
|-damage|p1a: Jirachi|26/100
|move|p1a: Jirachi|Hidden Power|p2a: The Fingers
|-supereffective|p2a: The Fingers
|-damage|p2a: The Fingers|0 fnt
|faint|p2a: The Fingers
|
|t:|1729274674
|switch|p2a: Aerodactyl|Aerodactyl, F|100/100
|
|-weather|Sandstorm|[upkeep]
|-heal|p1a: Jirachi|32/100|[from] item: Leftovers
|upkeep
|turn|19
|
|t:|1729274680
|move|p2a: Aerodactyl|Earthquake|p1a: Jirachi
|-supereffective|p1a: Jirachi
|-damage|p1a: Jirachi|0 fnt
|faint|p1a: Jirachi
|
|t:|1729274682
|switch|p1a: Aerodactyl|Aerodactyl, F|100/100
|
|-weather|Sandstorm|[upkeep]
|upkeep
|turn|20
|
|t:|1729274685
|switch|p2a: Swampert|Swampert, M|100/100
|-damage|p2a: Swampert|75/100|[from] Spikes
|move|p1a: Aerodactyl|Double-Edge|p2a: Swampert
|-damage|p2a: Swampert|41/100
|
|-weather|Sandstorm|[upkeep]
|-heal|p2a: Swampert|47/100|[from] item: Leftovers
|upkeep
|turn|21
|
|t:|1729274692
|switch|p1a: Tyranitar|Tyranitar, F|48/100
|move|p2a: Swampert|Toxic|p1a: Tyranitar
|-status|p1a: Tyranitar|tox
|
|-weather|Sandstorm|[upkeep]
|-heal|p1a: Tyranitar|54/100 tox|[from] item: Leftovers
|-damage|p1a: Tyranitar|48/100 tox|[from] psn
|-heal|p2a: Swampert|53/100|[from] item: Leftovers
|upkeep
|turn|22
|
|t:|1729274695
|move|p2a: Swampert|Protect|p2a: Swampert
|-singleturn|p2a: Swampert|Protect
|move|p1a: Tyranitar|Rock Slide|p2a: Swampert
|-activate|p2a: Swampert|Protect
|
|-weather|Sandstorm|[upkeep]
|-heal|p1a: Tyranitar|54/100 tox|[from] item: Leftovers
|-damage|p1a: Tyranitar|42/100 tox|[from] psn
|-heal|p2a: Swampert|59/100|[from] item: Leftovers
|upkeep
|turn|23
|
|t:|1729274701
|switch|p2a: Zapdos|Zapdos|79/100
|move|p1a: Tyranitar|Earthquake|p2a: Zapdos
|-immune|p2a: Zapdos
|
|-weather|Sandstorm|[upkeep]
|-damage|p2a: Zapdos|72/100|[from] Sandstorm
|-heal|p2a: Zapdos|79/100|[from] item: Leftovers
|-heal|p1a: Tyranitar|48/100 tox|[from] item: Leftovers
|-damage|p1a: Tyranitar|30/100 tox|[from] psn
|upkeep
|turn|24
|
|t:|1729274706
|move|p2a: Zapdos|Thunderbolt|p1a: Tyranitar
|-damage|p1a: Tyranitar|0 fnt
|faint|p1a: Tyranitar
|
|t:|1729274707
|switch|p1a: Aerodactyl|Aerodactyl, F|100/100
|
|-weather|Sandstorm|[upkeep]
|-damage|p2a: Zapdos|72/100|[from] Sandstorm
|-heal|p2a: Zapdos|79/100|[from] item: Leftovers
|upkeep
|turn|25
|
|t:|1729274716
|switch|p2a: Aerodactyl|Aerodactyl, F|100/100
|move|p1a: Aerodactyl|Rock Slide|p2a: Aerodactyl
|-supereffective|p2a: Aerodactyl
|-damage|p2a: Aerodactyl|0 fnt
|faint|p2a: Aerodactyl
|
|t:|1729274719
|switch|p2a: Swampert|Swampert, M|59/100
|-damage|p2a: Swampert|34/100|[from] Spikes
|
|-weather|Sandstorm|[upkeep]
|-heal|p2a: Swampert|40/100|[from] item: Leftovers
|upkeep
|turn|26
|inactive|scald>focusmiss has 270 seconds left.
|
|t:|1729274763
|switch|p1a: Swampert|Swampert, F|60/100
|move|p2a: Swampert|Toxic|p1a: Swampert
|-status|p1a: Swampert|tox
|
|-weather|Sandstorm|[upkeep]
|-heal|p2a: Swampert|47/100|[from] item: Leftovers
|-heal|p1a: Swampert|66/100 tox|[from] item: Leftovers
|-damage|p1a: Swampert|60/100 tox|[from] psn
|upkeep
|turn|27
|
|t:|1729274771
|move|p2a: Swampert|Surf|p1a: Swampert
|-damage|p1a: Swampert|36/100 tox
|move|p1a: Swampert|Toxic|p2a: Swampert
|-status|p2a: Swampert|tox
|
|-weather|Sandstorm|[upkeep]
|-heal|p2a: Swampert|53/100 tox|[from] item: Leftovers
|-damage|p2a: Swampert|47/100 tox|[from] psn
|-heal|p1a: Swampert|42/100 tox|[from] item: Leftovers
|-damage|p1a: Swampert|30/100 tox|[from] psn
|upkeep
|turn|28
|
|t:|1729274775
|move|p2a: Swampert|Refresh|p2a: Swampert
|-curestatus|p2a: Swampert|tox|[msg]
|move|p1a: Swampert|Refresh|p1a: Swampert
|-curestatus|p1a: Swampert|tox|[msg]
|
|-weather|Sandstorm|[upkeep]
|-heal|p2a: Swampert|53/100|[from] item: Leftovers
|-heal|p1a: Swampert|36/100|[from] item: Leftovers
|upkeep
|turn|29
|inactive|ratdogrefurnished has 270 seconds left.
|
|t:|1729274818
|switch|p2a: Zapdos|Zapdos|79/100
|move|p1a: Swampert|Surf|p2a: Zapdos
|-damage|p2a: Zapdos|60/100
|
|-weather|Sandstorm|[upkeep]
|-damage|p2a: Zapdos|53/100|[from] Sandstorm
|-heal|p2a: Zapdos|60/100|[from] item: Leftovers
|-heal|p1a: Swampert|42/100|[from] item: Leftovers
|upkeep
|turn|30
|
|t:|1729274825
|switch|p1a: Aerodactyl|Aerodactyl, F|100/100
|move|p2a: Zapdos|Thunderbolt|p1a: Aerodactyl
|-supereffective|p1a: Aerodactyl
|-damage|p1a: Aerodactyl|0 fnt
|faint|p1a: Aerodactyl
|c|☆scald>focusmiss|gg
|c|☆ratdogrefurnished|gg
|-message|scald>focusmiss forfeited.
|
|win|ratdogrefurnished
|player|p1|

</script>
<script type="application/json" class="data" id="replaydata-smogtours-gen3ou-799574">
{"id":"smogtours-gen3ou-799574","format":"[Gen 3] OU","players":["scald>focusmiss","ratdogrefurnished"],"uploadtime":1729274837,"views":75,"formatid":"gen3ou","rating":null,"private":0,"password":null}
</script>

<script defer src="js/replays.js?9d40a366"></script>
