<!DOCTYPE html>
<meta charset="utf-8" />
<meta name="viewport" content="width=device-width" />

<title>[Gen 3] OU: BillGatesAlt vs. grandparoshi - Replays - Pok&eacute;mon Showdown!</title>

<meta name="description" content="Watch a replay of a Pok&eacute;mon battle between BillGatesAlt and grandparoshi! Format: [Gen 3] OU; Date: Oct 9, 2024" />
<!--

Hey, you! Looking in the source for the replay log?

You can find them in JSON format, just add `.json` at the end of a replay URL.

https://replay.pokemonshowdown.com/gen7randomdoublesbattle-865046831.json

Or, if you only need the log itself, add `.log` instead:

https://replay.pokemonshowdown.com/gen7randomdoublesbattle-865046831.log

-->

<link rel="stylesheet" href="//pokemonshowdown.com/style/global.css?0.767286132409787" />
<link rel="stylesheet" href="//play.pokemonshowdown.com/style/font-awesome.css?0.9266228007934947" />
<link rel="stylesheet" href="//play.pokemonshowdown.com/style/battle.css?0.7924700842790926" />
<link rel="stylesheet" href="//play.pokemonshowdown.com/style/utilichart.css?0.8777417872839479" />

<!-- Global site tag (gtag.js) - Google Analytics -->
<script async src="https://www.googletagmanager.com/gtag/js?id=UA-26211653-1"></script>
<script>
  window.dataLayer = window.dataLayer || [];
  function gtag(){dataLayer.push(arguments);}
  gtag('js', new Date());

  gtag('config', 'UA-26211653-1');
</script>
<!-- End Google Analytics -->
<!-- Venatus Ad Manager - Install in <HEAD> of page -->
	<script src="https://hb.vntsm.com/v3/live/ad-manager.min.js" type="text/javascript" data-site-id="642aba63ec9a7b11c3c9c1be" data-mode="scan" async></script>
<!-- / Venatus Ad Manager -->

<style>
	@media (max-width:820px) {
		.battle {
			margin: 0 auto;
		}
		.battle-log {
			margin: 7px auto 0;
			max-width: 640px;
			height: 300px;
			position: static;
		}
	}
	.optgroup {
		display: inline-block;
		line-height: 22px;
		font-size: 10pt;
	}
	.optgroup .button {
		height: 25px;
		padding-top: 0;
		padding-bottom: 0;
	}
	.optgroup button.button {
		padding-left: 12px;
		padding-right: 12px;
	}
	.linklist {
		list-style: none;
		margin: 0.5em 0;
		padding: 0;
	}
	.linklist li {
		padding: 2px 0;
	}
	.sidebar {
		float: left;
		width: 320px;
	}
	.bar-wrapper {
		max-width: 1100px;
		margin: 0 auto;
	}
	.bar-wrapper.has-sidebar {
		max-width: 1430px;
	}
	.mainbar {
		margin: 0;
		padding-right: 1px;
	}
	.mainbar.has-sidebar {
		margin-left: 330px;
	}
	@media (min-width: 1511px) {
		.sidebar {
			width: 400px;
		}
		.bar-wrapper.has-sidebar {
			max-width: 1510px;
		}
		.mainbar.has-sidebar {
			margin-left: 410px;
		}
	}
	.section.first-section {
		margin-top: 9px;
	}
	.blocklink small {
		white-space: normal;
	}
	.button {
		vertical-align: middle;
	}
	.replay-controls {
		padding-top: 10px;
	}
	.replay-controls h1 {
		font-size: 16pt;
		font-weight: normal;
		color: #CCC;
	}
	.pagelink {
		text-align: center;
	}
	.pagelink a {
		width: 150px;
	}
	.textbox, .button {
		font-size: 11pt;
		vertical-align: middle;
	}
	@media (max-width: 450px) {
		.button {
			font-size: 9pt;
		}
	}
</style>

<div>

	<header>
		<div class="nav-wrapper"><ul class="nav">
			<li><a class="button nav-first" href="//pokemonshowdown.com/"><img src="//pokemonshowdown.com/images/pokemonshowdownbeta.png" srcset="//pokemonshowdown.com/images/pokemonshowdownbeta.png 1x, //pokemonshowdown.com/images/pokemonshowdownbeta@2x.png 2x" alt="Pok&eacute;mon Showdown" width="146" height="44" /> Home</a></li>
			<li><a class="button" href="//pokemonshowdown.com/dex/">Pok&eacute;dex</a></li>
			<li><a class="button cur" href="/">Replays</a></li>
			<li><a class="button" href="//pokemonshowdown.com/ladder/">Ladder</a></li>
			<li><a class="button nav-last" href="//pokemonshowdown.com/forums/">Forum</a></li>
			<li><a class="button greenbutton nav-first nav-last" href="//play.pokemonshowdown.com/">Play</a></li>
		</ul></div>
	</header>

	<div class="main" id="main">

		<noscript><section class="section">You need to enable JavaScript to use this page; sorry!</section></noscript>

	</div>

</div>

<script defer nomodule src="//play.pokemonshowdown.com/js/lib/ps-polyfill.js"></script>
<script defer src="//play.pokemonshowdown.com/js/lib/preact.min.js"></script>

<script defer src="//play.pokemonshowdown.com/config/config.js?6dec07f6"></script>
<script defer src="//play.pokemonshowdown.com/js/lib/jquery-1.11.0.min.js"></script>
<script defer src="//play.pokemonshowdown.com/js/lib/html-sanitizer-minified.js"></script>
<script defer src="//play.pokemonshowdown.com/js/battle-sound.js"></script>
<script defer src="//play.pokemonshowdown.com/js/battledata.js?0.6315294753075389"></script>
<script defer src="//play.pokemonshowdown.com/data/pokedex-mini.js?0.7603743185311358"></script>
<script defer src="//play.pokemonshowdown.com/data/pokedex-mini-bw.js?0.030888842834281283"></script>
<script defer src="//play.pokemonshowdown.com/data/graphics.js?0.05593094747507488"></script>
<script defer src="//play.pokemonshowdown.com/data/pokedex.js?0.47064822249611904"></script>
<script defer src="//play.pokemonshowdown.com/data/moves.js?0.8583693120512459"></script>
<script defer src="//play.pokemonshowdown.com/data/abilities.js?0.16017181182386842"></script>
<script defer src="//play.pokemonshowdown.com/data/items.js?0.4163379185673943"></script>
<script defer src="//play.pokemonshowdown.com/data/teambuilder-tables.js?0.31075597372830477"></script>
<script defer src="//play.pokemonshowdown.com/js/battle-tooltips.js?0.6536193500708172"></script>
<script defer src="//play.pokemonshowdown.com/js/battle.js?0.1916591943277901"></script>

<script defer src="js/utils.js?e31f9a17"></script>
<script defer src="js/replays-battle.js?7008c182"></script>

<!-- don't scrape this data! just add .json or .log after the URL!
Full API docs: https://github.com/smogon/pokemon-showdown-client/blob/master/WEB-API.md -->
<script type="text/plain" class="log" id="replaylog-smogtours-gen3ou-796570">
|inactive|Battle timer is ON: inactive players will automatically lose when time's up.
|t:|1728436709
|gametype|singles
|player|p1|BillGatesAlt|clown|
|player|p2|grandparoshi|silver|
|teamsize|p1|6
|teamsize|p2|6
|gen|3
|tier|[Gen 3] OU
|rule|Sleep Clause Mod: Limit one foe put to sleep
|rule|Switch Priority Clause Mod: Faster Pokémon switch first
|rule|Species Clause: Limit one of each Pokémon
|rule|OHKO Clause: OHKO moves are banned
|rule|Evasion Items Clause: Evasion items are banned
|rule|Evasion Moves Clause: Evasion moves are banned
|rule|Endless Battle Clause: Forcing endless battles is banned
|rule|HP Percentage Mod: HP is shown in percentages
|rule|One Boost Passer Clause: Limit one Baton Passer that has a way to boost its stats
|rule|Freeze Clause Mod: Limit one foe frozen
|
|t:|1728436709
|start
|switch|p1a: Salamence|Salamence, F|100/100
|switch|p2a: Medicham|Medicham, M, shiny|100/100
|-ability|p1a: Salamence|Intimidate|boost
|-unboost|p2a: Medicham|atk|1
|turn|1
|
|t:|1728436734
|switch|p2a: Swampert|Swampert, M, shiny|100/100
|move|p1a: Salamence|Hidden Power|p2a: Swampert
|-damage|p2a: Swampert|63/100
|
|-heal|p2a: Swampert|69/100|[from] item: Leftovers
|upkeep
|turn|2
|
|t:|1728436747
|switch|p1a: Forretress|Forretress, F|100/100
|move|p2a: Swampert|Protect||[still]
|-fail|p2a: Swampert
|
|-heal|p2a: Swampert|75/100|[from] item: Leftovers
|upkeep
|turn|3
|
|t:|1728436757
|switch|p2a: Moltres|Moltres|100/100
|move|p1a: Forretress|Spikes|p2a: Moltres
|-sidestart|p2: grandparoshi|Spikes
|
|upkeep
|turn|4
|
|t:|1728436770
|switch|p1a: Zapdos|Zapdos|100/100
|move|p2a: Moltres|Overheat|p1a: Zapdos
|-damage|p1a: Zapdos|43/100
|-unboost|p2a: Moltres|spa|2
|
|-heal|p1a: Zapdos|49/100|[from] item: Leftovers
|upkeep
|turn|5
|
|t:|1728436779
|switch|p2a: Jolteon|Jolteon, F|100/100
|-damage|p2a: Jolteon|88/100|[from] Spikes
|move|p1a: Zapdos|Rest|p1a: Zapdos
|-status|p1a: Zapdos|slp|[from] move: Rest
|-heal|p1a: Zapdos|100/100 slp|[silent]
|
|-heal|p2a: Jolteon|94/100|[from] item: Leftovers
|upkeep
|turn|6
|
|t:|1728436804
|move|p2a: Jolteon|Hidden Power|p1a: Zapdos
|-supereffective|p1a: Zapdos
|-damage|p1a: Zapdos|68/100 slp
|cant|p1a: Zapdos|slp
|
|-heal|p2a: Jolteon|100/100|[from] item: Leftovers
|-heal|p1a: Zapdos|74/100 slp|[from] item: Leftovers
|upkeep
|turn|7
|inactive|grandparoshi has 270 seconds left.
|
|t:|1728436832
|switch|p1a: Swampert|Swampert, F|100/100
|move|p2a: Jolteon|Thunderbolt|p1a: Swampert
|-immune|p1a: Swampert
|
|upkeep
|turn|8
|
|t:|1728436839
|move|p2a: Jolteon|Baton Pass|p2a: Jolteon
|
|t:|1728436841
|switch|p2a: Butterfree|Butterfree, F|100/100|[from] Baton Pass
|move|p1a: Swampert|Toxic|p2a: Butterfree
|-status|p2a: Butterfree|tox
|
|-damage|p2a: Butterfree|94/100 tox|[from] psn
|upkeep
|turn|9
|
|t:|1728436848
|switch|p1a: Zapdos|Zapdos|74/100 slp
|move|p2a: Butterfree|Sleep Powder|p1a: Zapdos
|-fail|p1a: Zapdos|slp
|
|-damage|p2a: Butterfree|82/100 tox|[from] psn
|-heal|p1a: Zapdos|80/100 slp|[from] item: Leftovers
|upkeep
|turn|10
|inactive|grandparoshi has 270 seconds left.
|
|t:|1728436870
|switch|p2a: Swampert|Swampert, M, shiny|75/100
|-damage|p2a: Swampert|63/100|[from] Spikes
|cant|p1a: Zapdos|slp
|
|-heal|p1a: Zapdos|86/100 slp|[from] item: Leftovers
|-heal|p2a: Swampert|69/100|[from] item: Leftovers
|upkeep
|turn|11
|inactive|grandparoshi has 270 seconds left.
|
|t:|1728436891
|switch|p1a: Forretress|Forretress, F|100/100
|move|p2a: Swampert|Protect||[still]
|-fail|p2a: Swampert
|
|-heal|p2a: Swampert|75/100|[from] item: Leftovers
|upkeep
|turn|12
|
|t:|1728436904
|switch|p2a: Moltres|Moltres|100/100
|move|p1a: Forretress|Spikes|p2a: Moltres
|-sidestart|p2: grandparoshi|Spikes
|
|upkeep
|turn|13
|
|t:|1728436909
|switch|p1a: Zapdos|Zapdos|86/100 slp
|move|p2a: Moltres|Overheat|p1a: Zapdos
|-damage|p1a: Zapdos|30/100 slp
|-unboost|p2a: Moltres|spa|2
|
|-heal|p1a: Zapdos|36/100 slp|[from] item: Leftovers
|upkeep
|turn|14
|inactive|grandparoshi has 270 seconds left.
|inactive|grandparoshi has 240 seconds left.
|
|t:|1728436960
|move|p2a: Moltres|Overheat|p1a: Zapdos
|-damage|p1a: Zapdos|10/100 slp
|-unboost|p2a: Moltres|spa|2
|-curestatus|p1a: Zapdos|slp|[msg]
|move|p1a: Zapdos|Rest|p1a: Zapdos
|-status|p1a: Zapdos|slp|[from] move: Rest
|-heal|p1a: Zapdos|100/100 slp|[silent]
|
|upkeep
|turn|15
|
|t:|1728436976
|move|p2a: Moltres|Flamethrower|p1a: Zapdos
|-damage|p1a: Zapdos|89/100 slp
|cant|p1a: Zapdos|slp
|
|-heal|p1a: Zapdos|95/100 slp|[from] item: Leftovers
|upkeep
|turn|16
|
|t:|1728436986
|switch|p2a: Swampert|Swampert, M, shiny|75/100
|-damage|p2a: Swampert|58/100|[from] Spikes
|cant|p1a: Zapdos|slp
|move|p1a: Zapdos|Sleep Talk|p1a: Zapdos
|move|p1a: Zapdos|Rest|p1a: Zapdos|[from]Sleep Talk
|
|-heal|p1a: Zapdos|100/100 slp|[from] item: Leftovers
|-heal|p2a: Swampert|65/100|[from] item: Leftovers
|upkeep
|turn|17
|
|t:|1728437002
|move|p2a: Swampert|Ice Beam|p1a: Zapdos
|-supereffective|p1a: Zapdos
|-damage|p1a: Zapdos|74/100 slp
|-curestatus|p1a: Zapdos|slp|[msg]
|move|p1a: Zapdos|Roar|p2a: Swampert
|drag|p2a: Butterfree|Butterfree, F|82/100 tox
|
|-damage|p2a: Butterfree|76/100 tox|[from] psn
|-heal|p1a: Zapdos|80/100|[from] item: Leftovers
|upkeep
|turn|18
|inactive|grandparoshi has 210 seconds left.
|inactive|grandparoshi has 180 seconds left.
|
|t:|1728437073
|move|p2a: Butterfree|Sleep Powder|p1a: Zapdos
|-status|p1a: Zapdos|slp|[from] move: Sleep Powder
|cant|p1a: Zapdos|slp
|
|-damage|p2a: Butterfree|64/100 tox|[from] psn
|-heal|p1a: Zapdos|87/100 slp|[from] item: Leftovers
|upkeep
|turn|19
|
|t:|1728437083
|move|p2a: Butterfree|Giga Drain|p1a: Zapdos
|-resisted|p1a: Zapdos
|-damage|p1a: Zapdos|80/100 slp
|-heal|p2a: Butterfree|68/100 tox|[from] drain|[of] p1a: Zapdos
|cant|p1a: Zapdos|slp
|move|p1a: Zapdos|Sleep Talk|p1a: Zapdos
|move|p1a: Zapdos|Thunderbolt|p2a: Butterfree|[from]Sleep Talk
|-supereffective|p2a: Butterfree
|-damage|p2a: Butterfree|0 fnt
|faint|p2a: Butterfree
|inactive|grandparoshi has 150 seconds left.
|inactive|grandparoshi has 120 seconds left.
|
|t:|1728437144
|switch|p2a: Medicham|Medicham, M, shiny|100/100
|-damage|p2a: Medicham|84/100|[from] Spikes
|
|-heal|p1a: Zapdos|87/100 slp|[from] item: Leftovers
|upkeep
|turn|20
|
|t:|1728437158
|switch|p1a: Swampert|Swampert, F|100/100
|move|p2a: Medicham|Rock Slide|p1a: Swampert|[miss]
|-miss|p2a: Medicham|p1a: Swampert
|
|upkeep
|turn|21
|
|t:|1728437165
|move|p2a: Medicham|Brick Break|p1a: Swampert
|-damage|p1a: Swampert|69/100
|move|p1a: Swampert|Surf|p2a: Medicham
|-damage|p2a: Medicham|37/100
|
|-heal|p1a: Swampert|75/100|[from] item: Leftovers
|upkeep
|turn|22
|inactive|grandparoshi has 120 seconds left.
|
|t:|1728437188
|move|p2a: Medicham|Brick Break|p1a: Swampert
|-damage|p1a: Swampert|44/100
|move|p1a: Swampert|Surf|p2a: Medicham
|-damage|p2a: Medicham|0 fnt
|faint|p2a: Medicham
|
|t:|1728437196
|switch|p2a: Moltres|Moltres|100/100
|
|-heal|p1a: Swampert|50/100|[from] item: Leftovers
|upkeep
|turn|23
|
|t:|1728437201
|switch|p1a: Zapdos|Zapdos|87/100 slp
|move|p2a: Moltres|Hidden Power|p1a: Zapdos
|-resisted|p1a: Zapdos
|-damage|p1a: Zapdos|78/100 slp
|
|-heal|p1a: Zapdos|84/100 slp|[from] item: Leftovers
|upkeep
|turn|24
|inactive|grandparoshi has 120 seconds left.
|
|t:|1728437216
|switch|p2a: Swampert|Swampert, M, shiny|65/100
|-damage|p2a: Swampert|48/100|[from] Spikes
|cant|p1a: Zapdos|slp
|
|-heal|p1a: Zapdos|90/100 slp|[from] item: Leftovers
|-heal|p2a: Swampert|54/100|[from] item: Leftovers
|upkeep
|turn|25
|
|t:|1728437232
|switch|p1a: Forretress|Forretress, F|100/100
|move|p2a: Swampert|Ice Beam|p1a: Forretress
|-resisted|p1a: Forretress
|-damage|p1a: Forretress|92/100
|
|-heal|p2a: Swampert|60/100|[from] item: Leftovers
|-heal|p1a: Forretress|98/100|[from] item: Leftovers
|upkeep
|turn|26
|
|t:|1728437246
|move|p2a: Swampert|Earthquake|p1a: Forretress
|-damage|p1a: Forretress|70/100
|move|p1a: Forretress|Spikes|p2a: Swampert
|-sidestart|p2: grandparoshi|Spikes
|
|-heal|p2a: Swampert|67/100|[from] item: Leftovers
|-heal|p1a: Forretress|76/100|[from] item: Leftovers
|upkeep
|turn|27
|
|t:|1728437259
|move|p2a: Swampert|Ice Beam|p1a: Forretress
|-resisted|p1a: Forretress
|-damage|p1a: Forretress|67/100
|move|p1a: Forretress|Explosion|p2a: Swampert
|-damage|p2a: Swampert|0 fnt
|faint|p1a: Forretress
|faint|p2a: Swampert
|
|t:|1728437271
|switch|p2a: Jolteon|Jolteon, F|100/100
|switch|p1a: Blissey|Blissey, F|100/100
|-damage|p2a: Jolteon|75/100|[from] Spikes
|
|-heal|p2a: Jolteon|82/100|[from] item: Leftovers
|upkeep
|turn|28
|
|t:|1728437283
|switch|p2a: Metagross|Metagross|100/100
|-damage|p2a: Metagross|76/100|[from] Spikes
|move|p1a: Blissey|Thunder Wave|p2a: Metagross
|-status|p2a: Metagross|par
|
|upkeep
|turn|29
|
|t:|1728437303
|switch|p1a: Swampert|Swampert, F|50/100
|move|p2a: Metagross|Explosion|p1a: Swampert
|-damage|p1a: Swampert|0 fnt
|faint|p2a: Metagross
|faint|p1a: Swampert
|inactive|grandparoshi has 120 seconds left.
|
|t:|1728437327
|switch|p2a: Jolteon|Jolteon, F|82/100
|switch|p1a: Blissey|Blissey, F|100/100
|-damage|p2a: Jolteon|57/100|[from] Spikes
|
|-heal|p2a: Jolteon|63/100|[from] item: Leftovers
|upkeep
|turn|30
|inactive|grandparoshi has 90 seconds left.
|
|t:|1728437356
|move|p2a: Jolteon|Thunder Wave|p1a: Blissey
|-status|p1a: Blissey|par
|move|p1a: Blissey|Thunder Wave|p2a: Jolteon
|-status|p2a: Jolteon|par
|
|-heal|p2a: Jolteon|69/100 par|[from] item: Leftovers
|upkeep
|turn|31
|
|t:|1728437364
|move|p2a: Jolteon|Thunderbolt|p1a: Blissey
|-damage|p1a: Blissey|82/100 par
|cant|p1a: Blissey|par
|
|-heal|p2a: Jolteon|75/100 par|[from] item: Leftovers
|-heal|p1a: Blissey|89/100 par|[from] item: Leftovers
|upkeep
|turn|32
|
|t:|1728437373
|move|p2a: Jolteon|Thunderbolt|p1a: Blissey
|-damage|p1a: Blissey|71/100 par
|move|p1a: Blissey|Seismic Toss|p2a: Jolteon
|-damage|p2a: Jolteon|39/100 par
|
|-heal|p2a: Jolteon|45/100 par|[from] item: Leftovers
|-heal|p1a: Blissey|77/100 par|[from] item: Leftovers
|upkeep
|turn|33
|
|t:|1728437381
|move|p2a: Jolteon|Thunderbolt|p1a: Blissey
|-damage|p1a: Blissey|59/100 par
|move|p1a: Blissey|Seismic Toss|p2a: Jolteon
|-damage|p2a: Jolteon|8/100 par
|
|-heal|p2a: Jolteon|14/100 par|[from] item: Leftovers
|-heal|p1a: Blissey|65/100 par|[from] item: Leftovers
|upkeep
|turn|34
|
|t:|1728437389
|move|p2a: Jolteon|Thunderbolt|p1a: Blissey
|-damage|p1a: Blissey|48/100 par
|move|p1a: Blissey|Soft-Boiled|p1a: Blissey
|-heal|p1a: Blissey|98/100 par
|
|-heal|p2a: Jolteon|21/100 par|[from] item: Leftovers
|-heal|p1a: Blissey|100/100 par|[from] item: Leftovers
|upkeep
|turn|35
|
|t:|1728437396
|move|p2a: Jolteon|Thunderbolt|p1a: Blissey
|-damage|p1a: Blissey|82/100 par
|cant|p1a: Blissey|par
|
|-heal|p2a: Jolteon|27/100 par|[from] item: Leftovers
|-heal|p1a: Blissey|88/100 par|[from] item: Leftovers
|upkeep
|turn|36
|inactive|grandparoshi has 120 seconds left.
|
|t:|1728437403
|move|p2a: Jolteon|Thunderbolt|p1a: Blissey
|-damage|p1a: Blissey|70/100 par
|move|p1a: Blissey|Seismic Toss|p2a: Jolteon
|-damage|p2a: Jolteon|0 fnt
|faint|p2a: Jolteon
|inactive|grandparoshi has 120 seconds left.
|
|t:|1728437418
|switch|p2a: Moltres|Moltres|100/100
|
|-heal|p1a: Blissey|76/100 par|[from] item: Leftovers
|upkeep
|turn|37
|
|t:|1728437422
|move|p2a: Moltres|Overheat|p1a: Blissey|[miss]
|-miss|p2a: Moltres|p1a: Blissey
|move|p1a: Blissey|Thunder Wave|p2a: Moltres
|-status|p2a: Moltres|par
|
|-heal|p1a: Blissey|82/100 par|[from] item: Leftovers
|upkeep
|turn|38
|
|t:|1728437429
|move|p2a: Moltres|Overheat|p1a: Blissey
|-damage|p1a: Blissey|48/100 par
|-unboost|p2a: Moltres|spa|2
|move|p1a: Blissey|Seismic Toss|p2a: Moltres
|-damage|p2a: Moltres|69/100 par
|
|-heal|p2a: Moltres|76/100 par|[from] item: Leftovers
|-heal|p1a: Blissey|54/100 par|[from] item: Leftovers
|upkeep
|turn|39
|inactive|grandparoshi has 120 seconds left.
|
|t:|1728437446
|cant|p2a: Moltres|par
|move|p1a: Blissey|Soft-Boiled|p1a: Blissey
|-heal|p1a: Blissey|100/100 par
|
|-heal|p2a: Moltres|82/100 par|[from] item: Leftovers
|upkeep
|turn|40
|
|t:|1728437452
|cant|p2a: Moltres|par
|move|p1a: Blissey|Seismic Toss|p2a: Moltres
|-damage|p2a: Moltres|51/100 par
|
|-heal|p2a: Moltres|57/100 par|[from] item: Leftovers
|upkeep
|turn|41
|
|t:|1728437459
|move|p2a: Moltres|Flamethrower|p1a: Blissey
|-damage|p1a: Blissey|89/100 par
|move|p1a: Blissey|Seismic Toss|p2a: Moltres
|-damage|p2a: Moltres|26/100 par
|
|-heal|p2a: Moltres|32/100 par|[from] item: Leftovers
|-heal|p1a: Blissey|95/100 par|[from] item: Leftovers
|upkeep
|turn|42
|
|t:|1728437468
|move|p2a: Moltres|Flamethrower|p1a: Blissey
|-damage|p1a: Blissey|84/100 par
|move|p1a: Blissey|Seismic Toss|p2a: Moltres
|-damage|p2a: Moltres|1/100 par
|
|-heal|p2a: Moltres|7/100 par|[from] item: Leftovers
|-heal|p1a: Blissey|91/100 par|[from] item: Leftovers
|upkeep
|turn|43
|
|t:|1728437477
|-curestatus|p1a: Blissey|par|[from] ability: Natural Cure
|switch|p1a: Tyranitar|Tyranitar, M|100/100
|-weather|Sandstorm|[from] ability: Sand Stream|[of] p1a: Tyranitar
|move|p2a: Moltres|Flamethrower|p1a: Tyranitar
|-resisted|p1a: Tyranitar
|-damage|p1a: Tyranitar|88/100
|
|-weather|Sandstorm|[upkeep]
|-damage|p2a: Moltres|1/100 par|[from] Sandstorm
|-heal|p2a: Moltres|7/100 par|[from] item: Leftovers
|upkeep
|turn|44
|
|t:|1728437490
|move|p1a: Tyranitar|Hidden Power|p2a: Moltres
|-resisted|p2a: Moltres
|-damage|p2a: Moltres|0 fnt
|faint|p2a: Moltres
|
|win|BillGatesAlt
|player|p2|
|c|☆BillGatesAlt|ggs

</script>
<script type="application/json" class="data" id="replaydata-smogtours-gen3ou-796570">
{"id":"smogtours-gen3ou-796570","format":"[Gen 3] OU","players":["BillGatesAlt","grandparoshi"],"uploadtime":1728437490,"views":91,"formatid":"gen3ou","rating":null,"private":0,"password":null}
</script>

<script defer src="js/replays.js?9d40a366"></script>
