<!DOCTYPE html>
<meta charset="utf-8" />
<meta name="viewport" content="width=device-width" />

<title>[Gen 3] OU: yuramas vs. aburame nation - Replays - Pok&eacute;mon Showdown!</title>

<meta name="description" content="Watch a replay of a Pok&eacute;mon battle between yuramas and aburame nation! Format: [Gen 3] OU; Date: Oct 27, 2024" />
<!--

Hey, you! Looking in the source for the replay log?

You can find them in JSON format, just add `.json` at the end of a replay URL.

https://replay.pokemonshowdown.com/gen7randomdoublesbattle-865046831.json

Or, if you only need the log itself, add `.log` instead:

https://replay.pokemonshowdown.com/gen7randomdoublesbattle-865046831.log

-->

<link rel="stylesheet" href="//pokemonshowdown.com/style/global.css?0.023195364461161105" />
<link rel="stylesheet" href="//play.pokemonshowdown.com/style/font-awesome.css?0.13261647063804238" />
<link rel="stylesheet" href="//play.pokemonshowdown.com/style/battle.css?0.8753245789963631" />
<link rel="stylesheet" href="//play.pokemonshowdown.com/style/utilichart.css?0.8627959624976733" />

<!-- Global site tag (gtag.js) - Google Analytics -->
<script async src="https://www.googletagmanager.com/gtag/js?id=UA-26211653-1"></script>
<script>
  window.dataLayer = window.dataLayer || [];
  function gtag(){dataLayer.push(arguments);}
  gtag('js', new Date());

  gtag('config', 'UA-26211653-1');
</script>
<!-- End Google Analytics -->
<!-- Venatus Ad Manager - Install in <HEAD> of page -->
	<script src="https://hb.vntsm.com/v3/live/ad-manager.min.js" type="text/javascript" data-site-id="642aba63ec9a7b11c3c9c1be" data-mode="scan" async></script>
<!-- / Venatus Ad Manager -->

<style>
	@media (max-width:820px) {
		.battle {
			margin: 0 auto;
		}
		.battle-log {
			margin: 7px auto 0;
			max-width: 640px;
			height: 300px;
			position: static;
		}
	}
	.optgroup {
		display: inline-block;
		line-height: 22px;
		font-size: 10pt;
	}
	.optgroup .button {
		height: 25px;
		padding-top: 0;
		padding-bottom: 0;
	}
	.optgroup button.button {
		padding-left: 12px;
		padding-right: 12px;
	}
	.linklist {
		list-style: none;
		margin: 0.5em 0;
		padding: 0;
	}
	.linklist li {
		padding: 2px 0;
	}
	.sidebar {
		float: left;
		width: 320px;
	}
	.bar-wrapper {
		max-width: 1100px;
		margin: 0 auto;
	}
	.bar-wrapper.has-sidebar {
		max-width: 1430px;
	}
	.mainbar {
		margin: 0;
		padding-right: 1px;
	}
	.mainbar.has-sidebar {
		margin-left: 330px;
	}
	@media (min-width: 1511px) {
		.sidebar {
			width: 400px;
		}
		.bar-wrapper.has-sidebar {
			max-width: 1510px;
		}
		.mainbar.has-sidebar {
			margin-left: 410px;
		}
	}
	.section.first-section {
		margin-top: 9px;
	}
	.blocklink small {
		white-space: normal;
	}
	.button {
		vertical-align: middle;
	}
	.replay-controls {
		padding-top: 10px;
	}
	.replay-controls h1 {
		font-size: 16pt;
		font-weight: normal;
		color: #CCC;
	}
	.pagelink {
		text-align: center;
	}
	.pagelink a {
		width: 150px;
	}
	.textbox, .button {
		font-size: 11pt;
		vertical-align: middle;
	}
	@media (max-width: 450px) {
		.button {
			font-size: 9pt;
		}
	}
</style>

<div>

	<header>
		<div class="nav-wrapper"><ul class="nav">
			<li><a class="button nav-first" href="//pokemonshowdown.com/"><img src="//pokemonshowdown.com/images/pokemonshowdownbeta.png" srcset="//pokemonshowdown.com/images/pokemonshowdownbeta.png 1x, //pokemonshowdown.com/images/pokemonshowdownbeta@2x.png 2x" alt="Pok&eacute;mon Showdown" width="146" height="44" /> Home</a></li>
			<li><a class="button" href="//pokemonshowdown.com/dex/">Pok&eacute;dex</a></li>
			<li><a class="button cur" href="/">Replays</a></li>
			<li><a class="button" href="//pokemonshowdown.com/ladder/">Ladder</a></li>
			<li><a class="button nav-last" href="//pokemonshowdown.com/forums/">Forum</a></li>
			<li><a class="button greenbutton nav-first nav-last" href="//play.pokemonshowdown.com/">Play</a></li>
		</ul></div>
	</header>

	<div class="main" id="main">

		<noscript><section class="section">You need to enable JavaScript to use this page; sorry!</section></noscript>

	</div>

</div>

<script defer nomodule src="//play.pokemonshowdown.com/js/lib/ps-polyfill.js"></script>
<script defer src="//play.pokemonshowdown.com/js/lib/preact.min.js"></script>

<script defer src="//play.pokemonshowdown.com/config/config.js?2bddbc15"></script>
<script defer src="//play.pokemonshowdown.com/js/lib/jquery-1.11.0.min.js"></script>
<script defer src="//play.pokemonshowdown.com/js/lib/html-sanitizer-minified.js"></script>
<script defer src="//play.pokemonshowdown.com/js/battle-sound.js"></script>
<script defer src="//play.pokemonshowdown.com/js/battledata.js?0.7209276989879541"></script>
<script defer src="//play.pokemonshowdown.com/data/pokedex-mini.js?0.6111056340867951"></script>
<script defer src="//play.pokemonshowdown.com/data/pokedex-mini-bw.js?0.3532142036491459"></script>
<script defer src="//play.pokemonshowdown.com/data/graphics.js?0.24223875632456182"></script>
<script defer src="//play.pokemonshowdown.com/data/pokedex.js?0.38839984266356864"></script>
<script defer src="//play.pokemonshowdown.com/data/moves.js?0.21866028504024015"></script>
<script defer src="//play.pokemonshowdown.com/data/abilities.js?0.2005157953846628"></script>
<script defer src="//play.pokemonshowdown.com/data/items.js?0.9894211263848525"></script>
<script defer src="//play.pokemonshowdown.com/data/teambuilder-tables.js?0.6008791140282215"></script>
<script defer src="//play.pokemonshowdown.com/js/battle-tooltips.js?0.7580118955022959"></script>
<script defer src="//play.pokemonshowdown.com/js/battle.js?0.6057722274234274"></script>

<script defer src="js/utils.js?e31f9a17"></script>
<script defer src="js/replays-battle.js?7008c182"></script>

<!-- don't scrape this data! just add .json or .log after the URL!
Full API docs: https://github.com/smogon/pokemon-showdown-client/blob/master/WEB-API.md -->
<script type="text/plain" class="log" id="replaylog-smogtours-gen3ou-802451">
|inactive|Battle timer is ON: inactive players will automatically lose when time's up.
|t:|1730035129
|gametype|singles
|player|p1|yuramas|n|
|player|p2|aburame nation|101|
|teamsize|p1|6
|teamsize|p2|6
|gen|3
|tier|[Gen 3] OU
|rule|Sleep Clause Mod: Limit one foe put to sleep
|rule|Switch Priority Clause Mod: Faster Pokémon switch first
|rule|Species Clause: Limit one of each Pokémon
|rule|OHKO Clause: OHKO moves are banned
|rule|Evasion Items Clause: Evasion items are banned
|rule|Evasion Moves Clause: Evasion moves are banned
|rule|Endless Battle Clause: Forcing endless battles is banned
|rule|HP Percentage Mod: HP is shown in percentages
|rule|One Boost Passer Clause: Limit one Baton Passer that has a way to boost its stats
|rule|Freeze Clause Mod: Limit one foe frozen
|
|t:|1730035129
|start
|switch|p1a: Zapdos|Zapdos|100/100
|switch|p2a: Suicune|Suicune|100/100
|turn|1
|
|t:|1730035141
|switch|p2a: Celebi|Celebi|100/100
|move|p1a: Zapdos|Substitute|p1a: Zapdos
|-start|p1a: Zapdos|Substitute
|-damage|p1a: Zapdos|76/100
|
|-heal|p1a: Zapdos|82/100|[from] item: Leftovers
|upkeep
|turn|2
|
|t:|1730035152
|move|p2a: Celebi|Calm Mind|p2a: Celebi
|-boost|p2a: Celebi|spa|1
|-boost|p2a: Celebi|spd|1
|move|p1a: Zapdos|Baton Pass|p1a: Zapdos
|
|t:|1730035172
|switch|p1a: Heracross|Heracross, M|100/100|[from] Baton Pass
|
|upkeep
|turn|3
|
|t:|1730035189
|move|p2a: Celebi|Hidden Power|p1a: Heracross
|-supereffective|p1a: Heracross
|-end|p1a: Heracross|Substitute
|move|p1a: Heracross|Megahorn|p2a: Celebi
|-supereffective|p2a: Celebi
|-damage|p2a: Celebi|0 fnt
|faint|p2a: Celebi
|
|t:|1730035196
|switch|p2a: Dugtrio|Dugtrio, F|100/100
|
|upkeep
|turn|4
|inactive|yuramas has 270 seconds left.
|inactive|yuramas has 240 seconds left.
|
|t:|1730035259
|move|p2a: Dugtrio|Aerial Ace|p1a: Heracross
|-supereffective|p1a: Heracross
|-damage|p1a: Heracross|0 fnt
|faint|p1a: Heracross
|inactive|yuramas has 240 seconds left.
|
|t:|1730035266
|switch|p1a: Zapdos|Zapdos|82/100
|
|-heal|p1a: Zapdos|88/100|[from] item: Leftovers
|upkeep
|turn|5
|
|t:|1730035285
|switch|p2a: Jirachi|Jirachi|100/100
|move|p1a: Zapdos|Substitute|p1a: Zapdos
|-start|p1a: Zapdos|Substitute
|-damage|p1a: Zapdos|63/100
|
|-heal|p1a: Zapdos|69/100|[from] item: Leftovers
|upkeep
|turn|6
|inactive|yuramas has 240 seconds left.
|
|t:|1730035307
|move|p2a: Jirachi|Calm Mind|p2a: Jirachi
|-boost|p2a: Jirachi|spa|1
|-boost|p2a: Jirachi|spd|1
|move|p1a: Zapdos|Baton Pass|p1a: Zapdos
|
|t:|1730035309
|switch|p1a: Tyranitar|Tyranitar, F|100/100|[from] Baton Pass
|-weather|Sandstorm|[from] ability: Sand Stream|[of] p1a: Tyranitar
|
|-weather|Sandstorm|[upkeep]
|upkeep
|turn|7
|
|t:|1730035314
|move|p2a: Jirachi|Hidden Power|p1a: Tyranitar
|-supereffective|p1a: Tyranitar
|-end|p1a: Tyranitar|Substitute
|move|p1a: Tyranitar|Dragon Dance|p1a: Tyranitar
|-boost|p1a: Tyranitar|atk|1
|-boost|p1a: Tyranitar|spe|1
|
|-weather|Sandstorm|[upkeep]
|upkeep
|turn|8
|
|t:|1730035332
|move|p2a: Jirachi|Hidden Power|p1a: Tyranitar
|-supereffective|p1a: Tyranitar
|-damage|p1a: Tyranitar|50/100
|move|p1a: Tyranitar|Dragon Dance|p1a: Tyranitar
|-boost|p1a: Tyranitar|atk|1
|-boost|p1a: Tyranitar|spe|1
|
|-weather|Sandstorm|[upkeep]
|upkeep
|turn|9
|
|t:|1730035340
|move|p1a: Tyranitar|Earthquake|p2a: Jirachi
|-supereffective|p2a: Jirachi
|-damage|p2a: Jirachi|0 fnt
|faint|p2a: Jirachi
|c|☆aburame nation|Bulky tar
|c|☆aburame nation|I see
|inactive|aburame nation has 270 seconds left.
|
|t:|1730035373
|switch|p2a: Suicune|Suicune|100/100
|
|-weather|Sandstorm|[upkeep]
|-damage|p2a: Suicune|94/100|[from] Sandstorm
|-heal|p2a: Suicune|100/100|[from] item: Leftovers
|upkeep
|turn|10
|inactive|yuramas has 240 seconds left.
|
|t:|1730035404
|move|p1a: Tyranitar|Rock Slide|p2a: Suicune|[miss]
|-miss|p1a: Tyranitar|p2a: Suicune
|move|p2a: Suicune|Roar|p1a: Tyranitar
|drag|p1a: Zapdos|Zapdos|69/100
|
|-weather|Sandstorm|[upkeep]
|-damage|p1a: Zapdos|63/100|[from] Sandstorm
|-damage|p2a: Suicune|94/100|[from] Sandstorm
|-heal|p1a: Zapdos|69/100|[from] item: Leftovers
|-heal|p2a: Suicune|100/100|[from] item: Leftovers
|upkeep
|turn|11
|inactive|yuramas has 240 seconds left.
|
|t:|1730035430
|move|p1a: Zapdos|Thunderbolt|p2a: Suicune
|-supereffective|p2a: Suicune
|-damage|p2a: Suicune|32/100
|move|p2a: Suicune|Ice Beam|p1a: Zapdos
|-supereffective|p1a: Zapdos
|-damage|p1a: Zapdos|26/100
|
|-weather|Sandstorm|[upkeep]
|-damage|p1a: Zapdos|20/100|[from] Sandstorm
|-damage|p2a: Suicune|26/100|[from] Sandstorm
|-heal|p1a: Zapdos|26/100|[from] item: Leftovers
|-heal|p2a: Suicune|32/100|[from] item: Leftovers
|upkeep
|turn|12
|
|t:|1730035445
|switch|p2a: Dugtrio|Dugtrio, F|100/100
|move|p1a: Zapdos|Thunderbolt|p2a: Dugtrio
|-immune|p2a: Dugtrio
|
|-weather|Sandstorm|[upkeep]
|-damage|p1a: Zapdos|20/100|[from] Sandstorm
|-heal|p1a: Zapdos|26/100|[from] item: Leftovers
|upkeep
|turn|13
|
|t:|1730035462
|switch|p1a: Swampert|Swampert, M|100/100
|move|p2a: Dugtrio|Rock Slide|p1a: Swampert
|-resisted|p1a: Swampert
|-damage|p1a: Swampert|90/100
|
|-weather|Sandstorm|[upkeep]
|-heal|p1a: Swampert|97/100|[from] item: Leftovers
|upkeep
|turn|14
|
|t:|1730035481
|switch|p2a: Porygon2|Porygon2|100/100
|-ability|p2a: Porygon2|Torrent|[from] ability: Trace|[of] p1a: Swampert
|move|p1a: Swampert|Earthquake|p2a: Porygon2
|-damage|p2a: Porygon2|72/100
|
|-weather|Sandstorm|[upkeep]
|-damage|p2a: Porygon2|66/100|[from] Sandstorm
|-heal|p2a: Porygon2|72/100|[from] item: Leftovers
|-heal|p1a: Swampert|100/100|[from] item: Leftovers
|upkeep
|turn|15
|inactive|yuramas has 210 seconds left.
|
|t:|1730035503
|move|p2a: Porygon2|Toxic|p1a: Swampert
|-status|p1a: Swampert|tox
|move|p1a: Swampert|Surf|p2a: Porygon2
|-damage|p2a: Porygon2|46/100
|
|-weather|Sandstorm|[upkeep]
|-damage|p2a: Porygon2|40/100|[from] Sandstorm
|-heal|p2a: Porygon2|46/100|[from] item: Leftovers
|-damage|p1a: Swampert|94/100 tox|[from] psn
|upkeep
|turn|16
|inactive|yuramas has 210 seconds left.
|
|t:|1730035518
|switch|p1a: Jirachi|Jirachi|100/100
|move|p2a: Porygon2|Recover|p2a: Porygon2
|-heal|p2a: Porygon2|96/100
|
|-weather|Sandstorm|[upkeep]
|-damage|p2a: Porygon2|90/100|[from] Sandstorm
|-heal|p2a: Porygon2|96/100|[from] item: Leftovers
|upkeep
|turn|17
|
|t:|1730035526
|move|p1a: Jirachi|Body Slam|p2a: Porygon2
|-damage|p2a: Porygon2|82/100
|-status|p2a: Porygon2|par
|move|p2a: Porygon2|Thunderbolt|p1a: Jirachi
|-damage|p1a: Jirachi|85/100
|
|-weather|Sandstorm|[upkeep]
|-damage|p2a: Porygon2|76/100 par|[from] Sandstorm
|-heal|p1a: Jirachi|91/100|[from] item: Leftovers
|-heal|p2a: Porygon2|82/100 par|[from] item: Leftovers
|upkeep
|turn|18
|
|t:|1730035542
|switch|p2a: Dugtrio|Dugtrio, F|100/100
|move|p1a: Jirachi|Wish|p1a: Jirachi
|
|-weather|Sandstorm|[upkeep]
|-heal|p1a: Jirachi|98/100|[from] item: Leftovers
|upkeep
|turn|19
|
|t:|1730035553
|move|p2a: Dugtrio|Earthquake|p1a: Jirachi
|-supereffective|p1a: Jirachi
|-damage|p1a: Jirachi|10/100
|move|p1a: Jirachi|Body Slam|p2a: Dugtrio
|-damage|p2a: Dugtrio|43/100
|
|-heal|p1a: Jirachi|60/100|[from] move: Wish|[wisher] Jirachi
|-weather|Sandstorm|[upkeep]
|-heal|p1a: Jirachi|66/100|[from] item: Leftovers
|upkeep
|turn|20
|
|t:|1730035561
|move|p1a: Jirachi|Protect|p1a: Jirachi
|-singleturn|p1a: Jirachi|Protect
|move|p2a: Dugtrio|Earthquake|p1a: Jirachi
|-activate|p1a: Jirachi|Protect
|
|-weather|Sandstorm|[upkeep]
|-heal|p1a: Jirachi|72/100|[from] item: Leftovers
|upkeep
|turn|21
|
|t:|1730035569
|move|p2a: Dugtrio|Earthquake|p1a: Jirachi
|-supereffective|p1a: Jirachi
|-damage|p1a: Jirachi|0 fnt
|faint|p1a: Jirachi
|
|t:|1730035579
|switch|p1a: Zapdos|Zapdos|26/100
|
|-weather|Sandstorm|[upkeep]
|-damage|p1a: Zapdos|20/100|[from] Sandstorm
|-heal|p1a: Zapdos|26/100|[from] item: Leftovers
|upkeep
|turn|22
|
|t:|1730035589
|switch|p2a: Porygon2|Porygon2|82/100 par
|-ability|p2a: Porygon2|Pressure|[from] ability: Trace|[of] p1a: Zapdos
|move|p1a: Zapdos|Hidden Power|p2a: Porygon2
|-damage|p2a: Porygon2|64/100 par
|
|-weather|Sandstorm|[upkeep]
|-damage|p1a: Zapdos|20/100|[from] Sandstorm
|-damage|p2a: Porygon2|58/100 par|[from] Sandstorm
|-heal|p1a: Zapdos|26/100|[from] item: Leftovers
|-heal|p2a: Porygon2|64/100 par|[from] item: Leftovers
|upkeep
|turn|23
|
|t:|1730035593
|move|p1a: Zapdos|Thunderbolt|p2a: Porygon2
|-damage|p2a: Porygon2|29/100 par
|move|p2a: Porygon2|Ice Beam|p1a: Zapdos
|-supereffective|p1a: Zapdos
|-damage|p1a: Zapdos|0 fnt
|faint|p1a: Zapdos
|
|t:|1730035602
|switch|p1a: Starmie|Starmie|100/100
|
|-weather|Sandstorm|[upkeep]
|-damage|p1a: Starmie|94/100|[from] Sandstorm
|-damage|p2a: Porygon2|23/100 par|[from] Sandstorm
|-heal|p1a: Starmie|100/100|[from] item: Leftovers
|-heal|p2a: Porygon2|29/100 par|[from] item: Leftovers
|upkeep
|turn|24
|inactive|yuramas has 240 seconds left.
|
|t:|1730035609
|move|p1a: Starmie|Surf|p2a: Porygon2
|-crit|p2a: Porygon2
|-damage|p2a: Porygon2|0 fnt
|faint|p2a: Porygon2
|
|t:|1730035615
|switch|p2a: Raikou|Raikou|100/100
|
|-weather|Sandstorm|[upkeep]
|-damage|p2a: Raikou|94/100|[from] Sandstorm
|-damage|p1a: Starmie|94/100|[from] Sandstorm
|-heal|p2a: Raikou|100/100|[from] item: Leftovers
|-heal|p1a: Starmie|100/100|[from] item: Leftovers
|upkeep
|turn|25
|inactive|yuramas has 240 seconds left.
|inactive|yuramas has 210 seconds left.
|
|t:|1730035665
|switch|p1a: Tyranitar|Tyranitar, F|50/100
|move|p2a: Raikou|Substitute|p2a: Raikou
|-start|p2a: Raikou|Substitute
|-damage|p2a: Raikou|76/100
|
|-weather|Sandstorm|[upkeep]
|-damage|p2a: Raikou|69/100|[from] Sandstorm
|-heal|p2a: Raikou|76/100|[from] item: Leftovers
|upkeep
|turn|26
|inactive|aburame nation disconnected and has 300 seconds to reconnect!
|player|p2|
|inactive|aburame nation reconnected and has 300 seconds left.
|player|p2|aburame nation|101|
|c|☆aburame nation|Oof
|inactive|aburame nation has 270 seconds left.
|
|t:|1730035720
|move|p2a: Raikou|Calm Mind|p2a: Raikou
|-boost|p2a: Raikou|spa|1
|-boost|p2a: Raikou|spd|1
|move|p1a: Tyranitar|Earthquake|p2a: Raikou
|-supereffective|p2a: Raikou
|-end|p2a: Raikou|Substitute
|
|-weather|Sandstorm|[upkeep]
|-damage|p2a: Raikou|69/100|[from] Sandstorm
|-heal|p2a: Raikou|76/100|[from] item: Leftovers
|upkeep
|turn|27
|inactive|yuramas has 210 seconds left.
|
|t:|1730035738
|move|p2a: Raikou|Thunderbolt|p1a: Tyranitar
|-damage|p1a: Tyranitar|0 fnt
|faint|p1a: Tyranitar
|
|t:|1730035741
|switch|p1a: Swampert|Swampert, M|94/100 tox
|
|-weather|Sandstorm|[upkeep]
|-damage|p2a: Raikou|69/100|[from] Sandstorm
|-heal|p2a: Raikou|76/100|[from] item: Leftovers
|-heal|p1a: Swampert|100/100 tox|[from] item: Leftovers
|-damage|p1a: Swampert|94/100 tox|[from] psn
|upkeep
|turn|28
|
|t:|1730035750
|move|p2a: Raikou|Substitute|p2a: Raikou
|-start|p2a: Raikou|Substitute
|-damage|p2a: Raikou|51/100
|move|p1a: Swampert|Earthquake|p2a: Raikou
|-supereffective|p2a: Raikou
|-end|p2a: Raikou|Substitute
|
|-weather|Sandstorm|[upkeep]
|-damage|p2a: Raikou|45/100|[from] Sandstorm
|-heal|p2a: Raikou|51/100|[from] item: Leftovers
|-heal|p1a: Swampert|100/100 tox|[from] item: Leftovers
|-damage|p1a: Swampert|88/100 tox|[from] psn
|upkeep
|turn|29
|
|t:|1730035761
|move|p2a: Raikou|Substitute|p2a: Raikou
|-start|p2a: Raikou|Substitute
|-damage|p2a: Raikou|26/100
|move|p1a: Swampert|Earthquake|p2a: Raikou
|-supereffective|p2a: Raikou
|-end|p2a: Raikou|Substitute
|
|-weather|Sandstorm|[upkeep]
|-damage|p2a: Raikou|20/100|[from] Sandstorm
|-heal|p2a: Raikou|26/100|[from] item: Leftovers
|-heal|p1a: Swampert|94/100 tox|[from] item: Leftovers
|-damage|p1a: Swampert|76/100 tox|[from] psn
|upkeep
|turn|30
|inactive|aburame nation has 270 seconds left.
|
|t:|1730035792
|switch|p2a: Dugtrio|Dugtrio, F|43/100
|move|p1a: Swampert|Earthquake|p2a: Dugtrio
|-damage|p2a: Dugtrio|0 fnt
|faint|p2a: Dugtrio
|
|t:|1730035797
|switch|p2a: Suicune|Suicune|32/100
|
|-weather|Sandstorm|[upkeep]
|-damage|p2a: Suicune|26/100|[from] Sandstorm
|-heal|p2a: Suicune|32/100|[from] item: Leftovers
|-heal|p1a: Swampert|82/100 tox|[from] item: Leftovers
|-damage|p1a: Swampert|57/100 tox|[from] psn
|upkeep
|turn|31
|
|t:|1730035804
|switch|p1a: Starmie|Starmie|100/100
|move|p2a: Suicune|Ice Beam|p1a: Starmie
|-resisted|p1a: Starmie
|-damage|p1a: Starmie|82/100
|
|-weather|Sandstorm|[upkeep]
|-damage|p1a: Starmie|76/100|[from] Sandstorm
|-damage|p2a: Suicune|26/100|[from] Sandstorm
|-heal|p1a: Starmie|82/100|[from] item: Leftovers
|-heal|p2a: Suicune|32/100|[from] item: Leftovers
|upkeep
|turn|32
|
|t:|1730035816
|move|p1a: Starmie|Thunder Wave|p2a: Suicune
|-status|p2a: Suicune|par
|move|p2a: Suicune|Hydro Pump|p1a: Starmie
|-resisted|p1a: Starmie
|-damage|p1a: Starmie|52/100
|
|-weather|Sandstorm|[upkeep]
|-damage|p1a: Starmie|46/100|[from] Sandstorm
|-damage|p2a: Suicune|26/100 par|[from] Sandstorm
|-heal|p1a: Starmie|52/100|[from] item: Leftovers
|-heal|p2a: Suicune|32/100 par|[from] item: Leftovers
|upkeep
|turn|33
|
|t:|1730035822
|move|p1a: Starmie|Recover|p1a: Starmie
|-heal|p1a: Starmie|100/100
|move|p2a: Suicune|Roar|p1a: Starmie
|drag|p1a: Swampert|Swampert, M|57/100 tox
|
|-weather|Sandstorm|[upkeep]
|-damage|p2a: Suicune|26/100 par|[from] Sandstorm
|-heal|p1a: Swampert|63/100 tox|[from] item: Leftovers
|-damage|p1a: Swampert|57/100 tox|[from] psn
|-heal|p2a: Suicune|32/100 par|[from] item: Leftovers
|upkeep
|turn|34
|
|t:|1730035833
|switch|p1a: Starmie|Starmie|100/100
|move|p2a: Suicune|Calm Mind|p2a: Suicune
|-boost|p2a: Suicune|spa|1
|-boost|p2a: Suicune|spd|1
|
|-weather|Sandstorm|[upkeep]
|-damage|p1a: Starmie|94/100|[from] Sandstorm
|-damage|p2a: Suicune|26/100 par|[from] Sandstorm
|-heal|p1a: Starmie|100/100|[from] item: Leftovers
|-heal|p2a: Suicune|32/100 par|[from] item: Leftovers
|upkeep
|turn|35
|
|t:|1730035840
|move|p1a: Starmie|Surf|p2a: Suicune
|-resisted|p2a: Suicune
|-damage|p2a: Suicune|23/100 par
|cant|p2a: Suicune|par
|
|-weather|Sandstorm|[upkeep]
|-damage|p1a: Starmie|94/100|[from] Sandstorm
|-damage|p2a: Suicune|17/100 par|[from] Sandstorm
|-heal|p1a: Starmie|100/100|[from] item: Leftovers
|-heal|p2a: Suicune|23/100 par|[from] item: Leftovers
|upkeep
|turn|36
|
|t:|1730035844
|move|p1a: Starmie|Surf|p2a: Suicune
|-resisted|p2a: Suicune
|-damage|p2a: Suicune|13/100 par
|move|p2a: Suicune|Hydro Pump|p1a: Starmie
|-resisted|p1a: Starmie
|-damage|p1a: Starmie|49/100
|
|-weather|Sandstorm|[upkeep]
|-damage|p1a: Starmie|43/100|[from] Sandstorm
|-damage|p2a: Suicune|7/100 par|[from] Sandstorm
|-heal|p1a: Starmie|49/100|[from] item: Leftovers
|-heal|p2a: Suicune|13/100 par|[from] item: Leftovers
|upkeep
|turn|37
|
|t:|1730035855
|move|p1a: Starmie|Surf|p2a: Suicune
|-resisted|p2a: Suicune
|-damage|p2a: Suicune|4/100 par
|cant|p2a: Suicune|par
|
|-weather|Sandstorm|[upkeep]
|-damage|p1a: Starmie|43/100|[from] Sandstorm
|-damage|p2a: Suicune|0 fnt|[from] Sandstorm
|faint|p2a: Suicune
|-heal|p1a: Starmie|49/100|[from] item: Leftovers
|upkeep
|
|t:|1730035860
|switch|p2a: Raikou|Raikou|26/100
|turn|38
|
|t:|1730035865
|move|p2a: Raikou|Thunderbolt|p1a: Starmie
|-supereffective|p1a: Starmie
|-damage|p1a: Starmie|0 fnt
|faint|p1a: Starmie
|
|t:|1730035868
|switch|p1a: Swampert|Swampert, M|57/100 tox
|
|-weather|Sandstorm|[upkeep]
|-damage|p2a: Raikou|20/100|[from] Sandstorm
|-heal|p2a: Raikou|26/100|[from] item: Leftovers
|-heal|p1a: Swampert|63/100 tox|[from] item: Leftovers
|-damage|p1a: Swampert|57/100 tox|[from] psn
|upkeep
|turn|39
|c|☆aburame nation|Let's see
|c|☆aburame nation|If i can ko
|
|t:|1730035881
|move|p2a: Raikou|Hidden Power|p1a: Swampert
|-damage|p1a: Swampert|37/100 tox
|move|p1a: Swampert|Earthquake|p2a: Raikou
|-supereffective|p2a: Raikou
|-damage|p2a: Raikou|0 fnt
|faint|p2a: Raikou
|
|win|yuramas
|c|☆yuramas|oh
|c|☆yuramas|no hp grass
|c|☆yuramas|gg
|c|☆aburame nation|Haha, not even close 
|c|☆aburame nation|Gg

</script>
<script type="application/json" class="data" id="replaydata-smogtours-gen3ou-802451">
{"id":"smogtours-gen3ou-802451","format":"[Gen 3] OU","players":["yuramas","aburame nation"],"uploadtime":1730035881,"views":75,"formatid":"gen3ou","rating":null,"private":0,"password":null}
</script>

<script defer src="js/replays.js?9d40a366"></script>
