<!DOCTYPE html>
<meta charset="utf-8" />
<meta name="viewport" content="width=device-width" />

<title>[Gen 3] OU: RaskaPork vs. vbncvx - Replays - Pok&eacute;mon Showdown!</title>

<meta name="description" content="Watch a replay of a Pok&eacute;mon battle between RaskaPork and vbncvx! Format: [Gen 3] OU; Date: Oct 11, 2024" />
<!--

Hey, you! Looking in the source for the replay log?

You can find them in JSON format, just add `.json` at the end of a replay URL.

https://replay.pokemonshowdown.com/gen7randomdoublesbattle-865046831.json

Or, if you only need the log itself, add `.log` instead:

https://replay.pokemonshowdown.com/gen7randomdoublesbattle-865046831.log

-->

<link rel="stylesheet" href="//pokemonshowdown.com/style/global.css?0.023195364461161105" />
<link rel="stylesheet" href="//play.pokemonshowdown.com/style/font-awesome.css?0.13261647063804238" />
<link rel="stylesheet" href="//play.pokemonshowdown.com/style/battle.css?0.8753245789963631" />
<link rel="stylesheet" href="//play.pokemonshowdown.com/style/utilichart.css?0.8627959624976733" />

<!-- Global site tag (gtag.js) - Google Analytics -->
<script async src="https://www.googletagmanager.com/gtag/js?id=UA-26211653-1"></script>
<script>
  window.dataLayer = window.dataLayer || [];
  function gtag(){dataLayer.push(arguments);}
  gtag('js', new Date());

  gtag('config', 'UA-26211653-1');
</script>
<!-- End Google Analytics -->
<!-- Venatus Ad Manager - Install in <HEAD> of page -->
	<script src="https://hb.vntsm.com/v3/live/ad-manager.min.js" type="text/javascript" data-site-id="642aba63ec9a7b11c3c9c1be" data-mode="scan" async></script>
<!-- / Venatus Ad Manager -->

<style>
	@media (max-width:820px) {
		.battle {
			margin: 0 auto;
		}
		.battle-log {
			margin: 7px auto 0;
			max-width: 640px;
			height: 300px;
			position: static;
		}
	}
	.optgroup {
		display: inline-block;
		line-height: 22px;
		font-size: 10pt;
	}
	.optgroup .button {
		height: 25px;
		padding-top: 0;
		padding-bottom: 0;
	}
	.optgroup button.button {
		padding-left: 12px;
		padding-right: 12px;
	}
	.linklist {
		list-style: none;
		margin: 0.5em 0;
		padding: 0;
	}
	.linklist li {
		padding: 2px 0;
	}
	.sidebar {
		float: left;
		width: 320px;
	}
	.bar-wrapper {
		max-width: 1100px;
		margin: 0 auto;
	}
	.bar-wrapper.has-sidebar {
		max-width: 1430px;
	}
	.mainbar {
		margin: 0;
		padding-right: 1px;
	}
	.mainbar.has-sidebar {
		margin-left: 330px;
	}
	@media (min-width: 1511px) {
		.sidebar {
			width: 400px;
		}
		.bar-wrapper.has-sidebar {
			max-width: 1510px;
		}
		.mainbar.has-sidebar {
			margin-left: 410px;
		}
	}
	.section.first-section {
		margin-top: 9px;
	}
	.blocklink small {
		white-space: normal;
	}
	.button {
		vertical-align: middle;
	}
	.replay-controls {
		padding-top: 10px;
	}
	.replay-controls h1 {
		font-size: 16pt;
		font-weight: normal;
		color: #CCC;
	}
	.pagelink {
		text-align: center;
	}
	.pagelink a {
		width: 150px;
	}
	.textbox, .button {
		font-size: 11pt;
		vertical-align: middle;
	}
	@media (max-width: 450px) {
		.button {
			font-size: 9pt;
		}
	}
</style>

<div>

	<header>
		<div class="nav-wrapper"><ul class="nav">
			<li><a class="button nav-first" href="//pokemonshowdown.com/"><img src="//pokemonshowdown.com/images/pokemonshowdownbeta.png" srcset="//pokemonshowdown.com/images/pokemonshowdownbeta.png 1x, //pokemonshowdown.com/images/pokemonshowdownbeta@2x.png 2x" alt="Pok&eacute;mon Showdown" width="146" height="44" /> Home</a></li>
			<li><a class="button" href="//pokemonshowdown.com/dex/">Pok&eacute;dex</a></li>
			<li><a class="button cur" href="/">Replays</a></li>
			<li><a class="button" href="//pokemonshowdown.com/ladder/">Ladder</a></li>
			<li><a class="button nav-last" href="//pokemonshowdown.com/forums/">Forum</a></li>
			<li><a class="button greenbutton nav-first nav-last" href="//play.pokemonshowdown.com/">Play</a></li>
		</ul></div>
	</header>

	<div class="main" id="main">

		<noscript><section class="section">You need to enable JavaScript to use this page; sorry!</section></noscript>

	</div>

</div>

<script defer nomodule src="//play.pokemonshowdown.com/js/lib/ps-polyfill.js"></script>
<script defer src="//play.pokemonshowdown.com/js/lib/preact.min.js"></script>

<script defer src="//play.pokemonshowdown.com/config/config.js?2bddbc15"></script>
<script defer src="//play.pokemonshowdown.com/js/lib/jquery-1.11.0.min.js"></script>
<script defer src="//play.pokemonshowdown.com/js/lib/html-sanitizer-minified.js"></script>
<script defer src="//play.pokemonshowdown.com/js/battle-sound.js"></script>
<script defer src="//play.pokemonshowdown.com/js/battledata.js?0.7209276989879541"></script>
<script defer src="//play.pokemonshowdown.com/data/pokedex-mini.js?0.6111056340867951"></script>
<script defer src="//play.pokemonshowdown.com/data/pokedex-mini-bw.js?0.3532142036491459"></script>
<script defer src="//play.pokemonshowdown.com/data/graphics.js?0.24223875632456182"></script>
<script defer src="//play.pokemonshowdown.com/data/pokedex.js?0.38839984266356864"></script>
<script defer src="//play.pokemonshowdown.com/data/moves.js?0.21866028504024015"></script>
<script defer src="//play.pokemonshowdown.com/data/abilities.js?0.2005157953846628"></script>
<script defer src="//play.pokemonshowdown.com/data/items.js?0.9894211263848525"></script>
<script defer src="//play.pokemonshowdown.com/data/teambuilder-tables.js?0.6008791140282215"></script>
<script defer src="//play.pokemonshowdown.com/js/battle-tooltips.js?0.7580118955022959"></script>
<script defer src="//play.pokemonshowdown.com/js/battle.js?0.6057722274234274"></script>

<script defer src="js/utils.js?e31f9a17"></script>
<script defer src="js/replays-battle.js?7008c182"></script>

<!-- don't scrape this data! just add .json or .log after the URL!
Full API docs: https://github.com/smogon/pokemon-showdown-client/blob/master/WEB-API.md -->
<script type="text/plain" class="log" id="replaylog-smogtours-gen3ou-797087">
|inactive|Battle timer is ON: inactive players will automatically lose when time's up.
|t:|1728606051
|gametype|singles
|player|p1|RaskaPork|ingo|
|player|p2|vbncvx|2|
|teamsize|p1|6
|teamsize|p2|6
|gen|3
|tier|[Gen 3] OU
|rule|Sleep Clause Mod: Limit one foe put to sleep
|rule|Switch Priority Clause Mod: Faster Pokémon switch first
|rule|Species Clause: Limit one of each Pokémon
|rule|OHKO Clause: OHKO moves are banned
|rule|Evasion Items Clause: Evasion items are banned
|rule|Evasion Moves Clause: Evasion moves are banned
|rule|Endless Battle Clause: Forcing endless battles is banned
|rule|HP Percentage Mod: HP is shown in percentages
|rule|One Boost Passer Clause: Limit one Baton Passer that has a way to boost its stats
|rule|Freeze Clause Mod: Limit one foe frozen
|
|t:|1728606051
|start
|switch|p1a: Suicune|Suicune|100/100
|switch|p2a: Hariyama|Hariyama, M|100/100
|turn|1
|c|☆vbncvx|glhf
|
|t:|1728606059
|move|p1a: Suicune|Substitute|p1a: Suicune
|-start|p1a: Suicune|Substitute
|-damage|p1a: Suicune|75/100
|move|p2a: Hariyama|Knock Off|p1a: Suicune
|-activate|p1a: Suicune|Substitute|[damage]
|
|-heal|p1a: Suicune|82/100|[from] item: Leftovers
|upkeep
|turn|2
|c|☆RaskaPork|u2
|
|t:|1728606070
|move|p1a: Suicune|Calm Mind|p1a: Suicune
|-boost|p1a: Suicune|spa|1
|-boost|p1a: Suicune|spd|1
|move|p2a: Hariyama|Brick Break|p1a: Suicune
|-crit|p1a: Suicune
|-end|p1a: Suicune|Substitute
|
|-heal|p1a: Suicune|88/100|[from] item: Leftovers
|upkeep
|turn|3
|
|t:|1728606077
|move|p1a: Suicune|Calm Mind|p1a: Suicune
|-boost|p1a: Suicune|spa|1
|-boost|p1a: Suicune|spd|1
|move|p2a: Hariyama|Brick Break|p1a: Suicune
|-damage|p1a: Suicune|60/100
|
|-heal|p1a: Suicune|66/100|[from] item: Leftovers
|upkeep
|turn|4
|
|t:|1728606081
|move|p1a: Suicune|Substitute|p1a: Suicune
|-start|p1a: Suicune|Substitute
|-damage|p1a: Suicune|41/100
|move|p2a: Hariyama|Brick Break|p1a: Suicune
|-end|p1a: Suicune|Substitute
|
|-heal|p1a: Suicune|48/100|[from] item: Leftovers
|upkeep
|turn|5
|
|t:|1728606086
|switch|p2a: Celebi|Celebi|100/100
|move|p1a: Suicune|Surf|p2a: Celebi
|-resisted|p2a: Celebi
|-damage|p2a: Celebi|74/100
|
|-heal|p1a: Suicune|54/100|[from] item: Leftovers
|-heal|p2a: Celebi|80/100|[from] item: Leftovers
|upkeep
|turn|6
|
|t:|1728606107
|move|p1a: Suicune|Ice Beam|p2a: Celebi
|-supereffective|p2a: Celebi
|-damage|p2a: Celebi|12/100
|move|p2a: Celebi|Leech Seed|p1a: Suicune
|-start|p1a: Suicune|move: Leech Seed
|
|-heal|p1a: Suicune|60/100|[from] item: Leftovers
|-damage|p1a: Suicune|48/100|[from] Leech Seed|[of] p2a: Celebi
|-heal|p2a: Celebi|25/100|[silent]
|-heal|p2a: Celebi|31/100|[from] item: Leftovers
|upkeep
|turn|7
|
|t:|1728606116
|move|p1a: Suicune|Surf|p2a: Celebi
|-resisted|p2a: Celebi
|-damage|p2a: Celebi|6/100
|move|p2a: Celebi|Recover|p2a: Celebi
|-heal|p2a: Celebi|56/100
|
|-heal|p1a: Suicune|54/100|[from] item: Leftovers
|-damage|p1a: Suicune|41/100|[from] Leech Seed|[of] p2a: Celebi
|-heal|p2a: Celebi|68/100|[silent]
|-heal|p2a: Celebi|75/100|[from] item: Leftovers
|upkeep
|turn|8
|
|t:|1728606119
|switch|p2a: Jirachi|Jirachi|100/100
|move|p1a: Suicune|Ice Beam|p2a: Jirachi
|-resisted|p2a: Jirachi
|-damage|p2a: Jirachi|86/100
|
|-heal|p1a: Suicune|48/100|[from] item: Leftovers
|-damage|p1a: Suicune|35/100|[from] Leech Seed|[of] p2a: Jirachi
|-heal|p2a: Jirachi|99/100|[silent]
|-heal|p2a: Jirachi|100/100|[from] item: Leftovers
|upkeep
|turn|9
|
|t:|1728606127
|switch|p1a: Metagross|Metagross|100/100
|move|p2a: Jirachi|Protect||[still]
|-fail|p2a: Jirachi
|
|upkeep
|turn|10
|
|t:|1728606146
|move|p2a: Jirachi|Protect|p2a: Jirachi
|-singleturn|p2a: Jirachi|Protect
|move|p1a: Metagross|Earthquake|p2a: Jirachi
|-activate|p2a: Jirachi|Protect
|
|upkeep
|turn|11
|
|t:|1728606158
|switch|p2a: Celebi|Celebi|75/100
|switch|p1a: Magneton|Magneton|100/100
|
|-heal|p2a: Celebi|81/100|[from] item: Leftovers
|upkeep
|turn|12
|
|t:|1728606172
|move|p2a: Celebi|Leech Seed|p1a: Magneton
|-start|p1a: Magneton|move: Leech Seed
|move|p1a: Magneton|Thunder Wave|p2a: Celebi
|-status|p2a: Celebi|par
|
|-damage|p1a: Magneton|88/100|[from] Leech Seed|[of] p2a: Celebi
|-heal|p2a: Celebi|88/100 par|[silent]
|-heal|p2a: Celebi|94/100 par|[from] item: Leftovers
|upkeep
|turn|13
|
|t:|1728606181
|switch|p1a: Snorlax|Snorlax, M|100/100
|-curestatus|p2a: Celebi|par|[from] ability: Natural Cure
|switch|p2a: Hariyama|Hariyama, M|100/100
|
|upkeep
|turn|14
|
|t:|1728606189
|-singleturn|p2a: Hariyama|move: Focus Punch
|switch|p1a: Suicune|Suicune|35/100
|move|p2a: Hariyama|Focus Punch|p1a: Suicune
|-damage|p1a: Suicune|0 fnt
|faint|p1a: Suicune
|
|t:|1728606190
|switch|p1a: Salamence|Salamence, F|100/100
|-ability|p1a: Salamence|Intimidate|boost
|-unboost|p2a: Hariyama|atk|1
|
|upkeep
|turn|15
|
|t:|1728606195
|switch|p2a: Starmie|Starmie|100/100
|move|p1a: Salamence|Dragon Claw|p2a: Starmie
|-damage|p2a: Starmie|51/100
|
|-heal|p2a: Starmie|57/100|[from] item: Leftovers
|upkeep
|turn|16
|
|t:|1728606201
|switch|p1a: Snorlax|Snorlax, M|100/100
|move|p2a: Starmie|Thunder Wave|p1a: Snorlax
|-status|p1a: Snorlax|par
|
|-heal|p2a: Starmie|63/100|[from] item: Leftovers
|upkeep
|turn|17
|
|t:|1728606213
|-singleturn|p1a: Snorlax|move: Focus Punch
|switch|p2a: Hariyama|Hariyama, M|100/100
|move|p1a: Snorlax|Focus Punch|p2a: Hariyama
|-damage|p2a: Hariyama|55/100
|
|-heal|p2a: Hariyama|61/100|[from] item: Leftovers
|upkeep
|turn|18
|
|t:|1728606223
|switch|p1a: Heracross|Heracross, F|100/100
|move|p2a: Hariyama|Knock Off|p1a: Heracross
|-resisted|p1a: Heracross
|-damage|p1a: Heracross|99/100
|-enditem|p1a: Heracross|Salac Berry|[from] move: Knock Off|[of] p2a: Hariyama
|-hint|In Gens 3-4, Knock Off only makes the target's item unusable; it cannot obtain a new item.
|
|-heal|p2a: Hariyama|67/100|[from] item: Leftovers
|upkeep
|turn|19
|
|t:|1728606230
|switch|p2a: Salamence|Salamence, M|100/100
|-ability|p2a: Salamence|Intimidate|boost
|-unboost|p1a: Heracross|atk|1
|move|p1a: Heracross|Substitute|p1a: Heracross
|-start|p1a: Heracross|Substitute
|-damage|p1a: Heracross|74/100
|
|upkeep
|turn|20
|
|t:|1728606237
|switch|p2a: Jirachi|Jirachi|100/100
|move|p1a: Heracross|Rock Slide|p2a: Jirachi
|-resisted|p2a: Jirachi
|-damage|p2a: Jirachi|94/100
|
|-heal|p2a: Jirachi|99/100|[from] item: Leftovers
|upkeep
|turn|21
|
|t:|1728606249
|move|p1a: Heracross|Megahorn|p2a: Jirachi|[miss]
|-miss|p1a: Heracross|p2a: Jirachi
|move|p2a: Jirachi|Fire Punch|p1a: Heracross
|-supereffective|p1a: Heracross
|-end|p1a: Heracross|Substitute
|
|-heal|p2a: Jirachi|100/100|[from] item: Leftovers
|upkeep
|turn|22
|
|t:|1728606257
|switch|p1a: Salamence|Salamence, F|100/100
|-ability|p1a: Salamence|Intimidate|boost
|-unboost|p2a: Jirachi|atk|1
|move|p2a: Jirachi|Fire Punch|p1a: Salamence
|-resisted|p1a: Salamence
|-damage|p1a: Salamence|88/100
|-status|p1a: Salamence|brn
|
|-heal|p1a: Salamence|94/100 brn|[from] item: Leftovers
|-damage|p1a: Salamence|82/100 brn|[from] brn
|upkeep
|turn|23
|
|t:|1728606277
|switch|p1a: Snorlax|Snorlax, M|100/100 par
|move|p2a: Jirachi|Wish|p2a: Jirachi
|
|upkeep
|turn|24
|
|t:|1728606284
|switch|p2a: Salamence|Salamence, M|100/100
|-ability|p2a: Salamence|Intimidate|boost
|-unboost|p1a: Snorlax|atk|1
|switch|p1a: Heracross|Heracross, F|74/100
|
|upkeep
|turn|25
|
|t:|1728606313
|switch|p1a: Salamence|Salamence, F|82/100 brn
|-ability|p1a: Salamence|Intimidate|boost
|-unboost|p2a: Salamence|atk|1
|move|p2a: Salamence|Flamethrower|p1a: Salamence
|-resisted|p1a: Salamence
|-damage|p1a: Salamence|64/100 brn
|
|-heal|p1a: Salamence|70/100 brn|[from] item: Leftovers
|-damage|p1a: Salamence|58/100 brn|[from] brn
|upkeep
|turn|26
|
|t:|1728606321
|switch|p1a: Snorlax|Snorlax, M|100/100 par
|move|p2a: Salamence|Protect||[still]
|-fail|p2a: Salamence
|
|upkeep
|turn|27
|
|t:|1728606329
|-singleturn|p1a: Snorlax|move: Focus Punch
|switch|p2a: Jirachi|Jirachi|100/100
|move|p1a: Snorlax|Focus Punch|p2a: Jirachi
|-damage|p2a: Jirachi|64/100
|
|-heal|p2a: Jirachi|70/100|[from] item: Leftovers
|upkeep
|turn|28
|
|t:|1728606349
|switch|p1a: Magneton|Magneton|88/100
|move|p2a: Jirachi|Wish|p2a: Jirachi
|
|-heal|p2a: Jirachi|77/100|[from] item: Leftovers
|upkeep
|turn|29
|
|t:|1728606352
|move|p1a: Magneton|Thunder Wave|p2a: Jirachi
|-status|p2a: Jirachi|par
|move|p2a: Jirachi|Fire Punch|p1a: Magneton
|-supereffective|p1a: Magneton
|-damage|p1a: Magneton|19/100
|-status|p1a: Magneton|brn
|
|-heal|p2a: Jirachi|100/100 par|[from] move: Wish|[wisher] Jirachi
|-damage|p1a: Magneton|6/100 brn|[from] brn
|upkeep
|turn|30
|
|t:|1728606357
|move|p2a: Jirachi|Protect|p2a: Jirachi
|-singleturn|p2a: Jirachi|Protect
|move|p1a: Magneton|Thunderbolt|p2a: Jirachi
|-activate|p2a: Jirachi|Protect
|
|-damage|p1a: Magneton|0 fnt|[from] brn
|faint|p1a: Magneton
|upkeep
|
|t:|1728606372
|switch|p1a: Heracross|Heracross, F|74/100
|turn|31
|
|t:|1728606378
|switch|p2a: Salamence|Salamence, M|100/100
|-ability|p2a: Salamence|Intimidate|boost
|-unboost|p1a: Heracross|atk|1
|move|p1a: Heracross|Rock Slide|p2a: Salamence
|-supereffective|p2a: Salamence
|-damage|p2a: Salamence|73/100
|
|-heal|p2a: Salamence|79/100|[from] item: Leftovers
|upkeep
|turn|32
|
|t:|1728606391
|switch|p1a: Snorlax|Snorlax, M|100/100 par
|switch|p2a: Jirachi|Jirachi|100/100 par
|
|upkeep
|turn|33
|
|t:|1728606396
|switch|p1a: Metagross|Metagross|100/100
|move|p2a: Jirachi|Wish|p2a: Jirachi
|
|upkeep
|turn|34
|
|t:|1728606403
|move|p2a: Jirachi|Protect|p2a: Jirachi
|-singleturn|p2a: Jirachi|Protect
|move|p1a: Metagross|Earthquake|p2a: Jirachi
|-activate|p2a: Jirachi|Protect
|
|upkeep
|turn|35
|
|t:|1728606414
|switch|p1a: Snorlax|Snorlax, M|100/100 par
|move|p2a: Jirachi|Wish|p2a: Jirachi
|
|upkeep
|turn|36
|
|t:|1728606422
|switch|p2a: Hariyama|Hariyama, M|67/100
|cant|p1a: Snorlax|par
|
|-heal|p2a: Hariyama|100/100|[from] move: Wish|[wisher] Jirachi
|upkeep
|turn|37
|
|t:|1728606429
|switch|p1a: Heracross|Heracross, F|74/100
|move|p2a: Hariyama|Knock Off|p1a: Heracross
|-resisted|p1a: Heracross
|-damage|p1a: Heracross|73/100
|
|upkeep
|turn|38
|
|t:|1728606445
|move|p1a: Heracross|Substitute|p1a: Heracross
|-start|p1a: Heracross|Substitute
|-damage|p1a: Heracross|48/100
|move|p2a: Hariyama|Brick Break|p1a: Heracross
|-resisted|p1a: Heracross
|-end|p1a: Heracross|Substitute
|
|upkeep
|turn|39
|
|t:|1728606453
|move|p1a: Heracross|Swords Dance|p1a: Heracross
|-boost|p1a: Heracross|atk|2
|move|p2a: Hariyama|Brick Break|p1a: Heracross
|-resisted|p1a: Heracross
|-damage|p1a: Heracross|21/100
|
|upkeep
|turn|40
|inactive|vbncvx has 270 seconds left.
|
|t:|1728606491
|move|p1a: Heracross|Megahorn|p2a: Hariyama
|-resisted|p2a: Hariyama
|-damage|p2a: Hariyama|0 fnt
|faint|p2a: Hariyama
|
|t:|1728606499
|switch|p2a: Starmie|Starmie|63/100
|
|-heal|p2a: Starmie|69/100|[from] item: Leftovers
|upkeep
|turn|41
|
|t:|1728606502
|switch|p1a: Snorlax|Snorlax, M|100/100 par
|move|p2a: Starmie|Surf|p1a: Snorlax
|-crit|p1a: Snorlax
|-damage|p1a: Snorlax|62/100 par
|
|-heal|p2a: Starmie|75/100|[from] item: Leftovers
|-heal|p1a: Snorlax|69/100 par|[from] item: Leftovers
|upkeep
|turn|42
|inactive|vbncvx has 270 seconds left.
|
|t:|1728606524
|switch|p2a: Celebi|Celebi|94/100
|switch|p1a: Metagross|Metagross|100/100
|
|-heal|p2a: Celebi|100/100|[from] item: Leftovers
|upkeep
|turn|43
|inactive|vbncvx has 270 seconds left.
|
|t:|1728606531
|move|p2a: Celebi|Leech Seed|p1a: Metagross|[miss]
|-miss|p2a: Celebi|p1a: Metagross
|move|p1a: Metagross|Meteor Mash|p2a: Celebi
|-damage|p2a: Celebi|36/100
|
|-heal|p2a: Celebi|42/100|[from] item: Leftovers
|upkeep
|turn|44
|
|t:|1728606544
|switch|p2a: Jirachi|Jirachi|100/100 par
|move|p1a: Metagross|Meteor Mash|p2a: Jirachi
|-resisted|p2a: Jirachi
|-damage|p2a: Jirachi|69/100 par
|
|-heal|p2a: Jirachi|75/100 par|[from] item: Leftovers
|upkeep
|turn|45
|
|t:|1728606552
|move|p1a: Metagross|Meteor Mash|p2a: Jirachi
|-resisted|p2a: Jirachi
|-damage|p2a: Jirachi|41/100 par
|-boost|p1a: Metagross|atk|1
|move|p2a: Jirachi|Body Slam|p1a: Metagross
|-resisted|p1a: Metagross
|-damage|p1a: Metagross|92/100
|
|-heal|p2a: Jirachi|47/100 par|[from] item: Leftovers
|upkeep
|turn|46
|
|t:|1728606561
|move|p2a: Jirachi|Protect|p2a: Jirachi
|-singleturn|p2a: Jirachi|Protect
|move|p1a: Metagross|Meteor Mash|p2a: Jirachi|[miss]
|-miss|p1a: Metagross|p2a: Jirachi
|
|-heal|p2a: Jirachi|53/100 par|[from] item: Leftovers
|upkeep
|turn|47
|
|t:|1728606571
|move|p1a: Metagross|Meteor Mash|p2a: Jirachi
|-resisted|p2a: Jirachi
|-damage|p2a: Jirachi|4/100 par
|move|p2a: Jirachi|Body Slam|p1a: Metagross
|-resisted|p1a: Metagross
|-damage|p1a: Metagross|84/100
|
|-heal|p2a: Jirachi|10/100 par|[from] item: Leftovers
|upkeep
|turn|48
|
|t:|1728606579
|move|p1a: Metagross|Meteor Mash|p2a: Jirachi
|-resisted|p2a: Jirachi
|-damage|p2a: Jirachi|0 fnt
|faint|p2a: Jirachi
|
|t:|1728606584
|switch|p2a: Marowak|Marowak, F|100/100
|
|upkeep
|turn|49
|
|t:|1728606598
|move|p1a: Metagross|Meteor Mash|p2a: Marowak
|-damage|p2a: Marowak|0 fnt
|-boost|p1a: Metagross|atk|1
|faint|p2a: Marowak
|
|t:|1728606604
|switch|p2a: Salamence|Salamence, M|79/100
|-ability|p2a: Salamence|Intimidate|boost
|-fail|p1a: Metagross|unboost|[from] ability: Clear Body|[of] p1a: Metagross
|
|-heal|p2a: Salamence|85/100|[from] item: Leftovers
|upkeep
|turn|50
|
|t:|1728606612
|switch|p1a: Salamence|Salamence, F|58/100 brn
|-ability|p1a: Salamence|Intimidate|boost
|-unboost|p2a: Salamence|atk|1
|move|p2a: Salamence|Flamethrower|p1a: Salamence
|-resisted|p1a: Salamence
|-damage|p1a: Salamence|42/100 brn
|
|-heal|p1a: Salamence|48/100 brn|[from] item: Leftovers
|-damage|p1a: Salamence|36/100 brn|[from] brn
|-heal|p2a: Salamence|91/100|[from] item: Leftovers
|upkeep
|turn|51
|
|t:|1728606617
|move|p2a: Salamence|Protect|p2a: Salamence
|-singleturn|p2a: Salamence|Protect
|move|p1a: Salamence|Dragon Claw|p2a: Salamence
|-activate|p2a: Salamence|Protect
|
|-heal|p1a: Salamence|42/100 brn|[from] item: Leftovers
|-damage|p1a: Salamence|30/100 brn|[from] brn
|-heal|p2a: Salamence|97/100|[from] item: Leftovers
|upkeep
|turn|52
|
|t:|1728606626
|move|p1a: Salamence|Dragon Claw|p2a: Salamence
|-supereffective|p2a: Salamence
|-damage|p2a: Salamence|8/100
|move|p2a: Salamence|Wish|p2a: Salamence
|
|-heal|p1a: Salamence|36/100 brn|[from] item: Leftovers
|-damage|p1a: Salamence|23/100 brn|[from] brn
|-heal|p2a: Salamence|14/100|[from] item: Leftovers
|upkeep
|turn|53
|
|t:|1728606631
|switch|p1a: Snorlax|Snorlax, M|69/100 par
|move|p2a: Salamence|Protect||[still]
|-fail|p2a: Salamence
|
|-heal|p2a: Salamence|64/100|[from] move: Wish|[wisher] Salamence
|-heal|p2a: Salamence|70/100|[from] item: Leftovers
|-heal|p1a: Snorlax|75/100 par|[from] item: Leftovers
|upkeep
|turn|54
|
|t:|1728606646
|move|p2a: Salamence|Flamethrower|p1a: Snorlax
|-damage|p1a: Snorlax|61/100 par
|cant|p1a: Snorlax|par
|
|-heal|p2a: Salamence|76/100|[from] item: Leftovers
|-heal|p1a: Snorlax|67/100 par|[from] item: Leftovers
|upkeep
|turn|55
|
|t:|1728606652
|switch|p2a: Celebi|Celebi|42/100
|move|p1a: Snorlax|Body Slam|p2a: Celebi
|-damage|p2a: Celebi|17/100
|-status|p2a: Celebi|par
|
|-heal|p2a: Celebi|23/100 par|[from] item: Leftovers
|-heal|p1a: Snorlax|73/100 par|[from] item: Leftovers
|upkeep
|turn|56
|
|t:|1728606660
|move|p2a: Celebi|Recover|p2a: Celebi
|-heal|p2a: Celebi|73/100 par
|move|p1a: Snorlax|Shadow Ball|p2a: Celebi
|-supereffective|p2a: Celebi
|-damage|p2a: Celebi|38/100 par
|
|-heal|p2a: Celebi|44/100 par|[from] item: Leftovers
|-heal|p1a: Snorlax|79/100 par|[from] item: Leftovers
|upkeep
|turn|57
|
|t:|1728606671
|-curestatus|p2a: Celebi|par|[from] ability: Natural Cure
|switch|p2a: Salamence|Salamence, M|76/100
|-ability|p2a: Salamence|Intimidate|boost
|-unboost|p1a: Snorlax|atk|1
|switch|p1a: Heracross|Heracross, F|21/100
|
|-heal|p2a: Salamence|82/100|[from] item: Leftovers
|upkeep
|turn|58
|
|t:|1728606679
|move|p1a: Heracross|Rock Slide|p2a: Salamence
|-supereffective|p2a: Salamence
|-damage|p2a: Salamence|40/100
|cant|p2a: Salamence|flinch
|
|-heal|p2a: Salamence|46/100|[from] item: Leftovers
|upkeep
|turn|59
|
|t:|1728606688
|move|p2a: Salamence|Protect|p2a: Salamence
|-singleturn|p2a: Salamence|Protect
|move|p1a: Heracross|Rock Slide|p2a: Salamence
|-activate|p2a: Salamence|Protect
|
|-heal|p2a: Salamence|52/100|[from] item: Leftovers
|upkeep
|turn|60
|
|t:|1728606690
|move|p1a: Heracross|Rock Slide|p2a: Salamence
|-supereffective|p2a: Salamence
|-damage|p2a: Salamence|13/100
|move|p2a: Salamence|Flamethrower|p1a: Heracross
|-supereffective|p1a: Heracross
|-damage|p1a: Heracross|0 fnt
|faint|p1a: Heracross
|
|t:|1728606707
|switch|p1a: Snorlax|Snorlax, M|79/100 par
|
|-heal|p2a: Salamence|20/100|[from] item: Leftovers
|-heal|p1a: Snorlax|86/100 par|[from] item: Leftovers
|upkeep
|turn|61
|
|t:|1728606713
|move|p2a: Salamence|Protect|p2a: Salamence
|-singleturn|p2a: Salamence|Protect
|move|p1a: Snorlax|Body Slam|p2a: Salamence
|-activate|p2a: Salamence|Protect
|
|-heal|p2a: Salamence|26/100|[from] item: Leftovers
|-heal|p1a: Snorlax|92/100 par|[from] item: Leftovers
|upkeep
|turn|62
|
|t:|1728606727
|switch|p2a: Celebi|Celebi|44/100
|move|p1a: Snorlax|Body Slam|p2a: Celebi
|-damage|p2a: Celebi|19/100
|-status|p2a: Celebi|par
|
|-heal|p2a: Celebi|25/100 par|[from] item: Leftovers
|-heal|p1a: Snorlax|98/100 par|[from] item: Leftovers
|upkeep
|turn|63
|
|t:|1728606744
|switch|p1a: Metagross|Metagross|84/100
|move|p2a: Celebi|Recover|p2a: Celebi
|-heal|p2a: Celebi|75/100 par
|
|-heal|p2a: Celebi|81/100 par|[from] item: Leftovers
|upkeep
|turn|64
|
|t:|1728606749
|-curestatus|p2a: Celebi|par|[from] ability: Natural Cure
|switch|p2a: Starmie|Starmie|75/100
|move|p1a: Metagross|Meteor Mash|p2a: Starmie|[miss]
|-miss|p1a: Metagross|p2a: Starmie
|
|-heal|p2a: Starmie|82/100|[from] item: Leftovers
|upkeep
|turn|65
|
|t:|1728606756
|switch|p1a: Snorlax|Snorlax, M|98/100 par
|move|p2a: Starmie|Surf|p1a: Snorlax
|-damage|p1a: Snorlax|78/100 par
|
|-heal|p2a: Starmie|88/100|[from] item: Leftovers
|-heal|p1a: Snorlax|85/100 par|[from] item: Leftovers
|upkeep
|turn|66
|
|t:|1728606764
|switch|p2a: Salamence|Salamence, M|26/100
|-ability|p2a: Salamence|Intimidate|boost
|-unboost|p1a: Snorlax|atk|1
|cant|p1a: Snorlax|par
|
|-heal|p2a: Salamence|32/100|[from] item: Leftovers
|-heal|p1a: Snorlax|91/100 par|[from] item: Leftovers
|upkeep
|turn|67
|
|t:|1728606774
|move|p2a: Salamence|Wish|p2a: Salamence
|move|p1a: Snorlax|Body Slam|p2a: Salamence
|-damage|p2a: Salamence|13/100
|
|-heal|p2a: Salamence|19/100|[from] item: Leftovers
|-heal|p1a: Snorlax|97/100 par|[from] item: Leftovers
|upkeep
|turn|68
|
|t:|1728606781
|move|p2a: Salamence|Protect|p2a: Salamence
|-singleturn|p2a: Salamence|Protect
|cant|p1a: Snorlax|par
|
|-heal|p2a: Salamence|69/100|[from] move: Wish|[wisher] Salamence
|-heal|p2a: Salamence|75/100|[from] item: Leftovers
|-heal|p1a: Snorlax|100/100 par|[from] item: Leftovers
|upkeep
|turn|69
|
|t:|1728606792
|switch|p2a: Celebi|Celebi|81/100
|move|p1a: Snorlax|Body Slam|p2a: Celebi
|-damage|p2a: Celebi|63/100
|-status|p2a: Celebi|par
|
|-heal|p2a: Celebi|69/100 par|[from] item: Leftovers
|upkeep
|turn|70
|
|t:|1728606798
|switch|p1a: Metagross|Metagross|84/100
|move|p2a: Celebi|Leech Seed|p1a: Metagross
|-start|p1a: Metagross|move: Leech Seed
|
|-damage|p1a: Metagross|72/100|[from] Leech Seed|[of] p2a: Celebi
|-heal|p2a: Celebi|79/100 par|[silent]
|-heal|p2a: Celebi|86/100 par|[from] item: Leftovers
|upkeep
|turn|71
|
|t:|1728606803
|-curestatus|p2a: Celebi|par|[from] ability: Natural Cure
|switch|p2a: Starmie|Starmie|88/100
|move|p1a: Metagross|Meteor Mash|p2a: Starmie
|-resisted|p2a: Starmie
|-crit|p2a: Starmie
|-damage|p2a: Starmie|0 fnt
|-boost|p1a: Metagross|atk|1
|faint|p2a: Starmie
|
|t:|1728606810
|switch|p2a: Salamence|Salamence, M|75/100
|-ability|p2a: Salamence|Intimidate|boost
|-fail|p1a: Metagross|unboost|[from] ability: Clear Body|[of] p1a: Metagross
|
|-heal|p2a: Salamence|81/100|[from] item: Leftovers
|-damage|p1a: Metagross|59/100|[from] Leech Seed|[of] p2a: Salamence
|-heal|p2a: Salamence|92/100|[silent]
|upkeep
|turn|72
|
|t:|1728606815
|switch|p2a: Celebi|Celebi|86/100
|switch|p1a: Snorlax|Snorlax, M|100/100 par
|
|-heal|p2a: Celebi|92/100|[from] item: Leftovers
|upkeep
|turn|73
|
|t:|1728606826
|move|p2a: Celebi|Leech Seed|p1a: Snorlax
|-start|p1a: Snorlax|move: Leech Seed
|move|p1a: Snorlax|Body Slam|p2a: Celebi
|-damage|p2a: Celebi|63/100
|-status|p2a: Celebi|par
|
|-heal|p2a: Celebi|69/100 par|[from] item: Leftovers
|-damage|p1a: Snorlax|88/100 par|[from] Leech Seed|[of] p2a: Celebi
|-heal|p2a: Celebi|84/100 par|[silent]
|upkeep
|turn|74
|
|t:|1728606837
|-curestatus|p2a: Celebi|par|[from] ability: Natural Cure
|switch|p2a: Salamence|Salamence, M|92/100
|-ability|p2a: Salamence|Intimidate|boost
|-unboost|p1a: Snorlax|atk|1
|cant|p1a: Snorlax|par
|
|-heal|p2a: Salamence|98/100|[from] item: Leftovers
|-heal|p1a: Snorlax|94/100 par|[from] item: Leftovers
|-damage|p1a: Snorlax|82/100 par|[from] Leech Seed|[of] p2a: Salamence
|-heal|p2a: Salamence|100/100|[silent]
|upkeep
|turn|75
|
|t:|1728606848
|switch|p2a: Celebi|Celebi|84/100
|switch|p1a: Salamence|Salamence, F|23/100 brn
|-ability|p1a: Salamence|Intimidate|boost
|-unboost|p2a: Celebi|atk|1
|
|-heal|p1a: Salamence|29/100 brn|[from] item: Leftovers
|-damage|p1a: Salamence|17/100 brn|[from] brn
|-heal|p2a: Celebi|90/100|[from] item: Leftovers
|upkeep
|turn|76
|
|t:|1728606858
|switch|p2a: Salamence|Salamence, M|100/100
|-ability|p2a: Salamence|Intimidate|boost
|-unboost|p1a: Salamence|atk|1
|move|p1a: Salamence|Fire Blast|p2a: Salamence
|-resisted|p2a: Salamence
|-damage|p2a: Salamence|80/100
|
|-heal|p1a: Salamence|23/100 brn|[from] item: Leftovers
|-damage|p1a: Salamence|10/100 brn|[from] brn
|-heal|p2a: Salamence|86/100|[from] item: Leftovers
|upkeep
|turn|77
|
|t:|1728606872
|switch|p1a: Snorlax|Snorlax, M|82/100 par
|move|p2a: Salamence|Protect||[still]
|-fail|p2a: Salamence
|
|-heal|p2a: Salamence|92/100|[from] item: Leftovers
|-heal|p1a: Snorlax|88/100 par|[from] item: Leftovers
|upkeep
|turn|78
|
|t:|1728606877
|switch|p2a: Celebi|Celebi|90/100
|move|p1a: Snorlax|Shadow Ball|p2a: Celebi
|-supereffective|p2a: Celebi
|-damage|p2a: Celebi|58/100
|
|-heal|p2a: Celebi|64/100|[from] item: Leftovers
|-heal|p1a: Snorlax|94/100 par|[from] item: Leftovers
|upkeep
|turn|79
|
|t:|1728606890
|move|p2a: Celebi|Leech Seed|p1a: Snorlax
|-start|p1a: Snorlax|move: Leech Seed
|move|p1a: Snorlax|Body Slam|p2a: Celebi
|-damage|p2a: Celebi|36/100
|
|-heal|p2a: Celebi|42/100|[from] item: Leftovers
|-heal|p1a: Snorlax|100/100 par|[from] item: Leftovers
|-damage|p1a: Snorlax|88/100 par|[from] Leech Seed|[of] p2a: Celebi
|-heal|p2a: Celebi|57/100|[silent]
|upkeep
|turn|80
|
|t:|1728606900
|switch|p1a: Salamence|Salamence, F|10/100 brn
|-ability|p1a: Salamence|Intimidate|boost
|-unboost|p2a: Celebi|atk|1
|move|p2a: Celebi|Recover|p2a: Celebi
|-heal|p2a: Celebi|100/100
|
|-heal|p1a: Salamence|17/100 brn|[from] item: Leftovers
|-damage|p1a: Salamence|4/100 brn|[from] brn
|upkeep
|turn|81
|
|t:|1728606907
|move|p1a: Salamence|Dragon Claw|p2a: Celebi
|-damage|p2a: Celebi|67/100
|move|p2a: Celebi|Recover|p2a: Celebi
|-heal|p2a: Celebi|100/100
|
|-heal|p1a: Salamence|10/100 brn|[from] item: Leftovers
|-damage|p1a: Salamence|0 fnt|[from] brn
|faint|p1a: Salamence
|upkeep
|
|t:|1728606913
|switch|p1a: Metagross|Metagross|59/100
|turn|82
|
|t:|1728606919
|move|p2a: Celebi|Leech Seed|p1a: Metagross
|-start|p1a: Metagross|move: Leech Seed
|move|p1a: Metagross|Explosion|p2a: Celebi
|-damage|p2a: Celebi|0 fnt
|faint|p1a: Metagross
|faint|p2a: Celebi
|
|t:|1728606924
|switch|p2a: Salamence|Salamence, M|92/100
|switch|p1a: Snorlax|Snorlax, M|88/100 par
|-ability|p2a: Salamence|Intimidate|boost
|-unboost|p1a: Snorlax|atk|1
|
|-heal|p2a: Salamence|98/100|[from] item: Leftovers
|-heal|p1a: Snorlax|94/100 par|[from] item: Leftovers
|upkeep
|turn|83
|
|t:|1728606930
|move|p2a: Salamence|Flamethrower|p1a: Snorlax
|-crit|p1a: Snorlax
|-damage|p1a: Snorlax|68/100 par
|move|p1a: Snorlax|Body Slam|p2a: Salamence
|-damage|p2a: Salamence|80/100
|
|-heal|p2a: Salamence|86/100|[from] item: Leftovers
|-heal|p1a: Snorlax|74/100 par|[from] item: Leftovers
|upkeep
|turn|84
|
|t:|1728606942
|move|p2a: Salamence|Flamethrower|p1a: Snorlax
|-damage|p1a: Snorlax|62/100 par
|move|p1a: Snorlax|Body Slam|p2a: Salamence
|-damage|p2a: Salamence|65/100
|
|-heal|p2a: Salamence|71/100|[from] item: Leftovers
|-heal|p1a: Snorlax|68/100 par|[from] item: Leftovers
|upkeep
|turn|85
|
|t:|1728606948
|move|p2a: Salamence|Flamethrower|p1a: Snorlax
|-damage|p1a: Snorlax|54/100 par
|move|p1a: Snorlax|Body Slam|p2a: Salamence
|-damage|p2a: Salamence|52/100
|-status|p2a: Salamence|par
|
|-heal|p2a: Salamence|58/100 par|[from] item: Leftovers
|-heal|p1a: Snorlax|61/100 par|[from] item: Leftovers
|upkeep
|turn|86
|
|t:|1728606951
|cant|p2a: Salamence|par
|move|p1a: Snorlax|Body Slam|p2a: Salamence
|-damage|p2a: Salamence|40/100 par
|
|-heal|p2a: Salamence|46/100 par|[from] item: Leftovers
|-heal|p1a: Snorlax|67/100 par|[from] item: Leftovers
|upkeep
|turn|87
|
|t:|1728606956
|move|p2a: Salamence|Wish|p2a: Salamence
|cant|p1a: Snorlax|par
|
|-heal|p2a: Salamence|52/100 par|[from] item: Leftovers
|-heal|p1a: Snorlax|73/100 par|[from] item: Leftovers
|upkeep
|turn|88
|
|t:|1728606963
|move|p2a: Salamence|Flamethrower|p1a: Snorlax
|-damage|p1a: Snorlax|59/100 par
|move|p1a: Snorlax|Shadow Ball|p2a: Salamence
|-damage|p2a: Salamence|41/100 par
|
|-heal|p2a: Salamence|91/100 par|[from] move: Wish|[wisher] Salamence
|-heal|p2a: Salamence|97/100 par|[from] item: Leftovers
|-heal|p1a: Snorlax|65/100 par|[from] item: Leftovers
|upkeep
|turn|89
|
|t:|1728606970
|move|p2a: Salamence|Flamethrower|p1a: Snorlax
|-damage|p1a: Snorlax|51/100 par
|move|p1a: Snorlax|Shadow Ball|p2a: Salamence
|-damage|p2a: Salamence|84/100 par
|
|-heal|p2a: Salamence|90/100 par|[from] item: Leftovers
|-heal|p1a: Snorlax|58/100 par|[from] item: Leftovers
|upkeep
|turn|90
|
|t:|1728606978
|cant|p2a: Salamence|par
|cant|p1a: Snorlax|par
|
|-heal|p2a: Salamence|96/100 par|[from] item: Leftovers
|-heal|p1a: Snorlax|64/100 par|[from] item: Leftovers
|upkeep
|turn|91
|
|t:|1728606982
|move|p2a: Salamence|Flamethrower|p1a: Snorlax
|-damage|p1a: Snorlax|51/100 par
|move|p1a: Snorlax|Shadow Ball|p2a: Salamence
|-damage|p2a: Salamence|85/100 par
|
|-heal|p2a: Salamence|91/100 par|[from] item: Leftovers
|-heal|p1a: Snorlax|57/100 par|[from] item: Leftovers
|upkeep
|turn|92
|
|t:|1728606986
|move|p2a: Salamence|Flamethrower|p1a: Snorlax
|-damage|p1a: Snorlax|44/100 par
|move|p1a: Snorlax|Shadow Ball|p2a: Salamence
|-damage|p2a: Salamence|79/100 par
|
|-heal|p2a: Salamence|85/100 par|[from] item: Leftovers
|-heal|p1a: Snorlax|50/100 par|[from] item: Leftovers
|upkeep
|turn|93
|
|t:|1728606994
|move|p2a: Salamence|Flamethrower|p1a: Snorlax
|-damage|p1a: Snorlax|37/100 par
|move|p1a: Snorlax|Shadow Ball|p2a: Salamence
|-damage|p2a: Salamence|73/100 par
|
|-heal|p2a: Salamence|79/100 par|[from] item: Leftovers
|-heal|p1a: Snorlax|43/100 par|[from] item: Leftovers
|upkeep
|turn|94
|
|t:|1728606999
|move|p2a: Salamence|Wish|p2a: Salamence
|move|p1a: Snorlax|Shadow Ball|p2a: Salamence
|-damage|p2a: Salamence|67/100 par
|
|-heal|p2a: Salamence|73/100 par|[from] item: Leftovers
|-heal|p1a: Snorlax|49/100 par|[from] item: Leftovers
|upkeep
|turn|95
|
|t:|1728607022
|move|p2a: Salamence|Flamethrower|p1a: Snorlax
|-damage|p1a: Snorlax|37/100 par
|move|p1a: Snorlax|Shadow Ball|p2a: Salamence
|-damage|p2a: Salamence|61/100 par
|-unboost|p2a: Salamence|spd|1
|
|-heal|p2a: Salamence|100/100 par|[from] move: Wish|[wisher] Salamence
|-heal|p1a: Snorlax|43/100 par|[from] item: Leftovers
|upkeep
|turn|96
|inactive|RaskaPork has 270 seconds left.
|
|t:|1728607042
|cant|p2a: Salamence|par
|cant|p1a: Snorlax|par
|
|-heal|p1a: Snorlax|49/100 par|[from] item: Leftovers
|upkeep
|turn|97
|
|t:|1728607051
|cant|p2a: Salamence|par
|move|p1a: Snorlax|Shadow Ball|p2a: Salamence
|-damage|p2a: Salamence|89/100 par
|
|-heal|p2a: Salamence|95/100 par|[from] item: Leftovers
|-heal|p1a: Snorlax|55/100 par|[from] item: Leftovers
|upkeep
|turn|98
|
|t:|1728607063
|cant|p2a: Salamence|par
|cant|p1a: Snorlax|par
|
|-heal|p2a: Salamence|100/100 par|[from] item: Leftovers
|-heal|p1a: Snorlax|61/100 par|[from] item: Leftovers
|upkeep
|turn|99
|
|t:|1728607066
|move|p2a: Salamence|Flamethrower|p1a: Snorlax
|-damage|p1a: Snorlax|48/100 par
|move|p1a: Snorlax|Shadow Ball|p2a: Salamence
|-damage|p2a: Salamence|89/100 par
|
|-heal|p2a: Salamence|95/100 par|[from] item: Leftovers
|-heal|p1a: Snorlax|55/100 par|[from] item: Leftovers
|upkeep
|turn|100
|
|t:|1728607076
|move|p2a: Salamence|Flamethrower|p1a: Snorlax
|-damage|p1a: Snorlax|42/100 par
|move|p1a: Snorlax|Shadow Ball|p2a: Salamence
|-damage|p2a: Salamence|82/100 par
|
|-heal|p2a: Salamence|88/100 par|[from] item: Leftovers
|-heal|p1a: Snorlax|48/100 par|[from] item: Leftovers
|upkeep
|turn|101
|
|t:|1728607083
|move|p2a: Salamence|Flamethrower|p1a: Snorlax
|-damage|p1a: Snorlax|35/100 par
|move|p1a: Snorlax|Shadow Ball|p2a: Salamence
|-damage|p2a: Salamence|76/100 par
|
|-heal|p2a: Salamence|82/100 par|[from] item: Leftovers
|-heal|p1a: Snorlax|41/100 par|[from] item: Leftovers
|upkeep
|turn|102
|
|t:|1728607085
|cant|p2a: Salamence|par
|move|p1a: Snorlax|Shadow Ball|p2a: Salamence
|-damage|p2a: Salamence|71/100 par
|
|-heal|p2a: Salamence|77/100 par|[from] item: Leftovers
|-heal|p1a: Snorlax|47/100 par|[from] item: Leftovers
|upkeep
|turn|103
|
|t:|1728607093
|move|p2a: Salamence|Wish|p2a: Salamence
|move|p1a: Snorlax|Shadow Ball|p2a: Salamence
|-damage|p2a: Salamence|64/100 par
|
|-heal|p2a: Salamence|70/100 par|[from] item: Leftovers
|-heal|p1a: Snorlax|54/100 par|[from] item: Leftovers
|upkeep
|turn|104
|
|t:|1728607100
|move|p2a: Salamence|Toxic||[still]
|-fail|p2a: Salamence
|move|p1a: Snorlax|Shadow Ball|p2a: Salamence
|-damage|p2a: Salamence|58/100 par
|
|-heal|p2a: Salamence|100/100 par|[from] move: Wish|[wisher] Salamence
|-heal|p1a: Snorlax|60/100 par|[from] item: Leftovers
|upkeep
|turn|105
|
|t:|1728607111
|-singleturn|p1a: Snorlax|move: Focus Punch
|move|p2a: Salamence|Toxic||[still]
|-fail|p2a: Salamence
|cant|p1a: Snorlax|par
|
|-heal|p1a: Snorlax|66/100 par|[from] item: Leftovers
|upkeep
|turn|106
|
|t:|1728607120
|-singleturn|p1a: Snorlax|move: Focus Punch
|move|p2a: Salamence|Toxic||[still]
|-fail|p2a: Salamence
|move|p1a: Snorlax|Focus Punch|p2a: Salamence
|-resisted|p2a: Salamence
|-damage|p2a: Salamence|90/100 par
|
|-heal|p2a: Salamence|96/100 par|[from] item: Leftovers
|-heal|p1a: Snorlax|72/100 par|[from] item: Leftovers
|upkeep
|turn|107
|
|t:|1728607127
|-singleturn|p1a: Snorlax|move: Focus Punch
|move|p2a: Salamence|Toxic||[still]
|-fail|p2a: Salamence
|move|p1a: Snorlax|Focus Punch|p2a: Salamence
|-resisted|p2a: Salamence
|-damage|p2a: Salamence|84/100 par
|
|-heal|p2a: Salamence|90/100 par|[from] item: Leftovers
|-heal|p1a: Snorlax|78/100 par|[from] item: Leftovers
|upkeep
|turn|108
|
|t:|1728607132
|-singleturn|p1a: Snorlax|move: Focus Punch
|move|p2a: Salamence|Toxic||[still]
|-fail|p2a: Salamence
|move|p1a: Snorlax|Focus Punch|p2a: Salamence
|-resisted|p2a: Salamence
|-damage|p2a: Salamence|78/100 par
|
|-heal|p2a: Salamence|84/100 par|[from] item: Leftovers
|-heal|p1a: Snorlax|85/100 par|[from] item: Leftovers
|upkeep
|turn|109
|
|t:|1728607138
|-singleturn|p1a: Snorlax|move: Focus Punch
|move|p2a: Salamence|Toxic||[still]
|-fail|p2a: Salamence
|move|p1a: Snorlax|Focus Punch|p2a: Salamence
|-resisted|p2a: Salamence
|-damage|p2a: Salamence|73/100 par
|
|-heal|p2a: Salamence|79/100 par|[from] item: Leftovers
|-heal|p1a: Snorlax|91/100 par|[from] item: Leftovers
|upkeep
|turn|110
|
|t:|1728607149
|-singleturn|p1a: Snorlax|move: Focus Punch
|cant|p2a: Salamence|par
|move|p1a: Snorlax|Focus Punch|p2a: Salamence
|-resisted|p2a: Salamence
|-damage|p2a: Salamence|68/100 par
|
|-heal|p2a: Salamence|74/100 par|[from] item: Leftovers
|-heal|p1a: Snorlax|97/100 par|[from] item: Leftovers
|upkeep
|turn|111
|
|t:|1728607156
|-singleturn|p1a: Snorlax|move: Focus Punch
|move|p2a: Salamence|Toxic||[still]
|-fail|p2a: Salamence
|move|p1a: Snorlax|Focus Punch|p2a: Salamence
|-resisted|p2a: Salamence
|-damage|p2a: Salamence|63/100 par
|
|-heal|p2a: Salamence|69/100 par|[from] item: Leftovers
|-heal|p1a: Snorlax|100/100 par|[from] item: Leftovers
|upkeep
|turn|112
|
|t:|1728607161
|-singleturn|p1a: Snorlax|move: Focus Punch
|cant|p2a: Salamence|par
|cant|p1a: Snorlax|par
|
|-heal|p2a: Salamence|75/100 par|[from] item: Leftovers
|upkeep
|turn|113
|
|t:|1728607166
|-singleturn|p1a: Snorlax|move: Focus Punch
|move|p2a: Salamence|Toxic||[still]
|-fail|p2a: Salamence
|move|p1a: Snorlax|Focus Punch|p2a: Salamence
|-resisted|p2a: Salamence
|-damage|p2a: Salamence|63/100 par
|
|-heal|p2a: Salamence|69/100 par|[from] item: Leftovers
|upkeep
|turn|114
|
|t:|1728607173
|-singleturn|p1a: Snorlax|move: Focus Punch
|cant|p2a: Salamence|par
|move|p1a: Snorlax|Focus Punch|p2a: Salamence
|-resisted|p2a: Salamence
|-damage|p2a: Salamence|59/100 par
|
|-heal|p2a: Salamence|65/100 par|[from] item: Leftovers
|upkeep
|turn|115
|
|t:|1728607180
|-singleturn|p1a: Snorlax|move: Focus Punch
|cant|p2a: Salamence|par
|cant|p1a: Snorlax|par
|
|-heal|p2a: Salamence|71/100 par|[from] item: Leftovers
|upkeep
|turn|116
|
|t:|1728607185
|-singleturn|p1a: Snorlax|move: Focus Punch
|move|p2a: Salamence|Toxic||[still]
|-fail|p2a: Salamence
|cant|p1a: Snorlax|par
|
|-heal|p2a: Salamence|77/100 par|[from] item: Leftovers
|upkeep
|turn|117
|
|t:|1728607188
|-singleturn|p1a: Snorlax|move: Focus Punch
|move|p2a: Salamence|Toxic||[still]
|-fail|p2a: Salamence
|cant|p1a: Snorlax|par
|
|-heal|p2a: Salamence|83/100 par|[from] item: Leftovers
|upkeep
|turn|118
|
|t:|1728607195
|-singleturn|p1a: Snorlax|move: Focus Punch
|move|p2a: Salamence|Toxic||[still]
|-fail|p2a: Salamence
|move|p1a: Snorlax|Focus Punch|p2a: Salamence
|-resisted|p2a: Salamence
|-damage|p2a: Salamence|72/100 par
|
|-heal|p2a: Salamence|78/100 par|[from] item: Leftovers
|upkeep
|turn|119
|
|t:|1728607201
|-singleturn|p1a: Snorlax|move: Focus Punch
|cant|p2a: Salamence|par
|move|p1a: Snorlax|Focus Punch|p2a: Salamence
|-resisted|p2a: Salamence
|-damage|p2a: Salamence|68/100 par
|
|-heal|p2a: Salamence|74/100 par|[from] item: Leftovers
|upkeep
|turn|120
|
|t:|1728607209
|-singleturn|p1a: Snorlax|move: Focus Punch
|move|p2a: Salamence|Toxic||[still]
|-fail|p2a: Salamence
|move|p1a: Snorlax|Focus Punch|p2a: Salamence
|-resisted|p2a: Salamence
|-damage|p2a: Salamence|63/100 par
|
|-heal|p2a: Salamence|70/100 par|[from] item: Leftovers
|upkeep
|turn|121
|
|t:|1728607214
|-singleturn|p1a: Snorlax|move: Focus Punch
|cant|p2a: Salamence|par
|move|p1a: Snorlax|Focus Punch|p2a: Salamence
|-resisted|p2a: Salamence
|-damage|p2a: Salamence|58/100 par
|
|-heal|p2a: Salamence|64/100 par|[from] item: Leftovers
|upkeep
|turn|122
|
|t:|1728607219
|-singleturn|p1a: Snorlax|move: Focus Punch
|move|p2a: Salamence|Toxic||[still]
|-fail|p2a: Salamence
|cant|p1a: Snorlax|par
|
|-heal|p2a: Salamence|70/100 par|[from] item: Leftovers
|upkeep
|turn|123
|
|t:|1728607226
|-singleturn|p1a: Snorlax|move: Focus Punch
|move|p2a: Salamence|Flamethrower|p1a: Snorlax
|-damage|p1a: Snorlax|87/100 par
|move|p1a: Snorlax|Focus Punch||[still]
|cant|p1a: Snorlax|Focus Punch|Focus Punch
|
|-heal|p2a: Salamence|76/100 par|[from] item: Leftovers
|-heal|p1a: Snorlax|93/100 par|[from] item: Leftovers
|upkeep
|turn|124
|
|t:|1728607232
|cant|p2a: Salamence|par
|move|p1a: Snorlax|Shadow Ball|p2a: Salamence
|-damage|p2a: Salamence|63/100 par
|-unboost|p2a: Salamence|spd|1
|
|-heal|p2a: Salamence|69/100 par|[from] item: Leftovers
|-heal|p1a: Snorlax|99/100 par|[from] item: Leftovers
|upkeep
|turn|125
|
|t:|1728607238
|move|p2a: Salamence|Flamethrower|p1a: Snorlax
|-damage|p1a: Snorlax|85/100 par
|move|p1a: Snorlax|Shadow Ball|p2a: Salamence
|-damage|p2a: Salamence|57/100 par
|
|-heal|p2a: Salamence|63/100 par|[from] item: Leftovers
|-heal|p1a: Snorlax|91/100 par|[from] item: Leftovers
|upkeep
|turn|126
|
|t:|1728607244
|move|p2a: Salamence|Toxic||[still]
|-fail|p2a: Salamence
|move|p1a: Snorlax|Shadow Ball|p2a: Salamence
|-damage|p2a: Salamence|51/100 par
|
|-heal|p2a: Salamence|57/100 par|[from] item: Leftovers
|-heal|p1a: Snorlax|97/100 par|[from] item: Leftovers
|upkeep
|turn|127
|
|t:|1728607250
|move|p2a: Salamence|Wish|p2a: Salamence
|move|p1a: Snorlax|Shadow Ball|p2a: Salamence
|-crit|p2a: Salamence
|-damage|p2a: Salamence|22/100 par
|
|-heal|p2a: Salamence|28/100 par|[from] item: Leftovers
|-heal|p1a: Snorlax|100/100 par|[from] item: Leftovers
|upkeep
|turn|128
|
|t:|1728607263
|move|p2a: Salamence|Protect|p2a: Salamence
|-singleturn|p2a: Salamence|Protect
|move|p1a: Snorlax|Shadow Ball|p2a: Salamence
|-activate|p2a: Salamence|Protect
|
|-heal|p2a: Salamence|78/100 par|[from] move: Wish|[wisher] Salamence
|-heal|p2a: Salamence|85/100 par|[from] item: Leftovers
|upkeep
|turn|129
|inactive|RaskaPork has 270 seconds left.
|
|t:|1728607309
|move|p2a: Salamence|Toxic||[still]
|-fail|p2a: Salamence
|move|p1a: Snorlax|Shadow Ball|p2a: Salamence
|-damage|p2a: Salamence|72/100 par
|
|-heal|p2a: Salamence|78/100 par|[from] item: Leftovers
|upkeep
|turn|130
|
|t:|1728607314
|-singleturn|p1a: Snorlax|move: Focus Punch
|move|p2a: Salamence|Toxic||[still]
|-fail|p2a: Salamence
|move|p1a: Snorlax|Focus Punch|p2a: Salamence
|-resisted|p2a: Salamence
|-damage|p2a: Salamence|66/100 par
|
|-heal|p2a: Salamence|73/100 par|[from] item: Leftovers
|upkeep
|turn|131
|inactive|RaskaPork has 270 seconds left.
|
|t:|1728607324
|-singleturn|p1a: Snorlax|move: Focus Punch
|move|p2a: Salamence|Flamethrower|p1a: Snorlax
|-damage|p1a: Snorlax|86/100 par
|move|p1a: Snorlax|Focus Punch||[still]
|cant|p1a: Snorlax|Focus Punch|Focus Punch
|
|-heal|p2a: Salamence|79/100 par|[from] item: Leftovers
|-heal|p1a: Snorlax|92/100 par|[from] item: Leftovers
|upkeep
|turn|132
|
|t:|1728607330
|-singleturn|p1a: Snorlax|move: Focus Punch
|cant|p2a: Salamence|par
|move|p1a: Snorlax|Focus Punch|p2a: Salamence
|-resisted|p2a: Salamence
|-damage|p2a: Salamence|67/100 par
|
|-heal|p2a: Salamence|73/100 par|[from] item: Leftovers
|-heal|p1a: Snorlax|99/100 par|[from] item: Leftovers
|upkeep
|turn|133
|
|t:|1728607335
|cant|p2a: Salamence|par
|move|p1a: Snorlax|Shadow Ball|p2a: Salamence
|-damage|p2a: Salamence|60/100 par
|
|-heal|p2a: Salamence|66/100 par|[from] item: Leftovers
|-heal|p1a: Snorlax|100/100 par|[from] item: Leftovers
|upkeep
|turn|134
|
|t:|1728607347
|-singleturn|p1a: Snorlax|move: Focus Punch
|move|p2a: Salamence|Flamethrower|p1a: Snorlax
|-damage|p1a: Snorlax|86/100 par
|move|p1a: Snorlax|Focus Punch||[still]
|cant|p1a: Snorlax|Focus Punch|Focus Punch
|
|-heal|p2a: Salamence|72/100 par|[from] item: Leftovers
|-heal|p1a: Snorlax|92/100 par|[from] item: Leftovers
|upkeep
|turn|135
|
|t:|1728607358
|-singleturn|p1a: Snorlax|move: Focus Punch
|move|p2a: Salamence|Flamethrower|p1a: Snorlax
|-damage|p1a: Snorlax|79/100 par
|move|p1a: Snorlax|Focus Punch||[still]
|cant|p1a: Snorlax|Focus Punch|Focus Punch
|
|-heal|p2a: Salamence|78/100 par|[from] item: Leftovers
|-heal|p1a: Snorlax|86/100 par|[from] item: Leftovers
|upkeep
|turn|136
|
|t:|1728607364
|move|p2a: Salamence|Flamethrower|p1a: Snorlax
|-damage|p1a: Snorlax|73/100 par
|move|p1a: Snorlax|Shadow Ball|p2a: Salamence
|-damage|p2a: Salamence|65/100 par
|
|-heal|p2a: Salamence|72/100 par|[from] item: Leftovers
|-heal|p1a: Snorlax|79/100 par|[from] item: Leftovers
|upkeep
|turn|137
|
|t:|1728607373
|-singleturn|p1a: Snorlax|move: Focus Punch
|move|p2a: Salamence|Wish|p2a: Salamence
|cant|p1a: Snorlax|par
|
|-heal|p2a: Salamence|78/100 par|[from] item: Leftovers
|-heal|p1a: Snorlax|85/100 par|[from] item: Leftovers
|upkeep
|turn|138
|
|t:|1728607380
|-singleturn|p1a: Snorlax|move: Focus Punch
|move|p2a: Salamence|Protect|p2a: Salamence
|-singleturn|p2a: Salamence|Protect
|cant|p1a: Snorlax|par
|
|-heal|p2a: Salamence|100/100 par|[from] move: Wish|[wisher] Salamence
|-heal|p1a: Snorlax|91/100 par|[from] item: Leftovers
|upkeep
|turn|139
|
|t:|1728607389
|-singleturn|p1a: Snorlax|move: Focus Punch
|move|p2a: Salamence|Flamethrower|p1a: Snorlax
|-damage|p1a: Snorlax|79/100 par
|cant|p1a: Snorlax|par
|
|-heal|p1a: Snorlax|85/100 par|[from] item: Leftovers
|upkeep
|turn|140
|
|t:|1728607395
|-singleturn|p1a: Snorlax|move: Focus Punch
|move|p2a: Salamence|Flamethrower|p1a: Snorlax
|-damage|p1a: Snorlax|72/100 par
|move|p1a: Snorlax|Focus Punch||[still]
|cant|p1a: Snorlax|Focus Punch|Focus Punch
|
|-heal|p1a: Snorlax|78/100 par|[from] item: Leftovers
|upkeep
|turn|141
|
|t:|1728607401
|-singleturn|p1a: Snorlax|move: Focus Punch
|move|p2a: Salamence|Wish|p2a: Salamence
|cant|p1a: Snorlax|par
|
|-heal|p1a: Snorlax|85/100 par|[from] item: Leftovers
|upkeep
|turn|142
|
|t:|1728607407
|-singleturn|p1a: Snorlax|move: Focus Punch
|move|p2a: Salamence|Protect|p2a: Salamence
|-singleturn|p2a: Salamence|Protect
|move|p1a: Snorlax|Focus Punch|p2a: Salamence
|-activate|p2a: Salamence|Protect
|
|-heal|p1a: Snorlax|91/100 par|[from] item: Leftovers
|upkeep
|turn|143
|
|t:|1728607417
|-singleturn|p1a: Snorlax|move: Focus Punch
|cant|p2a: Salamence|par
|cant|p1a: Snorlax|par
|
|-heal|p1a: Snorlax|97/100 par|[from] item: Leftovers
|upkeep
|turn|144
|
|t:|1728607422
|-singleturn|p1a: Snorlax|move: Focus Punch
|move|p2a: Salamence|Wish|p2a: Salamence
|move|p1a: Snorlax|Focus Punch|p2a: Salamence
|-resisted|p2a: Salamence
|-damage|p2a: Salamence|89/100 par
|
|-heal|p2a: Salamence|95/100 par|[from] item: Leftovers
|-heal|p1a: Snorlax|100/100 par|[from] item: Leftovers
|upkeep
|turn|145
|
|t:|1728607429
|-singleturn|p1a: Snorlax|move: Focus Punch
|cant|p2a: Salamence|par
|move|p1a: Snorlax|Focus Punch|p2a: Salamence
|-resisted|p2a: Salamence
|-damage|p2a: Salamence|85/100 par
|
|-heal|p2a: Salamence|100/100 par|[from] move: Wish|[wisher] Salamence
|upkeep
|turn|146
|
|t:|1728607434
|-singleturn|p1a: Snorlax|move: Focus Punch
|move|p2a: Salamence|Wish|p2a: Salamence
|move|p1a: Snorlax|Focus Punch|p2a: Salamence
|-resisted|p2a: Salamence
|-damage|p2a: Salamence|88/100 par
|
|-heal|p2a: Salamence|94/100 par|[from] item: Leftovers
|upkeep
|turn|147
|
|t:|1728607443
|-singleturn|p1a: Snorlax|move: Focus Punch
|move|p2a: Salamence|Protect|p2a: Salamence
|-singleturn|p2a: Salamence|Protect
|cant|p1a: Snorlax|par
|
|-heal|p2a: Salamence|100/100 par|[from] move: Wish|[wisher] Salamence
|upkeep
|turn|148
|
|t:|1728607452
|-singleturn|p1a: Snorlax|move: Focus Punch
|move|p2a: Salamence|Wish|p2a: Salamence
|move|p1a: Snorlax|Focus Punch|p2a: Salamence
|-resisted|p2a: Salamence
|-damage|p2a: Salamence|88/100 par
|
|-heal|p2a: Salamence|94/100 par|[from] item: Leftovers
|upkeep
|turn|149
|
|t:|1728607456
|-singleturn|p1a: Snorlax|move: Focus Punch
|cant|p2a: Salamence|par
|move|p1a: Snorlax|Focus Punch|p2a: Salamence
|-resisted|p2a: Salamence
|-damage|p2a: Salamence|83/100 par
|
|-heal|p2a: Salamence|100/100 par|[from] move: Wish|[wisher] Salamence
|upkeep
|turn|150
|
|t:|1728607463
|-singleturn|p1a: Snorlax|move: Focus Punch
|cant|p2a: Salamence|par
|cant|p1a: Snorlax|par
|
|upkeep
|turn|151
|
|t:|1728607467
|-singleturn|p1a: Snorlax|move: Focus Punch
|move|p2a: Salamence|Wish|p2a: Salamence
|cant|p1a: Snorlax|par
|
|upkeep
|turn|152
|
|t:|1728607472
|-singleturn|p1a: Snorlax|move: Focus Punch
|move|p2a: Salamence|Protect|p2a: Salamence
|-singleturn|p2a: Salamence|Protect
|move|p1a: Snorlax|Focus Punch|p2a: Salamence
|-activate|p2a: Salamence|Protect
|
|upkeep
|turn|153
|
|t:|1728607482
|-singleturn|p1a: Snorlax|move: Focus Punch
|move|p2a: Salamence|Wish|p2a: Salamence
|move|p1a: Snorlax|Focus Punch|p2a: Salamence
|-resisted|p2a: Salamence
|-damage|p2a: Salamence|90/100 par
|
|-heal|p2a: Salamence|96/100 par|[from] item: Leftovers
|upkeep
|turn|154
|
|t:|1728607493
|-singleturn|p1a: Snorlax|move: Focus Punch
|cant|p2a: Salamence|par
|move|p1a: Snorlax|Focus Punch|p2a: Salamence
|-resisted|p2a: Salamence
|-damage|p2a: Salamence|86/100 par
|
|-heal|p2a: Salamence|100/100 par|[from] move: Wish|[wisher] Salamence
|upkeep
|turn|155
|
|t:|1728607498
|-singleturn|p1a: Snorlax|move: Focus Punch
|move|p2a: Salamence|Wish|p2a: Salamence
|move|p1a: Snorlax|Focus Punch|p2a: Salamence
|-resisted|p2a: Salamence
|-damage|p2a: Salamence|89/100 par
|
|-heal|p2a: Salamence|95/100 par|[from] item: Leftovers
|upkeep
|turn|156
|
|t:|1728607504
|-singleturn|p1a: Snorlax|move: Focus Punch
|cant|p2a: Salamence|par
|move|p1a: Snorlax|Focus Punch|p2a: Salamence
|-resisted|p2a: Salamence
|-damage|p2a: Salamence|85/100 par
|
|-heal|p2a: Salamence|100/100 par|[from] move: Wish|[wisher] Salamence
|upkeep
|turn|157
|
|t:|1728607508
|move|p2a: Salamence|Wish|p2a: Salamence
|move|p1a: Snorlax|Body Slam|p2a: Salamence
|-damage|p2a: Salamence|81/100 par
|
|-heal|p2a: Salamence|87/100 par|[from] item: Leftovers
|upkeep
|turn|158
|
|t:|1728607514
|move|p2a: Salamence|Protect|p2a: Salamence
|-singleturn|p2a: Salamence|Protect
|move|p1a: Snorlax|Body Slam|p2a: Salamence
|-activate|p2a: Salamence|Protect
|
|-heal|p2a: Salamence|100/100 par|[from] move: Wish|[wisher] Salamence
|upkeep
|turn|159
|
|t:|1728607522
|cant|p2a: Salamence|par
|move|p1a: Snorlax|Body Slam|p2a: Salamence
|-damage|p2a: Salamence|82/100 par
|
|-heal|p2a: Salamence|88/100 par|[from] item: Leftovers
|upkeep
|turn|160
|
|t:|1728607527
|move|p2a: Salamence|Protect|p2a: Salamence
|-singleturn|p2a: Salamence|Protect
|move|p1a: Snorlax|Body Slam|p2a: Salamence
|-activate|p2a: Salamence|Protect
|
|-heal|p2a: Salamence|94/100 par|[from] item: Leftovers
|upkeep
|turn|161
|
|t:|1728607536
|move|p2a: Salamence|Protect||[still]
|-fail|p2a: Salamence
|move|p1a: Snorlax|Body Slam|p2a: Salamence
|-damage|p2a: Salamence|75/100 par
|
|-heal|p2a: Salamence|81/100 par|[from] item: Leftovers
|upkeep
|turn|162
|
|t:|1728607542
|cant|p2a: Salamence|par
|move|p1a: Snorlax|Body Slam|p2a: Salamence
|-damage|p2a: Salamence|63/100 par
|
|-heal|p2a: Salamence|69/100 par|[from] item: Leftovers
|upkeep
|turn|163
|
|t:|1728607546
|move|p2a: Salamence|Protect|p2a: Salamence
|-singleturn|p2a: Salamence|Protect
|move|p1a: Snorlax|Body Slam|p2a: Salamence
|-activate|p2a: Salamence|Protect
|
|-heal|p2a: Salamence|75/100 par|[from] item: Leftovers
|upkeep
|turn|164
|
|t:|1728607552
|cant|p2a: Salamence|par
|move|p1a: Snorlax|Body Slam|p2a: Salamence
|-damage|p2a: Salamence|56/100 par
|
|-heal|p2a: Salamence|62/100 par|[from] item: Leftovers
|upkeep
|turn|165
|
|t:|1728607555
|move|p2a: Salamence|Wish|p2a: Salamence
|move|p1a: Snorlax|Body Slam|p2a: Salamence
|-damage|p2a: Salamence|44/100 par
|
|-heal|p2a: Salamence|50/100 par|[from] item: Leftovers
|upkeep
|turn|166
|
|t:|1728607561
|move|p2a: Salamence|Struggle|p1a: Snorlax
|-damage|p1a: Snorlax|90/100 par
|-damage|p2a: Salamence|47/100 par|[from] Recoil|[of] p1a: Snorlax
|move|p1a: Snorlax|Body Slam|p2a: Salamence
|-damage|p2a: Salamence|29/100 par
|
|-heal|p2a: Salamence|79/100 par|[from] move: Wish|[wisher] Salamence
|-heal|p2a: Salamence|85/100 par|[from] item: Leftovers
|-heal|p1a: Snorlax|96/100 par|[from] item: Leftovers
|upkeep
|turn|167
|
|t:|1728607569
|move|p2a: Salamence|Struggle|p1a: Snorlax
|-damage|p1a: Snorlax|86/100 par
|-damage|p2a: Salamence|82/100 par|[from] Recoil|[of] p1a: Snorlax
|move|p1a: Snorlax|Body Slam|p2a: Salamence
|-damage|p2a: Salamence|63/100 par
|
|-heal|p2a: Salamence|69/100 par|[from] item: Leftovers
|-heal|p1a: Snorlax|92/100 par|[from] item: Leftovers
|upkeep
|turn|168
|
|t:|1728607575
|move|p2a: Salamence|Struggle|p1a: Snorlax
|-damage|p1a: Snorlax|81/100 par
|-damage|p2a: Salamence|66/100 par|[from] Recoil|[of] p1a: Snorlax
|move|p1a: Snorlax|Body Slam|p2a: Salamence
|-damage|p2a: Salamence|45/100 par
|
|-heal|p2a: Salamence|51/100 par|[from] item: Leftovers
|-heal|p1a: Snorlax|88/100 par|[from] item: Leftovers
|upkeep
|turn|169
|
|t:|1728607581
|move|p2a: Salamence|Struggle|p1a: Snorlax
|-damage|p1a: Snorlax|77/100 par
|-damage|p2a: Salamence|48/100 par|[from] Recoil|[of] p1a: Snorlax
|move|p1a: Snorlax|Body Slam|p2a: Salamence
|-damage|p2a: Salamence|29/100 par
|
|-heal|p2a: Salamence|35/100 par|[from] item: Leftovers
|-heal|p1a: Snorlax|83/100 par|[from] item: Leftovers
|upkeep
|turn|170
|
|t:|1728607589
|move|p2a: Salamence|Struggle|p1a: Snorlax
|-damage|p1a: Snorlax|73/100 par
|-damage|p2a: Salamence|32/100 par|[from] Recoil|[of] p1a: Snorlax
|move|p1a: Snorlax|Self-Destruct|p2a: Salamence
|-damage|p2a: Salamence|0 fnt
|faint|p1a: Snorlax
|faint|p2a: Salamence
|
|tie
|c|☆RaskaPork|ffs
|c|☆vbncvx|LL
|c|☆vbncvx|LOL
|c|☆vbncvx|what happens now
|c|☆vbncvx|tie?
|c|☆RaskaPork|It's 1-1
|c|☆vbncvx|oh shoot
|c|☆vbncvx|so next game wins?
|c|☆RaskaPork|Either that or it's Seen as 0-0?
|c|☆RaskaPork|Honestly idk how it goes
|c|☆vbncvx|let me check da rules
|c|☆RaskaPork|I think it would just be treated as 0-0, so there would be four games at max

</script>
<script type="application/json" class="data" id="replaydata-smogtours-gen3ou-797087">
{"id":"smogtours-gen3ou-797087","format":"[Gen 3] OU","players":["RaskaPork","vbncvx"],"uploadtime":1728607589,"views":106,"formatid":"gen3ou","rating":null,"private":0,"password":null}
</script>

<script defer src="js/replays.js?9d40a366"></script>
