<!DOCTYPE html>
<meta charset="utf-8" />
<meta name="viewport" content="width=device-width" />

<title>[Gen 3] OU: Ramsus776 vs. cremozar - Replays - Pok&eacute;mon Showdown!</title>

<meta name="description" content="Watch a replay of a Pok&eacute;mon battle between Ramsus776 and cremozar! Format: [Gen 3] OU; Date: Oct 3, 2024" />
<!--

Hey, you! Looking in the source for the replay log?

You can find them in JSON format, just add `.json` at the end of a replay URL.

https://replay.pokemonshowdown.com/gen7randomdoublesbattle-865046831.json

Or, if you only need the log itself, add `.log` instead:

https://replay.pokemonshowdown.com/gen7randomdoublesbattle-865046831.log

-->

<link rel="stylesheet" href="//pokemonshowdown.com/style/global.css?0.767286132409787" />
<link rel="stylesheet" href="//play.pokemonshowdown.com/style/font-awesome.css?0.9266228007934947" />
<link rel="stylesheet" href="//play.pokemonshowdown.com/style/battle.css?0.7924700842790926" />
<link rel="stylesheet" href="//play.pokemonshowdown.com/style/utilichart.css?0.8777417872839479" />

<!-- Global site tag (gtag.js) - Google Analytics -->
<script async src="https://www.googletagmanager.com/gtag/js?id=UA-26211653-1"></script>
<script>
  window.dataLayer = window.dataLayer || [];
  function gtag(){dataLayer.push(arguments);}
  gtag('js', new Date());

  gtag('config', 'UA-26211653-1');
</script>
<!-- End Google Analytics -->
<!-- Venatus Ad Manager - Install in <HEAD> of page -->
	<script src="https://hb.vntsm.com/v3/live/ad-manager.min.js" type="text/javascript" data-site-id="642aba63ec9a7b11c3c9c1be" data-mode="scan" async></script>
<!-- / Venatus Ad Manager -->

<style>
	@media (max-width:820px) {
		.battle {
			margin: 0 auto;
		}
		.battle-log {
			margin: 7px auto 0;
			max-width: 640px;
			height: 300px;
			position: static;
		}
	}
	.optgroup {
		display: inline-block;
		line-height: 22px;
		font-size: 10pt;
	}
	.optgroup .button {
		height: 25px;
		padding-top: 0;
		padding-bottom: 0;
	}
	.optgroup button.button {
		padding-left: 12px;
		padding-right: 12px;
	}
	.linklist {
		list-style: none;
		margin: 0.5em 0;
		padding: 0;
	}
	.linklist li {
		padding: 2px 0;
	}
	.sidebar {
		float: left;
		width: 320px;
	}
	.bar-wrapper {
		max-width: 1100px;
		margin: 0 auto;
	}
	.bar-wrapper.has-sidebar {
		max-width: 1430px;
	}
	.mainbar {
		margin: 0;
		padding-right: 1px;
	}
	.mainbar.has-sidebar {
		margin-left: 330px;
	}
	@media (min-width: 1511px) {
		.sidebar {
			width: 400px;
		}
		.bar-wrapper.has-sidebar {
			max-width: 1510px;
		}
		.mainbar.has-sidebar {
			margin-left: 410px;
		}
	}
	.section.first-section {
		margin-top: 9px;
	}
	.blocklink small {
		white-space: normal;
	}
	.button {
		vertical-align: middle;
	}
	.replay-controls {
		padding-top: 10px;
	}
	.replay-controls h1 {
		font-size: 16pt;
		font-weight: normal;
		color: #CCC;
	}
	.pagelink {
		text-align: center;
	}
	.pagelink a {
		width: 150px;
	}
	.textbox, .button {
		font-size: 11pt;
		vertical-align: middle;
	}
	@media (max-width: 450px) {
		.button {
			font-size: 9pt;
		}
	}
</style>

<div>

	<header>
		<div class="nav-wrapper"><ul class="nav">
			<li><a class="button nav-first" href="//pokemonshowdown.com/"><img src="//pokemonshowdown.com/images/pokemonshowdownbeta.png" srcset="//pokemonshowdown.com/images/pokemonshowdownbeta.png 1x, //pokemonshowdown.com/images/pokemonshowdownbeta@2x.png 2x" alt="Pok&eacute;mon Showdown" width="146" height="44" /> Home</a></li>
			<li><a class="button" href="//pokemonshowdown.com/dex/">Pok&eacute;dex</a></li>
			<li><a class="button cur" href="/">Replays</a></li>
			<li><a class="button" href="//pokemonshowdown.com/ladder/">Ladder</a></li>
			<li><a class="button nav-last" href="//pokemonshowdown.com/forums/">Forum</a></li>
			<li><a class="button greenbutton nav-first nav-last" href="//play.pokemonshowdown.com/">Play</a></li>
		</ul></div>
	</header>

	<div class="main" id="main">

		<noscript><section class="section">You need to enable JavaScript to use this page; sorry!</section></noscript>

	</div>

</div>

<script defer nomodule src="//play.pokemonshowdown.com/js/lib/ps-polyfill.js"></script>
<script defer src="//play.pokemonshowdown.com/js/lib/preact.min.js"></script>

<script defer src="//play.pokemonshowdown.com/config/config.js?6dec07f6"></script>
<script defer src="//play.pokemonshowdown.com/js/lib/jquery-1.11.0.min.js"></script>
<script defer src="//play.pokemonshowdown.com/js/lib/html-sanitizer-minified.js"></script>
<script defer src="//play.pokemonshowdown.com/js/battle-sound.js"></script>
<script defer src="//play.pokemonshowdown.com/js/battledata.js?0.6315294753075389"></script>
<script defer src="//play.pokemonshowdown.com/data/pokedex-mini.js?0.7603743185311358"></script>
<script defer src="//play.pokemonshowdown.com/data/pokedex-mini-bw.js?0.030888842834281283"></script>
<script defer src="//play.pokemonshowdown.com/data/graphics.js?0.05593094747507488"></script>
<script defer src="//play.pokemonshowdown.com/data/pokedex.js?0.47064822249611904"></script>
<script defer src="//play.pokemonshowdown.com/data/moves.js?0.8583693120512459"></script>
<script defer src="//play.pokemonshowdown.com/data/abilities.js?0.16017181182386842"></script>
<script defer src="//play.pokemonshowdown.com/data/items.js?0.4163379185673943"></script>
<script defer src="//play.pokemonshowdown.com/data/teambuilder-tables.js?0.31075597372830477"></script>
<script defer src="//play.pokemonshowdown.com/js/battle-tooltips.js?0.6536193500708172"></script>
<script defer src="//play.pokemonshowdown.com/js/battle.js?0.1916591943277901"></script>

<script defer src="js/utils.js?e31f9a17"></script>
<script defer src="js/replays-battle.js?7008c182"></script>

<!-- don't scrape this data! just add .json or .log after the URL!
Full API docs: https://github.com/smogon/pokemon-showdown-client/blob/master/WEB-API.md -->
<script type="text/plain" class="log" id="replaylog-smogtours-gen3ou-794243">
|inactive|Battle timer is ON: inactive players will automatically lose when time's up.
|t:|1727974074
|gametype|singles
|player|p1|Ramsus776|burgh|
|player|p2|cremozar|169|
|teamsize|p1|6
|teamsize|p2|6
|gen|3
|tier|[Gen 3] OU
|rule|Sleep Clause Mod: Limit one foe put to sleep
|rule|Switch Priority Clause Mod: Faster Pokémon switch first
|rule|Species Clause: Limit one of each Pokémon
|rule|OHKO Clause: OHKO moves are banned
|rule|Evasion Items Clause: Evasion items are banned
|rule|Evasion Moves Clause: Evasion moves are banned
|rule|Endless Battle Clause: Forcing endless battles is banned
|rule|HP Percentage Mod: HP is shown in percentages
|rule|One Boost Passer Clause: Limit one Baton Passer that has a way to boost its stats
|rule|Freeze Clause Mod: Limit one foe frozen
|
|t:|1727974074
|start
|switch|p1a: A mimir|Smeargle, F|100/100
|switch|p2a: Salamence|Salamence, M|100/100
|-ability|p2a: Salamence|Intimidate|boost
|-unboost|p1a: A mimir|atk|1
|turn|1
|
|t:|1727974085
|switch|p1a: Oooooh|Gengar, M|100/100
|move|p2a: Salamence|Brick Break|p1a: Oooooh
|-immune|p1a: Oooooh
|
|upkeep
|turn|2
|
|t:|1727974093
|switch|p2a: Tyranitar|Tyranitar, M|100/100
|-weather|Sandstorm|[from] ability: Sand Stream|[of] p2a: Tyranitar
|move|p1a: Oooooh|Will-O-Wisp|p2a: Tyranitar
|-status|p2a: Tyranitar|brn
|
|-weather|Sandstorm|[upkeep]
|-damage|p1a: Oooooh|94/100|[from] Sandstorm
|-heal|p1a: Oooooh|100/100|[from] item: Leftovers
|-damage|p2a: Tyranitar|88/100 brn|[from] brn
|upkeep
|turn|3
|
|t:|1727974130
|-activate|p1a: Oooooh|move: Pursuit
|move|p2a: Tyranitar|Pursuit|p1a: Oooooh|[from]Pursuit
|-supereffective|p1a: Oooooh
|-damage|p1a: Oooooh|10/100
|switch|p1a: Alcachofa|Tyranitar, F|100/100
|
|-weather|Sandstorm|[upkeep]
|-heal|p2a: Tyranitar|94/100 brn|[from] item: Leftovers
|-damage|p2a: Tyranitar|82/100 brn|[from] brn
|upkeep
|turn|4
|inactive|Ramsus776 has 270 seconds left.
|
|t:|1727974149
|switch|p1a: A mimir|Smeargle, F|100/100
|switch|p2a: Salamence|Salamence, M|100/100
|-ability|p2a: Salamence|Intimidate|boost
|-unboost|p1a: A mimir|atk|1
|
|-weather|Sandstorm|[upkeep]
|-damage|p2a: Salamence|94/100|[from] Sandstorm
|-damage|p1a: A mimir|95/100|[from] Sandstorm
|-heal|p2a: Salamence|100/100|[from] item: Leftovers
|upkeep
|turn|5
|inactive|Ramsus776 has 270 seconds left.
|
|t:|1727974165
|switch|p1a: 2012|Metagross|100/100
|move|p2a: Salamence|Brick Break|p1a: 2012
|-damage|p1a: 2012|82/100
|
|-weather|Sandstorm|[upkeep]
|-damage|p2a: Salamence|94/100|[from] Sandstorm
|-heal|p2a: Salamence|100/100|[from] item: Leftovers
|upkeep
|turn|6
|inactive|Ramsus776 has 270 seconds left.
|inactive|cremozar has 270 seconds left.
|
|t:|1727974206
|switch|p2a: Swampert|Swampert, M|100/100
|switch|p1a: GRAAAAAGH|Aerodactyl, M|100/100
|
|-weather|Sandstorm|[upkeep]
|upkeep
|turn|7
|
|t:|1727974229
|switch|p1a: Oooooh|Gengar, M|10/100
|switch|p2a: Salamence|Salamence, M|100/100
|-ability|p2a: Salamence|Intimidate|boost
|-unboost|p1a: Oooooh|atk|1
|
|-weather|Sandstorm|[upkeep]
|-damage|p1a: Oooooh|4/100|[from] Sandstorm
|-damage|p2a: Salamence|94/100|[from] Sandstorm
|-heal|p1a: Oooooh|10/100|[from] item: Leftovers
|-heal|p2a: Salamence|100/100|[from] item: Leftovers
|upkeep
|turn|8
|
|t:|1727974243
|switch|p2a: Tyranitar|Tyranitar, M|82/100 brn
|move|p1a: Oooooh|Ice Punch|p2a: Tyranitar
|-damage|p2a: Tyranitar|62/100 brn
|
|-weather|Sandstorm|[upkeep]
|-damage|p1a: Oooooh|4/100|[from] Sandstorm
|-heal|p1a: Oooooh|10/100|[from] item: Leftovers
|-heal|p2a: Tyranitar|68/100 brn|[from] item: Leftovers
|-damage|p2a: Tyranitar|56/100 brn|[from] brn
|upkeep
|turn|9
|
|t:|1727974250
|move|p1a: Oooooh|Thunderbolt|p2a: Tyranitar
|-damage|p2a: Tyranitar|32/100 brn
|move|p2a: Tyranitar|Pursuit|p1a: Oooooh
|-supereffective|p1a: Oooooh
|-damage|p1a: Oooooh|0 fnt
|faint|p1a: Oooooh
|inactive|Ramsus776 has 240 seconds left.
|
|t:|1727974284
|switch|p1a: 2012|Metagross|82/100
|
|-weather|Sandstorm|[upkeep]
|-heal|p2a: Tyranitar|38/100 brn|[from] item: Leftovers
|-damage|p2a: Tyranitar|26/100 brn|[from] brn
|upkeep
|turn|10
|inactive|cremozar has 270 seconds left.
|
|t:|1727974290
|move|p1a: 2012|Meteor Mash|p2a: Tyranitar|[miss]
|-miss|p1a: 2012|p2a: Tyranitar
|move|p2a: Tyranitar|Flamethrower|p1a: 2012
|-supereffective|p1a: 2012
|-damage|p1a: 2012|25/100
|
|-weather|Sandstorm|[upkeep]
|-heal|p2a: Tyranitar|32/100 brn|[from] item: Leftovers
|-damage|p2a: Tyranitar|20/100 brn|[from] brn
|upkeep
|turn|11
|c|☆cremozar|mb
|inactive|cremozar has 270 seconds left.
|inactive|Ramsus776 has 240 seconds left.
|
|t:|1727974310
|move|p1a: 2012|Meteor Mash|p2a: Tyranitar
|-supereffective|p2a: Tyranitar
|-damage|p2a: Tyranitar|0 fnt
|faint|p2a: Tyranitar
|inactive|cremozar has 270 seconds left.
|inactive|cremozar has 240 seconds left.
|
|t:|1727974362
|switch|p2a: Aerodactyl|Aerodactyl, F|100/100
|
|-weather|Sandstorm|[upkeep]
|upkeep
|turn|12
|
|t:|1727974376
|move|p2a: Aerodactyl|Earthquake|p1a: 2012
|-supereffective|p1a: 2012
|-damage|p1a: 2012|0 fnt
|faint|p1a: 2012
|
|t:|1727974380
|switch|p1a: GRAAAAAGH|Aerodactyl, M|100/100
|
|-weather|Sandstorm|[upkeep]
|upkeep
|turn|13
|
|t:|1727974404
|switch|p2a: Swampert|Swampert, M|100/100
|move|p1a: GRAAAAAGH|Double-Edge|p2a: Swampert
|-damage|p2a: Swampert|60/100
|
|-weather|Sandstorm|[upkeep]
|-heal|p2a: Swampert|66/100|[from] item: Leftovers
|upkeep
|turn|14
|inactive|cremozar has 240 seconds left.
|inactive|Ramsus776 has 240 seconds left.
|
|t:|1727974429
|switch|p1a: A mimir|Smeargle, F|95/100
|move|p2a: Swampert|Surf|p1a: A mimir
|-damage|p1a: A mimir|38/100
|
|-weather|Sandstorm|[upkeep]
|-damage|p1a: A mimir|32/100|[from] Sandstorm
|-heal|p2a: Swampert|72/100|[from] item: Leftovers
|upkeep
|turn|15
|inactive|Ramsus776 has 240 seconds left.
|inactive|cremozar has 240 seconds left.
|
|t:|1727974441
|switch|p2a: Jirachi|Jirachi|100/100
|move|p1a: A mimir|Spore|p2a: Jirachi
|-status|p2a: Jirachi|slp|[from] move: Spore
|
|-weather|Sandstorm|[upkeep]
|-damage|p1a: A mimir|26/100|[from] Sandstorm
|upkeep
|turn|16
|inactive|cremozar has 240 seconds left.
|
|t:|1727974455
|switch|p2a: Salamence|Salamence, M|100/100
|-ability|p2a: Salamence|Intimidate|boost
|-unboost|p1a: A mimir|atk|1
|move|p1a: A mimir|Spikes|p2a: Salamence
|-sidestart|p2: cremozar|Spikes
|
|-weather|Sandstorm|[upkeep]
|-damage|p2a: Salamence|94/100|[from] Sandstorm
|-damage|p1a: A mimir|20/100|[from] Sandstorm
|-heal|p2a: Salamence|100/100|[from] item: Leftovers
|-enditem|p1a: A mimir|Salac Berry|[eat]
|-boost|p1a: A mimir|spe|1|[from] item: Salac Berry
|upkeep
|turn|17
|inactive|Ramsus776 has 240 seconds left.
|inactive|cremozar has 240 seconds left.
|
|t:|1727974508
|move|p1a: A mimir|Spikes|p2a: Salamence
|-sidestart|p2: cremozar|Spikes
|move|p2a: Salamence|Dragon Claw|p1a: A mimir
|-damage|p1a: A mimir|0 fnt
|faint|p1a: A mimir
|
|t:|1727974513
|switch|p1a: GRAAAAAGH|Aerodactyl, M|100/100
|
|-weather|Sandstorm|[upkeep]
|-damage|p2a: Salamence|94/100|[from] Sandstorm
|-heal|p2a: Salamence|100/100|[from] item: Leftovers
|upkeep
|turn|18
|
|t:|1727974516
|switch|p2a: Jirachi|Jirachi|100/100 slp
|-damage|p2a: Jirachi|84/100 slp|[from] Spikes
|move|p1a: GRAAAAAGH|Rock Slide|p2a: Jirachi
|-resisted|p2a: Jirachi
|-damage|p2a: Jirachi|60/100 slp
|
|-weather|Sandstorm|[upkeep]
|-heal|p2a: Jirachi|66/100 slp|[from] item: Leftovers
|upkeep
|turn|19
|
|t:|1727974522
|switch|p1a: Alcachofa|Tyranitar, F|100/100
|switch|p2a: Salamence|Salamence, M|100/100
|-ability|p2a: Salamence|Intimidate|boost
|-unboost|p1a: Alcachofa|atk|1
|
|-weather|Sandstorm|[upkeep]
|-damage|p2a: Salamence|94/100|[from] Sandstorm
|-heal|p2a: Salamence|100/100|[from] item: Leftovers
|upkeep
|turn|20
|inactive|Ramsus776 has 240 seconds left.
|
|t:|1727974533
|move|p2a: Salamence|Dragon Claw|p1a: Alcachofa
|-damage|p1a: Alcachofa|67/100
|move|p1a: Alcachofa|Dragon Dance|p1a: Alcachofa
|-boost|p1a: Alcachofa|atk|1
|-boost|p1a: Alcachofa|spe|1
|
|-weather|Sandstorm|[upkeep]
|-damage|p2a: Salamence|94/100|[from] Sandstorm
|-heal|p2a: Salamence|100/100|[from] item: Leftovers
|upkeep
|turn|21
|inactive|cremozar has 270 seconds left.
|
|t:|1727974542
|move|p1a: Alcachofa|Rock Slide|p2a: Salamence
|-supereffective|p2a: Salamence
|-crit|p2a: Salamence
|-damage|p2a: Salamence|0 fnt
|faint|p2a: Salamence
|inactive|cremozar has 270 seconds left.
|
|t:|1727974553
|switch|p2a: Aerodactyl|Aerodactyl, F|100/100
|
|-weather|Sandstorm|[upkeep]
|upkeep
|turn|22
|
|t:|1727974571
|move|p2a: Aerodactyl|Earthquake|p1a: Alcachofa
|-supereffective|p1a: Alcachofa
|-damage|p1a: Alcachofa|0 fnt
|faint|p1a: Alcachofa
|
|t:|1727974575
|switch|p1a: GRAAAAAGH|Aerodactyl, M|100/100
|
|-weather|Sandstorm|[upkeep]
|upkeep
|turn|23
|
|t:|1727974585
|switch|p2a: Jirachi|Jirachi|66/100 slp
|-damage|p2a: Jirachi|50/100 slp|[from] Spikes
|move|p1a: GRAAAAAGH|Rock Slide|p2a: Jirachi
|-resisted|p2a: Jirachi
|-damage|p2a: Jirachi|25/100 slp
|
|-weather|Sandstorm|[upkeep]
|-heal|p2a: Jirachi|31/100 slp|[from] item: Leftovers
|upkeep
|turn|24
|
|t:|1727974591
|move|p1a: GRAAAAAGH|Rock Slide|p2a: Jirachi
|-resisted|p2a: Jirachi
|-damage|p2a: Jirachi|10/100 slp
|cant|p2a: Jirachi|slp
|
|-weather|Sandstorm|[upkeep]
|-heal|p2a: Jirachi|16/100 slp|[from] item: Leftovers
|upkeep
|turn|25
|
|t:|1727974597
|move|p1a: GRAAAAAGH|Rock Slide|p2a: Jirachi
|-resisted|p2a: Jirachi
|-damage|p2a: Jirachi|0 fnt
|faint|p2a: Jirachi
|
|t:|1727974599
|switch|p2a: Swampert|Swampert, M|72/100
|-damage|p2a: Swampert|55/100|[from] Spikes
|
|-weather|Sandstorm|[upkeep]
|-heal|p2a: Swampert|62/100|[from] item: Leftovers
|upkeep
|turn|26
|
|t:|1727974605
|move|p1a: GRAAAAAGH|Rock Slide|p2a: Swampert
|-resisted|p2a: Swampert
|-damage|p2a: Swampert|42/100
|move|p2a: Swampert|Surf|p1a: GRAAAAAGH
|-supereffective|p1a: GRAAAAAGH
|-damage|p1a: GRAAAAAGH|11/100
|
|-weather|Sandstorm|[upkeep]
|-heal|p2a: Swampert|49/100|[from] item: Leftovers
|upkeep
|turn|27
|
|t:|1727974610
|move|p1a: GRAAAAAGH|Rock Slide|p2a: Swampert
|-resisted|p2a: Swampert
|-damage|p2a: Swampert|29/100
|cant|p2a: Swampert|flinch
|
|-weather|Sandstorm|[upkeep]
|-heal|p2a: Swampert|35/100|[from] item: Leftovers
|upkeep
|turn|28
|
|t:|1727974615
|move|p2a: Swampert|Protect|p2a: Swampert
|-singleturn|p2a: Swampert|Protect
|move|p1a: GRAAAAAGH|Rock Slide|p2a: Swampert|[miss]
|-miss|p1a: GRAAAAAGH|p2a: Swampert
|
|-weather|Sandstorm|[upkeep]
|-heal|p2a: Swampert|41/100|[from] item: Leftovers
|upkeep
|turn|29
|
|t:|1727974617
|move|p1a: GRAAAAAGH|Rock Slide|p2a: Swampert
|-resisted|p2a: Swampert
|-damage|p2a: Swampert|22/100
|move|p2a: Swampert|Surf|p1a: GRAAAAAGH
|-supereffective|p1a: GRAAAAAGH
|-damage|p1a: GRAAAAAGH|0 fnt
|faint|p1a: GRAAAAAGH
|
|t:|1727974620
|switch|p1a: Meddle|Kingdra, F|100/100
|
|-weather|Sandstorm|[upkeep]
|-damage|p1a: Meddle|95/100|[from] Sandstorm
|-heal|p2a: Swampert|28/100|[from] item: Leftovers
|upkeep
|turn|30
|
|t:|1727974626
|switch|p2a: Snorlax|Snorlax, M|100/100
|-damage|p2a: Snorlax|84/100|[from] Spikes
|move|p1a: Meddle|Rain Dance|p1a: Meddle
|-weather|RainDance
|
|-weather|RainDance|[upkeep]
|-heal|p2a: Snorlax|90/100|[from] item: Leftovers
|upkeep
|turn|31
|c|☆Ramsus776|Aw dangit
|
|t:|1727974636
|move|p1a: Meddle|Hydro Pump|p2a: Snorlax
|-damage|p2a: Snorlax|45/100
|move|p2a: Snorlax|Self-Destruct|p1a: Meddle
|-damage|p1a: Meddle|0 fnt
|faint|p2a: Snorlax
|faint|p1a: Meddle
|
|win|cremozar
|c|☆cremozar|gg

</script>
<script type="application/json" class="data" id="replaydata-smogtours-gen3ou-794243">
{"id":"smogtours-gen3ou-794243","format":"[Gen 3] OU","players":["Ramsus776","cremozar"],"uploadtime":1727974636,"views":90,"formatid":"gen3ou","rating":null,"private":0,"password":null}
</script>

<script defer src="js/replays.js?9d40a366"></script>
