<!DOCTYPE html>
<meta charset="utf-8" />
<meta name="viewport" content="width=device-width" />

<title>[Gen 3] OU: ADV TechSupport vs. Euph0riADV - Replays - Pok&eacute;mon Showdown!</title>

<meta name="description" content="Watch a replay of a Pok&eacute;mon battle between ADV TechSupport and Euph0riADV! Format: [Gen 3] OU; Date: Oct 10, 2024" />
<!--

Hey, you! Looking in the source for the replay log?

You can find them in JSON format, just add `.json` at the end of a replay URL.

https://replay.pokemonshowdown.com/gen7randomdoublesbattle-865046831.json

Or, if you only need the log itself, add `.log` instead:

https://replay.pokemonshowdown.com/gen7randomdoublesbattle-865046831.log

-->

<link rel="stylesheet" href="//pokemonshowdown.com/style/global.css?0.023195364461161105" />
<link rel="stylesheet" href="//play.pokemonshowdown.com/style/font-awesome.css?0.13261647063804238" />
<link rel="stylesheet" href="//play.pokemonshowdown.com/style/battle.css?0.8753245789963631" />
<link rel="stylesheet" href="//play.pokemonshowdown.com/style/utilichart.css?0.8627959624976733" />

<!-- Global site tag (gtag.js) - Google Analytics -->
<script async src="https://www.googletagmanager.com/gtag/js?id=UA-26211653-1"></script>
<script>
  window.dataLayer = window.dataLayer || [];
  function gtag(){dataLayer.push(arguments);}
  gtag('js', new Date());

  gtag('config', 'UA-26211653-1');
</script>
<!-- End Google Analytics -->
<!-- Venatus Ad Manager - Install in <HEAD> of page -->
	<script src="https://hb.vntsm.com/v3/live/ad-manager.min.js" type="text/javascript" data-site-id="642aba63ec9a7b11c3c9c1be" data-mode="scan" async></script>
<!-- / Venatus Ad Manager -->

<style>
	@media (max-width:820px) {
		.battle {
			margin: 0 auto;
		}
		.battle-log {
			margin: 7px auto 0;
			max-width: 640px;
			height: 300px;
			position: static;
		}
	}
	.optgroup {
		display: inline-block;
		line-height: 22px;
		font-size: 10pt;
	}
	.optgroup .button {
		height: 25px;
		padding-top: 0;
		padding-bottom: 0;
	}
	.optgroup button.button {
		padding-left: 12px;
		padding-right: 12px;
	}
	.linklist {
		list-style: none;
		margin: 0.5em 0;
		padding: 0;
	}
	.linklist li {
		padding: 2px 0;
	}
	.sidebar {
		float: left;
		width: 320px;
	}
	.bar-wrapper {
		max-width: 1100px;
		margin: 0 auto;
	}
	.bar-wrapper.has-sidebar {
		max-width: 1430px;
	}
	.mainbar {
		margin: 0;
		padding-right: 1px;
	}
	.mainbar.has-sidebar {
		margin-left: 330px;
	}
	@media (min-width: 1511px) {
		.sidebar {
			width: 400px;
		}
		.bar-wrapper.has-sidebar {
			max-width: 1510px;
		}
		.mainbar.has-sidebar {
			margin-left: 410px;
		}
	}
	.section.first-section {
		margin-top: 9px;
	}
	.blocklink small {
		white-space: normal;
	}
	.button {
		vertical-align: middle;
	}
	.replay-controls {
		padding-top: 10px;
	}
	.replay-controls h1 {
		font-size: 16pt;
		font-weight: normal;
		color: #CCC;
	}
	.pagelink {
		text-align: center;
	}
	.pagelink a {
		width: 150px;
	}
	.textbox, .button {
		font-size: 11pt;
		vertical-align: middle;
	}
	@media (max-width: 450px) {
		.button {
			font-size: 9pt;
		}
	}
</style>

<div>

	<header>
		<div class="nav-wrapper"><ul class="nav">
			<li><a class="button nav-first" href="//pokemonshowdown.com/"><img src="//pokemonshowdown.com/images/pokemonshowdownbeta.png" srcset="//pokemonshowdown.com/images/pokemonshowdownbeta.png 1x, //pokemonshowdown.com/images/pokemonshowdownbeta@2x.png 2x" alt="Pok&eacute;mon Showdown" width="146" height="44" /> Home</a></li>
			<li><a class="button" href="//pokemonshowdown.com/dex/">Pok&eacute;dex</a></li>
			<li><a class="button cur" href="/">Replays</a></li>
			<li><a class="button" href="//pokemonshowdown.com/ladder/">Ladder</a></li>
			<li><a class="button nav-last" href="//pokemonshowdown.com/forums/">Forum</a></li>
			<li><a class="button greenbutton nav-first nav-last" href="//play.pokemonshowdown.com/">Play</a></li>
		</ul></div>
	</header>

	<div class="main" id="main">

		<noscript><section class="section">You need to enable JavaScript to use this page; sorry!</section></noscript>

	</div>

</div>

<script defer nomodule src="//play.pokemonshowdown.com/js/lib/ps-polyfill.js"></script>
<script defer src="//play.pokemonshowdown.com/js/lib/preact.min.js"></script>

<script defer src="//play.pokemonshowdown.com/config/config.js?2bddbc15"></script>
<script defer src="//play.pokemonshowdown.com/js/lib/jquery-1.11.0.min.js"></script>
<script defer src="//play.pokemonshowdown.com/js/lib/html-sanitizer-minified.js"></script>
<script defer src="//play.pokemonshowdown.com/js/battle-sound.js"></script>
<script defer src="//play.pokemonshowdown.com/js/battledata.js?0.7209276989879541"></script>
<script defer src="//play.pokemonshowdown.com/data/pokedex-mini.js?0.6111056340867951"></script>
<script defer src="//play.pokemonshowdown.com/data/pokedex-mini-bw.js?0.3532142036491459"></script>
<script defer src="//play.pokemonshowdown.com/data/graphics.js?0.24223875632456182"></script>
<script defer src="//play.pokemonshowdown.com/data/pokedex.js?0.38839984266356864"></script>
<script defer src="//play.pokemonshowdown.com/data/moves.js?0.21866028504024015"></script>
<script defer src="//play.pokemonshowdown.com/data/abilities.js?0.2005157953846628"></script>
<script defer src="//play.pokemonshowdown.com/data/items.js?0.9894211263848525"></script>
<script defer src="//play.pokemonshowdown.com/data/teambuilder-tables.js?0.6008791140282215"></script>
<script defer src="//play.pokemonshowdown.com/js/battle-tooltips.js?0.7580118955022959"></script>
<script defer src="//play.pokemonshowdown.com/js/battle.js?0.6057722274234274"></script>

<script defer src="js/utils.js?e31f9a17"></script>
<script defer src="js/replays-battle.js?7008c182"></script>

<!-- don't scrape this data! just add .json or .log after the URL!
Full API docs: https://github.com/smogon/pokemon-showdown-client/blob/master/WEB-API.md -->
<script type="text/plain" class="log" id="replaylog-smogtours-gen3ou-796850">
|inactive|Battle timer is ON: inactive players will automatically lose when time's up.
|t:|1728525988
|gametype|singles
|player|p1|ADV TechSupport|burglar|
|player|p2|Euph0riADV|169|
|teamsize|p1|6
|teamsize|p2|6
|gen|3
|tier|[Gen 3] OU
|rule|Sleep Clause Mod: Limit one foe put to sleep
|rule|Switch Priority Clause Mod: Faster Pokémon switch first
|rule|Species Clause: Limit one of each Pokémon
|rule|OHKO Clause: OHKO moves are banned
|rule|Evasion Items Clause: Evasion items are banned
|rule|Evasion Moves Clause: Evasion moves are banned
|rule|Endless Battle Clause: Forcing endless battles is banned
|rule|HP Percentage Mod: HP is shown in percentages
|rule|One Boost Passer Clause: Limit one Baton Passer that has a way to boost its stats
|rule|Freeze Clause Mod: Limit one foe frozen
|
|t:|1728525988
|start
|switch|p1a: Metagross|Metagross|100/100
|switch|p2a: Black Serotonin|Tyranitar, F, shiny|100/100
|-weather|Sandstorm|[from] ability: Sand Stream|[of] p2a: Black Serotonin
|turn|1
|
|t:|1728526010
|switch|p2a: Cosmic Narcissism|Jirachi|100/100
|move|p1a: Metagross|Meteor Mash|p2a: Cosmic Narcissism
|-resisted|p2a: Cosmic Narcissism
|-damage|p2a: Cosmic Narcissism|83/100
|
|-weather|Sandstorm|[upkeep]
|-heal|p2a: Cosmic Narcissism|90/100|[from] item: Leftovers
|upkeep
|turn|2
|
|t:|1728526015
|switch|p1a: Blissey|Blissey, F|100/100
|move|p2a: Cosmic Narcissism|Fire Punch|p1a: Blissey
|-damage|p1a: Blissey|94/100
|
|-weather|Sandstorm|[upkeep]
|-damage|p1a: Blissey|87/100|[from] Sandstorm
|-heal|p2a: Cosmic Narcissism|96/100|[from] item: Leftovers
|-heal|p1a: Blissey|94/100|[from] item: Leftovers
|upkeep
|turn|3
|
|t:|1728526023
|switch|p2a: Railmaster|Forretress, F|100/100
|move|p1a: Blissey|Sing|p2a: Railmaster|[miss]
|-miss|p1a: Blissey|p2a: Railmaster
|
|-weather|Sandstorm|[upkeep]
|-damage|p1a: Blissey|87/100|[from] Sandstorm
|-heal|p1a: Blissey|94/100|[from] item: Leftovers
|upkeep
|turn|4
|
|t:|1728526027
|move|p1a: Blissey|Sing|p2a: Railmaster
|-status|p2a: Railmaster|slp|[from] move: Sing
|cant|p2a: Railmaster|slp
|
|-weather|Sandstorm|[upkeep]
|-damage|p1a: Blissey|87/100|[from] Sandstorm
|-heal|p1a: Blissey|94/100|[from] item: Leftovers
|upkeep
|turn|5
|c|☆Euph0riADV|sing is crazy
|
|t:|1728526035
|switch|p1a: Magneton|Magneton|100/100
|-curestatus|p2a: Railmaster|slp|[msg]
|move|p2a: Railmaster|Spikes|p1a: Magneton
|-sidestart|p1: ADV TechSupport|Spikes
|
|-weather|Sandstorm|[upkeep]
|upkeep
|turn|6
|
|t:|1728526042
|move|p1a: Magneton|Hidden Power|p2a: Railmaster
|-supereffective|p2a: Railmaster
|-damage|p2a: Railmaster|8/100
|move|p2a: Railmaster|Earthquake|p1a: Magneton
|-supereffective|p1a: Magneton
|-damage|p1a: Magneton|0 fnt
|faint|p1a: Magneton
|
|t:|1728526055
|switch|p1a: Metagross|Metagross|100/100
|-damage|p1a: Metagross|88/100|[from] Spikes
|
|-weather|Sandstorm|[upkeep]
|-heal|p1a: Metagross|94/100|[from] item: Leftovers
|-heal|p2a: Railmaster|14/100|[from] item: Leftovers
|upkeep
|turn|7
|inactive|Euph0riADV has 270 seconds left.
|
|t:|1728526110
|move|p1a: Metagross|Earthquake|p2a: Railmaster
|-damage|p2a: Railmaster|0 fnt
|faint|p2a: Railmaster
|
|t:|1728526113
|switch|p2a: Anti-Eulogy|Salamence, M|100/100
|-ability|p2a: Anti-Eulogy|Intimidate|boost
|-fail|p1a: Metagross|unboost|[from] ability: Clear Body|[of] p1a: Metagross
|
|-weather|Sandstorm|[upkeep]
|-damage|p2a: Anti-Eulogy|95/100|[from] Sandstorm
|-heal|p2a: Anti-Eulogy|100/100|[from] item: Leftovers
|-heal|p1a: Metagross|100/100|[from] item: Leftovers
|upkeep
|turn|8
|
|t:|1728526119
|move|p2a: Anti-Eulogy|Fire Blast|p1a: Metagross
|-supereffective|p1a: Metagross
|-damage|p1a: Metagross|11/100
|move|p1a: Metagross|Explosion|p2a: Anti-Eulogy
|-damage|p2a: Anti-Eulogy|0 fnt
|faint|p1a: Metagross
|faint|p2a: Anti-Eulogy
|inactive|Euph0riADV has 270 seconds left.
|
|t:|1728526139
|switch|p2a: Black Serotonin|Tyranitar, F, shiny|100/100
|switch|p1a: Snorlax|Snorlax, F|100/100
|-damage|p1a: Snorlax|88/100|[from] Spikes
|
|-weather|Sandstorm|[upkeep]
|-damage|p1a: Snorlax|82/100|[from] Sandstorm
|-heal|p1a: Snorlax|88/100|[from] item: Leftovers
|upkeep
|turn|9
|inactive|Euph0riADV has 270 seconds left.
|
|t:|1728526147
|move|p2a: Black Serotonin|Crunch|p1a: Snorlax
|-damage|p1a: Snorlax|68/100
|move|p1a: Snorlax|Earthquake|p2a: Black Serotonin
|-supereffective|p2a: Black Serotonin
|-damage|p2a: Black Serotonin|56/100
|
|-weather|Sandstorm|[upkeep]
|-damage|p1a: Snorlax|62/100|[from] Sandstorm
|-heal|p2a: Black Serotonin|62/100|[from] item: Leftovers
|-heal|p1a: Snorlax|68/100|[from] item: Leftovers
|upkeep
|turn|10
|
|t:|1728526153
|move|p1a: Snorlax|Curse|p1a: Snorlax
|-unboost|p1a: Snorlax|spe|1
|-boost|p1a: Snorlax|atk|1
|-boost|p1a: Snorlax|def|1
|move|p2a: Black Serotonin|Counter|p1a: Snorlax
|
|-weather|Sandstorm|[upkeep]
|-damage|p1a: Snorlax|62/100|[from] Sandstorm
|-heal|p2a: Black Serotonin|68/100|[from] item: Leftovers
|-heal|p1a: Snorlax|68/100|[from] item: Leftovers
|upkeep
|turn|11
|
|t:|1728526157
|move|p1a: Snorlax|Earthquake|p2a: Black Serotonin
|-supereffective|p2a: Black Serotonin
|-damage|p2a: Black Serotonin|10/100
|move|p2a: Black Serotonin|Counter|p1a: Snorlax
|-damage|p1a: Snorlax|0 fnt
|faint|p1a: Snorlax
|
|t:|1728526163
|switch|p1a: Salamence|Salamence, F|100/100
|-ability|p1a: Salamence|Intimidate|boost
|-unboost|p2a: Black Serotonin|atk|1
|
|-weather|Sandstorm|[upkeep]
|-damage|p1a: Salamence|94/100|[from] Sandstorm
|-heal|p2a: Black Serotonin|16/100|[from] item: Leftovers
|upkeep
|turn|12
|
|t:|1728526168
|switch|p2a: Missed Injections|Blissey, F, shiny|100/100
|move|p1a: Salamence|Earthquake|p2a: Missed Injections
|-damage|p2a: Missed Injections|66/100
|
|-weather|Sandstorm|[upkeep]
|-damage|p1a: Salamence|88/100|[from] Sandstorm
|-damage|p2a: Missed Injections|60/100|[from] Sandstorm
|-heal|p2a: Missed Injections|66/100|[from] item: Leftovers
|upkeep
|turn|13
|
|t:|1728526178
|switch|p1a: Blissey|Blissey, F|94/100
|-damage|p1a: Blissey|81/100|[from] Spikes
|move|p2a: Missed Injections|Thunder Wave|p1a: Blissey
|-status|p1a: Blissey|par
|
|-weather|Sandstorm|[upkeep]
|-damage|p2a: Missed Injections|60/100|[from] Sandstorm
|-damage|p1a: Blissey|75/100 par|[from] Sandstorm
|-heal|p2a: Missed Injections|66/100|[from] item: Leftovers
|-heal|p1a: Blissey|81/100 par|[from] item: Leftovers
|upkeep
|turn|14
|
|t:|1728526181
|move|p2a: Missed Injections|Soft-Boiled|p2a: Missed Injections
|-heal|p2a: Missed Injections|100/100
|move|p1a: Blissey|Sing|p2a: Missed Injections
|-status|p2a: Missed Injections|slp|[from] move: Sing
|
|-weather|Sandstorm|[upkeep]
|-damage|p2a: Missed Injections|94/100 slp|[from] Sandstorm
|-damage|p1a: Blissey|75/100 par|[from] Sandstorm
|-heal|p2a: Missed Injections|100/100 slp|[from] item: Leftovers
|-heal|p1a: Blissey|81/100 par|[from] item: Leftovers
|upkeep
|turn|15
|
|t:|1728526186
|cant|p2a: Missed Injections|slp
|move|p1a: Blissey|Sing|p2a: Missed Injections
|-fail|p2a: Missed Injections|slp
|
|-weather|Sandstorm|[upkeep]
|-damage|p2a: Missed Injections|94/100 slp|[from] Sandstorm
|-damage|p1a: Blissey|75/100 par|[from] Sandstorm
|-heal|p2a: Missed Injections|100/100 slp|[from] item: Leftovers
|-heal|p1a: Blissey|81/100 par|[from] item: Leftovers
|upkeep
|turn|16
|
|t:|1728526189
|cant|p2a: Missed Injections|slp
|move|p1a: Blissey|Seismic Toss|p2a: Missed Injections
|-damage|p2a: Missed Injections|86/100 slp
|
|-weather|Sandstorm|[upkeep]
|-damage|p2a: Missed Injections|80/100 slp|[from] Sandstorm
|-damage|p1a: Blissey|75/100 par|[from] Sandstorm
|-heal|p2a: Missed Injections|86/100 slp|[from] item: Leftovers
|-heal|p1a: Blissey|81/100 par|[from] item: Leftovers
|upkeep
|turn|17
|
|t:|1728526193
|cant|p2a: Missed Injections|slp
|cant|p1a: Blissey|par
|
|-weather|Sandstorm|[upkeep]
|-damage|p2a: Missed Injections|80/100 slp|[from] Sandstorm
|-damage|p1a: Blissey|75/100 par|[from] Sandstorm
|-heal|p2a: Missed Injections|86/100 slp|[from] item: Leftovers
|-heal|p1a: Blissey|81/100 par|[from] item: Leftovers
|upkeep
|turn|18
|
|t:|1728526196
|-curestatus|p2a: Missed Injections|slp|[msg]
|move|p2a: Missed Injections|Seismic Toss|p1a: Blissey
|-damage|p1a: Blissey|67/100 par
|move|p1a: Blissey|Sing|p2a: Missed Injections
|-status|p2a: Missed Injections|slp|[from] move: Sing
|
|-weather|Sandstorm|[upkeep]
|-damage|p2a: Missed Injections|80/100 slp|[from] Sandstorm
|-damage|p1a: Blissey|61/100 par|[from] Sandstorm
|-heal|p2a: Missed Injections|86/100 slp|[from] item: Leftovers
|-heal|p1a: Blissey|67/100 par|[from] item: Leftovers
|upkeep
|turn|19
|
|t:|1728526202
|-curestatus|p2a: Missed Injections|slp|[from] ability: Natural Cure
|switch|p2a: Cosmic Narcissism|Jirachi|96/100
|-curestatus|p1a: Blissey|par|[from] ability: Natural Cure
|switch|p1a: Tyranitar|Tyranitar, M|100/100
|-damage|p1a: Tyranitar|88/100|[from] Spikes
|
|-weather|Sandstorm|[upkeep]
|-heal|p2a: Cosmic Narcissism|100/100|[from] item: Leftovers
|-heal|p1a: Tyranitar|94/100|[from] item: Leftovers
|upkeep
|turn|20
|
|t:|1728526206
|move|p2a: Cosmic Narcissism|Protect|p2a: Cosmic Narcissism
|-singleturn|p2a: Cosmic Narcissism|Protect
|move|p1a: Tyranitar|Dragon Dance|p1a: Tyranitar
|-boost|p1a: Tyranitar|atk|1
|-boost|p1a: Tyranitar|spe|1
|
|-weather|Sandstorm|[upkeep]
|-heal|p1a: Tyranitar|100/100|[from] item: Leftovers
|upkeep
|turn|21
|
|t:|1728526209
|move|p1a: Tyranitar|Dragon Dance|p1a: Tyranitar
|-boost|p1a: Tyranitar|atk|1
|-boost|p1a: Tyranitar|spe|1
|move|p2a: Cosmic Narcissism|Toxic|p1a: Tyranitar|[miss]
|-miss|p2a: Cosmic Narcissism|p1a: Tyranitar
|
|-weather|Sandstorm|[upkeep]
|upkeep
|turn|22
|
|t:|1728526217
|switch|p2a: Dis Syndrome|Aerodactyl, F|100/100
|move|p1a: Tyranitar|Earthquake|p2a: Dis Syndrome
|-immune|p2a: Dis Syndrome
|
|-weather|Sandstorm|[upkeep]
|upkeep
|turn|23
|
|t:|1728526222
|move|p1a: Tyranitar|Rock Slide|p2a: Dis Syndrome
|-supereffective|p2a: Dis Syndrome
|-damage|p2a: Dis Syndrome|0 fnt
|faint|p2a: Dis Syndrome
|
|t:|1728526229
|switch|p2a: Missed Injections|Blissey, F, shiny|86/100
|
|-weather|Sandstorm|[upkeep]
|-damage|p2a: Missed Injections|80/100|[from] Sandstorm
|-heal|p2a: Missed Injections|86/100|[from] item: Leftovers
|upkeep
|turn|24
|
|t:|1728526231
|move|p1a: Tyranitar|Rock Slide|p2a: Missed Injections
|-damage|p2a: Missed Injections|16/100
|move|p2a: Missed Injections|Thunder Wave|p1a: Tyranitar
|-status|p1a: Tyranitar|par
|
|-weather|Sandstorm|[upkeep]
|-damage|p2a: Missed Injections|10/100|[from] Sandstorm
|-heal|p2a: Missed Injections|16/100|[from] item: Leftovers
|upkeep
|turn|25
|
|t:|1728526246
|switch|p2a: Black Serotonin|Tyranitar, F, shiny|16/100
|move|p1a: Tyranitar|Rock Slide|p2a: Black Serotonin
|-damage|p2a: Black Serotonin|0 fnt
|faint|p2a: Black Serotonin
|
|t:|1728526251
|switch|p2a: Missed Injections|Blissey, F, shiny|16/100
|
|-weather|Sandstorm|[upkeep]
|-damage|p2a: Missed Injections|10/100|[from] Sandstorm
|-heal|p2a: Missed Injections|16/100|[from] item: Leftovers
|upkeep
|turn|26
|
|t:|1728526255
|switch|p1a: Salamence|Salamence, F|88/100
|-ability|p1a: Salamence|Intimidate|boost
|-unboost|p2a: Missed Injections|atk|1
|move|p2a: Missed Injections|Soft-Boiled|p2a: Missed Injections
|-heal|p2a: Missed Injections|66/100
|
|-weather|Sandstorm|[upkeep]
|-damage|p1a: Salamence|82/100|[from] Sandstorm
|-damage|p2a: Missed Injections|60/100|[from] Sandstorm
|-heal|p2a: Missed Injections|66/100|[from] item: Leftovers
|upkeep
|turn|27
|
|t:|1728526261
|move|p1a: Salamence|Hidden Power|p2a: Missed Injections
|-damage|p2a: Missed Injections|29/100
|move|p2a: Missed Injections|Soft-Boiled|p2a: Missed Injections
|-heal|p2a: Missed Injections|79/100
|
|-weather|Sandstorm|[upkeep]
|-damage|p1a: Salamence|76/100|[from] Sandstorm
|-damage|p2a: Missed Injections|73/100|[from] Sandstorm
|-heal|p2a: Missed Injections|79/100|[from] item: Leftovers
|upkeep
|turn|28
|
|t:|1728526265
|move|p1a: Salamence|Dragon Dance|p1a: Salamence
|-boost|p1a: Salamence|atk|1
|-boost|p1a: Salamence|spe|1
|move|p2a: Missed Injections|Soft-Boiled|p2a: Missed Injections
|-heal|p2a: Missed Injections|100/100
|
|-weather|Sandstorm|[upkeep]
|-damage|p1a: Salamence|70/100|[from] Sandstorm
|-damage|p2a: Missed Injections|94/100|[from] Sandstorm
|-heal|p2a: Missed Injections|100/100|[from] item: Leftovers
|upkeep
|turn|29
|
|t:|1728526269
|move|p1a: Salamence|Hidden Power|p2a: Missed Injections
|-damage|p2a: Missed Injections|46/100
|move|p2a: Missed Injections|Thunder Wave|p1a: Salamence
|-status|p1a: Salamence|par
|-enditem|p1a: Salamence|Lum Berry|[eat]
|-curestatus|p1a: Salamence|par|[msg]
|
|-weather|Sandstorm|[upkeep]
|-damage|p1a: Salamence|64/100|[from] Sandstorm
|-damage|p2a: Missed Injections|40/100|[from] Sandstorm
|-heal|p2a: Missed Injections|46/100|[from] item: Leftovers
|upkeep
|turn|30
|
|t:|1728526292
|switch|p2a: Cosmic Narcissism|Jirachi|100/100
|move|p1a: Salamence|Hidden Power|p2a: Cosmic Narcissism
|-resisted|p2a: Cosmic Narcissism
|-damage|p2a: Cosmic Narcissism|80/100
|
|-weather|Sandstorm|[upkeep]
|-damage|p1a: Salamence|58/100|[from] Sandstorm
|-heal|p2a: Cosmic Narcissism|87/100|[from] item: Leftovers
|upkeep
|turn|31
|
|t:|1728526296
|move|p1a: Salamence|Earthquake|p2a: Cosmic Narcissism
|-supereffective|p2a: Cosmic Narcissism
|-damage|p2a: Cosmic Narcissism|11/100
|move|p2a: Cosmic Narcissism|Toxic|p1a: Salamence
|-status|p1a: Salamence|tox
|
|-weather|Sandstorm|[upkeep]
|-damage|p1a: Salamence|52/100 tox|[from] Sandstorm
|-damage|p1a: Salamence|46/100 tox|[from] psn
|-heal|p2a: Cosmic Narcissism|18/100|[from] item: Leftovers
|upkeep
|turn|32
|
|t:|1728526300
|move|p2a: Cosmic Narcissism|Protect|p2a: Cosmic Narcissism
|-singleturn|p2a: Cosmic Narcissism|Protect
|move|p1a: Salamence|Earthquake|p2a: Cosmic Narcissism
|-activate|p2a: Cosmic Narcissism|Protect
|
|-weather|Sandstorm|[upkeep]
|-damage|p1a: Salamence|40/100 tox|[from] Sandstorm
|-damage|p1a: Salamence|28/100 tox|[from] psn
|-heal|p2a: Cosmic Narcissism|24/100|[from] item: Leftovers
|upkeep
|turn|33
|c|☆Euph0riADV|gg
|-message|Euph0riADV forfeited.
|
|win|ADV TechSupport

</script>
<script type="application/json" class="data" id="replaydata-smogtours-gen3ou-796850">
{"id":"smogtours-gen3ou-796850","format":"[Gen 3] OU","players":["ADV TechSupport","Euph0riADV"],"uploadtime":1728526313,"views":89,"formatid":"gen3ou","rating":null,"private":0,"password":null}
</script>

<script defer src="js/replays.js?9d40a366"></script>
