<!DOCTYPE html>
<meta charset="utf-8" />
<meta name="viewport" content="width=device-width" />

<title>[Gen 3] OU: lacoot vs. crustaceus - Replays - Pok&eacute;mon Showdown!</title>

<meta name="description" content="Watch a replay of a Pok&eacute;mon battle between lacoot and crustaceus! Format: [Gen 3] OU; Date: Oct 9, 2024" />
<!--

Hey, you! Looking in the source for the replay log?

You can find them in JSON format, just add `.json` at the end of a replay URL.

https://replay.pokemonshowdown.com/gen7randomdoublesbattle-865046831.json

Or, if you only need the log itself, add `.log` instead:

https://replay.pokemonshowdown.com/gen7randomdoublesbattle-865046831.log

-->

<link rel="stylesheet" href="//pokemonshowdown.com/style/global.css?0.023195364461161105" />
<link rel="stylesheet" href="//play.pokemonshowdown.com/style/font-awesome.css?0.13261647063804238" />
<link rel="stylesheet" href="//play.pokemonshowdown.com/style/battle.css?0.8753245789963631" />
<link rel="stylesheet" href="//play.pokemonshowdown.com/style/utilichart.css?0.8627959624976733" />

<!-- Global site tag (gtag.js) - Google Analytics -->
<script async src="https://www.googletagmanager.com/gtag/js?id=UA-26211653-1"></script>
<script>
  window.dataLayer = window.dataLayer || [];
  function gtag(){dataLayer.push(arguments);}
  gtag('js', new Date());

  gtag('config', 'UA-26211653-1');
</script>
<!-- End Google Analytics -->
<!-- Venatus Ad Manager - Install in <HEAD> of page -->
	<script src="https://hb.vntsm.com/v3/live/ad-manager.min.js" type="text/javascript" data-site-id="642aba63ec9a7b11c3c9c1be" data-mode="scan" async></script>
<!-- / Venatus Ad Manager -->

<style>
	@media (max-width:820px) {
		.battle {
			margin: 0 auto;
		}
		.battle-log {
			margin: 7px auto 0;
			max-width: 640px;
			height: 300px;
			position: static;
		}
	}
	.optgroup {
		display: inline-block;
		line-height: 22px;
		font-size: 10pt;
	}
	.optgroup .button {
		height: 25px;
		padding-top: 0;
		padding-bottom: 0;
	}
	.optgroup button.button {
		padding-left: 12px;
		padding-right: 12px;
	}
	.linklist {
		list-style: none;
		margin: 0.5em 0;
		padding: 0;
	}
	.linklist li {
		padding: 2px 0;
	}
	.sidebar {
		float: left;
		width: 320px;
	}
	.bar-wrapper {
		max-width: 1100px;
		margin: 0 auto;
	}
	.bar-wrapper.has-sidebar {
		max-width: 1430px;
	}
	.mainbar {
		margin: 0;
		padding-right: 1px;
	}
	.mainbar.has-sidebar {
		margin-left: 330px;
	}
	@media (min-width: 1511px) {
		.sidebar {
			width: 400px;
		}
		.bar-wrapper.has-sidebar {
			max-width: 1510px;
		}
		.mainbar.has-sidebar {
			margin-left: 410px;
		}
	}
	.section.first-section {
		margin-top: 9px;
	}
	.blocklink small {
		white-space: normal;
	}
	.button {
		vertical-align: middle;
	}
	.replay-controls {
		padding-top: 10px;
	}
	.replay-controls h1 {
		font-size: 16pt;
		font-weight: normal;
		color: #CCC;
	}
	.pagelink {
		text-align: center;
	}
	.pagelink a {
		width: 150px;
	}
	.textbox, .button {
		font-size: 11pt;
		vertical-align: middle;
	}
	@media (max-width: 450px) {
		.button {
			font-size: 9pt;
		}
	}
</style>

<div>

	<header>
		<div class="nav-wrapper"><ul class="nav">
			<li><a class="button nav-first" href="//pokemonshowdown.com/"><img src="//pokemonshowdown.com/images/pokemonshowdownbeta.png" srcset="//pokemonshowdown.com/images/pokemonshowdownbeta.png 1x, //pokemonshowdown.com/images/pokemonshowdownbeta@2x.png 2x" alt="Pok&eacute;mon Showdown" width="146" height="44" /> Home</a></li>
			<li><a class="button" href="//pokemonshowdown.com/dex/">Pok&eacute;dex</a></li>
			<li><a class="button cur" href="/">Replays</a></li>
			<li><a class="button" href="//pokemonshowdown.com/ladder/">Ladder</a></li>
			<li><a class="button nav-last" href="//pokemonshowdown.com/forums/">Forum</a></li>
			<li><a class="button greenbutton nav-first nav-last" href="//play.pokemonshowdown.com/">Play</a></li>
		</ul></div>
	</header>

	<div class="main" id="main">

		<noscript><section class="section">You need to enable JavaScript to use this page; sorry!</section></noscript>

	</div>

</div>

<script defer nomodule src="//play.pokemonshowdown.com/js/lib/ps-polyfill.js"></script>
<script defer src="//play.pokemonshowdown.com/js/lib/preact.min.js"></script>

<script defer src="//play.pokemonshowdown.com/config/config.js?2bddbc15"></script>
<script defer src="//play.pokemonshowdown.com/js/lib/jquery-1.11.0.min.js"></script>
<script defer src="//play.pokemonshowdown.com/js/lib/html-sanitizer-minified.js"></script>
<script defer src="//play.pokemonshowdown.com/js/battle-sound.js"></script>
<script defer src="//play.pokemonshowdown.com/js/battledata.js?0.7209276989879541"></script>
<script defer src="//play.pokemonshowdown.com/data/pokedex-mini.js?0.6111056340867951"></script>
<script defer src="//play.pokemonshowdown.com/data/pokedex-mini-bw.js?0.3532142036491459"></script>
<script defer src="//play.pokemonshowdown.com/data/graphics.js?0.24223875632456182"></script>
<script defer src="//play.pokemonshowdown.com/data/pokedex.js?0.38839984266356864"></script>
<script defer src="//play.pokemonshowdown.com/data/moves.js?0.21866028504024015"></script>
<script defer src="//play.pokemonshowdown.com/data/abilities.js?0.2005157953846628"></script>
<script defer src="//play.pokemonshowdown.com/data/items.js?0.9894211263848525"></script>
<script defer src="//play.pokemonshowdown.com/data/teambuilder-tables.js?0.6008791140282215"></script>
<script defer src="//play.pokemonshowdown.com/js/battle-tooltips.js?0.7580118955022959"></script>
<script defer src="//play.pokemonshowdown.com/js/battle.js?0.6057722274234274"></script>

<script defer src="js/utils.js?e31f9a17"></script>
<script defer src="js/replays-battle.js?7008c182"></script>

<!-- don't scrape this data! just add .json or .log after the URL!
Full API docs: https://github.com/smogon/pokemon-showdown-client/blob/master/WEB-API.md -->
<script type="text/plain" class="log" id="replaylog-smogtours-gen3ou-796753">
|inactive|Battle timer is ON: inactive players will automatically lose when time's up.
|t:|1728506266
|gametype|singles
|player|p1|lacoot|medium|
|player|p2|crustaceus|2|
|teamsize|p1|6
|teamsize|p2|6
|gen|3
|tier|[Gen 3] OU
|rule|Sleep Clause Mod: Limit one foe put to sleep
|rule|Switch Priority Clause Mod: Faster Pokémon switch first
|rule|Species Clause: Limit one of each Pokémon
|rule|OHKO Clause: OHKO moves are banned
|rule|Evasion Items Clause: Evasion items are banned
|rule|Evasion Moves Clause: Evasion moves are banned
|rule|Endless Battle Clause: Forcing endless battles is banned
|rule|HP Percentage Mod: HP is shown in percentages
|rule|One Boost Passer Clause: Limit one Baton Passer that has a way to boost its stats
|rule|Freeze Clause Mod: Limit one foe frozen
|
|t:|1728506266
|start
|switch|p1a: Swampert|Swampert, F|100/100
|switch|p2a: Lidmashina|Salamence, F|100/100
|-ability|p2a: Lidmashina|Intimidate|boost
|-unboost|p1a: Swampert|atk|1
|turn|1
|
|t:|1728506296
|switch|p2a: Dundurs|Skarmory, F|100/100
|move|p1a: Swampert|Ice Beam|p2a: Dundurs
|-damage|p2a: Dundurs|76/100
|
|-heal|p2a: Dundurs|82/100|[from] item: Leftovers
|upkeep
|turn|2
|
|t:|1728506308
|move|p2a: Dundurs|Spikes|p1a: Swampert
|-sidestart|p1: lacoot|Spikes
|move|p1a: Swampert|Hydro Pump|p2a: Dundurs
|-damage|p2a: Dundurs|36/100
|
|-heal|p2a: Dundurs|42/100|[from] item: Leftovers
|upkeep
|turn|3
|
|t:|1728506317
|switch|p1a: Moltres|Moltres|100/100
|move|p2a: Dundurs|Protect||[still]
|-fail|p2a: Dundurs
|
|-heal|p2a: Dundurs|48/100|[from] item: Leftovers
|upkeep
|turn|4
|
|t:|1728506324
|move|p2a: Dundurs|Protect|p2a: Dundurs
|-singleturn|p2a: Dundurs|Protect
|move|p1a: Moltres|Will-O-Wisp|p2a: Dundurs
|-activate|p2a: Dundurs|Protect
|
|-heal|p2a: Dundurs|54/100|[from] item: Leftovers
|upkeep
|turn|5
|
|t:|1728506334
|switch|p2a: Olas|Blissey, F|100/100
|move|p1a: Moltres|Will-O-Wisp|p2a: Olas
|-status|p2a: Olas|brn
|
|-damage|p2a: Olas|88/100 brn|[from] brn
|upkeep
|turn|6
|
|t:|1728506344
|switch|p1a: Blissey|Blissey, F|100/100
|-damage|p1a: Blissey|88/100|[from] Spikes
|move|p2a: Olas|Sing|p1a: Blissey
|-status|p1a: Blissey|slp|[from] move: Sing
|
|-heal|p2a: Olas|94/100 brn|[from] item: Leftovers
|-damage|p2a: Olas|82/100 brn|[from] brn
|-heal|p1a: Blissey|94/100 slp|[from] item: Leftovers
|upkeep
|turn|7
|
|t:|1728506355
|-curestatus|p2a: Olas|brn|[from] ability: Natural Cure
|switch|p2a: Dundurs|Skarmory, F|54/100
|-curestatus|p1a: Blissey|slp|[from] ability: Natural Cure
|switch|p1a: Cloyster|Cloyster, F|100/100
|-damage|p1a: Cloyster|88/100|[from] Spikes
|
|-heal|p1a: Cloyster|94/100|[from] item: Leftovers
|-heal|p2a: Dundurs|60/100|[from] item: Leftovers
|upkeep
|turn|8
|inactive|crustaceus has 270 seconds left.
|
|t:|1728506395
|switch|p2a: Mashina|Metagross|100/100
|move|p1a: Cloyster|Spikes|p2a: Mashina
|-sidestart|p2: crustaceus|Spikes
|
|-heal|p1a: Cloyster|100/100|[from] item: Leftovers
|upkeep
|turn|9
|inactive|crustaceus has 270 seconds left.
|inactive|lacoot has 270 seconds left.
|inactive|lacoot has 240 seconds left.
|
|t:|1728506478
|switch|p1a: Swampert|Swampert, F|100/100
|-damage|p1a: Swampert|88/100|[from] Spikes
|move|p2a: Mashina|Meteor Mash|p1a: Swampert|[miss]
|-miss|p2a: Mashina|p1a: Swampert
|
|-heal|p1a: Swampert|94/100|[from] item: Leftovers
|upkeep
|turn|10
|inactive|lacoot has 210 seconds left.
|inactive|crustaceus has 240 seconds left.
|
|t:|1728506533
|-singleturn|p1a: Swampert|move: Focus Punch
|move|p2a: Mashina|Earthquake|p1a: Swampert
|-damage|p1a: Swampert|65/100
|move|p1a: Swampert|Focus Punch||[still]
|cant|p1a: Swampert|Focus Punch|Focus Punch
|
|-heal|p1a: Swampert|72/100|[from] item: Leftovers
|upkeep
|turn|11
|inactive|lacoot has 180 seconds left.
|
|t:|1728506548
|switch|p2a: Lidmashina|Salamence, F|100/100
|-ability|p2a: Lidmashina|Intimidate|boost
|-unboost|p1a: Swampert|atk|1
|move|p1a: Swampert|Earthquake|p2a: Lidmashina
|-immune|p2a: Lidmashina
|
|-heal|p1a: Swampert|78/100|[from] item: Leftovers
|upkeep
|turn|12
|
|t:|1728506555
|switch|p1a: Blissey|Blissey, F|94/100
|-damage|p1a: Blissey|82/100|[from] Spikes
|move|p2a: Lidmashina|Hidden Power|p1a: Blissey
|-damage|p1a: Blissey|71/100
|
|-heal|p1a: Blissey|78/100|[from] item: Leftovers
|upkeep
|turn|13
|
|t:|1728506570
|switch|p2a: Olas|Blissey, F|82/100
|-damage|p2a: Olas|69/100|[from] Spikes
|switch|p1a: Moltres|Moltres|100/100
|
|-heal|p2a: Olas|75/100|[from] item: Leftovers
|upkeep
|turn|14
|inactive|lacoot has 180 seconds left.
|inactive|crustaceus has 210 seconds left.
|
|t:|1728506612
|switch|p1a: Metagross|Metagross|100/100
|-damage|p1a: Metagross|88/100|[from] Spikes
|move|p2a: Olas|Thunderbolt|p1a: Metagross
|-crit|p1a: Metagross
|-damage|p1a: Metagross|34/100
|
|-heal|p1a: Metagross|40/100|[from] item: Leftovers
|-heal|p2a: Olas|82/100|[from] item: Leftovers
|upkeep
|turn|15
|inactive|crustaceus has 210 seconds left.
|
|t:|1728506638
|switch|p2a: Dundurs|Skarmory, F|60/100
|move|p1a: Metagross|Agility|p1a: Metagross
|-boost|p1a: Metagross|spe|2
|
|-heal|p1a: Metagross|46/100|[from] item: Leftovers
|-heal|p2a: Dundurs|66/100|[from] item: Leftovers
|upkeep
|turn|16
|
|t:|1728506646
|move|p2a: Dundurs|Protect|p2a: Dundurs
|-singleturn|p2a: Dundurs|Protect
|move|p1a: Metagross|Meteor Mash|p2a: Dundurs
|-activate|p2a: Dundurs|Protect
|
|-heal|p1a: Metagross|52/100|[from] item: Leftovers
|-heal|p2a: Dundurs|72/100|[from] item: Leftovers
|upkeep
|turn|17
|inactive|lacoot has 180 seconds left.
|
|t:|1728506664
|switch|p2a: Mashina|Metagross|100/100
|-damage|p2a: Mashina|88/100|[from] Spikes
|move|p1a: Metagross|Meteor Mash|p2a: Mashina
|-resisted|p2a: Mashina
|-damage|p2a: Mashina|69/100
|
|-heal|p1a: Metagross|58/100|[from] item: Leftovers
|-heal|p2a: Mashina|75/100|[from] item: Leftovers
|upkeep
|turn|18
|inactive|lacoot has 180 seconds left.
|
|t:|1728506676
|switch|p1a: Gengar|Gengar, F|100/100
|move|p2a: Mashina|Earthquake|p1a: Gengar
|-immune|p1a: Gengar
|
|-heal|p2a: Mashina|81/100|[from] item: Leftovers
|upkeep
|turn|19
|
|t:|1728506682
|switch|p2a: Olas|Blissey, F|82/100
|-damage|p2a: Olas|69/100|[from] Spikes
|move|p1a: Gengar|Hypnosis|p2a: Olas|[miss]
|-miss|p1a: Gengar|p2a: Olas
|
|-heal|p2a: Olas|75/100|[from] item: Leftovers
|upkeep
|turn|20
|inactive|lacoot has 180 seconds left.
|
|t:|1728506715
|switch|p1a: Swampert|Swampert, F|78/100
|-damage|p1a: Swampert|65/100|[from] Spikes
|move|p2a: Olas|Sing|p1a: Swampert
|-status|p1a: Swampert|slp|[from] move: Sing
|
|-heal|p2a: Olas|81/100|[from] item: Leftovers
|-heal|p1a: Swampert|72/100 slp|[from] item: Leftovers
|upkeep
|turn|21
|
|t:|1728506729
|switch|p2a: Dundurs|Skarmory, F|72/100
|switch|p1a: Blissey|Blissey, F|78/100
|-damage|p1a: Blissey|65/100|[from] Spikes
|
|-heal|p2a: Dundurs|78/100|[from] item: Leftovers
|-heal|p1a: Blissey|71/100|[from] item: Leftovers
|upkeep
|turn|22
|
|t:|1728506744
|move|p2a: Dundurs|Toxic|p1a: Blissey
|-status|p1a: Blissey|tox
|move|p1a: Blissey|Seismic Toss|p2a: Dundurs
|-damage|p2a: Dundurs|48/100
|
|-heal|p2a: Dundurs|54/100|[from] item: Leftovers
|-heal|p1a: Blissey|78/100 tox|[from] item: Leftovers
|-damage|p1a: Blissey|71/100 tox|[from] psn
|upkeep
|turn|23
|inactive|lacoot has 150 seconds left.
|
|t:|1728506773
|-curestatus|p1a: Blissey|tox|[from] ability: Natural Cure
|switch|p1a: Moltres|Moltres|100/100
|move|p2a: Dundurs|Roar|p1a: Moltres
|drag|p1a: Gengar|Gengar, F|100/100
|
|-heal|p2a: Dundurs|60/100|[from] item: Leftovers
|upkeep
|turn|24
|
|t:|1728506782
|move|p2a: Dundurs|Protect|p2a: Dundurs
|-singleturn|p2a: Dundurs|Protect
|move|p1a: Gengar|Hypnosis|p2a: Dundurs|[miss]
|-miss|p1a: Gengar|p2a: Dundurs
|
|-heal|p2a: Dundurs|66/100|[from] item: Leftovers
|upkeep
|turn|25
|inactive|crustaceus has 180 seconds left.
|
|t:|1728506820
|switch|p2a: Bumbas|Claydol|100/100
|move|p1a: Gengar|Thunderbolt|p2a: Bumbas
|-immune|p2a: Bumbas
|
|upkeep
|turn|26
|inactive|crustaceus has 180 seconds left.
|
|t:|1728506830
|move|p1a: Gengar|Hypnosis|p2a: Bumbas
|-status|p2a: Bumbas|slp|[from] move: Hypnosis
|cant|p2a: Bumbas|slp
|
|upkeep
|turn|27
|inactive|lacoot has 150 seconds left.
|
|t:|1728506850
|switch|p1a: Metagross|Metagross|58/100
|-damage|p1a: Metagross|46/100|[from] Spikes
|switch|p2a: Olas|Blissey, F|81/100
|-damage|p2a: Olas|69/100|[from] Spikes
|
|-heal|p1a: Metagross|52/100|[from] item: Leftovers
|-heal|p2a: Olas|75/100|[from] item: Leftovers
|upkeep
|turn|28
|inactive|lacoot has 150 seconds left.
|
|t:|1728506862
|switch|p2a: Dundurs|Skarmory, F|66/100
|move|p1a: Metagross|Meteor Mash|p2a: Dundurs
|-resisted|p2a: Dundurs
|-damage|p2a: Dundurs|45/100
|
|-heal|p1a: Metagross|58/100|[from] item: Leftovers
|-heal|p2a: Dundurs|51/100|[from] item: Leftovers
|upkeep
|turn|29
|
|t:|1728506873
|move|p1a: Metagross|Agility|p1a: Metagross
|-boost|p1a: Metagross|spe|2
|move|p2a: Dundurs|Roar|p1a: Metagross
|drag|p1a: Moltres|Moltres|100/100
|
|-heal|p2a: Dundurs|57/100|[from] item: Leftovers
|upkeep
|turn|30
|
|t:|1728506877
|move|p2a: Dundurs|Protect|p2a: Dundurs
|-singleturn|p2a: Dundurs|Protect
|move|p1a: Moltres|Will-O-Wisp|p2a: Dundurs
|-activate|p2a: Dundurs|Protect
|
|-heal|p2a: Dundurs|63/100|[from] item: Leftovers
|upkeep
|turn|31
|inactive|crustaceus has 210 seconds left.
|
|t:|1728506885
|switch|p2a: Olas|Blissey, F|75/100
|-damage|p2a: Olas|63/100|[from] Spikes
|move|p1a: Moltres|Roar|p2a: Olas
|drag|p2a: Mashina|Metagross|81/100
|-damage|p2a: Mashina|68/100|[from] Spikes
|
|-heal|p2a: Mashina|74/100|[from] item: Leftovers
|upkeep
|turn|32
|inactive|lacoot has 180 seconds left.
|
|t:|1728506905
|move|p2a: Mashina|Protect|p2a: Mashina
|-singleturn|p2a: Mashina|Protect
|move|p1a: Moltres|Fire Blast|p2a: Mashina
|-activate|p2a: Mashina|Protect
|
|-heal|p2a: Mashina|80/100|[from] item: Leftovers
|upkeep
|turn|33
|inactive|crustaceus has 210 seconds left.
|
|t:|1728506934
|switch|p2a: Olas|Blissey, F|63/100
|-damage|p2a: Olas|50/100|[from] Spikes
|move|p1a: Moltres|Roar|p2a: Olas
|drag|p2a: Bumbas|Claydol|100/100 slp
|
|upkeep
|turn|34
|
|t:|1728506953
|switch|p2a: Olas|Blissey, F|50/100
|-damage|p2a: Olas|38/100|[from] Spikes
|move|p1a: Moltres|Hidden Power|p2a: Olas
|-damage|p2a: Olas|28/100
|
|-heal|p2a: Olas|35/100|[from] item: Leftovers
|upkeep
|turn|35
|inactive|lacoot has 150 seconds left.
|c|☆lacoot|oh nooo it was blast o'clocl
|c|☆lacoot|clock
|
|t:|1728506980
|switch|p1a: Metagross|Metagross|58/100
|-damage|p1a: Metagross|46/100|[from] Spikes
|move|p2a: Olas|Soft-Boiled|p2a: Olas
|-heal|p2a: Olas|85/100
|
|-heal|p1a: Metagross|52/100|[from] item: Leftovers
|-heal|p2a: Olas|91/100|[from] item: Leftovers
|upkeep
|turn|36
|inactive|crustaceus has 210 seconds left.
|
|t:|1728507007
|switch|p2a: Dundurs|Skarmory, F|63/100
|move|p1a: Metagross|Meteor Mash|p2a: Dundurs|[miss]
|-miss|p1a: Metagross|p2a: Dundurs
|
|-heal|p1a: Metagross|58/100|[from] item: Leftovers
|-heal|p2a: Dundurs|69/100|[from] item: Leftovers
|upkeep
|turn|37
|
|t:|1728507021
|move|p1a: Metagross|Meteor Mash|p2a: Dundurs
|-resisted|p2a: Dundurs
|-damage|p2a: Dundurs|48/100
|move|p2a: Dundurs|Roar|p1a: Metagross
|drag|p1a: Cloyster|Cloyster, F|100/100
|-damage|p1a: Cloyster|88/100|[from] Spikes
|
|-heal|p1a: Cloyster|94/100|[from] item: Leftovers
|-heal|p2a: Dundurs|54/100|[from] item: Leftovers
|upkeep
|turn|38
|
|t:|1728507037
|switch|p2a: Mashina|Metagross|80/100
|-damage|p2a: Mashina|68/100|[from] Spikes
|move|p1a: Cloyster|Spikes|p2a: Mashina
|-sidestart|p2: crustaceus|Spikes
|
|-heal|p1a: Cloyster|100/100|[from] item: Leftovers
|-heal|p2a: Mashina|74/100|[from] item: Leftovers
|upkeep
|turn|39
|inactive|crustaceus has 180 seconds left.
|
|t:|1728507064
|switch|p1a: Moltres|Moltres|100/100
|move|p2a: Mashina|Meteor Mash|p1a: Moltres
|-resisted|p1a: Moltres
|-damage|p1a: Moltres|70/100
|
|-heal|p1a: Moltres|77/100|[from] item: Leftovers
|-heal|p2a: Mashina|80/100|[from] item: Leftovers
|upkeep
|turn|40
|inactive|crustaceus has 180 seconds left.
|
|t:|1728507085
|switch|p2a: Lidmashina|Salamence, F|100/100
|-ability|p2a: Lidmashina|Intimidate|boost
|-unboost|p1a: Moltres|atk|1
|move|p1a: Moltres|Will-O-Wisp|p2a: Lidmashina
|-status|p2a: Lidmashina|brn
|
|-heal|p1a: Moltres|83/100|[from] item: Leftovers
|-damage|p2a: Lidmashina|88/100 brn|[from] brn
|upkeep
|turn|41
|
|t:|1728507097
|switch|p1a: Blissey|Blissey, F|71/100
|-damage|p1a: Blissey|59/100|[from] Spikes
|move|p2a: Lidmashina|Dragon Claw|p1a: Blissey
|-damage|p1a: Blissey|43/100
|
|-heal|p2a: Lidmashina|94/100 brn|[from] item: Leftovers
|-damage|p2a: Lidmashina|82/100 brn|[from] brn
|-heal|p1a: Blissey|50/100|[from] item: Leftovers
|upkeep
|turn|42
|inactive|crustaceus has 180 seconds left.
|inactive|crustaceus has 150 seconds left.
|
|t:|1728507133
|switch|p2a: Kalni|Tyranitar, M|100/100
|-damage|p2a: Kalni|84/100|[from] Spikes
|-weather|Sandstorm|[from] ability: Sand Stream|[of] p2a: Kalni
|move|p1a: Blissey|Soft-Boiled|p1a: Blissey
|-heal|p1a: Blissey|99/100
|
|-weather|Sandstorm|[upkeep]
|-damage|p1a: Blissey|93/100|[from] Sandstorm
|-heal|p2a: Kalni|90/100|[from] item: Leftovers
|-heal|p1a: Blissey|99/100|[from] item: Leftovers
|upkeep
|turn|43
|inactive|lacoot has 120 seconds left.
|
|t:|1728507162
|move|p2a: Kalni|Dragon Dance|p2a: Kalni
|-boost|p2a: Kalni|atk|1
|-boost|p2a: Kalni|spe|1
|move|p1a: Blissey|Toxic|p2a: Kalni
|-status|p2a: Kalni|tox
|
|-weather|Sandstorm|[upkeep]
|-damage|p1a: Blissey|93/100|[from] Sandstorm
|-heal|p2a: Kalni|96/100 tox|[from] item: Leftovers
|-damage|p2a: Kalni|90/100 tox|[from] psn
|-heal|p1a: Blissey|99/100|[from] item: Leftovers
|upkeep
|turn|44
|inactive|crustaceus has 150 seconds left.
|inactive|lacoot has 90 seconds left.
|
|t:|1728507211
|move|p2a: Kalni|Rock Slide|p1a: Blissey|[miss]
|-miss|p2a: Kalni|p1a: Blissey
|move|p1a: Blissey|Seismic Toss|p2a: Kalni
|-damage|p2a: Kalni|65/100 tox
|
|-weather|Sandstorm|[upkeep]
|-damage|p1a: Blissey|93/100|[from] Sandstorm
|-heal|p2a: Kalni|71/100 tox|[from] item: Leftovers
|-damage|p2a: Kalni|59/100 tox|[from] psn
|-heal|p1a: Blissey|99/100|[from] item: Leftovers
|upkeep
|turn|45
|
|t:|1728507225
|move|p2a: Kalni|Rock Slide|p1a: Blissey
|-damage|p1a: Blissey|47/100
|cant|p1a: Blissey|flinch
|
|-weather|Sandstorm|[upkeep]
|-damage|p1a: Blissey|40/100|[from] Sandstorm
|-heal|p2a: Kalni|65/100 tox|[from] item: Leftovers
|-damage|p2a: Kalni|47/100 tox|[from] psn
|-heal|p1a: Blissey|47/100|[from] item: Leftovers
|upkeep
|turn|46
|inactive|lacoot has 60 seconds left.
|inactive|lacoot has 30 seconds left.
|
|t:|1728507281
|switch|p1a: Swampert|Swampert, F|72/100 slp
|-damage|p1a: Swampert|59/100 slp|[from] Spikes
|move|p2a: Kalni|Earthquake|p1a: Swampert
|-damage|p1a: Swampert|13/100 slp
|
|-weather|Sandstorm|[upkeep]
|-heal|p2a: Kalni|53/100 tox|[from] item: Leftovers
|-damage|p2a: Kalni|28/100 tox|[from] psn
|-heal|p1a: Swampert|19/100 slp|[from] item: Leftovers
|upkeep
|turn|47
|inactive|crustaceus has 150 seconds left.
|inactive|lacoot has 30 seconds left.
|
|t:|1728507293
|switch|p1a: Metagross|Metagross|58/100
|-damage|p1a: Metagross|46/100|[from] Spikes
|move|p2a: Kalni|Rock Slide|p1a: Metagross
|-resisted|p1a: Metagross
|-damage|p1a: Metagross|22/100
|
|-weather|Sandstorm|[upkeep]
|-heal|p2a: Kalni|34/100 tox|[from] item: Leftovers
|-damage|p2a: Kalni|3/100 tox|[from] psn
|-heal|p1a: Metagross|28/100|[from] item: Leftovers
|upkeep
|turn|48
|inactive|crustaceus has 150 seconds left.
|inactive|lacoot has 30 seconds left.
|inactive|lacoot has 20 seconds left.
|inactive|lacoot has 15 seconds left.
|inactive|lacoot has 10 seconds left.
|
|t:|1728507326
|move|p2a: Kalni|Rock Slide|p1a: Metagross
|-resisted|p1a: Metagross
|-damage|p1a: Metagross|4/100
|move|p1a: Metagross|Agility|p1a: Metagross
|-boost|p1a: Metagross|spe|2
|
|-weather|Sandstorm|[upkeep]
|-heal|p1a: Metagross|10/100|[from] item: Leftovers
|-heal|p2a: Kalni|9/100 tox|[from] item: Leftovers
|-damage|p2a: Kalni|0 fnt|[from] psn
|faint|p2a: Kalni
|upkeep
|inactive|lacoot has 15 seconds left this turn.
|
|t:|1728507331
|switch|p2a: Dundurs|Skarmory, F|54/100
|turn|49
|inactive|lacoot has 25 seconds left this turn.
|inactive|lacoot has 20 seconds left.
|
|t:|1728507339
|move|p2a: Dundurs|Protect|p2a: Dundurs
|-singleturn|p2a: Dundurs|Protect
|move|p1a: Metagross|Meteor Mash|p2a: Dundurs|[miss]
|-miss|p1a: Metagross|p2a: Dundurs
|
|-weather|Sandstorm|[upkeep]
|-heal|p1a: Metagross|17/100|[from] item: Leftovers
|-heal|p2a: Dundurs|60/100|[from] item: Leftovers
|upkeep
|turn|50
|inactive|lacoot has 30 seconds left this turn.
|inactive|lacoot has 20 seconds left.
|inactive|lacoot has 15 seconds left.
|
|t:|1728507357
|switch|p2a: Bumbas|Claydol|100/100 slp
|move|p1a: Metagross|Explosion|p2a: Bumbas
|-damage|p2a: Bumbas|0 fnt
|faint|p1a: Metagross
|faint|p2a: Bumbas
|inactive|lacoot has 25 seconds left this turn.
|inactive|lacoot has 20 seconds left.
|inactive|crustaceus has 150 seconds left.
|inactive|lacoot has 15 seconds left.
|inactive|lacoot has 10 seconds left.
|
|t:|1728507374
|switch|p1a: Cloyster|Cloyster, F|100/100
|switch|p2a: Lidmashina|Salamence, F|82/100 brn
|-ability|p2a: Lidmashina|Intimidate|boost
|-unboost|p1a: Cloyster|atk|1
|-damage|p1a: Cloyster|88/100|[from] Spikes
|
|-weather|Sandstorm|[upkeep]
|-damage|p2a: Lidmashina|76/100 brn|[from] Sandstorm
|-damage|p1a: Cloyster|82/100|[from] Sandstorm
|-heal|p2a: Lidmashina|82/100 brn|[from] item: Leftovers
|-damage|p2a: Lidmashina|69/100 brn|[from] brn
|-heal|p1a: Cloyster|88/100|[from] item: Leftovers
|upkeep
|turn|51
|inactive|lacoot has 20 seconds left this turn.
|inactive|lacoot has 15 seconds left.
|inactive|crustaceus has 150 seconds left.
|inactive|lacoot has 10 seconds left.
|inactive|lacoot has 5 seconds left.
|
|t:|1728507389
|switch|p2a: Mashina|Metagross|80/100
|-damage|p2a: Mashina|64/100|[from] Spikes
|switch|p1a: Blissey|Blissey, F|47/100
|-damage|p1a: Blissey|34/100|[from] Spikes
|
|-weather|Sandstorm|[upkeep]
|-damage|p1a: Blissey|28/100|[from] Sandstorm
|-heal|p2a: Mashina|70/100|[from] item: Leftovers
|-heal|p1a: Blissey|34/100|[from] item: Leftovers
|upkeep
|turn|52
|inactive|lacoot has 15 seconds left this turn.
|inactive|lacoot has 10 seconds left.
|inactive|lacoot has 5 seconds left.
|inactive|crustaceus has 150 seconds left.
|
|t:|1728507409
|move|p2a: Mashina|Meteor Mash|p1a: Blissey|[miss]
|-miss|p2a: Mashina|p1a: Blissey
|move|p1a: Blissey|Soft-Boiled|p1a: Blissey
|-heal|p1a: Blissey|84/100
|
|-weather|Sandstorm|[upkeep]
|-damage|p1a: Blissey|78/100|[from] Sandstorm
|-heal|p2a: Mashina|76/100|[from] item: Leftovers
|-heal|p1a: Blissey|84/100|[from] item: Leftovers
|upkeep
|turn|53
|inactive|lacoot has 15 seconds left this turn.
|inactive|lacoot has 10 seconds left.
|inactive|crustaceus has 150 seconds left.
|
|t:|1728507418
|switch|p1a: Swampert|Swampert, F|19/100 slp
|-damage|p1a: Swampert|6/100 slp|[from] Spikes
|move|p2a: Mashina|Meteor Mash|p1a: Swampert
|-resisted|p1a: Swampert
|-damage|p1a: Swampert|0 fnt
|faint|p1a: Swampert
|inactive|lacoot has 15 seconds left this turn.
|inactive|lacoot has 10 seconds left.
|
|t:|1728507425
|switch|p1a: Moltres|Moltres|83/100
|
|-weather|Sandstorm|[upkeep]
|-damage|p1a: Moltres|77/100|[from] Sandstorm
|-heal|p1a: Moltres|83/100|[from] item: Leftovers
|-heal|p2a: Mashina|82/100|[from] item: Leftovers
|upkeep
|turn|54
|inactive|lacoot has 20 seconds left this turn.
|inactive|lacoot has 15 seconds left.
|
|t:|1728507430
|move|p2a: Mashina|Protect|p2a: Mashina
|-singleturn|p2a: Mashina|Protect
|move|p1a: Moltres|Will-O-Wisp|p2a: Mashina|[miss]
|-miss|p1a: Moltres|p2a: Mashina
|
|-weather|Sandstorm|[upkeep]
|-damage|p1a: Moltres|77/100|[from] Sandstorm
|-heal|p1a: Moltres|83/100|[from] item: Leftovers
|-heal|p2a: Mashina|88/100|[from] item: Leftovers
|upkeep
|turn|55
|inactive|lacoot has 25 seconds left this turn.
|inactive|lacoot has 20 seconds left.
|
|t:|1728507437
|switch|p2a: Olas|Blissey, F|91/100
|-damage|p2a: Olas|74/100|[from] Spikes
|move|p1a: Moltres|Roar|p2a: Olas
|drag|p2a: Mashina|Metagross|88/100
|-damage|p2a: Mashina|71/100|[from] Spikes
|
|-weather|Sandstorm|[upkeep]
|-damage|p1a: Moltres|77/100|[from] Sandstorm
|-heal|p1a: Moltres|83/100|[from] item: Leftovers
|-heal|p2a: Mashina|77/100|[from] item: Leftovers
|upkeep
|turn|56
|inactive|lacoot has 30 seconds left this turn.
|
|t:|1728507440
|move|p2a: Mashina|Protect|p2a: Mashina
|-singleturn|p2a: Mashina|Protect
|move|p1a: Moltres|Will-O-Wisp|p2a: Mashina
|-activate|p2a: Mashina|Protect
|
|-weather|Sandstorm|[upkeep]
|-damage|p1a: Moltres|77/100|[from] Sandstorm
|-heal|p1a: Moltres|83/100|[from] item: Leftovers
|-heal|p2a: Mashina|83/100|[from] item: Leftovers
|upkeep
|turn|57
|
|t:|1728507445
|switch|p2a: Olas|Blissey, F|74/100
|-damage|p2a: Olas|57/100|[from] Spikes
|move|p1a: Moltres|Fire Blast|p2a: Olas
|-damage|p2a: Olas|35/100
|
|-weather|Sandstorm|[upkeep]
|-damage|p1a: Moltres|77/100|[from] Sandstorm
|-damage|p2a: Olas|29/100|[from] Sandstorm
|-heal|p1a: Moltres|83/100|[from] item: Leftovers
|-heal|p2a: Olas|35/100|[from] item: Leftovers
|upkeep
|turn|58
|
|t:|1728507453
|move|p2a: Olas|Soft-Boiled|p2a: Olas
|-heal|p2a: Olas|85/100
|move|p1a: Moltres|Roar|p2a: Olas
|drag|p2a: Lidmashina|Salamence, F|69/100 brn
|-ability|p2a: Lidmashina|Intimidate|boost
|-unboost|p1a: Moltres|atk|1
|
|-weather|Sandstorm|[upkeep]
|-damage|p1a: Moltres|77/100|[from] Sandstorm
|-damage|p2a: Lidmashina|63/100 brn|[from] Sandstorm
|-heal|p1a: Moltres|83/100|[from] item: Leftovers
|-heal|p2a: Lidmashina|69/100 brn|[from] item: Leftovers
|-damage|p2a: Lidmashina|57/100 brn|[from] brn
|upkeep
|turn|59
|inactive|crustaceus has 210 seconds left.
|
|t:|1728507465
|move|p1a: Moltres|Fire Blast|p2a: Lidmashina
|-resisted|p2a: Lidmashina
|-damage|p2a: Lidmashina|12/100 brn
|move|p2a: Lidmashina|Dragon Claw|p1a: Moltres
|-damage|p1a: Moltres|32/100
|
|-weather|Sandstorm|[upkeep]
|-damage|p1a: Moltres|26/100|[from] Sandstorm
|-damage|p2a: Lidmashina|6/100 brn|[from] Sandstorm
|-heal|p1a: Moltres|32/100|[from] item: Leftovers
|-heal|p2a: Lidmashina|12/100 brn|[from] item: Leftovers
|-damage|p2a: Lidmashina|0 fnt|[from] brn
|faint|p2a: Lidmashina
|upkeep
|inactive|crustaceus has 210 seconds left.
|
|t:|1728507474
|switch|p2a: Olas|Blissey, F|85/100
|-damage|p2a: Olas|68/100|[from] Spikes
|turn|60
|
|t:|1728507482
|switch|p1a: Blissey|Blissey, F|84/100
|-damage|p1a: Blissey|72/100|[from] Spikes
|move|p2a: Olas|Thunderbolt|p1a: Blissey
|-damage|p1a: Blissey|62/100
|
|-weather|Sandstorm|[upkeep]
|-damage|p2a: Olas|62/100|[from] Sandstorm
|-damage|p1a: Blissey|56/100|[from] Sandstorm
|-heal|p2a: Olas|68/100|[from] item: Leftovers
|-heal|p1a: Blissey|62/100|[from] item: Leftovers
|upkeep
|turn|61
|inactive|lacoot has 60 seconds left.
|inactive|crustaceus has 210 seconds left.
|
|t:|1728507505
|switch|p2a: Mashina|Metagross|83/100
|-damage|p2a: Mashina|67/100|[from] Spikes
|move|p1a: Blissey|Soft-Boiled|p1a: Blissey
|-heal|p1a: Blissey|100/100
|
|-weather|Sandstorm|[upkeep]
|-damage|p1a: Blissey|94/100|[from] Sandstorm
|-heal|p2a: Mashina|73/100|[from] item: Leftovers
|-heal|p1a: Blissey|100/100|[from] item: Leftovers
|upkeep
|turn|62
|
|t:|1728507511
|move|p2a: Mashina|Meteor Mash|p1a: Blissey|[miss]
|-miss|p2a: Mashina|p1a: Blissey
|move|p1a: Blissey|Seismic Toss|p2a: Mashina
|-damage|p2a: Mashina|45/100
|
|-weather|Sandstorm|[upkeep]
|-damage|p1a: Blissey|94/100|[from] Sandstorm
|-heal|p2a: Mashina|51/100|[from] item: Leftovers
|-heal|p1a: Blissey|100/100|[from] item: Leftovers
|upkeep
|turn|63
|c|☆lacoot|mb
|
|t:|1728507518
|move|p2a: Mashina|Meteor Mash|p1a: Blissey
|-damage|p1a: Blissey|54/100
|move|p1a: Blissey|Seismic Toss|p2a: Mashina
|-damage|p2a: Mashina|24/100
|
|-weather|Sandstorm|[upkeep]
|-damage|p1a: Blissey|48/100|[from] Sandstorm
|-heal|p2a: Mashina|30/100|[from] item: Leftovers
|-heal|p1a: Blissey|54/100|[from] item: Leftovers
|upkeep
|turn|64
|c|☆crustaceus|np
|inactive|lacoot has 60 seconds left.
|
|t:|1728507544
|move|p2a: Mashina|Meteor Mash|p1a: Blissey
|-damage|p1a: Blissey|7/100
|move|p1a: Blissey|Soft-Boiled|p1a: Blissey
|-heal|p1a: Blissey|57/100
|
|-weather|Sandstorm|[upkeep]
|-damage|p1a: Blissey|50/100|[from] Sandstorm
|-heal|p2a: Mashina|36/100|[from] item: Leftovers
|-heal|p1a: Blissey|57/100|[from] item: Leftovers
|upkeep
|turn|65
|
|t:|1728507556
|move|p2a: Mashina|Meteor Mash|p1a: Blissey
|-damage|p1a: Blissey|7/100
|-boost|p2a: Mashina|atk|1
|move|p1a: Blissey|Soft-Boiled|p1a: Blissey
|-heal|p1a: Blissey|57/100
|
|-weather|Sandstorm|[upkeep]
|-damage|p1a: Blissey|51/100|[from] Sandstorm
|-heal|p2a: Mashina|42/100|[from] item: Leftovers
|-heal|p1a: Blissey|57/100|[from] item: Leftovers
|upkeep
|turn|66
|c|☆lacoot|i knew i misplayed it would've died to chip if i kept seising
|inactive|lacoot has 30 seconds left.
|
|t:|1728507588
|move|p2a: Mashina|Meteor Mash|p1a: Blissey
|-damage|p1a: Blissey|0 fnt
|faint|p1a: Blissey
|inactive|lacoot has 30 seconds left.
|
|t:|1728507597
|switch|p1a: Moltres|Moltres|32/100
|
|-weather|Sandstorm|[upkeep]
|-damage|p1a: Moltres|26/100|[from] Sandstorm
|-heal|p1a: Moltres|32/100|[from] item: Leftovers
|-heal|p2a: Mashina|48/100|[from] item: Leftovers
|upkeep
|turn|67
|
|t:|1728507603
|move|p2a: Mashina|Protect|p2a: Mashina
|-singleturn|p2a: Mashina|Protect
|move|p1a: Moltres|Will-O-Wisp|p2a: Mashina
|-activate|p2a: Mashina|Protect
|
|-weather|Sandstorm|[upkeep]
|-damage|p1a: Moltres|26/100|[from] Sandstorm
|-heal|p1a: Moltres|32/100|[from] item: Leftovers
|-heal|p2a: Mashina|54/100|[from] item: Leftovers
|upkeep
|turn|68
|
|t:|1728507610
|switch|p2a: Olas|Blissey, F|68/100
|-damage|p2a: Olas|52/100|[from] Spikes
|move|p1a: Moltres|Fire Blast|p2a: Olas
|-damage|p2a: Olas|28/100
|
|-weather|Sandstorm|[upkeep]
|-damage|p1a: Moltres|26/100|[from] Sandstorm
|-damage|p2a: Olas|22/100|[from] Sandstorm
|-heal|p1a: Moltres|32/100|[from] item: Leftovers
|-heal|p2a: Olas|28/100|[from] item: Leftovers
|upkeep
|turn|69
|
|t:|1728507631
|switch|p1a: Gengar|Gengar, F|100/100
|move|p2a: Olas|Soft-Boiled|p2a: Olas
|-heal|p2a: Olas|78/100
|
|-weather|Sandstorm|[upkeep]
|-damage|p1a: Gengar|94/100|[from] Sandstorm
|-damage|p2a: Olas|72/100|[from] Sandstorm
|-heal|p1a: Gengar|100/100|[from] item: Leftovers
|-heal|p2a: Olas|78/100|[from] item: Leftovers
|upkeep
|turn|70
|
|t:|1728507644
|move|p1a: Gengar|Hypnosis|p2a: Olas|[miss]
|-miss|p1a: Gengar|p2a: Olas
|move|p2a: Olas|Sing|p1a: Gengar
|-status|p1a: Gengar|slp|[from] move: Sing
|
|-weather|Sandstorm|[upkeep]
|-damage|p1a: Gengar|94/100 slp|[from] Sandstorm
|-damage|p2a: Olas|72/100|[from] Sandstorm
|-heal|p1a: Gengar|100/100 slp|[from] item: Leftovers
|-heal|p2a: Olas|78/100|[from] item: Leftovers
|upkeep
|turn|71
|
|t:|1728507648
|cant|p1a: Gengar|slp
|move|p2a: Olas|Thunderbolt|p1a: Gengar
|-damage|p1a: Gengar|62/100 slp
|
|-weather|Sandstorm|[upkeep]
|-damage|p1a: Gengar|56/100 slp|[from] Sandstorm
|-damage|p2a: Olas|72/100|[from] Sandstorm
|-heal|p1a: Gengar|62/100 slp|[from] item: Leftovers
|-heal|p2a: Olas|78/100|[from] item: Leftovers
|upkeep
|turn|72
|c|☆crustaceus|hypno gar vs sing bliss is funny
|
|t:|1728507662
|cant|p1a: Gengar|slp
|move|p2a: Olas|Thunderbolt|p1a: Gengar
|-damage|p1a: Gengar|23/100 slp
|
|-weather|Sandstorm|[upkeep]
|-damage|p1a: Gengar|17/100 slp|[from] Sandstorm
|-damage|p2a: Olas|72/100|[from] Sandstorm
|-heal|p1a: Gengar|23/100 slp|[from] item: Leftovers
|-heal|p2a: Olas|78/100|[from] item: Leftovers
|upkeep
|turn|73
|
|t:|1728507665
|cant|p1a: Gengar|slp
|move|p2a: Olas|Thunderbolt|p1a: Gengar
|-damage|p1a: Gengar|0 fnt
|faint|p1a: Gengar
|
|t:|1728507671
|switch|p1a: Cloyster|Cloyster, F|88/100
|-damage|p1a: Cloyster|76/100|[from] Spikes
|
|-weather|Sandstorm|[upkeep]
|-damage|p1a: Cloyster|69/100|[from] Sandstorm
|-damage|p2a: Olas|72/100|[from] Sandstorm
|-heal|p1a: Cloyster|76/100|[from] item: Leftovers
|-heal|p2a: Olas|78/100|[from] item: Leftovers
|upkeep
|turn|74
|
|t:|1728507679
|switch|p2a: Mashina|Metagross|54/100
|-damage|p2a: Mashina|38/100|[from] Spikes
|move|p1a: Cloyster|Surf|p2a: Mashina
|-damage|p2a: Mashina|7/100
|
|-weather|Sandstorm|[upkeep]
|-damage|p1a: Cloyster|69/100|[from] Sandstorm
|-heal|p1a: Cloyster|76/100|[from] item: Leftovers
|-heal|p2a: Mashina|13/100|[from] item: Leftovers
|upkeep
|turn|75
|
|t:|1728507688
|move|p2a: Mashina|Protect|p2a: Mashina
|-singleturn|p2a: Mashina|Protect
|move|p1a: Cloyster|Surf|p2a: Mashina
|-activate|p2a: Mashina|Protect
|
|-weather|Sandstorm|[upkeep]
|-damage|p1a: Cloyster|69/100|[from] Sandstorm
|-heal|p1a: Cloyster|76/100|[from] item: Leftovers
|-heal|p2a: Mashina|20/100|[from] item: Leftovers
|upkeep
|turn|76
|
|t:|1728507712
|move|p1a: Cloyster|Surf|p2a: Mashina
|-damage|p2a: Mashina|0 fnt
|faint|p2a: Mashina
|
|t:|1728507716
|switch|p2a: Olas|Blissey, F|78/100
|-damage|p2a: Olas|61/100|[from] Spikes
|
|-weather|Sandstorm|[upkeep]
|-damage|p1a: Cloyster|69/100|[from] Sandstorm
|-damage|p2a: Olas|55/100|[from] Sandstorm
|-heal|p1a: Cloyster|76/100|[from] item: Leftovers
|-heal|p2a: Olas|61/100|[from] item: Leftovers
|upkeep
|turn|77
|inactive|lacoot has 90 seconds left.
|
|t:|1728507743
|switch|p2a: Dundurs|Skarmory, F|60/100
|move|p1a: Cloyster|Explosion|p2a: Dundurs
|-resisted|p2a: Dundurs
|-damage|p2a: Dundurs|25/100
|faint|p1a: Cloyster
|
|t:|1728507746
|switch|p1a: Moltres|Moltres|32/100
|
|-weather|Sandstorm|[upkeep]
|-damage|p1a: Moltres|26/100|[from] Sandstorm
|-heal|p1a: Moltres|32/100|[from] item: Leftovers
|-heal|p2a: Dundurs|31/100|[from] item: Leftovers
|upkeep
|turn|78
|c|☆crustaceus|gg
|c|☆lacoot|gg
|inactive|lacoot has 90 seconds left.
|c|☆crustaceus|phew that was a tense 50/50
|
|t:|1728507763
|move|p1a: Moltres|Fire Blast|p2a: Dundurs
|-supereffective|p2a: Dundurs
|-damage|p2a: Dundurs|0 fnt
|faint|p2a: Dundurs
|
|t:|1728507768
|switch|p2a: Olas|Blissey, F|61/100
|-damage|p2a: Olas|45/100|[from] Spikes
|
|-weather|Sandstorm|[upkeep]
|-damage|p1a: Moltres|26/100|[from] Sandstorm
|-damage|p2a: Olas|39/100|[from] Sandstorm
|-heal|p1a: Moltres|32/100|[from] item: Leftovers
|-heal|p2a: Olas|45/100|[from] item: Leftovers
|upkeep
|turn|79
|c|☆lacoot|i can crit blast
|
|t:|1728507781
|move|p1a: Moltres|Fire Blast|p2a: Olas
|-damage|p2a: Olas|21/100
|move|p2a: Olas|Soft-Boiled|p2a: Olas
|-heal|p2a: Olas|71/100
|
|-weather|Sandstorm|[upkeep]
|-damage|p1a: Moltres|26/100|[from] Sandstorm
|-damage|p2a: Olas|65/100|[from] Sandstorm
|-heal|p1a: Moltres|32/100|[from] item: Leftovers
|-heal|p2a: Olas|71/100|[from] item: Leftovers
|upkeep
|turn|80
|c|☆crustaceus|good point
|
|t:|1728507791
|move|p1a: Moltres|Will-O-Wisp|p2a: Olas
|-status|p2a: Olas|brn
|move|p2a: Olas|Thunderbolt|p1a: Moltres
|-supereffective|p1a: Moltres
|-crit|p1a: Moltres
|-damage|p1a: Moltres|0 fnt
|faint|p1a: Moltres
|
|win|crustaceus
|c|☆lacoot|wp
|c|☆crustaceus|ggwp

</script>
<script type="application/json" class="data" id="replaydata-smogtours-gen3ou-796753">
{"id":"smogtours-gen3ou-796753","format":"[Gen 3] OU","players":["lacoot","crustaceus"],"uploadtime":1728507791,"views":108,"formatid":"gen3ou","rating":null,"private":0,"password":null}
</script>

<script defer src="js/replays.js?9d40a366"></script>
