<!DOCTYPE html>
<meta charset="utf-8" />
<meta name="viewport" content="width=device-width" />

<title>[Gen 3] OU: bloomisgaming17 vs. Capitao General ll - Replays - Pok&eacute;mon Showdown!</title>

<meta name="description" content="Watch a replay of a Pok&eacute;mon battle between bloomisgaming17 and Capitao General ll! Format: [Gen 3] OU; Date: Oct 5, 2024" />
<!--

Hey, you! Looking in the source for the replay log?

You can find them in JSON format, just add `.json` at the end of a replay URL.

https://replay.pokemonshowdown.com/gen7randomdoublesbattle-865046831.json

Or, if you only need the log itself, add `.log` instead:

https://replay.pokemonshowdown.com/gen7randomdoublesbattle-865046831.log

-->

<link rel="stylesheet" href="//pokemonshowdown.com/style/global.css?0.023195364461161105" />
<link rel="stylesheet" href="//play.pokemonshowdown.com/style/font-awesome.css?0.13261647063804238" />
<link rel="stylesheet" href="//play.pokemonshowdown.com/style/battle.css?0.8753245789963631" />
<link rel="stylesheet" href="//play.pokemonshowdown.com/style/utilichart.css?0.8627959624976733" />

<!-- Global site tag (gtag.js) - Google Analytics -->
<script async src="https://www.googletagmanager.com/gtag/js?id=UA-26211653-1"></script>
<script>
  window.dataLayer = window.dataLayer || [];
  function gtag(){dataLayer.push(arguments);}
  gtag('js', new Date());

  gtag('config', 'UA-26211653-1');
</script>
<!-- End Google Analytics -->
<!-- Venatus Ad Manager - Install in <HEAD> of page -->
	<script src="https://hb.vntsm.com/v3/live/ad-manager.min.js" type="text/javascript" data-site-id="642aba63ec9a7b11c3c9c1be" data-mode="scan" async></script>
<!-- / Venatus Ad Manager -->

<style>
	@media (max-width:820px) {
		.battle {
			margin: 0 auto;
		}
		.battle-log {
			margin: 7px auto 0;
			max-width: 640px;
			height: 300px;
			position: static;
		}
	}
	.optgroup {
		display: inline-block;
		line-height: 22px;
		font-size: 10pt;
	}
	.optgroup .button {
		height: 25px;
		padding-top: 0;
		padding-bottom: 0;
	}
	.optgroup button.button {
		padding-left: 12px;
		padding-right: 12px;
	}
	.linklist {
		list-style: none;
		margin: 0.5em 0;
		padding: 0;
	}
	.linklist li {
		padding: 2px 0;
	}
	.sidebar {
		float: left;
		width: 320px;
	}
	.bar-wrapper {
		max-width: 1100px;
		margin: 0 auto;
	}
	.bar-wrapper.has-sidebar {
		max-width: 1430px;
	}
	.mainbar {
		margin: 0;
		padding-right: 1px;
	}
	.mainbar.has-sidebar {
		margin-left: 330px;
	}
	@media (min-width: 1511px) {
		.sidebar {
			width: 400px;
		}
		.bar-wrapper.has-sidebar {
			max-width: 1510px;
		}
		.mainbar.has-sidebar {
			margin-left: 410px;
		}
	}
	.section.first-section {
		margin-top: 9px;
	}
	.blocklink small {
		white-space: normal;
	}
	.button {
		vertical-align: middle;
	}
	.replay-controls {
		padding-top: 10px;
	}
	.replay-controls h1 {
		font-size: 16pt;
		font-weight: normal;
		color: #CCC;
	}
	.pagelink {
		text-align: center;
	}
	.pagelink a {
		width: 150px;
	}
	.textbox, .button {
		font-size: 11pt;
		vertical-align: middle;
	}
	@media (max-width: 450px) {
		.button {
			font-size: 9pt;
		}
	}
</style>

<div>

	<header>
		<div class="nav-wrapper"><ul class="nav">
			<li><a class="button nav-first" href="//pokemonshowdown.com/"><img src="//pokemonshowdown.com/images/pokemonshowdownbeta.png" srcset="//pokemonshowdown.com/images/pokemonshowdownbeta.png 1x, //pokemonshowdown.com/images/pokemonshowdownbeta@2x.png 2x" alt="Pok&eacute;mon Showdown" width="146" height="44" /> Home</a></li>
			<li><a class="button" href="//pokemonshowdown.com/dex/">Pok&eacute;dex</a></li>
			<li><a class="button cur" href="/">Replays</a></li>
			<li><a class="button" href="//pokemonshowdown.com/ladder/">Ladder</a></li>
			<li><a class="button nav-last" href="//pokemonshowdown.com/forums/">Forum</a></li>
			<li><a class="button greenbutton nav-first nav-last" href="//play.pokemonshowdown.com/">Play</a></li>
		</ul></div>
	</header>

	<div class="main" id="main">

		<noscript><section class="section">You need to enable JavaScript to use this page; sorry!</section></noscript>

	</div>

</div>

<script defer nomodule src="//play.pokemonshowdown.com/js/lib/ps-polyfill.js"></script>
<script defer src="//play.pokemonshowdown.com/js/lib/preact.min.js"></script>

<script defer src="//play.pokemonshowdown.com/config/config.js?2bddbc15"></script>
<script defer src="//play.pokemonshowdown.com/js/lib/jquery-1.11.0.min.js"></script>
<script defer src="//play.pokemonshowdown.com/js/lib/html-sanitizer-minified.js"></script>
<script defer src="//play.pokemonshowdown.com/js/battle-sound.js"></script>
<script defer src="//play.pokemonshowdown.com/js/battledata.js?0.7209276989879541"></script>
<script defer src="//play.pokemonshowdown.com/data/pokedex-mini.js?0.6111056340867951"></script>
<script defer src="//play.pokemonshowdown.com/data/pokedex-mini-bw.js?0.3532142036491459"></script>
<script defer src="//play.pokemonshowdown.com/data/graphics.js?0.24223875632456182"></script>
<script defer src="//play.pokemonshowdown.com/data/pokedex.js?0.38839984266356864"></script>
<script defer src="//play.pokemonshowdown.com/data/moves.js?0.21866028504024015"></script>
<script defer src="//play.pokemonshowdown.com/data/abilities.js?0.2005157953846628"></script>
<script defer src="//play.pokemonshowdown.com/data/items.js?0.9894211263848525"></script>
<script defer src="//play.pokemonshowdown.com/data/teambuilder-tables.js?0.6008791140282215"></script>
<script defer src="//play.pokemonshowdown.com/js/battle-tooltips.js?0.7580118955022959"></script>
<script defer src="//play.pokemonshowdown.com/js/battle.js?0.6057722274234274"></script>

<script defer src="js/utils.js?e31f9a17"></script>
<script defer src="js/replays-battle.js?7008c182"></script>

<!-- don't scrape this data! just add .json or .log after the URL!
Full API docs: https://github.com/smogon/pokemon-showdown-client/blob/master/WEB-API.md -->
<script type="text/plain" class="log" id="replaylog-smogtours-gen3ou-794809">
|inactive|Battle timer is ON: inactive players will automatically lose when time's up.
|t:|1728091290
|gametype|singles
|player|p1|bloomisgaming17|169|
|player|p2|Capitao General ll|101|
|teamsize|p1|6
|teamsize|p2|6
|gen|3
|tier|[Gen 3] OU
|rule|Sleep Clause Mod: Limit one foe put to sleep
|rule|Switch Priority Clause Mod: Faster Pokémon switch first
|rule|Species Clause: Limit one of each Pokémon
|rule|OHKO Clause: OHKO moves are banned
|rule|Evasion Items Clause: Evasion items are banned
|rule|Evasion Moves Clause: Evasion moves are banned
|rule|Endless Battle Clause: Forcing endless battles is banned
|rule|HP Percentage Mod: HP is shown in percentages
|rule|One Boost Passer Clause: Limit one Baton Passer that has a way to boost its stats
|rule|Freeze Clause Mod: Limit one foe frozen
|
|t:|1728091290
|start
|switch|p1a: Salamence|Salamence, F|100/100
|switch|p2a: Tyranitar|Tyranitar, F|100/100
|-ability|p1a: Salamence|Intimidate|boost
|-unboost|p2a: Tyranitar|atk|1
|-weather|Sandstorm|[from] ability: Sand Stream|[of] p2a: Tyranitar
|turn|1
|inactive|Capitao General ll has 270 seconds left.
|
|t:|1728091336
|switch|p2a: Gengar|Gengar, F|100/100
|move|p1a: Salamence|Brick Break|p2a: Gengar
|-immune|p2a: Gengar
|
|-weather|Sandstorm|[upkeep]
|-damage|p2a: Gengar|94/100|[from] Sandstorm
|-damage|p1a: Salamence|94/100|[from] Sandstorm
|-heal|p2a: Gengar|100/100|[from] item: Leftovers
|-heal|p1a: Salamence|100/100|[from] item: Leftovers
|upkeep
|turn|2
|inactive|Capitao General ll disconnected and has 300 seconds to reconnect!
|player|p2|
|inactive|Capitao General ll has 270 seconds to reconnect!
|inactive|Capitao General ll has 240 seconds to reconnect!
|inactive|Capitao General ll reconnected and has 275 seconds left.
|player|p2|Capitao General ll|scientist-gen3|
|
|t:|1728091435
|move|p2a: Gengar|Will-O-Wisp|p1a: Salamence
|-status|p1a: Salamence|brn
|move|p1a: Salamence|Dragon Claw|p2a: Gengar
|-damage|p2a: Gengar|49/100
|
|-weather|Sandstorm|[upkeep]
|-damage|p2a: Gengar|42/100|[from] Sandstorm
|-damage|p1a: Salamence|94/100 brn|[from] Sandstorm
|-heal|p2a: Gengar|49/100|[from] item: Leftovers
|-heal|p1a: Salamence|100/100 brn|[from] item: Leftovers
|-damage|p1a: Salamence|88/100 brn|[from] brn
|upkeep
|turn|3
|
|t:|1728091450
|switch|p1a: Swampert|Swampert, M|100/100
|move|p2a: Gengar|Ice Punch|p1a: Swampert
|-damage|p1a: Swampert|84/100
|
|-weather|Sandstorm|[upkeep]
|-damage|p2a: Gengar|42/100|[from] Sandstorm
|-heal|p2a: Gengar|49/100|[from] item: Leftovers
|-heal|p1a: Swampert|90/100|[from] item: Leftovers
|upkeep
|turn|4
|
|t:|1728091462
|switch|p2a: Skarmory|Skarmory, F|100/100
|move|p1a: Swampert|Hydro Pump|p2a: Skarmory
|-damage|p2a: Skarmory|62/100
|
|-weather|Sandstorm|[upkeep]
|-heal|p2a: Skarmory|68/100|[from] item: Leftovers
|-heal|p1a: Swampert|96/100|[from] item: Leftovers
|upkeep
|turn|5
|
|t:|1728091475
|switch|p1a: Gengar|Gengar, F|100/100
|move|p2a: Skarmory|Spikes|p1a: Gengar
|-sidestart|p1: bloomisgaming17|Spikes
|
|-weather|Sandstorm|[upkeep]
|-damage|p1a: Gengar|94/100|[from] Sandstorm
|-heal|p1a: Gengar|100/100|[from] item: Leftovers
|-heal|p2a: Skarmory|74/100|[from] item: Leftovers
|upkeep
|turn|6
|
|t:|1728091491
|switch|p2a: Blissey|Blissey, F|100/100
|move|p1a: Gengar|Will-O-Wisp|p2a: Blissey
|-status|p2a: Blissey|brn
|
|-weather|Sandstorm|[upkeep]
|-damage|p1a: Gengar|94/100|[from] Sandstorm
|-damage|p2a: Blissey|94/100 brn|[from] Sandstorm
|-heal|p1a: Gengar|100/100|[from] item: Leftovers
|-heal|p2a: Blissey|100/100 brn|[from] item: Leftovers
|-damage|p2a: Blissey|88/100 brn|[from] brn
|upkeep
|turn|7
|
|t:|1728091504
|switch|p1a: Tyranitar|Tyranitar, F|100/100
|-damage|p1a: Tyranitar|88/100|[from] Spikes
|move|p2a: Blissey|Ice Beam|p1a: Tyranitar
|-damage|p1a: Tyranitar|65/100
|
|-weather|Sandstorm|[upkeep]
|-damage|p2a: Blissey|82/100 brn|[from] Sandstorm
|-heal|p1a: Tyranitar|72/100|[from] item: Leftovers
|-heal|p2a: Blissey|88/100 brn|[from] item: Leftovers
|-damage|p2a: Blissey|76/100 brn|[from] brn
|upkeep
|turn|8
|
|t:|1728091516
|-singleturn|p1a: Tyranitar|move: Focus Punch
|-curestatus|p2a: Blissey|brn|[from] ability: Natural Cure
|switch|p2a: Swampert|Swampert, F|100/100
|move|p1a: Tyranitar|Focus Punch|p2a: Swampert
|-damage|p2a: Swampert|59/100
|
|-weather|Sandstorm|[upkeep]
|-heal|p1a: Tyranitar|78/100|[from] item: Leftovers
|-heal|p2a: Swampert|65/100|[from] item: Leftovers
|upkeep
|turn|9
|
|t:|1728091533
|switch|p1a: Salamence|Salamence, F|88/100 brn
|-ability|p1a: Salamence|Intimidate|boost
|-unboost|p2a: Swampert|atk|1
|move|p2a: Swampert|Protect||[still]
|-fail|p2a: Swampert
|
|-weather|Sandstorm|[upkeep]
|-damage|p1a: Salamence|82/100 brn|[from] Sandstorm
|-heal|p1a: Salamence|88/100 brn|[from] item: Leftovers
|-damage|p1a: Salamence|76/100 brn|[from] brn
|-heal|p2a: Swampert|71/100|[from] item: Leftovers
|upkeep
|turn|10
|
|t:|1728091544
|move|p2a: Swampert|Protect|p2a: Swampert
|-singleturn|p2a: Swampert|Protect
|move|p1a: Salamence|Hidden Power|p2a: Swampert
|-activate|p2a: Swampert|Protect
|
|-weather|Sandstorm|[upkeep]
|-damage|p1a: Salamence|69/100 brn|[from] Sandstorm
|-heal|p1a: Salamence|76/100 brn|[from] item: Leftovers
|-damage|p1a: Salamence|63/100 brn|[from] brn
|-heal|p2a: Swampert|77/100|[from] item: Leftovers
|upkeep
|turn|11
|
|t:|1728091556
|switch|p2a: Blissey|Blissey, F|76/100
|move|p1a: Salamence|Hidden Power|p2a: Blissey
|-damage|p2a: Blissey|66/100
|
|-weather|Sandstorm|[upkeep]
|-damage|p1a: Salamence|57/100 brn|[from] Sandstorm
|-damage|p2a: Blissey|60/100|[from] Sandstorm
|-heal|p1a: Salamence|63/100 brn|[from] item: Leftovers
|-damage|p1a: Salamence|51/100 brn|[from] brn
|-heal|p2a: Blissey|66/100|[from] item: Leftovers
|upkeep
|turn|12
|
|t:|1728091584
|switch|p1a: Tyranitar|Tyranitar, F|78/100
|-damage|p1a: Tyranitar|65/100|[from] Spikes
|switch|p2a: Skarmory|Skarmory, F|74/100
|
|-weather|Sandstorm|[upkeep]
|-heal|p2a: Skarmory|80/100|[from] item: Leftovers
|-heal|p1a: Tyranitar|72/100|[from] item: Leftovers
|upkeep
|turn|13
|
|t:|1728091594
|move|p2a: Skarmory|Spikes|p1a: Tyranitar
|-sidestart|p1: bloomisgaming17|Spikes
|move|p1a: Tyranitar|Rock Slide|p2a: Skarmory|[miss]
|-miss|p1a: Tyranitar|p2a: Skarmory
|
|-weather|Sandstorm|[upkeep]
|-heal|p2a: Skarmory|86/100|[from] item: Leftovers
|-heal|p1a: Tyranitar|78/100|[from] item: Leftovers
|upkeep
|turn|14
|
|t:|1728091602
|move|p2a: Skarmory|Spikes|p1a: Tyranitar
|-sidestart|p1: bloomisgaming17|Spikes
|move|p1a: Tyranitar|Rock Slide|p2a: Skarmory
|-damage|p2a: Skarmory|50/100
|
|-weather|Sandstorm|[upkeep]
|-heal|p2a: Skarmory|56/100|[from] item: Leftovers
|-heal|p1a: Tyranitar|84/100|[from] item: Leftovers
|upkeep
|turn|15
|
|t:|1728091611
|switch|p1a: Salamence|Salamence, F|51/100 brn
|-ability|p1a: Salamence|Intimidate|boost
|-unboost|p2a: Skarmory|atk|1
|move|p2a: Skarmory|Roar|p1a: Salamence
|drag|p1a: Jirachi|Jirachi|100/100
|-damage|p1a: Jirachi|75/100|[from] Spikes
|
|-weather|Sandstorm|[upkeep]
|-heal|p1a: Jirachi|82/100|[from] item: Leftovers
|-heal|p2a: Skarmory|62/100|[from] item: Leftovers
|upkeep
|turn|16
|inactive|Capitao General ll has 270 seconds left.
|
|t:|1728091652
|switch|p2a: Tyranitar|Tyranitar, F|100/100
|move|p1a: Jirachi|Fire Punch|p2a: Tyranitar
|-resisted|p2a: Tyranitar
|-damage|p2a: Tyranitar|94/100
|
|-weather|Sandstorm|[upkeep]
|-heal|p1a: Jirachi|88/100|[from] item: Leftovers
|-heal|p2a: Tyranitar|99/100|[from] item: Leftovers
|upkeep
|turn|17
|
|t:|1728091669
|move|p1a: Jirachi|Toxic|p2a: Tyranitar
|-status|p2a: Tyranitar|tox
|move|p2a: Tyranitar|Earthquake|p1a: Jirachi
|-supereffective|p1a: Jirachi
|-damage|p1a: Jirachi|30/100
|
|-weather|Sandstorm|[upkeep]
|-heal|p1a: Jirachi|36/100|[from] item: Leftovers
|-heal|p2a: Tyranitar|100/100 tox|[from] item: Leftovers
|-damage|p2a: Tyranitar|94/100 tox|[from] psn
|upkeep
|turn|18
|
|t:|1728091679
|-singleturn|p2a: Tyranitar|move: Focus Punch
|move|p1a: Jirachi|Protect|p1a: Jirachi
|-singleturn|p1a: Jirachi|Protect
|move|p2a: Tyranitar|Focus Punch|p1a: Jirachi
|-activate|p1a: Jirachi|Protect
|
|-weather|Sandstorm|[upkeep]
|-heal|p1a: Jirachi|42/100|[from] item: Leftovers
|-heal|p2a: Tyranitar|100/100 tox|[from] item: Leftovers
|-damage|p2a: Tyranitar|88/100 tox|[from] psn
|upkeep
|turn|19
|
|t:|1728091690
|move|p1a: Jirachi|Protect|p1a: Jirachi
|-singleturn|p1a: Jirachi|Protect
|move|p2a: Tyranitar|Rock Slide|p1a: Jirachi
|-activate|p1a: Jirachi|Protect
|
|-weather|Sandstorm|[upkeep]
|-heal|p1a: Jirachi|48/100|[from] item: Leftovers
|-heal|p2a: Tyranitar|94/100 tox|[from] item: Leftovers
|-damage|p2a: Tyranitar|76/100 tox|[from] psn
|upkeep
|turn|20
|
|t:|1728091699
|move|p1a: Jirachi|Fire Punch|p2a: Tyranitar
|-resisted|p2a: Tyranitar
|-damage|p2a: Tyranitar|69/100 tox
|move|p2a: Tyranitar|Earthquake|p1a: Jirachi
|-supereffective|p1a: Jirachi
|-damage|p1a: Jirachi|0 fnt
|faint|p1a: Jirachi
|
|t:|1728091709
|switch|p1a: Salamence|Salamence, F|51/100 brn
|-ability|p1a: Salamence|Intimidate|boost
|-unboost|p2a: Tyranitar|atk|1
|
|-weather|Sandstorm|[upkeep]
|-damage|p1a: Salamence|44/100 brn|[from] Sandstorm
|-heal|p1a: Salamence|51/100 brn|[from] item: Leftovers
|-damage|p1a: Salamence|38/100 brn|[from] brn
|-heal|p2a: Tyranitar|75/100 tox|[from] item: Leftovers
|-damage|p2a: Tyranitar|50/100 tox|[from] psn
|upkeep
|turn|21
|
|t:|1728091720
|switch|p2a: Blissey|Blissey, F|66/100
|move|p1a: Salamence|Dragon Claw|p2a: Blissey
|-damage|p2a: Blissey|48/100
|
|-weather|Sandstorm|[upkeep]
|-damage|p1a: Salamence|32/100 brn|[from] Sandstorm
|-damage|p2a: Blissey|42/100|[from] Sandstorm
|-heal|p1a: Salamence|38/100 brn|[from] item: Leftovers
|-damage|p1a: Salamence|26/100 brn|[from] brn
|-heal|p2a: Blissey|48/100|[from] item: Leftovers
|upkeep
|turn|22
|
|t:|1728091736
|move|p1a: Salamence|Brick Break|p2a: Blissey
|-supereffective|p2a: Blissey
|-damage|p2a: Blissey|26/100
|move|p2a: Blissey|Soft-Boiled|p2a: Blissey
|-heal|p2a: Blissey|76/100
|
|-weather|Sandstorm|[upkeep]
|-damage|p1a: Salamence|19/100 brn|[from] Sandstorm
|-damage|p2a: Blissey|70/100|[from] Sandstorm
|-heal|p1a: Salamence|26/100 brn|[from] item: Leftovers
|-damage|p1a: Salamence|13/100 brn|[from] brn
|-heal|p2a: Blissey|76/100|[from] item: Leftovers
|upkeep
|turn|23
|
|t:|1728091751
|move|p1a: Salamence|Brick Break|p2a: Blissey
|-supereffective|p2a: Blissey
|-damage|p2a: Blissey|52/100
|move|p2a: Blissey|Soft-Boiled|p2a: Blissey
|-heal|p2a: Blissey|100/100
|
|-weather|Sandstorm|[upkeep]
|-damage|p1a: Salamence|7/100 brn|[from] Sandstorm
|-damage|p2a: Blissey|94/100|[from] Sandstorm
|-heal|p1a: Salamence|13/100 brn|[from] item: Leftovers
|-damage|p1a: Salamence|1/100 brn|[from] brn
|-heal|p2a: Blissey|100/100|[from] item: Leftovers
|upkeep
|turn|24
|inactive|Capitao General ll has 270 seconds left.
|
|t:|1728091766
|switch|p2a: Gengar|Gengar, F|49/100
|move|p1a: Salamence|Fire Blast|p2a: Gengar
|-damage|p2a: Gengar|0 fnt
|faint|p2a: Gengar
|inactive|Capitao General ll has 270 seconds left.
|
|t:|1728091777
|switch|p2a: Swampert|Swampert, F|77/100
|
|-weather|Sandstorm|[upkeep]
|-damage|p1a: Salamence|0 fnt|[from] Sandstorm
|faint|p1a: Salamence
|-heal|p2a: Swampert|84/100|[from] item: Leftovers
|upkeep
|
|t:|1728091786
|switch|p1a: Swampert|Swampert, M|96/100
|-damage|p1a: Swampert|71/100|[from] Spikes
|turn|25
|
|t:|1728091795
|switch|p2a: Skarmory|Skarmory, F|62/100
|move|p1a: Swampert|Hydro Pump|p2a: Skarmory|[miss]
|-miss|p1a: Swampert|p2a: Skarmory
|
|-weather|Sandstorm|[upkeep]
|-heal|p2a: Skarmory|68/100|[from] item: Leftovers
|-heal|p1a: Swampert|77/100|[from] item: Leftovers
|upkeep
|turn|26
|
|t:|1728091803
|move|p1a: Swampert|Hydro Pump|p2a: Skarmory
|-damage|p2a: Skarmory|31/100
|move|p2a: Skarmory|Roar|p1a: Swampert
|drag|p1a: Gengar|Gengar, F|100/100
|
|-weather|Sandstorm|[upkeep]
|-damage|p1a: Gengar|94/100|[from] Sandstorm
|-heal|p1a: Gengar|100/100|[from] item: Leftovers
|-heal|p2a: Skarmory|37/100|[from] item: Leftovers
|upkeep
|turn|27
|
|t:|1728091814
|switch|p2a: Blissey|Blissey, F|100/100
|move|p1a: Gengar|Ice Punch|p2a: Blissey
|-damage|p2a: Blissey|92/100
|
|-weather|Sandstorm|[upkeep]
|-damage|p1a: Gengar|94/100|[from] Sandstorm
|-damage|p2a: Blissey|86/100|[from] Sandstorm
|-heal|p1a: Gengar|100/100|[from] item: Leftovers
|-heal|p2a: Blissey|92/100|[from] item: Leftovers
|upkeep
|turn|28
|
|t:|1728091829
|switch|p1a: Swampert|Swampert, M|77/100
|-damage|p1a: Swampert|53/100|[from] Spikes
|move|p2a: Blissey|Ice Beam|p1a: Swampert
|-crit|p1a: Swampert
|-damage|p1a: Swampert|12/100
|
|-weather|Sandstorm|[upkeep]
|-damage|p2a: Blissey|86/100|[from] Sandstorm
|-heal|p2a: Blissey|92/100|[from] item: Leftovers
|-heal|p1a: Swampert|18/100|[from] item: Leftovers
|upkeep
|turn|29
|
|t:|1728091841
|move|p1a: Swampert|Protect|p1a: Swampert
|-singleturn|p1a: Swampert|Protect
|move|p2a: Blissey|Ice Beam|p1a: Swampert
|-activate|p1a: Swampert|Protect
|
|-weather|Sandstorm|[upkeep]
|-damage|p2a: Blissey|86/100|[from] Sandstorm
|-heal|p2a: Blissey|92/100|[from] item: Leftovers
|-heal|p1a: Swampert|24/100|[from] item: Leftovers
|upkeep
|turn|30
|
|t:|1728091853
|move|p2a: Blissey|Ice Beam|p1a: Swampert
|-damage|p1a: Swampert|4/100
|move|p1a: Swampert|Earthquake|p2a: Blissey
|-damage|p2a: Blissey|57/100
|
|-weather|Sandstorm|[upkeep]
|-damage|p2a: Blissey|51/100|[from] Sandstorm
|-heal|p2a: Blissey|57/100|[from] item: Leftovers
|-heal|p1a: Swampert|11/100|[from] item: Leftovers
|upkeep
|turn|31
|
|t:|1728091864
|move|p2a: Blissey|Soft-Boiled|p2a: Blissey
|-heal|p2a: Blissey|100/100
|move|p1a: Swampert|Earthquake|p2a: Blissey
|-damage|p2a: Blissey|60/100
|
|-weather|Sandstorm|[upkeep]
|-damage|p2a: Blissey|54/100|[from] Sandstorm
|-heal|p2a: Blissey|60/100|[from] item: Leftovers
|-heal|p1a: Swampert|17/100|[from] item: Leftovers
|upkeep
|turn|32
|
|t:|1728091873
|move|p2a: Blissey|Calm Mind|p2a: Blissey
|-boost|p2a: Blissey|spa|1
|-boost|p2a: Blissey|spd|1
|move|p1a: Swampert|Earthquake|p2a: Blissey
|-damage|p2a: Blissey|20/100
|
|-weather|Sandstorm|[upkeep]
|-damage|p2a: Blissey|14/100|[from] Sandstorm
|-heal|p2a: Blissey|20/100|[from] item: Leftovers
|-heal|p1a: Swampert|23/100|[from] item: Leftovers
|upkeep
|turn|33
|
|t:|1728091883
|move|p2a: Blissey|Soft-Boiled|p2a: Blissey
|-heal|p2a: Blissey|70/100
|move|p1a: Swampert|Earthquake|p2a: Blissey
|-damage|p2a: Blissey|34/100
|
|-weather|Sandstorm|[upkeep]
|-damage|p2a: Blissey|28/100|[from] Sandstorm
|-heal|p2a: Blissey|34/100|[from] item: Leftovers
|-heal|p1a: Swampert|29/100|[from] item: Leftovers
|upkeep
|turn|34
|
|t:|1728091892
|move|p2a: Blissey|Ice Beam|p1a: Swampert
|-damage|p1a: Swampert|0 fnt
|faint|p1a: Swampert
|
|t:|1728091898
|switch|p1a: Gengar|Gengar, F|100/100
|
|-weather|Sandstorm|[upkeep]
|-damage|p1a: Gengar|94/100|[from] Sandstorm
|-damage|p2a: Blissey|28/100|[from] Sandstorm
|-heal|p1a: Gengar|100/100|[from] item: Leftovers
|-heal|p2a: Blissey|34/100|[from] item: Leftovers
|upkeep
|turn|35
|
|t:|1728091907
|move|p1a: Gengar|Will-O-Wisp|p2a: Blissey
|-status|p2a: Blissey|brn
|move|p2a: Blissey|Ice Beam|p1a: Gengar
|-damage|p1a: Gengar|60/100
|
|-weather|Sandstorm|[upkeep]
|-damage|p1a: Gengar|54/100|[from] Sandstorm
|-damage|p2a: Blissey|28/100 brn|[from] Sandstorm
|-heal|p1a: Gengar|60/100|[from] item: Leftovers
|-heal|p2a: Blissey|34/100 brn|[from] item: Leftovers
|-damage|p2a: Blissey|22/100 brn|[from] brn
|upkeep
|turn|36
|
|t:|1728091922
|move|p1a: Gengar|Thunderbolt|p2a: Blissey
|-damage|p2a: Blissey|15/100 brn
|move|p2a: Blissey|Soft-Boiled|p2a: Blissey
|-heal|p2a: Blissey|65/100 brn
|
|-weather|Sandstorm|[upkeep]
|-damage|p1a: Gengar|54/100|[from] Sandstorm
|-damage|p2a: Blissey|59/100 brn|[from] Sandstorm
|-heal|p1a: Gengar|60/100|[from] item: Leftovers
|-heal|p2a: Blissey|65/100 brn|[from] item: Leftovers
|-damage|p2a: Blissey|52/100 brn|[from] brn
|upkeep
|turn|37
|inactive|Capitao General ll disconnected and has 230 seconds to reconnect!
|player|p2|
|inactive|Capitao General ll has 210 seconds to reconnect!
|inactive|Capitao General ll reconnected and has 290 seconds left.
|player|p2|Capitao General ll|scientist-gen3|
|
|t:|1728091974
|move|p1a: Gengar|Explosion|p2a: Blissey
|-damage|p2a: Blissey|0 fnt
|faint|p1a: Gengar
|faint|p2a: Blissey
|
|t:|1728091982
|switch|p1a: Tyranitar|Tyranitar, F|84/100
|switch|p2a: Swampert|Swampert, F|84/100
|-damage|p1a: Tyranitar|59/100|[from] Spikes
|
|-weather|Sandstorm|[upkeep]
|-heal|p1a: Tyranitar|65/100|[from] item: Leftovers
|-heal|p2a: Swampert|90/100|[from] item: Leftovers
|upkeep
|turn|38
|
|t:|1728091997
|move|p1a: Tyranitar|Earthquake|p2a: Swampert
|-damage|p2a: Swampert|66/100
|move|p2a: Swampert|Earthquake|p1a: Tyranitar
|-supereffective|p1a: Tyranitar
|-damage|p1a: Tyranitar|10/100
|
|-weather|Sandstorm|[upkeep]
|-heal|p1a: Tyranitar|17/100|[from] item: Leftovers
|-heal|p2a: Swampert|72/100|[from] item: Leftovers
|upkeep
|turn|39
|
|t:|1728092010
|-singleturn|p1a: Tyranitar|move: Focus Punch
|move|p2a: Swampert|Protect|p2a: Swampert
|-singleturn|p2a: Swampert|Protect
|move|p1a: Tyranitar|Focus Punch|p2a: Swampert
|-activate|p2a: Swampert|Protect
|
|-weather|Sandstorm|[upkeep]
|-heal|p1a: Tyranitar|23/100|[from] item: Leftovers
|-heal|p2a: Swampert|78/100|[from] item: Leftovers
|upkeep
|turn|40
|-message|bloomisgaming17 forfeited.
|
|win|Capitao General ll
|c|☆bloomisgaming17|gg

</script>
<script type="application/json" class="data" id="replaydata-smogtours-gen3ou-794809">
{"id":"smogtours-gen3ou-794809","format":"[Gen 3] OU","players":["bloomisgaming17","Capitao General ll"],"uploadtime":1728092029,"views":82,"formatid":"gen3ou","rating":null,"private":0,"password":null}
</script>

<script defer src="js/replays.js?9d40a366"></script>
