<!DOCTYPE html>
<meta charset="utf-8" />
<meta name="viewport" content="width=device-width" />

<title>[Gen 3] OU: SgtPingwen vs. dankmemewizard - Replays - Pok&eacute;mon Showdown!</title>

<meta name="description" content="Watch a replay of a Pok&eacute;mon battle between SgtPingwen and dankmemewizard! Format: [Gen 3] OU; Date: Oct 5, 2024" />
<!--

Hey, you! Looking in the source for the replay log?

You can find them in JSON format, just add `.json` at the end of a replay URL.

https://replay.pokemonshowdown.com/gen7randomdoublesbattle-865046831.json

Or, if you only need the log itself, add `.log` instead:

https://replay.pokemonshowdown.com/gen7randomdoublesbattle-865046831.log

-->

<link rel="stylesheet" href="//pokemonshowdown.com/style/global.css?0.023195364461161105" />
<link rel="stylesheet" href="//play.pokemonshowdown.com/style/font-awesome.css?0.13261647063804238" />
<link rel="stylesheet" href="//play.pokemonshowdown.com/style/battle.css?0.8753245789963631" />
<link rel="stylesheet" href="//play.pokemonshowdown.com/style/utilichart.css?0.8627959624976733" />

<!-- Global site tag (gtag.js) - Google Analytics -->
<script async src="https://www.googletagmanager.com/gtag/js?id=UA-26211653-1"></script>
<script>
  window.dataLayer = window.dataLayer || [];
  function gtag(){dataLayer.push(arguments);}
  gtag('js', new Date());

  gtag('config', 'UA-26211653-1');
</script>
<!-- End Google Analytics -->
<!-- Venatus Ad Manager - Install in <HEAD> of page -->
	<script src="https://hb.vntsm.com/v3/live/ad-manager.min.js" type="text/javascript" data-site-id="642aba63ec9a7b11c3c9c1be" data-mode="scan" async></script>
<!-- / Venatus Ad Manager -->

<style>
	@media (max-width:820px) {
		.battle {
			margin: 0 auto;
		}
		.battle-log {
			margin: 7px auto 0;
			max-width: 640px;
			height: 300px;
			position: static;
		}
	}
	.optgroup {
		display: inline-block;
		line-height: 22px;
		font-size: 10pt;
	}
	.optgroup .button {
		height: 25px;
		padding-top: 0;
		padding-bottom: 0;
	}
	.optgroup button.button {
		padding-left: 12px;
		padding-right: 12px;
	}
	.linklist {
		list-style: none;
		margin: 0.5em 0;
		padding: 0;
	}
	.linklist li {
		padding: 2px 0;
	}
	.sidebar {
		float: left;
		width: 320px;
	}
	.bar-wrapper {
		max-width: 1100px;
		margin: 0 auto;
	}
	.bar-wrapper.has-sidebar {
		max-width: 1430px;
	}
	.mainbar {
		margin: 0;
		padding-right: 1px;
	}
	.mainbar.has-sidebar {
		margin-left: 330px;
	}
	@media (min-width: 1511px) {
		.sidebar {
			width: 400px;
		}
		.bar-wrapper.has-sidebar {
			max-width: 1510px;
		}
		.mainbar.has-sidebar {
			margin-left: 410px;
		}
	}
	.section.first-section {
		margin-top: 9px;
	}
	.blocklink small {
		white-space: normal;
	}
	.button {
		vertical-align: middle;
	}
	.replay-controls {
		padding-top: 10px;
	}
	.replay-controls h1 {
		font-size: 16pt;
		font-weight: normal;
		color: #CCC;
	}
	.pagelink {
		text-align: center;
	}
	.pagelink a {
		width: 150px;
	}
	.textbox, .button {
		font-size: 11pt;
		vertical-align: middle;
	}
	@media (max-width: 450px) {
		.button {
			font-size: 9pt;
		}
	}
</style>

<div>

	<header>
		<div class="nav-wrapper"><ul class="nav">
			<li><a class="button nav-first" href="//pokemonshowdown.com/"><img src="//pokemonshowdown.com/images/pokemonshowdownbeta.png" srcset="//pokemonshowdown.com/images/pokemonshowdownbeta.png 1x, //pokemonshowdown.com/images/pokemonshowdownbeta@2x.png 2x" alt="Pok&eacute;mon Showdown" width="146" height="44" /> Home</a></li>
			<li><a class="button" href="//pokemonshowdown.com/dex/">Pok&eacute;dex</a></li>
			<li><a class="button cur" href="/">Replays</a></li>
			<li><a class="button" href="//pokemonshowdown.com/ladder/">Ladder</a></li>
			<li><a class="button nav-last" href="//pokemonshowdown.com/forums/">Forum</a></li>
			<li><a class="button greenbutton nav-first nav-last" href="//play.pokemonshowdown.com/">Play</a></li>
		</ul></div>
	</header>

	<div class="main" id="main">

		<noscript><section class="section">You need to enable JavaScript to use this page; sorry!</section></noscript>

	</div>

</div>

<script defer nomodule src="//play.pokemonshowdown.com/js/lib/ps-polyfill.js"></script>
<script defer src="//play.pokemonshowdown.com/js/lib/preact.min.js"></script>

<script defer src="//play.pokemonshowdown.com/config/config.js?2bddbc15"></script>
<script defer src="//play.pokemonshowdown.com/js/lib/jquery-1.11.0.min.js"></script>
<script defer src="//play.pokemonshowdown.com/js/lib/html-sanitizer-minified.js"></script>
<script defer src="//play.pokemonshowdown.com/js/battle-sound.js"></script>
<script defer src="//play.pokemonshowdown.com/js/battledata.js?0.7209276989879541"></script>
<script defer src="//play.pokemonshowdown.com/data/pokedex-mini.js?0.6111056340867951"></script>
<script defer src="//play.pokemonshowdown.com/data/pokedex-mini-bw.js?0.3532142036491459"></script>
<script defer src="//play.pokemonshowdown.com/data/graphics.js?0.24223875632456182"></script>
<script defer src="//play.pokemonshowdown.com/data/pokedex.js?0.38839984266356864"></script>
<script defer src="//play.pokemonshowdown.com/data/moves.js?0.21866028504024015"></script>
<script defer src="//play.pokemonshowdown.com/data/abilities.js?0.2005157953846628"></script>
<script defer src="//play.pokemonshowdown.com/data/items.js?0.9894211263848525"></script>
<script defer src="//play.pokemonshowdown.com/data/teambuilder-tables.js?0.6008791140282215"></script>
<script defer src="//play.pokemonshowdown.com/js/battle-tooltips.js?0.7580118955022959"></script>
<script defer src="//play.pokemonshowdown.com/js/battle.js?0.6057722274234274"></script>

<script defer src="js/utils.js?e31f9a17"></script>
<script defer src="js/replays-battle.js?7008c182"></script>

<!-- don't scrape this data! just add .json or .log after the URL!
Full API docs: https://github.com/smogon/pokemon-showdown-client/blob/master/WEB-API.md -->
<script type="text/plain" class="log" id="replaylog-smogtours-gen3ou-794955">
|inactive|Battle timer is ON: inactive players will automatically lose when time's up.
|t:|1728140677
|gametype|singles
|player|p1|SgtPingwen|2|
|player|p2|dankmemewizard|170|
|teamsize|p1|6
|teamsize|p2|6
|gen|3
|tier|[Gen 3] OU
|rule|Sleep Clause Mod: Limit one foe put to sleep
|rule|Switch Priority Clause Mod: Faster Pokémon switch first
|rule|Species Clause: Limit one of each Pokémon
|rule|OHKO Clause: OHKO moves are banned
|rule|Evasion Items Clause: Evasion items are banned
|rule|Evasion Moves Clause: Evasion moves are banned
|rule|Endless Battle Clause: Forcing endless battles is banned
|rule|HP Percentage Mod: HP is shown in percentages
|rule|One Boost Passer Clause: Limit one Baton Passer that has a way to boost its stats
|rule|Freeze Clause Mod: Limit one foe frozen
|
|t:|1728140677
|start
|switch|p1a: Tyranitar|Tyranitar, M|100/100
|switch|p2a: Stance Too Wide|Hariyama, F|100/100
|-weather|Sandstorm|[from] ability: Sand Stream|[of] p1a: Tyranitar
|turn|1
|c|☆dankmemewizard|glhf
|inactive|SgtPingwen has 270 seconds left.
|
|t:|1728140713
|switch|p1a: Skarmory|Skarmory, F|100/100
|move|p2a: Stance Too Wide|Knock Off|p1a: Skarmory
|-resisted|p1a: Skarmory
|-damage|p1a: Skarmory|99/100
|-enditem|p1a: Skarmory|Leftovers|[from] move: Knock Off|[of] p2a: Stance Too Wide
|-hint|In Gens 3-4, Knock Off only makes the target's item unusable; it cannot obtain a new item.
|
|-weather|Sandstorm|[upkeep]
|-damage|p2a: Stance Too Wide|94/100|[from] Sandstorm
|-heal|p2a: Stance Too Wide|100/100|[from] item: Leftovers
|upkeep
|turn|2
|inactive|dankmemewizard has 270 seconds left.
|
|t:|1728140744
|switch|p2a: Rotisserie Horror|Claydol|100/100
|move|p1a: Skarmory|Roar|p2a: Rotisserie Horror
|drag|p2a: Rolie Polie Olie|Blissey, F|100/100
|
|-weather|Sandstorm|[upkeep]
|-damage|p2a: Rolie Polie Olie|94/100|[from] Sandstorm
|-heal|p2a: Rolie Polie Olie|100/100|[from] item: Leftovers
|upkeep
|turn|3
|
|t:|1728140771
|move|p1a: Skarmory|Spikes|p2a: Rolie Polie Olie
|-sidestart|p2: dankmemewizard|Spikes
|move|p2a: Rolie Polie Olie|Ice Beam|p1a: Skarmory
|-damage|p1a: Skarmory|77/100
|
|-weather|Sandstorm|[upkeep]
|-damage|p2a: Rolie Polie Olie|94/100|[from] Sandstorm
|-heal|p2a: Rolie Polie Olie|100/100|[from] item: Leftovers
|upkeep
|turn|4
|
|t:|1728140779
|switch|p2a: Rotisserie Horror|Claydol|100/100
|move|p1a: Skarmory|Roar|p2a: Rotisserie Horror
|drag|p2a: Rolie Polie Olie|Blissey, F|100/100
|-damage|p2a: Rolie Polie Olie|88/100|[from] Spikes
|
|-weather|Sandstorm|[upkeep]
|-damage|p2a: Rolie Polie Olie|82/100|[from] Sandstorm
|-heal|p2a: Rolie Polie Olie|88/100|[from] item: Leftovers
|upkeep
|turn|5
|
|t:|1728140791
|switch|p2a: Rotisserie Horror|Claydol|100/100
|move|p1a: Skarmory|Protect||[still]
|-fail|p1a: Skarmory
|
|-weather|Sandstorm|[upkeep]
|upkeep
|turn|6
|
|t:|1728140799
|move|p1a: Skarmory|Toxic|p2a: Rotisserie Horror
|-status|p2a: Rotisserie Horror|tox
|move|p2a: Rotisserie Horror|Rapid Spin|p1a: Skarmory
|-resisted|p1a: Skarmory
|-damage|p1a: Skarmory|75/100
|-sideend|p2: dankmemewizard|Spikes|[from] move: Rapid Spin|[of] p2a: Rotisserie Horror
|
|-weather|Sandstorm|[upkeep]
|-damage|p2a: Rotisserie Horror|94/100 tox|[from] psn
|upkeep
|turn|7
|
|t:|1728140806
|move|p1a: Skarmory|Spikes|p2a: Rotisserie Horror
|-sidestart|p2: dankmemewizard|Spikes
|move|p2a: Rotisserie Horror|Psychic|p1a: Skarmory
|-resisted|p1a: Skarmory
|-damage|p1a: Skarmory|65/100
|-unboost|p1a: Skarmory|spd|1
|
|-weather|Sandstorm|[upkeep]
|-heal|p2a: Rotisserie Horror|100/100 tox|[from] item: Leftovers
|-damage|p2a: Rotisserie Horror|88/100 tox|[from] psn
|upkeep
|turn|8
|
|t:|1728140812
|move|p1a: Skarmory|Protect|p1a: Skarmory
|-singleturn|p1a: Skarmory|Protect
|move|p2a: Rotisserie Horror|Rapid Spin|p1a: Skarmory
|-activate|p1a: Skarmory|Protect
|
|-weather|Sandstorm|[upkeep]
|-heal|p2a: Rotisserie Horror|94/100 tox|[from] item: Leftovers
|-damage|p2a: Rotisserie Horror|76/100 tox|[from] psn
|upkeep
|turn|9
|
|t:|1728140822
|move|p1a: Skarmory|Spikes|p2a: Rotisserie Horror
|-sidestart|p2: dankmemewizard|Spikes
|move|p2a: Rotisserie Horror|Rapid Spin|p1a: Skarmory
|-resisted|p1a: Skarmory
|-damage|p1a: Skarmory|64/100
|-sideend|p2: dankmemewizard|Spikes|[from] move: Rapid Spin|[of] p2a: Rotisserie Horror
|
|-weather|Sandstorm|[upkeep]
|-heal|p2a: Rotisserie Horror|82/100 tox|[from] item: Leftovers
|-damage|p2a: Rotisserie Horror|57/100 tox|[from] psn
|upkeep
|turn|10
|
|t:|1728140825
|move|p1a: Skarmory|Protect|p1a: Skarmory
|-singleturn|p1a: Skarmory|Protect
|move|p2a: Rotisserie Horror|Rest|p2a: Rotisserie Horror
|-status|p2a: Rotisserie Horror|slp|[from] move: Rest
|-heal|p2a: Rotisserie Horror|100/100 slp|[silent]
|
|-weather|Sandstorm|[upkeep]
|upkeep
|turn|11
|
|t:|1728140835
|switch|p1a: Tyranitar|Tyranitar, M|100/100
|switch|p2a: Rolie Polie Olie|Blissey, F|88/100
|
|-weather|Sandstorm|[upkeep]
|-damage|p2a: Rolie Polie Olie|82/100|[from] Sandstorm
|-heal|p2a: Rolie Polie Olie|88/100|[from] item: Leftovers
|upkeep
|turn|12
|
|t:|1728140847
|switch|p2a: Pencil Neck|Milotic, M|100/100
|move|p1a: Tyranitar|Earthquake|p2a: Pencil Neck
|-damage|p2a: Pencil Neck|81/100
|
|-weather|Sandstorm|[upkeep]
|-damage|p2a: Pencil Neck|75/100|[from] Sandstorm
|-heal|p2a: Pencil Neck|81/100|[from] item: Leftovers
|upkeep
|turn|13
|
|t:|1728140868
|switch|p1a: Jirachi|Jirachi|100/100
|move|p2a: Pencil Neck|Surf|p1a: Jirachi
|-damage|p1a: Jirachi|79/100
|
|-weather|Sandstorm|[upkeep]
|-damage|p2a: Pencil Neck|75/100|[from] Sandstorm
|-heal|p1a: Jirachi|85/100|[from] item: Leftovers
|-heal|p2a: Pencil Neck|81/100|[from] item: Leftovers
|upkeep
|turn|14
|inactive|dankmemewizard has 270 seconds left.
|
|t:|1728140901
|switch|p2a: Rolie Polie Olie|Blissey, F|88/100
|move|p1a: Jirachi|Wish|p1a: Jirachi
|
|-weather|Sandstorm|[upkeep]
|-damage|p2a: Rolie Polie Olie|82/100|[from] Sandstorm
|-heal|p1a: Jirachi|92/100|[from] item: Leftovers
|-heal|p2a: Rolie Polie Olie|88/100|[from] item: Leftovers
|upkeep
|turn|15
|inactive|dankmemewizard has 270 seconds left.
|
|t:|1728140914
|move|p1a: Jirachi|Body Slam|p2a: Rolie Polie Olie
|-damage|p2a: Rolie Polie Olie|67/100
|move|p2a: Rolie Polie Olie|Aromatherapy|p2a: Rolie Polie Olie
|-cureteam|p2a: Rolie Polie Olie|[from] move: Aromatherapy
|
|-heal|p1a: Jirachi|100/100|[from] move: Wish|[wisher] Jirachi
|-weather|Sandstorm|[upkeep]
|-damage|p2a: Rolie Polie Olie|61/100|[from] Sandstorm
|-heal|p2a: Rolie Polie Olie|67/100|[from] item: Leftovers
|upkeep
|turn|16
|
|t:|1728140940
|move|p1a: Jirachi|Body Slam|p2a: Rolie Polie Olie
|-damage|p2a: Rolie Polie Olie|44/100
|move|p2a: Rolie Polie Olie|Soft-Boiled|p2a: Rolie Polie Olie
|-heal|p2a: Rolie Polie Olie|94/100
|
|-weather|Sandstorm|[upkeep]
|-damage|p2a: Rolie Polie Olie|88/100|[from] Sandstorm
|-heal|p2a: Rolie Polie Olie|94/100|[from] item: Leftovers
|upkeep
|turn|17
|
|t:|1728140945
|switch|p2a: The Vinster|Dusclops, M|100/100
|move|p1a: Jirachi|Body Slam|p2a: The Vinster
|-immune|p2a: The Vinster
|
|-weather|Sandstorm|[upkeep]
|-damage|p2a: The Vinster|95/100|[from] Sandstorm
|-heal|p2a: The Vinster|100/100|[from] item: Leftovers
|upkeep
|turn|18
|
|t:|1728140951
|switch|p1a: Tyranitar|Tyranitar, M|100/100
|move|p2a: The Vinster|Will-O-Wisp|p1a: Tyranitar|[miss]
|-miss|p2a: The Vinster|p1a: Tyranitar
|
|-weather|Sandstorm|[upkeep]
|-damage|p2a: The Vinster|95/100|[from] Sandstorm
|-heal|p2a: The Vinster|100/100|[from] item: Leftovers
|upkeep
|turn|19
|
|t:|1728140959
|switch|p2a: Pencil Neck|Milotic, M|81/100
|move|p1a: Tyranitar|Crunch|p2a: Pencil Neck
|-damage|p2a: Pencil Neck|56/100
|
|-weather|Sandstorm|[upkeep]
|-damage|p2a: Pencil Neck|49/100|[from] Sandstorm
|-heal|p2a: Pencil Neck|56/100|[from] item: Leftovers
|upkeep
|turn|20
|
|t:|1728140965
|switch|p1a: Jirachi|Jirachi|100/100
|move|p2a: Pencil Neck|Recover|p2a: Pencil Neck
|-heal|p2a: Pencil Neck|100/100
|
|-weather|Sandstorm|[upkeep]
|-damage|p2a: Pencil Neck|94/100|[from] Sandstorm
|-heal|p2a: Pencil Neck|100/100|[from] item: Leftovers
|upkeep
|turn|21
|
|t:|1728140977
|switch|p2a: The Vinster|Dusclops, M|100/100
|move|p1a: Jirachi|Body Slam|p2a: The Vinster
|-immune|p2a: The Vinster
|
|-weather|Sandstorm|[upkeep]
|-damage|p2a: The Vinster|95/100|[from] Sandstorm
|-heal|p2a: The Vinster|100/100|[from] item: Leftovers
|upkeep
|turn|22
|
|t:|1728140983
|move|p1a: Jirachi|Protect|p1a: Jirachi
|-singleturn|p1a: Jirachi|Protect
|move|p2a: The Vinster|Will-O-Wisp|p1a: Jirachi
|-activate|p1a: Jirachi|Protect
|
|-weather|Sandstorm|[upkeep]
|-damage|p2a: The Vinster|95/100|[from] Sandstorm
|-heal|p2a: The Vinster|100/100|[from] item: Leftovers
|upkeep
|turn|23
|
|t:|1728140986
|switch|p1a: Moltres|Moltres|100/100
|move|p2a: The Vinster|Will-O-Wisp|p1a: Moltres
|-immune|p1a: Moltres
|
|-weather|Sandstorm|[upkeep]
|-damage|p1a: Moltres|94/100|[from] Sandstorm
|-damage|p2a: The Vinster|95/100|[from] Sandstorm
|-heal|p1a: Moltres|100/100|[from] item: Leftovers
|-heal|p2a: The Vinster|100/100|[from] item: Leftovers
|upkeep
|turn|24
|
|t:|1728140996
|switch|p1a: Flygon|Flygon, M|100/100
|switch|p2a: Rolie Polie Olie|Blissey, F|94/100
|
|-weather|Sandstorm|[upkeep]
|-damage|p2a: Rolie Polie Olie|88/100|[from] Sandstorm
|-heal|p2a: Rolie Polie Olie|94/100|[from] item: Leftovers
|upkeep
|turn|25
|
|t:|1728141002
|move|p1a: Flygon|Toxic|p2a: Rolie Polie Olie
|-status|p2a: Rolie Polie Olie|tox
|move|p2a: Rolie Polie Olie|Ice Beam|p1a: Flygon
|-supereffective|p1a: Flygon
|-damage|p1a: Flygon|0 fnt
|faint|p1a: Flygon
|
|t:|1728141008
|switch|p1a: Skarmory|Skarmory, F|64/100
|
|-weather|Sandstorm|[upkeep]
|-damage|p2a: Rolie Polie Olie|88/100 tox|[from] Sandstorm
|-heal|p2a: Rolie Polie Olie|94/100 tox|[from] item: Leftovers
|-damage|p2a: Rolie Polie Olie|88/100 tox|[from] psn
|upkeep
|turn|26
|
|t:|1728141015
|switch|p1a: Tyranitar|Tyranitar, M|100/100
|-curestatus|p2a: Rolie Polie Olie|tox|[from] ability: Natural Cure
|switch|p2a: Rotisserie Horror|Claydol|100/100
|
|-weather|Sandstorm|[upkeep]
|upkeep
|turn|27
|
|t:|1728141021
|move|p2a: Rotisserie Horror|Earthquake|p1a: Tyranitar
|-supereffective|p1a: Tyranitar
|-damage|p1a: Tyranitar|61/100
|move|p1a: Tyranitar|Pursuit|p2a: Rotisserie Horror
|-supereffective|p2a: Rotisserie Horror
|-damage|p2a: Rotisserie Horror|72/100
|
|-weather|Sandstorm|[upkeep]
|-heal|p2a: Rotisserie Horror|78/100|[from] item: Leftovers
|-heal|p1a: Tyranitar|67/100|[from] item: Leftovers
|upkeep
|turn|28
|inactive|dankmemewizard has 270 seconds left.
|inactive|dankmemewizard has 240 seconds left.
|
|t:|1728141089
|move|p2a: Rotisserie Horror|Rest|p2a: Rotisserie Horror
|-status|p2a: Rotisserie Horror|slp|[from] move: Rest
|-heal|p2a: Rotisserie Horror|100/100 slp|[silent]
|move|p1a: Tyranitar|Pursuit|p2a: Rotisserie Horror
|-supereffective|p2a: Rotisserie Horror
|-damage|p2a: Rotisserie Horror|72/100 slp
|
|-weather|Sandstorm|[upkeep]
|-heal|p2a: Rotisserie Horror|79/100 slp|[from] item: Leftovers
|-heal|p1a: Tyranitar|73/100|[from] item: Leftovers
|upkeep
|turn|29
|inactive|dankmemewizard has 240 seconds left.
|
|t:|1728141100
|switch|p2a: Pencil Neck|Milotic, M|100/100
|move|p1a: Tyranitar|Crunch|p2a: Pencil Neck
|-damage|p2a: Pencil Neck|74/100
|
|-weather|Sandstorm|[upkeep]
|-damage|p2a: Pencil Neck|68/100|[from] Sandstorm
|-heal|p2a: Pencil Neck|74/100|[from] item: Leftovers
|-heal|p1a: Tyranitar|79/100|[from] item: Leftovers
|upkeep
|turn|30
|inactive|dankmemewizard has 240 seconds left.
|
|t:|1728141108
|switch|p1a: Gengar|Gengar, F|100/100
|move|p2a: Pencil Neck|Surf|p1a: Gengar
|-damage|p1a: Gengar|61/100
|
|-weather|Sandstorm|[upkeep]
|-damage|p1a: Gengar|55/100|[from] Sandstorm
|-damage|p2a: Pencil Neck|68/100|[from] Sandstorm
|-heal|p1a: Gengar|61/100|[from] item: Leftovers
|-heal|p2a: Pencil Neck|74/100|[from] item: Leftovers
|upkeep
|turn|31
|
|t:|1728141116
|switch|p2a: Rolie Polie Olie|Blissey, F|88/100
|move|p1a: Gengar|Will-O-Wisp|p2a: Rolie Polie Olie
|-status|p2a: Rolie Polie Olie|brn
|
|-weather|Sandstorm|[upkeep]
|-damage|p1a: Gengar|55/100|[from] Sandstorm
|-damage|p2a: Rolie Polie Olie|82/100 brn|[from] Sandstorm
|-heal|p1a: Gengar|61/100|[from] item: Leftovers
|-heal|p2a: Rolie Polie Olie|88/100 brn|[from] item: Leftovers
|-damage|p2a: Rolie Polie Olie|76/100 brn|[from] brn
|upkeep
|turn|32
|
|t:|1728141121
|move|p1a: Gengar|Taunt|p2a: Rolie Polie Olie
|-start|p2a: Rolie Polie Olie|move: Taunt
|cant|p2a: Rolie Polie Olie|move: Taunt|Aromatherapy
|
|-weather|Sandstorm|[upkeep]
|-damage|p1a: Gengar|55/100|[from] Sandstorm
|-damage|p2a: Rolie Polie Olie|70/100 brn|[from] Sandstorm
|-heal|p1a: Gengar|61/100|[from] item: Leftovers
|-heal|p2a: Rolie Polie Olie|76/100 brn|[from] item: Leftovers
|-damage|p2a: Rolie Polie Olie|63/100 brn|[from] brn
|upkeep
|turn|33
|inactive|dankmemewizard has 240 seconds left.
|
|t:|1728141143
|move|p1a: Gengar|Thunderbolt|p2a: Rolie Polie Olie
|-damage|p2a: Rolie Polie Olie|53/100 brn
|move|p2a: Rolie Polie Olie|Ice Beam|p1a: Gengar
|-damage|p1a: Gengar|35/100
|
|-weather|Sandstorm|[upkeep]
|-damage|p1a: Gengar|28/100|[from] Sandstorm
|-damage|p2a: Rolie Polie Olie|47/100 brn|[from] Sandstorm
|-heal|p1a: Gengar|35/100|[from] item: Leftovers
|-heal|p2a: Rolie Polie Olie|53/100 brn|[from] item: Leftovers
|-damage|p2a: Rolie Polie Olie|41/100 brn|[from] brn
|-end|p2a: Rolie Polie Olie|move: Taunt|[silent]
|upkeep
|turn|34
|
|t:|1728141154
|move|p1a: Gengar|Taunt|p2a: Rolie Polie Olie
|-start|p2a: Rolie Polie Olie|move: Taunt
|cant|p2a: Rolie Polie Olie|move: Taunt|Soft-Boiled
|
|-weather|Sandstorm|[upkeep]
|-damage|p1a: Gengar|28/100|[from] Sandstorm
|-damage|p2a: Rolie Polie Olie|34/100 brn|[from] Sandstorm
|-heal|p1a: Gengar|35/100|[from] item: Leftovers
|-heal|p2a: Rolie Polie Olie|41/100 brn|[from] item: Leftovers
|-damage|p2a: Rolie Polie Olie|28/100 brn|[from] brn
|upkeep
|turn|35
|
|t:|1728141167
|switch|p1a: Tyranitar|Tyranitar, M|79/100
|-curestatus|p2a: Rolie Polie Olie|brn|[from] ability: Natural Cure
|switch|p2a: Rotisserie Horror|Claydol|79/100 slp
|
|-weather|Sandstorm|[upkeep]
|-heal|p2a: Rotisserie Horror|85/100 slp|[from] item: Leftovers
|-heal|p1a: Tyranitar|85/100|[from] item: Leftovers
|upkeep
|turn|36
|
|t:|1728141177
|-activate|p2a: Rotisserie Horror|move: Pursuit
|move|p1a: Tyranitar|Pursuit|p2a: Rotisserie Horror|[from]Pursuit
|-supereffective|p2a: Rotisserie Horror
|-damage|p2a: Rotisserie Horror|30/100 slp
|switch|p2a: Pencil Neck|Milotic, M|74/100
|
|-weather|Sandstorm|[upkeep]
|-damage|p2a: Pencil Neck|68/100|[from] Sandstorm
|-heal|p2a: Pencil Neck|74/100|[from] item: Leftovers
|-heal|p1a: Tyranitar|92/100|[from] item: Leftovers
|upkeep
|turn|37
|
|t:|1728141185
|switch|p2a: Rolie Polie Olie|Blissey, F|28/100
|switch|p1a: Jirachi|Jirachi|100/100
|
|-weather|Sandstorm|[upkeep]
|-damage|p2a: Rolie Polie Olie|22/100|[from] Sandstorm
|-heal|p2a: Rolie Polie Olie|28/100|[from] item: Leftovers
|upkeep
|turn|38
|
|t:|1728141189
|move|p1a: Jirachi|Body Slam|p2a: Rolie Polie Olie
|-crit|p2a: Rolie Polie Olie
|-damage|p2a: Rolie Polie Olie|0 fnt
|faint|p2a: Rolie Polie Olie
|inactive|dankmemewizard has 270 seconds left.
|
|t:|1728141208
|switch|p2a: Stance Too Wide|Hariyama, F|100/100
|
|-weather|Sandstorm|[upkeep]
|-damage|p2a: Stance Too Wide|94/100|[from] Sandstorm
|-heal|p2a: Stance Too Wide|100/100|[from] item: Leftovers
|upkeep
|turn|39
|
|t:|1728141213
|move|p1a: Jirachi|Protect|p1a: Jirachi
|-singleturn|p1a: Jirachi|Protect
|move|p2a: Stance Too Wide|Knock Off|p1a: Jirachi
|-activate|p1a: Jirachi|Protect
|
|-weather|Sandstorm|[upkeep]
|-damage|p2a: Stance Too Wide|94/100|[from] Sandstorm
|-heal|p2a: Stance Too Wide|100/100|[from] item: Leftovers
|upkeep
|turn|40
|
|t:|1728141217
|switch|p1a: Skarmory|Skarmory, F|64/100
|move|p2a: Stance Too Wide|Knock Off|p1a: Skarmory
|-resisted|p1a: Skarmory
|-damage|p1a: Skarmory|63/100
|
|-weather|Sandstorm|[upkeep]
|-damage|p2a: Stance Too Wide|94/100|[from] Sandstorm
|-heal|p2a: Stance Too Wide|100/100|[from] item: Leftovers
|upkeep
|turn|41
|
|t:|1728141225
|switch|p2a: Rotisserie Horror|Claydol|30/100 slp
|move|p1a: Skarmory|Spikes|p2a: Rotisserie Horror
|-sidestart|p2: dankmemewizard|Spikes
|
|-weather|Sandstorm|[upkeep]
|-heal|p2a: Rotisserie Horror|36/100 slp|[from] item: Leftovers
|upkeep
|turn|42
|
|t:|1728141232
|switch|p1a: Tyranitar|Tyranitar, M|92/100
|cant|p2a: Rotisserie Horror|slp
|
|-weather|Sandstorm|[upkeep]
|-heal|p2a: Rotisserie Horror|42/100 slp|[from] item: Leftovers
|-heal|p1a: Tyranitar|98/100|[from] item: Leftovers
|upkeep
|turn|43
|
|t:|1728141236
|cant|p2a: Rotisserie Horror|slp
|move|p1a: Tyranitar|Pursuit|p2a: Rotisserie Horror
|-supereffective|p2a: Rotisserie Horror
|-damage|p2a: Rotisserie Horror|16/100 slp
|
|-weather|Sandstorm|[upkeep]
|-heal|p2a: Rotisserie Horror|22/100 slp|[from] item: Leftovers
|-heal|p1a: Tyranitar|100/100|[from] item: Leftovers
|upkeep
|turn|44
|
|t:|1728141242
|-curestatus|p2a: Rotisserie Horror|slp|[msg]
|move|p2a: Rotisserie Horror|Earthquake|p1a: Tyranitar
|-supereffective|p1a: Tyranitar
|-damage|p1a: Tyranitar|59/100
|move|p1a: Tyranitar|Pursuit|p2a: Rotisserie Horror
|-supereffective|p2a: Rotisserie Horror
|-damage|p2a: Rotisserie Horror|0 fnt
|faint|p2a: Rotisserie Horror
|
|t:|1728141244
|switch|p2a: Not Lonely|Dugtrio, M|100/100
|-damage|p2a: Not Lonely|88/100|[from] Spikes
|
|-weather|Sandstorm|[upkeep]
|-heal|p1a: Tyranitar|65/100|[from] item: Leftovers
|upkeep
|turn|45
|
|t:|1728141248
|move|p2a: Not Lonely|Earthquake|p1a: Tyranitar
|-supereffective|p1a: Tyranitar
|-damage|p1a: Tyranitar|0 fnt
|faint|p1a: Tyranitar
|
|t:|1728141259
|switch|p1a: Moltres|Moltres|100/100
|
|-weather|Sandstorm|[upkeep]
|-damage|p1a: Moltres|94/100|[from] Sandstorm
|-heal|p1a: Moltres|100/100|[from] item: Leftovers
|upkeep
|turn|46
|
|t:|1728141276
|switch|p2a: Stance Too Wide|Hariyama, F|100/100
|-damage|p2a: Stance Too Wide|88/100|[from] Spikes
|move|p1a: Moltres|Will-O-Wisp|p2a: Stance Too Wide
|-status|p2a: Stance Too Wide|brn
|
|-weather|Sandstorm|[upkeep]
|-damage|p1a: Moltres|94/100|[from] Sandstorm
|-damage|p2a: Stance Too Wide|82/100 brn|[from] Sandstorm
|-heal|p1a: Moltres|100/100|[from] item: Leftovers
|-heal|p2a: Stance Too Wide|88/100 brn|[from] item: Leftovers
|-damage|p2a: Stance Too Wide|76/100 brn|[from] brn
|upkeep
|turn|47
|
|t:|1728141285
|switch|p1a: Skarmory|Skarmory, F|63/100
|move|p2a: Stance Too Wide|Knock Off|p1a: Skarmory
|-resisted|p1a: Skarmory
|-damage|p1a: Skarmory|62/100
|
|-weather|Sandstorm|[upkeep]
|-damage|p2a: Stance Too Wide|70/100 brn|[from] Sandstorm
|-heal|p2a: Stance Too Wide|76/100 brn|[from] item: Leftovers
|-damage|p2a: Stance Too Wide|64/100 brn|[from] brn
|upkeep
|turn|48
|
|t:|1728141296
|switch|p2a: Pencil Neck|Milotic, M|74/100
|-damage|p2a: Pencil Neck|61/100|[from] Spikes
|move|p1a: Skarmory|Protect||[still]
|-fail|p1a: Skarmory
|
|-weather|Sandstorm|[upkeep]
|-damage|p2a: Pencil Neck|55/100|[from] Sandstorm
|-heal|p2a: Pencil Neck|61/100|[from] item: Leftovers
|upkeep
|turn|49
|
|t:|1728141302
|move|p2a: Pencil Neck|Surf|p1a: Skarmory
|-damage|p1a: Skarmory|33/100
|move|p1a: Skarmory|Spikes|p2a: Pencil Neck
|-sidestart|p2: dankmemewizard|Spikes
|
|-weather|Sandstorm|[upkeep]
|-damage|p2a: Pencil Neck|55/100|[from] Sandstorm
|-heal|p2a: Pencil Neck|61/100|[from] item: Leftovers
|upkeep
|turn|50
|
|t:|1728141305
|move|p1a: Skarmory|Protect|p1a: Skarmory
|-singleturn|p1a: Skarmory|Protect
|move|p2a: Pencil Neck|Surf|p1a: Skarmory
|-activate|p1a: Skarmory|Protect
|
|-weather|Sandstorm|[upkeep]
|-damage|p2a: Pencil Neck|55/100|[from] Sandstorm
|-heal|p2a: Pencil Neck|61/100|[from] item: Leftovers
|upkeep
|turn|51
|
|t:|1728141308
|move|p2a: Pencil Neck|Surf|p1a: Skarmory
|-damage|p1a: Skarmory|3/100
|move|p1a: Skarmory|Roar|p2a: Pencil Neck
|drag|p2a: The Vinster|Dusclops, M|100/100
|-damage|p2a: The Vinster|84/100|[from] Spikes
|
|-weather|Sandstorm|[upkeep]
|-damage|p2a: The Vinster|78/100|[from] Sandstorm
|-heal|p2a: The Vinster|84/100|[from] item: Leftovers
|upkeep
|turn|52
|
|t:|1728141322
|switch|p1a: Jirachi|Jirachi|100/100
|move|p2a: The Vinster|Shadow Ball|p1a: Jirachi
|-crit|p1a: Jirachi
|-damage|p1a: Jirachi|68/100
|-unboost|p1a: Jirachi|spd|1
|
|-weather|Sandstorm|[upkeep]
|-damage|p2a: The Vinster|78/100|[from] Sandstorm
|-heal|p1a: Jirachi|75/100|[from] item: Leftovers
|-heal|p2a: The Vinster|84/100|[from] item: Leftovers
|upkeep
|turn|53
|
|t:|1728141332
|switch|p1a: Skarmory|Skarmory, F|3/100
|move|p2a: The Vinster|Will-O-Wisp|p1a: Skarmory
|-status|p1a: Skarmory|brn
|
|-weather|Sandstorm|[upkeep]
|-damage|p2a: The Vinster|78/100|[from] Sandstorm
|-damage|p1a: Skarmory|0 fnt|[from] brn
|faint|p1a: Skarmory
|-heal|p2a: The Vinster|84/100|[from] item: Leftovers
|upkeep
|
|t:|1728141343
|switch|p1a: Gengar|Gengar, F|35/100
|turn|54
|
|t:|1728141358
|move|p1a: Gengar|Will-O-Wisp|p2a: The Vinster|[miss]
|-miss|p1a: Gengar|p2a: The Vinster
|move|p2a: The Vinster|Shadow Ball|p1a: Gengar
|-supereffective|p1a: Gengar
|-damage|p1a: Gengar|0 fnt
|faint|p1a: Gengar
|
|t:|1728141360
|switch|p1a: Moltres|Moltres|100/100
|
|-weather|Sandstorm|[upkeep]
|-damage|p1a: Moltres|94/100|[from] Sandstorm
|-damage|p2a: The Vinster|78/100|[from] Sandstorm
|-heal|p1a: Moltres|100/100|[from] item: Leftovers
|-heal|p2a: The Vinster|84/100|[from] item: Leftovers
|upkeep
|turn|55
|
|t:|1728141371
|move|p1a: Moltres|Fire Blast|p2a: The Vinster
|-damage|p2a: The Vinster|33/100
|move|p2a: The Vinster|Shadow Ball|p1a: Moltres
|-damage|p1a: Moltres|76/100
|
|-weather|Sandstorm|[upkeep]
|-damage|p1a: Moltres|70/100|[from] Sandstorm
|-damage|p2a: The Vinster|27/100|[from] Sandstorm
|-heal|p1a: Moltres|76/100|[from] item: Leftovers
|-heal|p2a: The Vinster|33/100|[from] item: Leftovers
|upkeep
|turn|56
|
|t:|1728141384
|switch|p2a: Stance Too Wide|Hariyama, F|64/100 brn
|-damage|p2a: Stance Too Wide|47/100 brn|[from] Spikes
|move|p1a: Moltres|Fire Blast|p2a: Stance Too Wide
|-damage|p2a: Stance Too Wide|25/100 brn
|
|-weather|Sandstorm|[upkeep]
|-damage|p1a: Moltres|70/100|[from] Sandstorm
|-damage|p2a: Stance Too Wide|19/100 brn|[from] Sandstorm
|-heal|p1a: Moltres|76/100|[from] item: Leftovers
|-heal|p2a: Stance Too Wide|25/100 brn|[from] item: Leftovers
|-damage|p2a: Stance Too Wide|13/100 brn|[from] brn
|upkeep
|turn|57
|
|t:|1728141389
|move|p1a: Moltres|Hidden Power|p2a: Stance Too Wide
|-damage|p2a: Stance Too Wide|0 fnt
|faint|p2a: Stance Too Wide
|
|t:|1728141393
|switch|p2a: Pencil Neck|Milotic, M|61/100
|-damage|p2a: Pencil Neck|45/100|[from] Spikes
|
|-weather|Sandstorm|[upkeep]
|-damage|p1a: Moltres|70/100|[from] Sandstorm
|-damage|p2a: Pencil Neck|39/100|[from] Sandstorm
|-heal|p1a: Moltres|76/100|[from] item: Leftovers
|-heal|p2a: Pencil Neck|45/100|[from] item: Leftovers
|upkeep
|turn|58
|
|t:|1728141396
|switch|p1a: Jirachi|Jirachi|75/100
|move|p2a: Pencil Neck|Recover|p2a: Pencil Neck
|-heal|p2a: Pencil Neck|95/100
|
|-weather|Sandstorm|[upkeep]
|-damage|p2a: Pencil Neck|89/100|[from] Sandstorm
|-heal|p1a: Jirachi|81/100|[from] item: Leftovers
|-heal|p2a: Pencil Neck|95/100|[from] item: Leftovers
|upkeep
|turn|59
|
|t:|1728141412
|switch|p2a: The Vinster|Dusclops, M|33/100
|-damage|p2a: The Vinster|17/100|[from] Spikes
|move|p1a: Jirachi|Body Slam|p2a: The Vinster
|-immune|p2a: The Vinster
|
|-weather|Sandstorm|[upkeep]
|-damage|p2a: The Vinster|11/100|[from] Sandstorm
|-heal|p1a: Jirachi|87/100|[from] item: Leftovers
|-heal|p2a: The Vinster|17/100|[from] item: Leftovers
|upkeep
|turn|60
|
|t:|1728141420
|move|p1a: Jirachi|Fire Punch|p2a: The Vinster
|-damage|p2a: The Vinster|3/100
|move|p2a: The Vinster|Rest|p2a: The Vinster
|-status|p2a: The Vinster|slp|[from] move: Rest
|-heal|p2a: The Vinster|100/100 slp|[silent]
|
|-weather|Sandstorm|[upkeep]
|-damage|p2a: The Vinster|95/100 slp|[from] Sandstorm
|-heal|p1a: Jirachi|93/100|[from] item: Leftovers
|-heal|p2a: The Vinster|100/100 slp|[from] item: Leftovers
|upkeep
|turn|61
|
|t:|1728141431
|move|p1a: Jirachi|Wish|p1a: Jirachi
|cant|p2a: The Vinster|slp
|
|-weather|Sandstorm|[upkeep]
|-damage|p2a: The Vinster|95/100 slp|[from] Sandstorm
|-heal|p1a: Jirachi|99/100|[from] item: Leftovers
|-heal|p2a: The Vinster|100/100 slp|[from] item: Leftovers
|upkeep
|turn|62
|
|t:|1728141441
|switch|p1a: Moltres|Moltres|76/100
|cant|p2a: The Vinster|slp
|
|-heal|p1a: Moltres|100/100|[from] move: Wish|[wisher] Jirachi
|-weather|Sandstorm|[upkeep]
|-damage|p1a: Moltres|94/100|[from] Sandstorm
|-damage|p2a: The Vinster|95/100 slp|[from] Sandstorm
|-heal|p1a: Moltres|100/100|[from] item: Leftovers
|-heal|p2a: The Vinster|100/100 slp|[from] item: Leftovers
|upkeep
|turn|63
|
|t:|1728141457
|move|p1a: Moltres|Hidden Power|p2a: The Vinster
|-damage|p2a: The Vinster|82/100 slp
|-curestatus|p2a: The Vinster|slp|[msg]
|move|p2a: The Vinster|Rest|p2a: The Vinster
|-status|p2a: The Vinster|slp|[from] move: Rest
|-heal|p2a: The Vinster|100/100 slp|[silent]
|
|-weather|Sandstorm|[upkeep]
|-damage|p1a: Moltres|94/100|[from] Sandstorm
|-damage|p2a: The Vinster|95/100 slp|[from] Sandstorm
|-heal|p1a: Moltres|100/100|[from] item: Leftovers
|-heal|p2a: The Vinster|100/100 slp|[from] item: Leftovers
|upkeep
|turn|64
|
|t:|1728141475
|switch|p2a: Pencil Neck|Milotic, M|95/100
|-damage|p2a: Pencil Neck|78/100|[from] Spikes
|move|p1a: Moltres|Fire Blast|p2a: Pencil Neck
|-resisted|p2a: Pencil Neck
|-damage|p2a: Pencil Neck|56/100
|
|-weather|Sandstorm|[upkeep]
|-damage|p1a: Moltres|94/100|[from] Sandstorm
|-damage|p2a: Pencil Neck|50/100|[from] Sandstorm
|-heal|p1a: Moltres|100/100|[from] item: Leftovers
|-heal|p2a: Pencil Neck|56/100|[from] item: Leftovers
|upkeep
|turn|65
|
|t:|1728141485
|move|p1a: Moltres|Will-O-Wisp|p2a: Pencil Neck
|-status|p2a: Pencil Neck|brn
|move|p2a: Pencil Neck|Recover|p2a: Pencil Neck
|-heal|p2a: Pencil Neck|100/100 brn
|
|-weather|Sandstorm|[upkeep]
|-damage|p1a: Moltres|94/100|[from] Sandstorm
|-damage|p2a: Pencil Neck|94/100 brn|[from] Sandstorm
|-heal|p1a: Moltres|100/100|[from] item: Leftovers
|-heal|p2a: Pencil Neck|100/100 brn|[from] item: Leftovers
|-damage|p2a: Pencil Neck|88/100 brn|[from] brn
|upkeep
|turn|66
|
|t:|1728141498
|move|p1a: Moltres|Protect|p1a: Moltres
|-singleturn|p1a: Moltres|Protect
|move|p2a: Pencil Neck|Toxic|p1a: Moltres
|-activate|p1a: Moltres|Protect
|
|-weather|Sandstorm|[upkeep]
|-damage|p1a: Moltres|94/100|[from] Sandstorm
|-damage|p2a: Pencil Neck|82/100 brn|[from] Sandstorm
|-heal|p1a: Moltres|100/100|[from] item: Leftovers
|-heal|p2a: Pencil Neck|88/100 brn|[from] item: Leftovers
|-damage|p2a: Pencil Neck|76/100 brn|[from] brn
|upkeep
|turn|67
|
|t:|1728141509
|switch|p1a: Jirachi|Jirachi|99/100
|move|p2a: Pencil Neck|Recover|p2a: Pencil Neck
|-heal|p2a: Pencil Neck|100/100 brn
|
|-weather|Sandstorm|[upkeep]
|-damage|p2a: Pencil Neck|94/100 brn|[from] Sandstorm
|-heal|p1a: Jirachi|100/100|[from] item: Leftovers
|-heal|p2a: Pencil Neck|100/100 brn|[from] item: Leftovers
|-damage|p2a: Pencil Neck|88/100 brn|[from] brn
|upkeep
|turn|68
|
|t:|1728141512
|switch|p1a: Moltres|Moltres|100/100
|move|p2a: Pencil Neck|Refresh|p2a: Pencil Neck
|-curestatus|p2a: Pencil Neck|brn|[msg]
|
|-weather|Sandstorm|[upkeep]
|-damage|p1a: Moltres|94/100|[from] Sandstorm
|-damage|p2a: Pencil Neck|82/100|[from] Sandstorm
|-heal|p1a: Moltres|100/100|[from] item: Leftovers
|-heal|p2a: Pencil Neck|88/100|[from] item: Leftovers
|upkeep
|turn|69
|-message|SgtPingwen forfeited.
|
|win|dankmemewizard
|player|p1|
|c|☆dankmemewizard|gg

</script>
<script type="application/json" class="data" id="replaydata-smogtours-gen3ou-794955">
{"id":"smogtours-gen3ou-794955","format":"[Gen 3] OU","players":["SgtPingwen","dankmemewizard"],"uploadtime":1728141517,"views":97,"formatid":"gen3ou","rating":null,"private":0,"password":null}
</script>

<script defer src="js/replays.js?9d40a366"></script>
