<!DOCTYPE html>
<meta charset="utf-8" />
<meta name="viewport" content="width=device-width" />

<title>[Gen 3] OU: Wolf Turds vs. AnotherAshenSoul - Replays - Pok&eacute;mon Showdown!</title>

<meta name="description" content="Watch a replay of a Pok&eacute;mon battle between Wolf Turds and AnotherAshenSoul! Format: [Gen 3] OU; Date: Oct 26, 2024" />
<!--

Hey, you! Looking in the source for the replay log?

You can find them in JSON format, just add `.json` at the end of a replay URL.

https://replay.pokemonshowdown.com/gen7randomdoublesbattle-865046831.json

Or, if you only need the log itself, add `.log` instead:

https://replay.pokemonshowdown.com/gen7randomdoublesbattle-865046831.log

-->

<link rel="stylesheet" href="//pokemonshowdown.com/style/global.css?0.767286132409787" />
<link rel="stylesheet" href="//play.pokemonshowdown.com/style/font-awesome.css?0.9266228007934947" />
<link rel="stylesheet" href="//play.pokemonshowdown.com/style/battle.css?0.7924700842790926" />
<link rel="stylesheet" href="//play.pokemonshowdown.com/style/utilichart.css?0.8777417872839479" />

<!-- Global site tag (gtag.js) - Google Analytics -->
<script async src="https://www.googletagmanager.com/gtag/js?id=UA-26211653-1"></script>
<script>
  window.dataLayer = window.dataLayer || [];
  function gtag(){dataLayer.push(arguments);}
  gtag('js', new Date());

  gtag('config', 'UA-26211653-1');
</script>
<!-- End Google Analytics -->
<!-- Venatus Ad Manager - Install in <HEAD> of page -->
	<script src="https://hb.vntsm.com/v3/live/ad-manager.min.js" type="text/javascript" data-site-id="642aba63ec9a7b11c3c9c1be" data-mode="scan" async></script>
<!-- / Venatus Ad Manager -->

<style>
	@media (max-width:820px) {
		.battle {
			margin: 0 auto;
		}
		.battle-log {
			margin: 7px auto 0;
			max-width: 640px;
			height: 300px;
			position: static;
		}
	}
	.optgroup {
		display: inline-block;
		line-height: 22px;
		font-size: 10pt;
	}
	.optgroup .button {
		height: 25px;
		padding-top: 0;
		padding-bottom: 0;
	}
	.optgroup button.button {
		padding-left: 12px;
		padding-right: 12px;
	}
	.linklist {
		list-style: none;
		margin: 0.5em 0;
		padding: 0;
	}
	.linklist li {
		padding: 2px 0;
	}
	.sidebar {
		float: left;
		width: 320px;
	}
	.bar-wrapper {
		max-width: 1100px;
		margin: 0 auto;
	}
	.bar-wrapper.has-sidebar {
		max-width: 1430px;
	}
	.mainbar {
		margin: 0;
		padding-right: 1px;
	}
	.mainbar.has-sidebar {
		margin-left: 330px;
	}
	@media (min-width: 1511px) {
		.sidebar {
			width: 400px;
		}
		.bar-wrapper.has-sidebar {
			max-width: 1510px;
		}
		.mainbar.has-sidebar {
			margin-left: 410px;
		}
	}
	.section.first-section {
		margin-top: 9px;
	}
	.blocklink small {
		white-space: normal;
	}
	.button {
		vertical-align: middle;
	}
	.replay-controls {
		padding-top: 10px;
	}
	.replay-controls h1 {
		font-size: 16pt;
		font-weight: normal;
		color: #CCC;
	}
	.pagelink {
		text-align: center;
	}
	.pagelink a {
		width: 150px;
	}
	.textbox, .button {
		font-size: 11pt;
		vertical-align: middle;
	}
	@media (max-width: 450px) {
		.button {
			font-size: 9pt;
		}
	}
</style>

<div>

	<header>
		<div class="nav-wrapper"><ul class="nav">
			<li><a class="button nav-first" href="//pokemonshowdown.com/"><img src="//pokemonshowdown.com/images/pokemonshowdownbeta.png" srcset="//pokemonshowdown.com/images/pokemonshowdownbeta.png 1x, //pokemonshowdown.com/images/pokemonshowdownbeta@2x.png 2x" alt="Pok&eacute;mon Showdown" width="146" height="44" /> Home</a></li>
			<li><a class="button" href="//pokemonshowdown.com/dex/">Pok&eacute;dex</a></li>
			<li><a class="button cur" href="/">Replays</a></li>
			<li><a class="button" href="//pokemonshowdown.com/ladder/">Ladder</a></li>
			<li><a class="button nav-last" href="//pokemonshowdown.com/forums/">Forum</a></li>
			<li><a class="button greenbutton nav-first nav-last" href="//play.pokemonshowdown.com/">Play</a></li>
		</ul></div>
	</header>

	<div class="main" id="main">

		<noscript><section class="section">You need to enable JavaScript to use this page; sorry!</section></noscript>

	</div>

</div>

<script defer nomodule src="//play.pokemonshowdown.com/js/lib/ps-polyfill.js"></script>
<script defer src="//play.pokemonshowdown.com/js/lib/preact.min.js"></script>

<script defer src="//play.pokemonshowdown.com/config/config.js?6dec07f6"></script>
<script defer src="//play.pokemonshowdown.com/js/lib/jquery-1.11.0.min.js"></script>
<script defer src="//play.pokemonshowdown.com/js/lib/html-sanitizer-minified.js"></script>
<script defer src="//play.pokemonshowdown.com/js/battle-sound.js"></script>
<script defer src="//play.pokemonshowdown.com/js/battledata.js?0.6315294753075389"></script>
<script defer src="//play.pokemonshowdown.com/data/pokedex-mini.js?0.7603743185311358"></script>
<script defer src="//play.pokemonshowdown.com/data/pokedex-mini-bw.js?0.030888842834281283"></script>
<script defer src="//play.pokemonshowdown.com/data/graphics.js?0.05593094747507488"></script>
<script defer src="//play.pokemonshowdown.com/data/pokedex.js?0.47064822249611904"></script>
<script defer src="//play.pokemonshowdown.com/data/moves.js?0.8583693120512459"></script>
<script defer src="//play.pokemonshowdown.com/data/abilities.js?0.16017181182386842"></script>
<script defer src="//play.pokemonshowdown.com/data/items.js?0.4163379185673943"></script>
<script defer src="//play.pokemonshowdown.com/data/teambuilder-tables.js?0.31075597372830477"></script>
<script defer src="//play.pokemonshowdown.com/js/battle-tooltips.js?0.6536193500708172"></script>
<script defer src="//play.pokemonshowdown.com/js/battle.js?0.1916591943277901"></script>

<script defer src="js/utils.js?e31f9a17"></script>
<script defer src="js/replays-battle.js?7008c182"></script>

<!-- don't scrape this data! just add .json or .log after the URL!
Full API docs: https://github.com/smogon/pokemon-showdown-client/blob/master/WEB-API.md -->
<script type="text/plain" class="log" id="replaylog-smogtours-gen3ou-802313">
|inactive|Battle timer is ON: inactive players will automatically lose when time's up.
|t:|1729976742
|gametype|singles
|player|p1|Wolf Turds|265|
|player|p2|AnotherAshenSoul|lady-gen4|
|teamsize|p1|6
|teamsize|p2|6
|gen|3
|tier|[Gen 3] OU
|rule|Sleep Clause Mod: Limit one foe put to sleep
|rule|Switch Priority Clause Mod: Faster Pokémon switch first
|rule|Species Clause: Limit one of each Pokémon
|rule|OHKO Clause: OHKO moves are banned
|rule|Evasion Items Clause: Evasion items are banned
|rule|Evasion Moves Clause: Evasion moves are banned
|rule|Endless Battle Clause: Forcing endless battles is banned
|rule|HP Percentage Mod: HP is shown in percentages
|rule|One Boost Passer Clause: Limit one Baton Passer that has a way to boost its stats
|rule|Freeze Clause Mod: Limit one foe frozen
|
|t:|1729976742
|start
|switch|p1a: Zapdos|Zapdos|100/100
|switch|p2a: 1337x|Tyranitar, F|100/100
|-weather|Sandstorm|[from] ability: Sand Stream|[of] p2a: 1337x
|turn|1
|c|☆AnotherAshenSoul|glhf!! <3
|inactive|Wolf Turds has 270 seconds left.
|c|☆Wolf Turds|glhf!
|
|t:|1729976796
|move|p1a: Zapdos|Baton Pass|p1a: Zapdos
|
|t:|1729976798
|switch|p1a: Swampert|Swampert, F|100/100|[from] Baton Pass
|move|p2a: 1337x|Rock Slide|p1a: Swampert
|-resisted|p1a: Swampert
|-damage|p1a: Swampert|87/100
|
|-weather|Sandstorm|[upkeep]
|-heal|p1a: Swampert|93/100|[from] item: Leftovers
|upkeep
|turn|2
|inactive|AnotherAshenSoul has 270 seconds left.
|
|t:|1729976852
|switch|p2a: Napster|Skarmory, M|100/100
|move|p1a: Swampert|Hydro Pump|p2a: Napster
|-damage|p2a: Napster|66/100
|
|-weather|Sandstorm|[upkeep]
|-heal|p2a: Napster|72/100|[from] item: Leftovers
|-heal|p1a: Swampert|99/100|[from] item: Leftovers
|upkeep
|turn|3
|inactive|Wolf Turds has 270 seconds left.
|
|t:|1729976881
|switch|p2a: Limewire|Blissey, F|100/100
|switch|p1a: Celebi|Celebi|100/100
|
|-weather|Sandstorm|[upkeep]
|-damage|p1a: Celebi|94/100|[from] Sandstorm
|-damage|p2a: Limewire|94/100|[from] Sandstorm
|-heal|p1a: Celebi|100/100|[from] item: Leftovers
|-heal|p2a: Limewire|100/100|[from] item: Leftovers
|upkeep
|turn|4
|
|t:|1729976892
|switch|p2a: Napster|Skarmory, M|72/100
|move|p1a: Celebi|Leech Seed|p2a: Napster
|-start|p2a: Napster|move: Leech Seed
|
|-weather|Sandstorm|[upkeep]
|-damage|p1a: Celebi|94/100|[from] Sandstorm
|-heal|p1a: Celebi|100/100|[from] item: Leftovers
|-heal|p2a: Napster|78/100|[from] item: Leftovers
|-damage|p2a: Napster|65/100|[from] Leech Seed|[of] p1a: Celebi
|upkeep
|turn|5
|inactive|Wolf Turds has 270 seconds left.
|
|t:|1729976910
|move|p1a: Celebi|Baton Pass|p1a: Celebi
|inactive|Wolf Turds has 270 seconds left.
|
|t:|1729976917
|switch|p1a: Starmie|Starmie|100/100|[from] Baton Pass
|move|p2a: Napster|Spikes|p1a: Starmie
|-sidestart|p1: Wolf Turds|Spikes
|
|-weather|Sandstorm|[upkeep]
|-damage|p1a: Starmie|94/100|[from] Sandstorm
|-heal|p1a: Starmie|100/100|[from] item: Leftovers
|-heal|p2a: Napster|71/100|[from] item: Leftovers
|-damage|p2a: Napster|59/100|[from] Leech Seed|[of] p1a: Starmie
|upkeep
|turn|6
|inactive|AnotherAshenSoul has 270 seconds left.
|
|t:|1729976933
|switch|p2a: Kazaa|Zapdos|100/100
|move|p1a: Starmie|Rapid Spin|p2a: Kazaa
|-damage|p2a: Kazaa|97/100
|-sideend|p1: Wolf Turds|Spikes|[from] move: Rapid Spin|[of] p1a: Starmie
|
|-weather|Sandstorm|[upkeep]
|-damage|p1a: Starmie|94/100|[from] Sandstorm
|-damage|p2a: Kazaa|91/100|[from] Sandstorm
|-heal|p1a: Starmie|100/100|[from] item: Leftovers
|-heal|p2a: Kazaa|97/100|[from] item: Leftovers
|upkeep
|turn|7
|inactive|Wolf Turds has 270 seconds left.
|
|t:|1729976951
|switch|p1a: Celebi|Celebi|100/100
|move|p2a: Kazaa|Toxic|p1a: Celebi
|-status|p1a: Celebi|tox
|
|-weather|Sandstorm|[upkeep]
|-damage|p2a: Kazaa|91/100|[from] Sandstorm
|-damage|p1a: Celebi|94/100 tox|[from] Sandstorm
|-heal|p2a: Kazaa|97/100|[from] item: Leftovers
|-heal|p1a: Celebi|100/100 tox|[from] item: Leftovers
|-damage|p1a: Celebi|94/100 tox|[from] psn
|upkeep
|turn|8
|inactive|AnotherAshenSoul has 270 seconds left.
|
|t:|1729976967
|switch|p2a: Napster|Skarmory, M|59/100
|move|p1a: Celebi|Leech Seed|p2a: Napster
|-start|p2a: Napster|move: Leech Seed
|
|-weather|Sandstorm|[upkeep]
|-damage|p1a: Celebi|88/100 tox|[from] Sandstorm
|-heal|p1a: Celebi|94/100 tox|[from] item: Leftovers
|-damage|p1a: Celebi|82/100 tox|[from] psn
|-heal|p2a: Napster|65/100|[from] item: Leftovers
|-damage|p2a: Napster|53/100|[from] Leech Seed|[of] p1a: Celebi
|-heal|p1a: Celebi|92/100 tox|[silent]
|upkeep
|turn|9
|inactive|AnotherAshenSoul has 270 seconds left.
|
|t:|1729976978
|move|p1a: Celebi|Baton Pass|p1a: Celebi
|
|t:|1729976981
|-curestatus|p1a: Celebi|tox|[from] ability: Natural Cure
|switch|p1a: Starmie|Starmie|100/100|[from] Baton Pass
|move|p2a: Napster|Drill Peck|p1a: Starmie
|-damage|p1a: Starmie|65/100
|
|-weather|Sandstorm|[upkeep]
|-damage|p1a: Starmie|59/100|[from] Sandstorm
|-heal|p1a: Starmie|65/100|[from] item: Leftovers
|-heal|p2a: Napster|59/100|[from] item: Leftovers
|-damage|p2a: Napster|46/100|[from] Leech Seed|[of] p1a: Starmie
|-heal|p1a: Starmie|80/100|[silent]
|upkeep
|turn|10
|
|t:|1729976995
|switch|p1a: Tyranitar|Tyranitar, M|100/100
|switch|p2a: Limewire|Blissey, F|100/100
|
|-weather|Sandstorm|[upkeep]
|-damage|p2a: Limewire|94/100|[from] Sandstorm
|-heal|p2a: Limewire|100/100|[from] item: Leftovers
|upkeep
|turn|11
|
|t:|1729977013
|-singleturn|p1a: Tyranitar|move: Focus Punch
|move|p2a: Limewire|Thunder Wave|p1a: Tyranitar
|-status|p1a: Tyranitar|par
|move|p1a: Tyranitar|Focus Punch|p2a: Limewire
|-supereffective|p2a: Limewire
|-damage|p2a: Limewire|0 fnt
|faint|p2a: Limewire
|inactive|AnotherAshenSoul has 270 seconds left.
|
|t:|1729977029
|switch|p2a: Fitgirl Repacks|Swampert, F|100/100
|
|-weather|Sandstorm|[upkeep]
|upkeep
|turn|12
|
|t:|1729977044
|switch|p1a: Celebi|Celebi|92/100
|move|p2a: Fitgirl Repacks|Ice Beam|p1a: Celebi
|-supereffective|p1a: Celebi
|-damage|p1a: Celebi|69/100
|
|-weather|Sandstorm|[upkeep]
|-damage|p1a: Celebi|63/100|[from] Sandstorm
|-heal|p1a: Celebi|69/100|[from] item: Leftovers
|upkeep
|turn|13
|
|t:|1729977059
|switch|p2a: 1337x|Tyranitar, F|100/100
|move|p1a: Celebi|Leech Seed|p2a: 1337x
|-start|p2a: 1337x|move: Leech Seed
|
|-weather|Sandstorm|[upkeep]
|-damage|p1a: Celebi|63/100|[from] Sandstorm
|-heal|p1a: Celebi|69/100|[from] item: Leftovers
|-damage|p2a: 1337x|88/100|[from] Leech Seed|[of] p1a: Celebi
|-heal|p1a: Celebi|79/100|[silent]
|upkeep
|turn|14
|inactive|Wolf Turds has 270 seconds left.
|
|t:|1729977090
|switch|p1a: Swampert|Swampert, F|99/100
|move|p2a: 1337x|Hidden Power|p1a: Swampert
|-damage|p1a: Swampert|83/100
|
|-weather|Sandstorm|[upkeep]
|-damage|p2a: 1337x|76/100|[from] Leech Seed|[of] p1a: Swampert
|-heal|p1a: Swampert|94/100|[silent]
|-heal|p1a: Swampert|99/100|[from] item: Leftovers
|upkeep
|turn|15
|
|t:|1729977097
|switch|p2a: Kazaa|Zapdos|97/100
|move|p1a: Swampert|Hydro Pump|p2a: Kazaa
|-damage|p2a: Kazaa|72/100
|
|-weather|Sandstorm|[upkeep]
|-damage|p2a: Kazaa|66/100|[from] Sandstorm
|-heal|p2a: Kazaa|72/100|[from] item: Leftovers
|-heal|p1a: Swampert|100/100|[from] item: Leftovers
|upkeep
|turn|16
|
|t:|1729977104
|switch|p1a: Celebi|Celebi|79/100
|move|p2a: Kazaa|Toxic|p1a: Celebi
|-status|p1a: Celebi|tox
|
|-weather|Sandstorm|[upkeep]
|-damage|p2a: Kazaa|66/100|[from] Sandstorm
|-damage|p1a: Celebi|73/100 tox|[from] Sandstorm
|-heal|p2a: Kazaa|72/100|[from] item: Leftovers
|-heal|p1a: Celebi|79/100 tox|[from] item: Leftovers
|-damage|p1a: Celebi|73/100 tox|[from] psn
|upkeep
|turn|17
|
|t:|1729977116
|switch|p2a: Pirate Bay|Charizard, F|100/100
|move|p1a: Celebi|Leech Seed|p2a: Pirate Bay
|-start|p2a: Pirate Bay|move: Leech Seed
|
|-weather|Sandstorm|[upkeep]
|-damage|p2a: Pirate Bay|94/100|[from] Sandstorm
|-damage|p1a: Celebi|67/100 tox|[from] Sandstorm
|-heal|p2a: Pirate Bay|100/100|[from] item: Leftovers
|-damage|p2a: Pirate Bay|88/100|[from] Leech Seed|[of] p1a: Celebi
|-heal|p1a: Celebi|76/100 tox|[silent]
|-heal|p1a: Celebi|82/100 tox|[from] item: Leftovers
|-damage|p1a: Celebi|70/100 tox|[from] psn
|upkeep
|turn|18
|inactive|Wolf Turds has 270 seconds left.
|
|t:|1729977148
|-curestatus|p1a: Celebi|tox|[from] ability: Natural Cure
|switch|p1a: Zapdos|Zapdos|100/100
|move|p2a: Pirate Bay|Hidden Power|p1a: Zapdos
|-resisted|p1a: Zapdos
|-damage|p1a: Zapdos|88/100
|
|-weather|Sandstorm|[upkeep]
|-damage|p1a: Zapdos|82/100|[from] Sandstorm
|-damage|p2a: Pirate Bay|82/100|[from] Sandstorm
|-heal|p1a: Zapdos|88/100|[from] item: Leftovers
|-heal|p2a: Pirate Bay|88/100|[from] item: Leftovers
|-damage|p2a: Pirate Bay|76/100|[from] Leech Seed|[of] p1a: Zapdos
|-heal|p1a: Zapdos|99/100|[silent]
|upkeep
|turn|19
|
|t:|1729977160
|switch|p2a: Fitgirl Repacks|Swampert, F|100/100
|move|p1a: Zapdos|Thunderbolt|p2a: Fitgirl Repacks
|-immune|p2a: Fitgirl Repacks
|
|-weather|Sandstorm|[upkeep]
|-damage|p1a: Zapdos|94/100|[from] Sandstorm
|-heal|p1a: Zapdos|99/100|[from] item: Leftovers
|upkeep
|turn|20
|
|t:|1729977175
|switch|p2a: Kazaa|Zapdos|72/100
|move|p1a: Zapdos|Baton Pass|p1a: Zapdos
|
|t:|1729977181
|switch|p1a: Celebi|Celebi|70/100|[from] Baton Pass
|
|-weather|Sandstorm|[upkeep]
|-damage|p2a: Kazaa|66/100|[from] Sandstorm
|-damage|p1a: Celebi|64/100|[from] Sandstorm
|-heal|p2a: Kazaa|72/100|[from] item: Leftovers
|-heal|p1a: Celebi|70/100|[from] item: Leftovers
|upkeep
|turn|21
|
|t:|1729977186
|move|p2a: Kazaa|Toxic|p1a: Celebi
|-status|p1a: Celebi|tox
|move|p1a: Celebi|Leech Seed|p2a: Kazaa
|-start|p2a: Kazaa|move: Leech Seed
|
|-weather|Sandstorm|[upkeep]
|-damage|p2a: Kazaa|66/100|[from] Sandstorm
|-damage|p1a: Celebi|64/100 tox|[from] Sandstorm
|-heal|p2a: Kazaa|72/100|[from] item: Leftovers
|-damage|p2a: Kazaa|60/100|[from] Leech Seed|[of] p1a: Celebi
|-heal|p1a: Celebi|75/100 tox|[silent]
|-heal|p1a: Celebi|81/100 tox|[from] item: Leftovers
|-damage|p1a: Celebi|75/100 tox|[from] psn
|upkeep
|turn|22
|inactive|Wolf Turds has 270 seconds left.
|
|t:|1729977194
|move|p2a: Kazaa|Hidden Power|p1a: Celebi
|-resisted|p1a: Celebi
|-damage|p1a: Celebi|69/100 tox
|move|p1a: Celebi|Baton Pass|p1a: Celebi
|inactive|Wolf Turds has 270 seconds left.
|
|t:|1729977212
|-curestatus|p1a: Celebi|tox|[from] ability: Natural Cure
|switch|p1a: Zapdos|Zapdos|99/100|[from] Baton Pass
|
|-weather|Sandstorm|[upkeep]
|-damage|p1a: Zapdos|94/100|[from] Sandstorm
|-damage|p2a: Kazaa|54/100|[from] Sandstorm
|-heal|p1a: Zapdos|99/100|[from] item: Leftovers
|-heal|p2a: Kazaa|60/100|[from] item: Leftovers
|-damage|p2a: Kazaa|47/100|[from] Leech Seed|[of] p1a: Zapdos
|-heal|p1a: Zapdos|100/100|[silent]
|upkeep
|turn|23
|
|t:|1729977229
|switch|p2a: Napster|Skarmory, M|46/100
|move|p1a: Zapdos|Baton Pass|p1a: Zapdos
|
|t:|1729977232
|switch|p1a: Starmie|Starmie|80/100|[from] Baton Pass
|
|-weather|Sandstorm|[upkeep]
|-damage|p1a: Starmie|74/100|[from] Sandstorm
|-heal|p1a: Starmie|80/100|[from] item: Leftovers
|-heal|p2a: Napster|52/100|[from] item: Leftovers
|upkeep
|turn|24
|
|t:|1729977236
|move|p1a: Starmie|Thunderbolt|p2a: Napster
|-supereffective|p2a: Napster
|-damage|p2a: Napster|4/100
|move|p2a: Napster|Drill Peck|p1a: Starmie
|-damage|p1a: Starmie|49/100
|
|-weather|Sandstorm|[upkeep]
|-damage|p1a: Starmie|42/100|[from] Sandstorm
|-heal|p1a: Starmie|49/100|[from] item: Leftovers
|-heal|p2a: Napster|10/100|[from] item: Leftovers
|upkeep
|turn|25
|
|t:|1729977243
|move|p1a: Starmie|Ice Beam|p2a: Napster
|-damage|p2a: Napster|0 fnt
|faint|p2a: Napster
|
|t:|1729977248
|switch|p2a: Fitgirl Repacks|Swampert, F|100/100
|
|-weather|Sandstorm|[upkeep]
|-damage|p1a: Starmie|42/100|[from] Sandstorm
|-heal|p1a: Starmie|49/100|[from] item: Leftovers
|upkeep
|turn|26
|inactive|Wolf Turds has 270 seconds left.
|
|t:|1729977278
|switch|p1a: Dugtrio|Dugtrio, F|100/100
|move|p2a: Fitgirl Repacks|Ice Beam|p1a: Dugtrio
|-supereffective|p1a: Dugtrio
|-damage|p1a: Dugtrio|30/100
|
|-weather|Sandstorm|[upkeep]
|upkeep
|turn|27
|
|t:|1729977284
|move|p1a: Dugtrio|Aerial Ace|p2a: Fitgirl Repacks
|-damage|p2a: Fitgirl Repacks|86/100
|move|p2a: Fitgirl Repacks|Ice Beam|p1a: Dugtrio
|-supereffective|p1a: Dugtrio
|-damage|p1a: Dugtrio|0 fnt
|faint|p1a: Dugtrio
|
|t:|1729977290
|switch|p1a: Celebi|Celebi|69/100
|
|-weather|Sandstorm|[upkeep]
|-damage|p1a: Celebi|63/100|[from] Sandstorm
|-heal|p1a: Celebi|69/100|[from] item: Leftovers
|-heal|p2a: Fitgirl Repacks|92/100|[from] item: Leftovers
|upkeep
|turn|28
|
|t:|1729977296
|move|p2a: Fitgirl Repacks|Protect|p2a: Fitgirl Repacks
|-singleturn|p2a: Fitgirl Repacks|Protect
|move|p1a: Celebi|Recover|p1a: Celebi
|-heal|p1a: Celebi|100/100
|
|-weather|Sandstorm|[upkeep]
|-damage|p1a: Celebi|94/100|[from] Sandstorm
|-heal|p1a: Celebi|100/100|[from] item: Leftovers
|-heal|p2a: Fitgirl Repacks|99/100|[from] item: Leftovers
|upkeep
|turn|29
|
|t:|1729977302
|move|p1a: Celebi|Leech Seed|p2a: Fitgirl Repacks
|-start|p2a: Fitgirl Repacks|move: Leech Seed
|move|p2a: Fitgirl Repacks|Ice Beam|p1a: Celebi
|-supereffective|p1a: Celebi
|-damage|p1a: Celebi|76/100
|
|-weather|Sandstorm|[upkeep]
|-damage|p1a: Celebi|70/100|[from] Sandstorm
|-heal|p1a: Celebi|76/100|[from] item: Leftovers
|-heal|p2a: Fitgirl Repacks|100/100|[from] item: Leftovers
|-damage|p2a: Fitgirl Repacks|88/100|[from] Leech Seed|[of] p1a: Celebi
|-heal|p1a: Celebi|88/100|[silent]
|upkeep
|turn|30
|
|t:|1729977314
|switch|p2a: Kazaa|Zapdos|47/100
|move|p1a: Celebi|Psychic|p2a: Kazaa
|-damage|p2a: Kazaa|25/100
|
|-weather|Sandstorm|[upkeep]
|-damage|p2a: Kazaa|19/100|[from] Sandstorm
|-damage|p1a: Celebi|82/100|[from] Sandstorm
|-heal|p2a: Kazaa|25/100|[from] item: Leftovers
|-heal|p1a: Celebi|88/100|[from] item: Leftovers
|upkeep
|turn|31
|
|t:|1729977319
|move|p2a: Kazaa|Rest|p2a: Kazaa
|-status|p2a: Kazaa|slp|[from] move: Rest
|-heal|p2a: Kazaa|100/100 slp|[silent]
|move|p1a: Celebi|Leech Seed|p2a: Kazaa
|-start|p2a: Kazaa|move: Leech Seed
|
|-weather|Sandstorm|[upkeep]
|-damage|p2a: Kazaa|94/100 slp|[from] Sandstorm
|-damage|p1a: Celebi|82/100|[from] Sandstorm
|-heal|p2a: Kazaa|100/100 slp|[from] item: Leftovers
|-damage|p2a: Kazaa|88/100 slp|[from] Leech Seed|[of] p1a: Celebi
|-heal|p1a: Celebi|94/100|[silent]
|-heal|p1a: Celebi|99/100|[from] item: Leftovers
|upkeep
|turn|32
|
|t:|1729977338
|cant|p2a: Kazaa|slp
|move|p1a: Celebi|Baton Pass|p1a: Celebi
|
|t:|1729977342
|switch|p1a: Zapdos|Zapdos|100/100|[from] Baton Pass
|
|-weather|Sandstorm|[upkeep]
|-damage|p1a: Zapdos|94/100|[from] Sandstorm
|-damage|p2a: Kazaa|82/100 slp|[from] Sandstorm
|-heal|p1a: Zapdos|100/100|[from] item: Leftovers
|-heal|p2a: Kazaa|88/100 slp|[from] item: Leftovers
|-damage|p2a: Kazaa|76/100 slp|[from] Leech Seed|[of] p1a: Zapdos
|upkeep
|turn|33
|
|t:|1729977346
|move|p1a: Zapdos|Hidden Power|p2a: Kazaa
|-resisted|p2a: Kazaa
|-damage|p2a: Kazaa|67/100 slp
|cant|p2a: Kazaa|slp
|
|-weather|Sandstorm|[upkeep]
|-damage|p1a: Zapdos|94/100|[from] Sandstorm
|-damage|p2a: Kazaa|61/100 slp|[from] Sandstorm
|-heal|p1a: Zapdos|100/100|[from] item: Leftovers
|-heal|p2a: Kazaa|67/100 slp|[from] item: Leftovers
|-damage|p2a: Kazaa|55/100 slp|[from] Leech Seed|[of] p1a: Zapdos
|upkeep
|turn|34
|
|t:|1729977353
|move|p1a: Zapdos|Baton Pass|p1a: Zapdos
|
|t:|1729977355
|switch|p1a: Celebi|Celebi|99/100|[from] Baton Pass
|-curestatus|p2a: Kazaa|slp|[msg]
|move|p2a: Kazaa|Toxic|p1a: Celebi|[miss]
|-miss|p2a: Kazaa|p1a: Celebi
|
|-weather|Sandstorm|[upkeep]
|-damage|p2a: Kazaa|49/100|[from] Sandstorm
|-damage|p1a: Celebi|94/100|[from] Sandstorm
|-heal|p2a: Kazaa|55/100|[from] item: Leftovers
|-damage|p2a: Kazaa|43/100|[from] Leech Seed|[of] p1a: Celebi
|-heal|p1a: Celebi|100/100|[silent]
|upkeep
|turn|35
|
|t:|1729977367
|move|p2a: Kazaa|Rest|p2a: Kazaa
|-status|p2a: Kazaa|slp|[from] move: Rest
|-heal|p2a: Kazaa|100/100 slp|[silent]
|move|p1a: Celebi|Baton Pass|p1a: Celebi
|
|t:|1729977373
|switch|p1a: Starmie|Starmie|49/100|[from] Baton Pass
|
|-weather|Sandstorm|[upkeep]
|-damage|p1a: Starmie|42/100|[from] Sandstorm
|-damage|p2a: Kazaa|94/100 slp|[from] Sandstorm
|-heal|p1a: Starmie|49/100|[from] item: Leftovers
|-heal|p2a: Kazaa|100/100 slp|[from] item: Leftovers
|-damage|p2a: Kazaa|88/100 slp|[from] Leech Seed|[of] p1a: Starmie
|-heal|p1a: Starmie|66/100|[silent]
|upkeep
|turn|36
|
|t:|1729977378
|move|p1a: Starmie|Hydro Pump|p2a: Kazaa
|-damage|p2a: Kazaa|48/100 slp
|cant|p2a: Kazaa|slp
|
|-weather|Sandstorm|[upkeep]
|-damage|p1a: Starmie|60/100|[from] Sandstorm
|-damage|p2a: Kazaa|42/100 slp|[from] Sandstorm
|-heal|p1a: Starmie|66/100|[from] item: Leftovers
|-heal|p2a: Kazaa|48/100 slp|[from] item: Leftovers
|-damage|p2a: Kazaa|36/100 slp|[from] Leech Seed|[of] p1a: Starmie
|-heal|p1a: Starmie|84/100|[silent]
|upkeep
|turn|37
|
|t:|1729977393
|move|p1a: Starmie|Hydro Pump|p2a: Kazaa
|-damage|p2a: Kazaa|2/100 slp
|cant|p2a: Kazaa|slp
|
|-weather|Sandstorm|[upkeep]
|-damage|p1a: Starmie|78/100|[from] Sandstorm
|-damage|p2a: Kazaa|0 fnt|[from] Sandstorm
|faint|p2a: Kazaa
|-heal|p1a: Starmie|84/100|[from] item: Leftovers
|upkeep
|
|t:|1729977403
|switch|p2a: Fitgirl Repacks|Swampert, F|88/100
|turn|38
|
|t:|1729977413
|move|p1a: Starmie|Hydro Pump|p2a: Fitgirl Repacks|[miss]
|-miss|p1a: Starmie|p2a: Fitgirl Repacks
|move|p2a: Fitgirl Repacks|Ice Beam|p1a: Starmie
|-resisted|p1a: Starmie
|-damage|p1a: Starmie|70/100
|
|-weather|Sandstorm|[upkeep]
|-damage|p1a: Starmie|64/100|[from] Sandstorm
|-heal|p1a: Starmie|70/100|[from] item: Leftovers
|-heal|p2a: Fitgirl Repacks|94/100|[from] item: Leftovers
|upkeep
|turn|39
|
|t:|1729977420
|switch|p1a: Celebi|Celebi|100/100
|move|p2a: Fitgirl Repacks|Protect||[still]
|-fail|p2a: Fitgirl Repacks
|
|-weather|Sandstorm|[upkeep]
|-damage|p1a: Celebi|94/100|[from] Sandstorm
|-heal|p1a: Celebi|100/100|[from] item: Leftovers
|-heal|p2a: Fitgirl Repacks|100/100|[from] item: Leftovers
|upkeep
|turn|40
|
|t:|1729977424
|move|p1a: Celebi|Leech Seed|p2a: Fitgirl Repacks|[miss]
|-miss|p1a: Celebi|p2a: Fitgirl Repacks
|move|p2a: Fitgirl Repacks|Ice Beam|p1a: Celebi
|-supereffective|p1a: Celebi
|-damage|p1a: Celebi|76/100
|-status|p1a: Celebi|frz
|
|-weather|Sandstorm|[upkeep]
|-damage|p1a: Celebi|70/100 frz|[from] Sandstorm
|-heal|p1a: Celebi|76/100 frz|[from] item: Leftovers
|upkeep
|turn|41
|
|t:|1729977429
|-curestatus|p1a: Celebi|frz|[from] ability: Natural Cure
|switch|p1a: Tyranitar|Tyranitar, M|100/100 par
|switch|p2a: Pirate Bay|Charizard, F|76/100
|
|-weather|Sandstorm|[upkeep]
|-damage|p2a: Pirate Bay|70/100|[from] Sandstorm
|-heal|p2a: Pirate Bay|76/100|[from] item: Leftovers
|upkeep
|turn|42
|
|t:|1729977444
|move|p2a: Pirate Bay|Substitute|p2a: Pirate Bay
|-start|p2a: Pirate Bay|Substitute
|-damage|p2a: Pirate Bay|51/100
|move|p1a: Tyranitar|Rock Slide|p2a: Pirate Bay
|-supereffective|p2a: Pirate Bay
|-end|p2a: Pirate Bay|Substitute
|
|-weather|Sandstorm|[upkeep]
|-damage|p2a: Pirate Bay|45/100|[from] Sandstorm
|-heal|p2a: Pirate Bay|51/100|[from] item: Leftovers
|upkeep
|turn|43
|
|t:|1729977462
|switch|p1a: Starmie|Starmie|70/100
|move|p2a: Pirate Bay|Substitute|p2a: Pirate Bay
|-start|p2a: Pirate Bay|Substitute
|-damage|p2a: Pirate Bay|26/100
|
|-weather|Sandstorm|[upkeep]
|-damage|p1a: Starmie|64/100|[from] Sandstorm
|-damage|p2a: Pirate Bay|20/100|[from] Sandstorm
|-heal|p1a: Starmie|70/100|[from] item: Leftovers
|-heal|p2a: Pirate Bay|26/100|[from] item: Leftovers
|upkeep
|turn|44
|
|t:|1729977468
|move|p1a: Starmie|Thunderbolt|p2a: Pirate Bay
|-supereffective|p2a: Pirate Bay
|-end|p2a: Pirate Bay|Substitute
|move|p2a: Pirate Bay|Hidden Power|p1a: Starmie
|-supereffective|p1a: Starmie
|-damage|p1a: Starmie|9/100
|
|-weather|Sandstorm|[upkeep]
|-damage|p1a: Starmie|2/100|[from] Sandstorm
|-damage|p2a: Pirate Bay|20/100|[from] Sandstorm
|-heal|p1a: Starmie|9/100|[from] item: Leftovers
|-heal|p2a: Pirate Bay|26/100|[from] item: Leftovers
|upkeep
|turn|45
|
|t:|1729977478
|switch|p2a: Fitgirl Repacks|Swampert, F|100/100
|move|p1a: Starmie|Ice Beam|p2a: Fitgirl Repacks
|-damage|p2a: Fitgirl Repacks|75/100
|
|-weather|Sandstorm|[upkeep]
|-damage|p1a: Starmie|2/100|[from] Sandstorm
|-heal|p1a: Starmie|9/100|[from] item: Leftovers
|-heal|p2a: Fitgirl Repacks|81/100|[from] item: Leftovers
|upkeep
|turn|46
|
|t:|1729977495
|switch|p1a: Celebi|Celebi|76/100
|move|p2a: Fitgirl Repacks|Ice Beam|p1a: Celebi
|-supereffective|p1a: Celebi
|-damage|p1a: Celebi|51/100
|
|-weather|Sandstorm|[upkeep]
|-damage|p1a: Celebi|45/100|[from] Sandstorm
|-heal|p1a: Celebi|51/100|[from] item: Leftovers
|-heal|p2a: Fitgirl Repacks|87/100|[from] item: Leftovers
|upkeep
|turn|47
|
|t:|1729977510
|move|p1a: Celebi|Leech Seed|p2a: Fitgirl Repacks
|-start|p2a: Fitgirl Repacks|move: Leech Seed
|move|p2a: Fitgirl Repacks|Ice Beam|p1a: Celebi
|-supereffective|p1a: Celebi
|-damage|p1a: Celebi|28/100
|
|-weather|Sandstorm|[upkeep]
|-damage|p1a: Celebi|22/100|[from] Sandstorm
|-heal|p1a: Celebi|28/100|[from] item: Leftovers
|-heal|p2a: Fitgirl Repacks|93/100|[from] item: Leftovers
|-damage|p2a: Fitgirl Repacks|81/100|[from] Leech Seed|[of] p1a: Celebi
|-heal|p1a: Celebi|41/100|[silent]
|upkeep
|turn|48
|
|t:|1729977532
|switch|p2a: Pirate Bay|Charizard, F|26/100
|move|p1a: Celebi|Psychic|p2a: Pirate Bay
|-damage|p2a: Pirate Bay|0 fnt
|faint|p2a: Pirate Bay
|
|t:|1729977544
|switch|p2a: 1337x|Tyranitar, F|76/100
|
|-weather|Sandstorm|[upkeep]
|-damage|p1a: Celebi|35/100|[from] Sandstorm
|-heal|p1a: Celebi|41/100|[from] item: Leftovers
|upkeep
|turn|49
|
|t:|1729977548
|switch|p1a: Swampert|Swampert, F|100/100
|move|p2a: 1337x|Hidden Power|p1a: Swampert
|-damage|p1a: Swampert|86/100
|
|-weather|Sandstorm|[upkeep]
|-heal|p1a: Swampert|92/100|[from] item: Leftovers
|upkeep
|turn|50
|-message|AnotherAshenSoul forfeited.
|
|win|Wolf Turds
|player|p2|
|c|☆Wolf Turds|gg
|player|p2|AnotherAshenSoul|lady-gen4|

</script>
<script type="application/json" class="data" id="replaydata-smogtours-gen3ou-802313">
{"id":"smogtours-gen3ou-802313","format":"[Gen 3] OU","players":["Wolf Turds","AnotherAshenSoul"],"uploadtime":1729977554,"views":116,"formatid":"gen3ou","rating":null,"private":0,"password":null}
</script>

<script defer src="js/replays.js?9d40a366"></script>
