<!DOCTYPE html>
<meta charset="utf-8" />
<meta name="viewport" content="width=device-width" />

<title>[Gen 3] OU: gaboelpro777 vs. DarthTyros - Replays - Pok&eacute;mon Showdown!</title>

<meta name="description" content="Watch a replay of a Pok&eacute;mon battle between gaboelpro777 and DarthTyros! Format: [Gen 3] OU; Date: Oct 9, 2024" />
<!--

Hey, you! Looking in the source for the replay log?

You can find them in JSON format, just add `.json` at the end of a replay URL.

https://replay.pokemonshowdown.com/gen7randomdoublesbattle-865046831.json

Or, if you only need the log itself, add `.log` instead:

https://replay.pokemonshowdown.com/gen7randomdoublesbattle-865046831.log

-->

<link rel="stylesheet" href="//pokemonshowdown.com/style/global.css?0.023195364461161105" />
<link rel="stylesheet" href="//play.pokemonshowdown.com/style/font-awesome.css?0.13261647063804238" />
<link rel="stylesheet" href="//play.pokemonshowdown.com/style/battle.css?0.8753245789963631" />
<link rel="stylesheet" href="//play.pokemonshowdown.com/style/utilichart.css?0.8627959624976733" />

<!-- Global site tag (gtag.js) - Google Analytics -->
<script async src="https://www.googletagmanager.com/gtag/js?id=UA-26211653-1"></script>
<script>
  window.dataLayer = window.dataLayer || [];
  function gtag(){dataLayer.push(arguments);}
  gtag('js', new Date());

  gtag('config', 'UA-26211653-1');
</script>
<!-- End Google Analytics -->
<!-- Venatus Ad Manager - Install in <HEAD> of page -->
	<script src="https://hb.vntsm.com/v3/live/ad-manager.min.js" type="text/javascript" data-site-id="642aba63ec9a7b11c3c9c1be" data-mode="scan" async></script>
<!-- / Venatus Ad Manager -->

<style>
	@media (max-width:820px) {
		.battle {
			margin: 0 auto;
		}
		.battle-log {
			margin: 7px auto 0;
			max-width: 640px;
			height: 300px;
			position: static;
		}
	}
	.optgroup {
		display: inline-block;
		line-height: 22px;
		font-size: 10pt;
	}
	.optgroup .button {
		height: 25px;
		padding-top: 0;
		padding-bottom: 0;
	}
	.optgroup button.button {
		padding-left: 12px;
		padding-right: 12px;
	}
	.linklist {
		list-style: none;
		margin: 0.5em 0;
		padding: 0;
	}
	.linklist li {
		padding: 2px 0;
	}
	.sidebar {
		float: left;
		width: 320px;
	}
	.bar-wrapper {
		max-width: 1100px;
		margin: 0 auto;
	}
	.bar-wrapper.has-sidebar {
		max-width: 1430px;
	}
	.mainbar {
		margin: 0;
		padding-right: 1px;
	}
	.mainbar.has-sidebar {
		margin-left: 330px;
	}
	@media (min-width: 1511px) {
		.sidebar {
			width: 400px;
		}
		.bar-wrapper.has-sidebar {
			max-width: 1510px;
		}
		.mainbar.has-sidebar {
			margin-left: 410px;
		}
	}
	.section.first-section {
		margin-top: 9px;
	}
	.blocklink small {
		white-space: normal;
	}
	.button {
		vertical-align: middle;
	}
	.replay-controls {
		padding-top: 10px;
	}
	.replay-controls h1 {
		font-size: 16pt;
		font-weight: normal;
		color: #CCC;
	}
	.pagelink {
		text-align: center;
	}
	.pagelink a {
		width: 150px;
	}
	.textbox, .button {
		font-size: 11pt;
		vertical-align: middle;
	}
	@media (max-width: 450px) {
		.button {
			font-size: 9pt;
		}
	}
</style>

<div>

	<header>
		<div class="nav-wrapper"><ul class="nav">
			<li><a class="button nav-first" href="//pokemonshowdown.com/"><img src="//pokemonshowdown.com/images/pokemonshowdownbeta.png" srcset="//pokemonshowdown.com/images/pokemonshowdownbeta.png 1x, //pokemonshowdown.com/images/pokemonshowdownbeta@2x.png 2x" alt="Pok&eacute;mon Showdown" width="146" height="44" /> Home</a></li>
			<li><a class="button" href="//pokemonshowdown.com/dex/">Pok&eacute;dex</a></li>
			<li><a class="button cur" href="/">Replays</a></li>
			<li><a class="button" href="//pokemonshowdown.com/ladder/">Ladder</a></li>
			<li><a class="button nav-last" href="//pokemonshowdown.com/forums/">Forum</a></li>
			<li><a class="button greenbutton nav-first nav-last" href="//play.pokemonshowdown.com/">Play</a></li>
		</ul></div>
	</header>

	<div class="main" id="main">

		<noscript><section class="section">You need to enable JavaScript to use this page; sorry!</section></noscript>

	</div>

</div>

<script defer nomodule src="//play.pokemonshowdown.com/js/lib/ps-polyfill.js"></script>
<script defer src="//play.pokemonshowdown.com/js/lib/preact.min.js"></script>

<script defer src="//play.pokemonshowdown.com/config/config.js?2bddbc15"></script>
<script defer src="//play.pokemonshowdown.com/js/lib/jquery-1.11.0.min.js"></script>
<script defer src="//play.pokemonshowdown.com/js/lib/html-sanitizer-minified.js"></script>
<script defer src="//play.pokemonshowdown.com/js/battle-sound.js"></script>
<script defer src="//play.pokemonshowdown.com/js/battledata.js?0.7209276989879541"></script>
<script defer src="//play.pokemonshowdown.com/data/pokedex-mini.js?0.6111056340867951"></script>
<script defer src="//play.pokemonshowdown.com/data/pokedex-mini-bw.js?0.3532142036491459"></script>
<script defer src="//play.pokemonshowdown.com/data/graphics.js?0.24223875632456182"></script>
<script defer src="//play.pokemonshowdown.com/data/pokedex.js?0.38839984266356864"></script>
<script defer src="//play.pokemonshowdown.com/data/moves.js?0.21866028504024015"></script>
<script defer src="//play.pokemonshowdown.com/data/abilities.js?0.2005157953846628"></script>
<script defer src="//play.pokemonshowdown.com/data/items.js?0.9894211263848525"></script>
<script defer src="//play.pokemonshowdown.com/data/teambuilder-tables.js?0.6008791140282215"></script>
<script defer src="//play.pokemonshowdown.com/js/battle-tooltips.js?0.7580118955022959"></script>
<script defer src="//play.pokemonshowdown.com/js/battle.js?0.6057722274234274"></script>

<script defer src="js/utils.js?e31f9a17"></script>
<script defer src="js/replays-battle.js?7008c182"></script>

<!-- don't scrape this data! just add .json or .log after the URL!
Full API docs: https://github.com/smogon/pokemon-showdown-client/blob/master/WEB-API.md -->
<script type="text/plain" class="log" id="replaylog-smogtours-gen3ou-796781">
|inactive|Battle timer is ON: inactive players will automatically lose when time's up.
|t:|1728511691
|gametype|singles
|player|p1|gaboelpro777|101|
|player|p2|DarthTyros|#advpliv|
|teamsize|p1|6
|teamsize|p2|6
|gen|3
|tier|[Gen 3] OU
|rule|Sleep Clause Mod: Limit one foe put to sleep
|rule|Switch Priority Clause Mod: Faster Pokémon switch first
|rule|Species Clause: Limit one of each Pokémon
|rule|OHKO Clause: OHKO moves are banned
|rule|Evasion Items Clause: Evasion items are banned
|rule|Evasion Moves Clause: Evasion moves are banned
|rule|Endless Battle Clause: Forcing endless battles is banned
|rule|HP Percentage Mod: HP is shown in percentages
|rule|One Boost Passer Clause: Limit one Baton Passer that has a way to boost its stats
|rule|Freeze Clause Mod: Limit one foe frozen
|
|t:|1728511691
|start
|switch|p1a: Jolteon|Jolteon, F|100/100
|switch|p2a: Deimos|Tyranitar, M|100/100
|-weather|Sandstorm|[from] ability: Sand Stream|[of] p2a: Deimos
|turn|1
|c|☆DarthTyros|hf
|c|☆gaboelpro777|you too
|
|t:|1728511715
|move|p1a: Jolteon|Substitute|p1a: Jolteon
|-start|p1a: Jolteon|Substitute
|-damage|p1a: Jolteon|76/100
|move|p2a: Deimos|Rock Slide|p1a: Jolteon
|-end|p1a: Jolteon|Substitute
|
|-weather|Sandstorm|[upkeep]
|-damage|p1a: Jolteon|70/100|[from] Sandstorm
|-heal|p1a: Jolteon|76/100|[from] item: Leftovers
|upkeep
|turn|2
|
|t:|1728511725
|move|p1a: Jolteon|Baton Pass|p1a: Jolteon
|
|t:|1728511727
|switch|p1a: Skarmory|Skarmory, M|100/100|[from] Baton Pass
|move|p2a: Deimos|Rock Slide|p1a: Skarmory|[miss]
|-miss|p2a: Deimos|p1a: Skarmory
|
|-weather|Sandstorm|[upkeep]
|upkeep
|turn|3
|
|t:|1728511739
|move|p2a: Deimos|Dragon Dance|p2a: Deimos
|-boost|p2a: Deimos|atk|1
|-boost|p2a: Deimos|spe|1
|move|p1a: Skarmory|Spikes|p2a: Deimos
|-sidestart|p2: DarthTyros|Spikes
|
|-weather|Sandstorm|[upkeep]
|upkeep
|turn|4
|
|t:|1728511745
|move|p2a: Deimos|Rock Slide|p1a: Skarmory
|-damage|p1a: Skarmory|55/100
|move|p1a: Skarmory|Roar|p2a: Deimos
|drag|p2a: Quetzalcoatl|Aerodactyl, M|100/100
|
|-weather|Sandstorm|[upkeep]
|-heal|p1a: Skarmory|61/100|[from] item: Leftovers
|upkeep
|turn|5
|
|t:|1728511756
|switch|p1a: Metagross|Metagross|100/100
|move|p2a: Quetzalcoatl|Rock Slide|p1a: Metagross
|-resisted|p1a: Metagross
|-damage|p1a: Metagross|80/100
|
|-weather|Sandstorm|[upkeep]
|-heal|p1a: Metagross|86/100|[from] item: Leftovers
|upkeep
|turn|6
|
|t:|1728511769
|switch|p2a: PayDay|Skarmory, M|100/100
|move|p1a: Metagross|Earthquake|p2a: PayDay
|-immune|p2a: PayDay
|
|-weather|Sandstorm|[upkeep]
|-heal|p1a: Metagross|92/100|[from] item: Leftovers
|upkeep
|turn|7
|
|t:|1728511780
|switch|p1a: Jolteon|Jolteon, F|76/100
|move|p2a: PayDay|Spikes|p1a: Jolteon
|-sidestart|p1: gaboelpro777|Spikes
|
|-weather|Sandstorm|[upkeep]
|-damage|p1a: Jolteon|70/100|[from] Sandstorm
|-heal|p1a: Jolteon|76/100|[from] item: Leftovers
|upkeep
|turn|8
|
|t:|1728511788
|switch|p2a: Deimos|Tyranitar, M|100/100
|-damage|p2a: Deimos|88/100|[from] Spikes
|move|p1a: Jolteon|Substitute|p1a: Jolteon
|-start|p1a: Jolteon|Substitute
|-damage|p1a: Jolteon|51/100
|
|-weather|Sandstorm|[upkeep]
|-damage|p1a: Jolteon|45/100|[from] Sandstorm
|-heal|p1a: Jolteon|51/100|[from] item: Leftovers
|-heal|p2a: Deimos|94/100|[from] item: Leftovers
|upkeep
|turn|9
|
|t:|1728511799
|move|p1a: Jolteon|Thunderbolt|p2a: Deimos
|-damage|p2a: Deimos|60/100
|move|p2a: Deimos|Rock Slide|p1a: Jolteon
|-crit|p1a: Jolteon
|-end|p1a: Jolteon|Substitute
|
|-weather|Sandstorm|[upkeep]
|-damage|p1a: Jolteon|45/100|[from] Sandstorm
|-heal|p1a: Jolteon|51/100|[from] item: Leftovers
|-heal|p2a: Deimos|66/100|[from] item: Leftovers
|upkeep
|turn|10
|
|t:|1728511807
|move|p1a: Jolteon|Baton Pass|p1a: Jolteon
|
|t:|1728511813
|switch|p1a: Skarmory|Skarmory, M|61/100|[from] Baton Pass
|move|p2a: Deimos|Rock Slide|p1a: Skarmory
|-damage|p1a: Skarmory|29/100
|
|-weather|Sandstorm|[upkeep]
|-heal|p2a: Deimos|73/100|[from] item: Leftovers
|-heal|p1a: Skarmory|35/100|[from] item: Leftovers
|upkeep
|turn|11
|
|t:|1728511821
|move|p2a: Deimos|Rock Slide|p1a: Skarmory
|-damage|p1a: Skarmory|5/100
|cant|p1a: Skarmory|flinch
|
|-weather|Sandstorm|[upkeep]
|-heal|p2a: Deimos|79/100|[from] item: Leftovers
|-heal|p1a: Skarmory|11/100|[from] item: Leftovers
|upkeep
|turn|12
|
|t:|1728511827
|move|p2a: Deimos|Dragon Dance|p2a: Deimos
|-boost|p2a: Deimos|atk|1
|-boost|p2a: Deimos|spe|1
|move|p1a: Skarmory|Spikes|p2a: Deimos
|-sidestart|p2: DarthTyros|Spikes
|
|-weather|Sandstorm|[upkeep]
|-heal|p2a: Deimos|85/100|[from] item: Leftovers
|-heal|p1a: Skarmory|17/100|[from] item: Leftovers
|upkeep
|turn|13
|
|t:|1728511837
|move|p2a: Deimos|Rock Slide|p1a: Skarmory
|-damage|p1a: Skarmory|0 fnt
|faint|p1a: Skarmory
|inactive|gaboelpro777 has 270 seconds left.
|
|t:|1728511867
|switch|p1a: Jolteon|Jolteon, F|51/100
|-damage|p1a: Jolteon|39/100|[from] Spikes
|
|-weather|Sandstorm|[upkeep]
|-damage|p1a: Jolteon|33/100|[from] Sandstorm
|-heal|p1a: Jolteon|39/100|[from] item: Leftovers
|-heal|p2a: Deimos|91/100|[from] item: Leftovers
|upkeep
|turn|14
|
|t:|1728511871
|move|p1a: Jolteon|Thunderbolt|p2a: Deimos
|-damage|p2a: Deimos|51/100
|-status|p2a: Deimos|par
|cant|p2a: Deimos|par
|
|-weather|Sandstorm|[upkeep]
|-damage|p1a: Jolteon|33/100|[from] Sandstorm
|-heal|p1a: Jolteon|39/100|[from] item: Leftovers
|-heal|p2a: Deimos|57/100 par|[from] item: Leftovers
|upkeep
|turn|15
|
|t:|1728511883
|move|p1a: Jolteon|Thunderbolt|p2a: Deimos
|-damage|p2a: Deimos|23/100 par
|cant|p2a: Deimos|par
|
|-weather|Sandstorm|[upkeep]
|-damage|p1a: Jolteon|33/100|[from] Sandstorm
|-heal|p1a: Jolteon|39/100|[from] item: Leftovers
|-heal|p2a: Deimos|29/100 par|[from] item: Leftovers
|upkeep
|turn|16
|
|t:|1728511888
|move|p1a: Jolteon|Thunderbolt|p2a: Deimos
|-damage|p2a: Deimos|0 fnt
|faint|p2a: Deimos
|
|t:|1728511891
|switch|p2a: Lubloom|Swampert, F, shiny|100/100
|-damage|p2a: Lubloom|84/100|[from] Spikes
|
|-weather|Sandstorm|[upkeep]
|-damage|p1a: Jolteon|33/100|[from] Sandstorm
|-heal|p1a: Jolteon|39/100|[from] item: Leftovers
|-heal|p2a: Lubloom|90/100|[from] item: Leftovers
|upkeep
|turn|17
|
|t:|1728511896
|move|p1a: Jolteon|Hidden Power|p2a: Lubloom
|-supereffective|p2a: Lubloom
|-damage|p2a: Lubloom|16/100
|move|p2a: Lubloom|Surf|p1a: Jolteon
|-damage|p1a: Jolteon|0 fnt
|faint|p1a: Jolteon
|
|t:|1728511904
|switch|p1a: Celebi|Celebi|100/100
|-damage|p1a: Celebi|88/100|[from] Spikes
|
|-weather|Sandstorm|[upkeep]
|-damage|p1a: Celebi|82/100|[from] Sandstorm
|-heal|p1a: Celebi|88/100|[from] item: Leftovers
|-heal|p2a: Lubloom|23/100|[from] item: Leftovers
|upkeep
|turn|18
|
|t:|1728511915
|switch|p2a: PayDay|Skarmory, M|100/100
|move|p1a: Celebi|Leech Seed|p2a: PayDay
|-start|p2a: PayDay|move: Leech Seed
|
|-weather|Sandstorm|[upkeep]
|-damage|p1a: Celebi|82/100|[from] Sandstorm
|-heal|p1a: Celebi|88/100|[from] item: Leftovers
|-damage|p2a: PayDay|88/100|[from] Leech Seed|[of] p1a: Celebi
|-heal|p1a: Celebi|98/100|[silent]
|upkeep
|turn|19
|
|t:|1728511920
|move|p1a: Celebi|Hidden Power|p2a: PayDay
|-supereffective|p2a: PayDay
|-damage|p2a: PayDay|49/100
|move|p2a: PayDay|Spikes|p1a: Celebi
|-sidestart|p1: gaboelpro777|Spikes
|
|-weather|Sandstorm|[upkeep]
|-damage|p1a: Celebi|92/100|[from] Sandstorm
|-heal|p1a: Celebi|98/100|[from] item: Leftovers
|-heal|p2a: PayDay|55/100|[from] item: Leftovers
|-damage|p2a: PayDay|43/100|[from] Leech Seed|[of] p1a: Celebi
|-heal|p1a: Celebi|100/100|[silent]
|upkeep
|turn|20
|
|t:|1728511933
|switch|p2a: Quetzalcoatl|Aerodactyl, M|100/100
|move|p1a: Celebi|Psychic|p2a: Quetzalcoatl
|-damage|p2a: Quetzalcoatl|41/100
|-unboost|p2a: Quetzalcoatl|spd|1
|
|-weather|Sandstorm|[upkeep]
|-damage|p1a: Celebi|94/100|[from] Sandstorm
|-heal|p1a: Celebi|100/100|[from] item: Leftovers
|upkeep
|turn|21
|
|t:|1728511952
|switch|p1a: Metagross|Metagross|92/100
|-damage|p1a: Metagross|76/100|[from] Spikes
|move|p2a: Quetzalcoatl|Hidden Power|p1a: Metagross
|-resisted|p1a: Metagross
|-damage|p1a: Metagross|58/100
|
|-weather|Sandstorm|[upkeep]
|-heal|p1a: Metagross|64/100|[from] item: Leftovers
|upkeep
|turn|22
|inactive|DarthTyros has 270 seconds left.
|
|t:|1728511986
|switch|p2a: Lubloom|Swampert, F, shiny|23/100
|-damage|p2a: Lubloom|6/100|[from] Spikes
|move|p1a: Metagross|Meteor Mash|p2a: Lubloom
|-resisted|p2a: Lubloom
|-crit|p2a: Lubloom
|-damage|p2a: Lubloom|0 fnt
|faint|p2a: Lubloom
|
|t:|1728511989
|switch|p2a: Electro|Zapdos|100/100
|
|-weather|Sandstorm|[upkeep]
|-damage|p2a: Electro|94/100|[from] Sandstorm
|-heal|p2a: Electro|100/100|[from] item: Leftovers
|-heal|p1a: Metagross|70/100|[from] item: Leftovers
|upkeep
|turn|23
|
|t:|1728512007
|move|p2a: Electro|Thunderbolt|p1a: Metagross
|-damage|p1a: Metagross|23/100
|-status|p1a: Metagross|par
|cant|p1a: Metagross|par
|
|-weather|Sandstorm|[upkeep]
|-damage|p2a: Electro|94/100|[from] Sandstorm
|-heal|p2a: Electro|100/100|[from] item: Leftovers
|-heal|p1a: Metagross|29/100 par|[from] item: Leftovers
|upkeep
|turn|24
|
|t:|1728512017
|switch|p1a: Celebi|Celebi|100/100
|-damage|p1a: Celebi|84/100|[from] Spikes
|move|p2a: Electro|Thunderbolt|p1a: Celebi
|-resisted|p1a: Celebi
|-damage|p1a: Celebi|61/100
|
|-weather|Sandstorm|[upkeep]
|-damage|p2a: Electro|94/100|[from] Sandstorm
|-damage|p1a: Celebi|55/100|[from] Sandstorm
|-heal|p2a: Electro|100/100|[from] item: Leftovers
|-heal|p1a: Celebi|61/100|[from] item: Leftovers
|upkeep
|turn|25
|
|t:|1728512028
|move|p2a: Electro|Hidden Power|p1a: Celebi
|-supereffective|p1a: Celebi
|-damage|p1a: Celebi|18/100
|move|p1a: Celebi|Leech Seed|p2a: Electro
|-start|p2a: Electro|move: Leech Seed
|
|-weather|Sandstorm|[upkeep]
|-damage|p2a: Electro|94/100|[from] Sandstorm
|-damage|p1a: Celebi|12/100|[from] Sandstorm
|-heal|p2a: Electro|100/100|[from] item: Leftovers
|-damage|p2a: Electro|88/100|[from] Leech Seed|[of] p1a: Celebi
|-heal|p1a: Celebi|24/100|[silent]
|-heal|p1a: Celebi|31/100|[from] item: Leftovers
|upkeep
|turn|26
|
|t:|1728512049
|switch|p1a: Tyranitar|Tyranitar, M|100/100
|-damage|p1a: Tyranitar|84/100|[from] Spikes
|move|p2a: Electro|Hidden Power|p1a: Tyranitar
|-damage|p1a: Tyranitar|63/100
|
|-weather|Sandstorm|[upkeep]
|-damage|p2a: Electro|82/100|[from] Sandstorm
|-heal|p2a: Electro|88/100|[from] item: Leftovers
|-damage|p2a: Electro|75/100|[from] Leech Seed|[of] p1a: Tyranitar
|-heal|p1a: Tyranitar|77/100|[silent]
|upkeep
|turn|27
|
|t:|1728512065
|switch|p2a: PayDay|Skarmory, M|43/100
|move|p1a: Tyranitar|Dragon Dance|p1a: Tyranitar
|-boost|p1a: Tyranitar|atk|1
|-boost|p1a: Tyranitar|spe|1
|
|-weather|Sandstorm|[upkeep]
|-heal|p2a: PayDay|49/100|[from] item: Leftovers
|upkeep
|turn|28
|
|t:|1728512073
|move|p1a: Tyranitar|Rock Slide|p2a: PayDay
|-damage|p2a: PayDay|1/100
|move|p2a: PayDay|Roar|p1a: Tyranitar
|drag|p1a: Celebi|Celebi|31/100
|-damage|p1a: Celebi|14/100|[from] Spikes
|
|-weather|Sandstorm|[upkeep]
|-damage|p1a: Celebi|8/100|[from] Sandstorm
|-heal|p1a: Celebi|14/100|[from] item: Leftovers
|-heal|p2a: PayDay|7/100|[from] item: Leftovers
|upkeep
|turn|29
|
|t:|1728512089
|move|p1a: Celebi|Psychic|p2a: PayDay
|-resisted|p2a: PayDay
|-damage|p2a: PayDay|0 fnt
|faint|p2a: PayDay
|inactive|DarthTyros has 270 seconds left.
|inactive|DarthTyros has 240 seconds left.
|
|t:|1728512163
|switch|p2a: Darkhar|Gengar, M|100/100
|
|-weather|Sandstorm|[upkeep]
|-damage|p2a: Darkhar|95/100|[from] Sandstorm
|-damage|p1a: Celebi|8/100|[from] Sandstorm
|-heal|p2a: Darkhar|100/100|[from] item: Leftovers
|-heal|p1a: Celebi|14/100|[from] item: Leftovers
|upkeep
|turn|30
|
|t:|1728512176
|move|p2a: Darkhar|Thunderbolt|p1a: Celebi
|-resisted|p1a: Celebi
|-damage|p1a: Celebi|2/100
|move|p1a: Celebi|Psychic|p2a: Darkhar
|-supereffective|p2a: Darkhar
|-damage|p2a: Darkhar|1/100
|
|-weather|Sandstorm|[upkeep]
|-damage|p2a: Darkhar|0 fnt|[from] Sandstorm
|-damage|p1a: Celebi|0 fnt|[from] Sandstorm
|faint|p2a: Darkhar
|faint|p1a: Celebi
|upkeep
|
|t:|1728512191
|switch|p2a: Quetzalcoatl|Aerodactyl, M|41/100
|switch|p1a: Aerodactyl|Aerodactyl, F|100/100
|turn|31
|
|t:|1728512205
|switch|p1a: Metagross|Metagross|29/100 par
|-damage|p1a: Metagross|12/100 par|[from] Spikes
|move|p2a: Quetzalcoatl|Rock Slide|p1a: Metagross
|-resisted|p1a: Metagross
|-damage|p1a: Metagross|0 fnt
|faint|p1a: Metagross
|
|t:|1728512211
|switch|p1a: Tyranitar|Tyranitar, M|77/100
|-damage|p1a: Tyranitar|61/100|[from] Spikes
|
|-weather|Sandstorm|[upkeep]
|upkeep
|turn|32
|
|t:|1728512223
|move|p2a: Quetzalcoatl|Rock Slide|p1a: Tyranitar
|-damage|p1a: Tyranitar|12/100
|cant|p1a: Tyranitar|flinch
|
|-weather|Sandstorm|[upkeep]
|upkeep
|turn|33
|
|t:|1728512228
|move|p2a: Quetzalcoatl|Rock Slide|p1a: Tyranitar
|-damage|p1a: Tyranitar|0 fnt
|faint|p1a: Tyranitar
|
|t:|1728512231
|switch|p1a: Aerodactyl|Aerodactyl, F|100/100
|
|-weather|Sandstorm|[upkeep]
|upkeep
|turn|34
|
|t:|1728512234
|move|p1a: Aerodactyl|Rock Slide|p2a: Quetzalcoatl
|-supereffective|p2a: Quetzalcoatl
|-damage|p2a: Quetzalcoatl|0 fnt
|faint|p2a: Quetzalcoatl
|
|t:|1728512236
|switch|p2a: Electro|Zapdos|75/100
|
|-weather|Sandstorm|[upkeep]
|-damage|p2a: Electro|69/100|[from] Sandstorm
|-heal|p2a: Electro|75/100|[from] item: Leftovers
|upkeep
|turn|35
|
|t:|1728512241
|move|p1a: Aerodactyl|Rock Slide|p2a: Electro
|-supereffective|p2a: Electro
|-damage|p2a: Electro|0 fnt
|faint|p2a: Electro
|
|win|gaboelpro777
|c|☆DarthTyros|would have prefered not to have gotten
|c|☆DarthTyros|garbage
|c|☆DarthTyros|gg
|c|☆gaboelpro777|i'm so sorry about the jolt para
|c|☆gaboelpro777|gg

</script>
<script type="application/json" class="data" id="replaydata-smogtours-gen3ou-796781">
{"id":"smogtours-gen3ou-796781","format":"[Gen 3] OU","players":["gaboelpro777","DarthTyros"],"uploadtime":1728512241,"views":107,"formatid":"gen3ou","rating":null,"private":0,"password":null}
</script>

<script defer src="js/replays.js?9d40a366"></script>
