<!DOCTYPE html>
<meta charset="utf-8" />
<meta name="viewport" content="width=device-width" />

<title>[Gen 3] OU: SgtPingwen vs. yt-cyber-dj - Replays - Pok&eacute;mon Showdown!</title>

<meta name="description" content="Watch a replay of a Pok&eacute;mon battle between SgtPingwen and yt-cyber-dj! Format: [Gen 3] OU; Date: Oct 9, 2024" />
<!--

Hey, you! Looking in the source for the replay log?

You can find them in JSON format, just add `.json` at the end of a replay URL.

https://replay.pokemonshowdown.com/gen7randomdoublesbattle-865046831.json

Or, if you only need the log itself, add `.log` instead:

https://replay.pokemonshowdown.com/gen7randomdoublesbattle-865046831.log

-->

<link rel="stylesheet" href="//pokemonshowdown.com/style/global.css?0.767286132409787" />
<link rel="stylesheet" href="//play.pokemonshowdown.com/style/font-awesome.css?0.9266228007934947" />
<link rel="stylesheet" href="//play.pokemonshowdown.com/style/battle.css?0.7924700842790926" />
<link rel="stylesheet" href="//play.pokemonshowdown.com/style/utilichart.css?0.8777417872839479" />

<!-- Global site tag (gtag.js) - Google Analytics -->
<script async src="https://www.googletagmanager.com/gtag/js?id=UA-26211653-1"></script>
<script>
  window.dataLayer = window.dataLayer || [];
  function gtag(){dataLayer.push(arguments);}
  gtag('js', new Date());

  gtag('config', 'UA-26211653-1');
</script>
<!-- End Google Analytics -->
<!-- Venatus Ad Manager - Install in <HEAD> of page -->
	<script src="https://hb.vntsm.com/v3/live/ad-manager.min.js" type="text/javascript" data-site-id="642aba63ec9a7b11c3c9c1be" data-mode="scan" async></script>
<!-- / Venatus Ad Manager -->

<style>
	@media (max-width:820px) {
		.battle {
			margin: 0 auto;
		}
		.battle-log {
			margin: 7px auto 0;
			max-width: 640px;
			height: 300px;
			position: static;
		}
	}
	.optgroup {
		display: inline-block;
		line-height: 22px;
		font-size: 10pt;
	}
	.optgroup .button {
		height: 25px;
		padding-top: 0;
		padding-bottom: 0;
	}
	.optgroup button.button {
		padding-left: 12px;
		padding-right: 12px;
	}
	.linklist {
		list-style: none;
		margin: 0.5em 0;
		padding: 0;
	}
	.linklist li {
		padding: 2px 0;
	}
	.sidebar {
		float: left;
		width: 320px;
	}
	.bar-wrapper {
		max-width: 1100px;
		margin: 0 auto;
	}
	.bar-wrapper.has-sidebar {
		max-width: 1430px;
	}
	.mainbar {
		margin: 0;
		padding-right: 1px;
	}
	.mainbar.has-sidebar {
		margin-left: 330px;
	}
	@media (min-width: 1511px) {
		.sidebar {
			width: 400px;
		}
		.bar-wrapper.has-sidebar {
			max-width: 1510px;
		}
		.mainbar.has-sidebar {
			margin-left: 410px;
		}
	}
	.section.first-section {
		margin-top: 9px;
	}
	.blocklink small {
		white-space: normal;
	}
	.button {
		vertical-align: middle;
	}
	.replay-controls {
		padding-top: 10px;
	}
	.replay-controls h1 {
		font-size: 16pt;
		font-weight: normal;
		color: #CCC;
	}
	.pagelink {
		text-align: center;
	}
	.pagelink a {
		width: 150px;
	}
	.textbox, .button {
		font-size: 11pt;
		vertical-align: middle;
	}
	@media (max-width: 450px) {
		.button {
			font-size: 9pt;
		}
	}
</style>

<div>

	<header>
		<div class="nav-wrapper"><ul class="nav">
			<li><a class="button nav-first" href="//pokemonshowdown.com/"><img src="//pokemonshowdown.com/images/pokemonshowdownbeta.png" srcset="//pokemonshowdown.com/images/pokemonshowdownbeta.png 1x, //pokemonshowdown.com/images/pokemonshowdownbeta@2x.png 2x" alt="Pok&eacute;mon Showdown" width="146" height="44" /> Home</a></li>
			<li><a class="button" href="//pokemonshowdown.com/dex/">Pok&eacute;dex</a></li>
			<li><a class="button cur" href="/">Replays</a></li>
			<li><a class="button" href="//pokemonshowdown.com/ladder/">Ladder</a></li>
			<li><a class="button nav-last" href="//pokemonshowdown.com/forums/">Forum</a></li>
			<li><a class="button greenbutton nav-first nav-last" href="//play.pokemonshowdown.com/">Play</a></li>
		</ul></div>
	</header>

	<div class="main" id="main">

		<noscript><section class="section">You need to enable JavaScript to use this page; sorry!</section></noscript>

	</div>

</div>

<script defer nomodule src="//play.pokemonshowdown.com/js/lib/ps-polyfill.js"></script>
<script defer src="//play.pokemonshowdown.com/js/lib/preact.min.js"></script>

<script defer src="//play.pokemonshowdown.com/config/config.js?6dec07f6"></script>
<script defer src="//play.pokemonshowdown.com/js/lib/jquery-1.11.0.min.js"></script>
<script defer src="//play.pokemonshowdown.com/js/lib/html-sanitizer-minified.js"></script>
<script defer src="//play.pokemonshowdown.com/js/battle-sound.js"></script>
<script defer src="//play.pokemonshowdown.com/js/battledata.js?0.6315294753075389"></script>
<script defer src="//play.pokemonshowdown.com/data/pokedex-mini.js?0.7603743185311358"></script>
<script defer src="//play.pokemonshowdown.com/data/pokedex-mini-bw.js?0.030888842834281283"></script>
<script defer src="//play.pokemonshowdown.com/data/graphics.js?0.05593094747507488"></script>
<script defer src="//play.pokemonshowdown.com/data/pokedex.js?0.47064822249611904"></script>
<script defer src="//play.pokemonshowdown.com/data/moves.js?0.8583693120512459"></script>
<script defer src="//play.pokemonshowdown.com/data/abilities.js?0.16017181182386842"></script>
<script defer src="//play.pokemonshowdown.com/data/items.js?0.4163379185673943"></script>
<script defer src="//play.pokemonshowdown.com/data/teambuilder-tables.js?0.31075597372830477"></script>
<script defer src="//play.pokemonshowdown.com/js/battle-tooltips.js?0.6536193500708172"></script>
<script defer src="//play.pokemonshowdown.com/js/battle.js?0.1916591943277901"></script>

<script defer src="js/utils.js?e31f9a17"></script>
<script defer src="js/replays-battle.js?7008c182"></script>

<!-- don't scrape this data! just add .json or .log after the URL!
Full API docs: https://github.com/smogon/pokemon-showdown-client/blob/master/WEB-API.md -->
<script type="text/plain" class="log" id="replaylog-smogtours-gen3ou-796714">
|inactive|Battle timer is ON: inactive players will automatically lose when time's up.
|t:|1728500973
|gametype|singles
|player|p1|SgtPingwen|falkner|
|player|p2|yt-cyber-dj|gambler|
|teamsize|p1|6
|teamsize|p2|6
|gen|3
|tier|[Gen 3] OU
|rule|Sleep Clause Mod: Limit one foe put to sleep
|rule|Switch Priority Clause Mod: Faster Pokémon switch first
|rule|Species Clause: Limit one of each Pokémon
|rule|OHKO Clause: OHKO moves are banned
|rule|Evasion Items Clause: Evasion items are banned
|rule|Evasion Moves Clause: Evasion moves are banned
|rule|Endless Battle Clause: Forcing endless battles is banned
|rule|HP Percentage Mod: HP is shown in percentages
|rule|One Boost Passer Clause: Limit one Baton Passer that has a way to boost its stats
|rule|Freeze Clause Mod: Limit one foe frozen
|
|t:|1728500973
|start
|switch|p1a: Medicham|Medicham, F|100/100
|switch|p2a: Skarmory|Skarmory, M|100/100
|turn|1
|inactive|yt-cyber-dj has 270 seconds left.
|
|t:|1728501017
|switch|p1a: Magneton|Magneton|100/100
|move|p2a: Skarmory|Roar|p1a: Magneton
|drag|p1a: Suicune|Suicune|100/100
|
|upkeep
|turn|2
|
|t:|1728501034
|switch|p1a: Snorlax|Snorlax, M|100/100
|switch|p2a: Celebi|Celebi|100/100
|
|upkeep
|turn|3
|
|t:|1728501038
|move|p2a: Celebi|Leech Seed|p1a: Snorlax
|-start|p1a: Snorlax|move: Leech Seed
|move|p1a: Snorlax|Self-Destruct|p2a: Celebi
|-damage|p2a: Celebi|0 fnt
|faint|p1a: Snorlax
|faint|p2a: Celebi
|
|t:|1728501052
|switch|p2a: Aerodactyl|Aerodactyl, M|100/100
|switch|p1a: Medicham|Medicham, F|100/100
|
|upkeep
|turn|4
|
|t:|1728501062
|move|p2a: Aerodactyl|Double-Edge|p1a: Medicham
|-damage|p1a: Medicham|8/100
|move|p1a: Medicham|Rock Slide|p2a: Aerodactyl
|-supereffective|p2a: Aerodactyl
|-damage|p2a: Aerodactyl|0 fnt
|faint|p2a: Aerodactyl
|
|t:|1728501069
|switch|p2a: Swampert|Swampert, M|100/100
|
|-enditem|p1a: Medicham|Salac Berry|[eat]
|-boost|p1a: Medicham|spe|1|[from] item: Salac Berry
|upkeep
|turn|5
|
|t:|1728501079
|switch|p1a: Metagross|Metagross|100/100
|move|p2a: Swampert|Earthquake|p1a: Metagross
|-supereffective|p1a: Metagross
|-damage|p1a: Metagross|48/100
|
|-heal|p1a: Metagross|54/100|[from] item: Leftovers
|upkeep
|turn|6
|
|t:|1728501083
|switch|p2a: Magneton|Magneton|100/100
|move|p1a: Metagross|Agility|p1a: Metagross
|-boost|p1a: Metagross|spe|2
|
|-heal|p1a: Metagross|60/100|[from] item: Leftovers
|upkeep
|turn|7
|
|t:|1728501087
|switch|p2a: Skarmory|Skarmory, M|100/100
|move|p1a: Metagross|Earthquake|p2a: Skarmory
|-immune|p2a: Skarmory
|
|-heal|p1a: Metagross|66/100|[from] item: Leftovers
|upkeep
|turn|8
|
|t:|1728501094
|switch|p1a: Magneton|Magneton|100/100
|switch|p2a: Magneton|Magneton|100/100
|
|upkeep
|turn|9
|c|☆SgtPingwen|mt broother
|
|t:|1728501102
|move|p1a: Magneton|Hidden Power|p2a: Magneton
|-supereffective|p2a: Magneton
|-damage|p2a: Magneton|4/100
|move|p2a: Magneton|Hidden Power|p1a: Magneton
|-supereffective|p1a: Magneton
|-damage|p1a: Magneton|12/100
|
|upkeep
|turn|10
|
|t:|1728501105
|move|p1a: Magneton|Hidden Power|p2a: Magneton
|-supereffective|p2a: Magneton
|-damage|p2a: Magneton|0 fnt
|faint|p2a: Magneton
|
|t:|1728501109
|switch|p2a: Blissey|Blissey, F|100/100
|
|upkeep
|turn|11
|
|t:|1728501117
|switch|p1a: Suicune|Suicune|100/100
|move|p2a: Blissey|Thunder Wave|p1a: Suicune
|-status|p1a: Suicune|par
|
|upkeep
|turn|12
|
|t:|1728501124
|switch|p2a: Swampert|Swampert, M|100/100
|switch|p1a: Metagross|Metagross|66/100
|
|-heal|p1a: Metagross|72/100|[from] item: Leftovers
|upkeep
|turn|13
|
|t:|1728501133
|switch|p1a: Magneton|Magneton|12/100
|switch|p2a: Blissey|Blissey, F|100/100
|
|upkeep
|turn|14
|
|t:|1728501138
|move|p1a: Magneton|Thunderbolt|p2a: Blissey
|-damage|p2a: Blissey|79/100
|move|p2a: Blissey|Seismic Toss|p1a: Magneton
|-damage|p1a: Magneton|0 fnt
|faint|p1a: Magneton
|
|t:|1728501141
|switch|p1a: Medicham|Medicham, F|8/100
|
|-heal|p2a: Blissey|85/100|[from] item: Leftovers
|upkeep
|turn|15
|
|t:|1728501152
|switch|p2a: Skarmory|Skarmory, M|100/100
|move|p1a: Medicham|Brick Break|p2a: Skarmory
|-damage|p2a: Skarmory|63/100
|
|-heal|p2a: Skarmory|69/100|[from] item: Leftovers
|upkeep
|turn|16
|
|t:|1728501162
|switch|p1a: Suicune|Suicune|100/100 par
|move|p2a: Skarmory|Drill Peck|p1a: Suicune
|-damage|p1a: Suicune|85/100 par
|
|-heal|p2a: Skarmory|75/100|[from] item: Leftovers
|-heal|p1a: Suicune|91/100 par|[from] item: Leftovers
|upkeep
|turn|17
|
|t:|1728501166
|move|p2a: Skarmory|Spikes|p1a: Suicune
|-sidestart|p1: SgtPingwen|Spikes
|cant|p1a: Suicune|par
|
|-heal|p2a: Skarmory|81/100|[from] item: Leftovers
|-heal|p1a: Suicune|97/100 par|[from] item: Leftovers
|upkeep
|turn|18
|
|t:|1728501173
|switch|p2a: Blissey|Blissey, F|85/100
|switch|p1a: Salamence|Salamence, F|100/100
|-ability|p1a: Salamence|Intimidate|boost
|-unboost|p2a: Blissey|atk|1
|
|-heal|p2a: Blissey|91/100|[from] item: Leftovers
|upkeep
|turn|19
|
|t:|1728501179
|switch|p1a: Suicune|Suicune|97/100 par
|-damage|p1a: Suicune|85/100 par|[from] Spikes
|move|p2a: Blissey|Thunder Wave|p1a: Suicune
|-fail|p1a: Suicune|par
|
|-heal|p2a: Blissey|97/100|[from] item: Leftovers
|-heal|p1a: Suicune|91/100 par|[from] item: Leftovers
|upkeep
|turn|20
|
|t:|1728501184
|move|p2a: Blissey|Seismic Toss|p1a: Suicune
|-damage|p1a: Suicune|66/100 par
|move|p1a: Suicune|Rest|p1a: Suicune
|-status|p1a: Suicune|slp|[from] move: Rest
|-heal|p1a: Suicune|100/100 slp|[silent]
|
|-heal|p2a: Blissey|100/100|[from] item: Leftovers
|upkeep
|turn|21
|
|t:|1728501186
|switch|p2a: Swampert|Swampert, M|100/100
|cant|p1a: Suicune|slp
|
|upkeep
|turn|22
|
|t:|1728501191
|cant|p1a: Suicune|slp
|move|p2a: Swampert|Curse|p2a: Swampert
|-unboost|p2a: Swampert|spe|1
|-boost|p2a: Swampert|atk|1
|-boost|p2a: Swampert|def|1
|
|upkeep
|turn|23
|
|t:|1728501196
|switch|p1a: Metagross|Metagross|72/100
|-damage|p1a: Metagross|60/100|[from] Spikes
|move|p2a: Swampert|Earthquake|p1a: Metagross
|-supereffective|p1a: Metagross
|-damage|p1a: Metagross|0 fnt
|faint|p1a: Metagross
|
|t:|1728501206
|switch|p1a: Suicune|Suicune|100/100 slp
|-damage|p1a: Suicune|88/100 slp|[from] Spikes
|
|-heal|p1a: Suicune|94/100 slp|[from] item: Leftovers
|upkeep
|turn|24
|
|t:|1728501211
|switch|p2a: Blissey|Blissey, F|100/100
|-curestatus|p1a: Suicune|slp|[msg]
|move|p1a: Suicune|Calm Mind|p1a: Suicune
|-boost|p1a: Suicune|spa|1
|-boost|p1a: Suicune|spd|1
|
|-heal|p1a: Suicune|100/100|[from] item: Leftovers
|upkeep
|turn|25
|
|t:|1728501215
|move|p1a: Suicune|Calm Mind|p1a: Suicune
|-boost|p1a: Suicune|spa|1
|-boost|p1a: Suicune|spd|1
|move|p2a: Blissey|Thunder Wave|p1a: Suicune
|-status|p1a: Suicune|par
|
|upkeep
|turn|26
|
|t:|1728501217
|move|p2a: Blissey|Seismic Toss|p1a: Suicune
|-damage|p1a: Suicune|76/100 par
|cant|p1a: Suicune|par
|
|-heal|p1a: Suicune|82/100 par|[from] item: Leftovers
|upkeep
|turn|27
|
|t:|1728501219
|move|p2a: Blissey|Seismic Toss|p1a: Suicune
|-damage|p1a: Suicune|57/100 par
|move|p1a: Suicune|Rest|p1a: Suicune
|-status|p1a: Suicune|slp|[from] move: Rest
|-heal|p1a: Suicune|100/100 slp|[silent]
|
|upkeep
|turn|28
|
|t:|1728501222
|switch|p2a: Skarmory|Skarmory, M|81/100
|cant|p1a: Suicune|slp
|
|-heal|p2a: Skarmory|87/100|[from] item: Leftovers
|upkeep
|turn|29
|
|t:|1728501225
|cant|p1a: Suicune|slp
|move|p2a: Skarmory|Roar|p1a: Suicune
|drag|p1a: Medicham|Medicham, F|8/100
|-damage|p1a: Medicham|0 fnt|[from] Spikes
|faint|p1a: Medicham
|
|t:|1728501230
|switch|p1a: Salamence|Salamence, F|100/100
|-ability|p1a: Salamence|Intimidate|boost
|-unboost|p2a: Skarmory|atk|1
|
|-heal|p2a: Skarmory|93/100|[from] item: Leftovers
|upkeep
|turn|30
|
|t:|1728501233
|move|p1a: Salamence|Dragon Dance|p1a: Salamence
|-boost|p1a: Salamence|atk|1
|-boost|p1a: Salamence|spe|1
|move|p2a: Skarmory|Roar|p1a: Salamence
|drag|p1a: Suicune|Suicune|100/100 slp
|-damage|p1a: Suicune|88/100 slp|[from] Spikes
|
|-heal|p1a: Suicune|94/100 slp|[from] item: Leftovers
|-heal|p2a: Skarmory|99/100|[from] item: Leftovers
|upkeep
|turn|31
|
|t:|1728501239
|-curestatus|p1a: Suicune|slp|[msg]
|move|p1a: Suicune|Ice Beam|p2a: Skarmory
|-damage|p2a: Skarmory|76/100
|move|p2a: Skarmory|Drill Peck|p1a: Suicune
|-damage|p1a: Suicune|82/100
|
|-heal|p1a: Suicune|88/100|[from] item: Leftovers
|-heal|p2a: Skarmory|82/100|[from] item: Leftovers
|upkeep
|turn|32
|
|t:|1728501245
|move|p1a: Suicune|Surf|p2a: Skarmory
|-damage|p2a: Skarmory|46/100
|move|p2a: Skarmory|Drill Peck|p1a: Suicune
|-damage|p1a: Suicune|76/100
|
|-heal|p1a: Suicune|82/100|[from] item: Leftovers
|-heal|p2a: Skarmory|52/100|[from] item: Leftovers
|upkeep
|turn|33
|
|t:|1728501248
|switch|p2a: Blissey|Blissey, F|100/100
|move|p1a: Suicune|Ice Beam|p2a: Blissey
|-damage|p2a: Blissey|92/100
|
|-heal|p1a: Suicune|89/100|[from] item: Leftovers
|-heal|p2a: Blissey|98/100|[from] item: Leftovers
|upkeep
|turn|34
|
|t:|1728501251
|move|p1a: Suicune|Calm Mind|p1a: Suicune
|-boost|p1a: Suicune|spa|1
|-boost|p1a: Suicune|spd|1
|move|p2a: Blissey|Thunder Wave|p1a: Suicune
|-status|p1a: Suicune|par
|
|-heal|p2a: Blissey|100/100|[from] item: Leftovers
|-heal|p1a: Suicune|95/100 par|[from] item: Leftovers
|upkeep
|turn|35
|
|t:|1728501253
|move|p2a: Blissey|Seismic Toss|p1a: Suicune
|-damage|p1a: Suicune|70/100 par
|move|p1a: Suicune|Calm Mind|p1a: Suicune
|-boost|p1a: Suicune|spa|1
|-boost|p1a: Suicune|spd|1
|
|-heal|p1a: Suicune|76/100 par|[from] item: Leftovers
|upkeep
|turn|36
|
|t:|1728501260
|switch|p2a: Swampert|Swampert, M|100/100
|move|p1a: Suicune|Calm Mind|p1a: Suicune
|-boost|p1a: Suicune|spa|1
|-boost|p1a: Suicune|spd|1
|
|-heal|p1a: Suicune|82/100 par|[from] item: Leftovers
|upkeep
|turn|37
|
|t:|1728501264
|switch|p2a: Blissey|Blissey, F|100/100
|move|p1a: Suicune|Rest|p1a: Suicune
|-status|p1a: Suicune|slp|[from] move: Rest
|-heal|p1a: Suicune|100/100 slp|[silent]
|
|upkeep
|turn|38
|
|t:|1728501268
|switch|p2a: Swampert|Swampert, M|100/100
|cant|p1a: Suicune|slp
|
|upkeep
|turn|39
|
|t:|1728501272
|cant|p1a: Suicune|slp
|move|p2a: Swampert|Curse|p2a: Swampert
|-unboost|p2a: Swampert|spe|1
|-boost|p2a: Swampert|atk|1
|-boost|p2a: Swampert|def|1
|
|upkeep
|turn|40
|
|t:|1728501276
|switch|p2a: Blissey|Blissey, F|100/100
|-curestatus|p1a: Suicune|slp|[msg]
|move|p1a: Suicune|Surf|p2a: Blissey
|-damage|p2a: Blissey|67/100
|
|-heal|p2a: Blissey|73/100|[from] item: Leftovers
|upkeep
|turn|41
|
|t:|1728501279
|move|p1a: Suicune|Surf|p2a: Blissey
|-damage|p2a: Blissey|41/100
|move|p2a: Blissey|Aromatherapy|p2a: Blissey
|-cureteam|p2a: Blissey|[from] move: Aromatherapy
|
|-heal|p2a: Blissey|47/100|[from] item: Leftovers
|upkeep
|turn|42
|
|t:|1728501284
|move|p1a: Suicune|Surf|p2a: Blissey
|-crit|p2a: Blissey
|-damage|p2a: Blissey|0 fnt
|faint|p2a: Blissey
|
|t:|1728501287
|switch|p2a: Skarmory|Skarmory, M|52/100
|
|-heal|p2a: Skarmory|58/100|[from] item: Leftovers
|upkeep
|turn|43
|
|t:|1728501289
|move|p1a: Suicune|Surf|p2a: Skarmory
|-damage|p2a: Skarmory|0 fnt
|faint|p2a: Skarmory
|
|t:|1728501291
|switch|p2a: Swampert|Swampert, M|100/100
|
|upkeep
|turn|44
|
|t:|1728501292
|move|p1a: Suicune|Surf|p2a: Swampert
|-damage|p2a: Swampert|16/100
|move|p2a: Swampert|Earthquake|p1a: Suicune
|-damage|p1a: Suicune|73/100
|
|-heal|p1a: Suicune|79/100|[from] item: Leftovers
|-heal|p2a: Swampert|22/100|[from] item: Leftovers
|upkeep
|turn|45
|
|t:|1728501294
|move|p1a: Suicune|Surf|p2a: Swampert
|-damage|p2a: Swampert|0 fnt
|faint|p2a: Swampert
|
|win|SgtPingwen
|c|☆SgtPingwen|gg man
|c|☆yt-cyber-dj|GG

</script>
<script type="application/json" class="data" id="replaydata-smogtours-gen3ou-796714">
{"id":"smogtours-gen3ou-796714","format":"[Gen 3] OU","players":["SgtPingwen","yt-cyber-dj"],"uploadtime":1728501294,"views":91,"formatid":"gen3ou","rating":null,"private":0,"password":null}
</script>

<script defer src="js/replays.js?9d40a366"></script>
