<!DOCTYPE html>
<meta charset="utf-8" />
<meta name="viewport" content="width=device-width" />

<title>[Gen 3] OU: RevivalTyp vs. crab person - Replays - Pok&eacute;mon Showdown!</title>

<meta name="description" content="Watch a replay of a Pok&eacute;mon battle between RevivalTyp and crab person! Format: [Gen 3] OU; Date: Oct 13, 2024" />
<!--

Hey, you! Looking in the source for the replay log?

You can find them in JSON format, just add `.json` at the end of a replay URL.

https://replay.pokemonshowdown.com/gen7randomdoublesbattle-865046831.json

Or, if you only need the log itself, add `.log` instead:

https://replay.pokemonshowdown.com/gen7randomdoublesbattle-865046831.log

-->

<link rel="stylesheet" href="//pokemonshowdown.com/style/global.css?0.023195364461161105" />
<link rel="stylesheet" href="//play.pokemonshowdown.com/style/font-awesome.css?0.13261647063804238" />
<link rel="stylesheet" href="//play.pokemonshowdown.com/style/battle.css?0.8753245789963631" />
<link rel="stylesheet" href="//play.pokemonshowdown.com/style/utilichart.css?0.8627959624976733" />

<!-- Global site tag (gtag.js) - Google Analytics -->
<script async src="https://www.googletagmanager.com/gtag/js?id=UA-26211653-1"></script>
<script>
  window.dataLayer = window.dataLayer || [];
  function gtag(){dataLayer.push(arguments);}
  gtag('js', new Date());

  gtag('config', 'UA-26211653-1');
</script>
<!-- End Google Analytics -->
<!-- Venatus Ad Manager - Install in <HEAD> of page -->
	<script src="https://hb.vntsm.com/v3/live/ad-manager.min.js" type="text/javascript" data-site-id="642aba63ec9a7b11c3c9c1be" data-mode="scan" async></script>
<!-- / Venatus Ad Manager -->

<style>
	@media (max-width:820px) {
		.battle {
			margin: 0 auto;
		}
		.battle-log {
			margin: 7px auto 0;
			max-width: 640px;
			height: 300px;
			position: static;
		}
	}
	.optgroup {
		display: inline-block;
		line-height: 22px;
		font-size: 10pt;
	}
	.optgroup .button {
		height: 25px;
		padding-top: 0;
		padding-bottom: 0;
	}
	.optgroup button.button {
		padding-left: 12px;
		padding-right: 12px;
	}
	.linklist {
		list-style: none;
		margin: 0.5em 0;
		padding: 0;
	}
	.linklist li {
		padding: 2px 0;
	}
	.sidebar {
		float: left;
		width: 320px;
	}
	.bar-wrapper {
		max-width: 1100px;
		margin: 0 auto;
	}
	.bar-wrapper.has-sidebar {
		max-width: 1430px;
	}
	.mainbar {
		margin: 0;
		padding-right: 1px;
	}
	.mainbar.has-sidebar {
		margin-left: 330px;
	}
	@media (min-width: 1511px) {
		.sidebar {
			width: 400px;
		}
		.bar-wrapper.has-sidebar {
			max-width: 1510px;
		}
		.mainbar.has-sidebar {
			margin-left: 410px;
		}
	}
	.section.first-section {
		margin-top: 9px;
	}
	.blocklink small {
		white-space: normal;
	}
	.button {
		vertical-align: middle;
	}
	.replay-controls {
		padding-top: 10px;
	}
	.replay-controls h1 {
		font-size: 16pt;
		font-weight: normal;
		color: #CCC;
	}
	.pagelink {
		text-align: center;
	}
	.pagelink a {
		width: 150px;
	}
	.textbox, .button {
		font-size: 11pt;
		vertical-align: middle;
	}
	@media (max-width: 450px) {
		.button {
			font-size: 9pt;
		}
	}
</style>

<div>

	<header>
		<div class="nav-wrapper"><ul class="nav">
			<li><a class="button nav-first" href="//pokemonshowdown.com/"><img src="//pokemonshowdown.com/images/pokemonshowdownbeta.png" srcset="//pokemonshowdown.com/images/pokemonshowdownbeta.png 1x, //pokemonshowdown.com/images/pokemonshowdownbeta@2x.png 2x" alt="Pok&eacute;mon Showdown" width="146" height="44" /> Home</a></li>
			<li><a class="button" href="//pokemonshowdown.com/dex/">Pok&eacute;dex</a></li>
			<li><a class="button cur" href="/">Replays</a></li>
			<li><a class="button" href="//pokemonshowdown.com/ladder/">Ladder</a></li>
			<li><a class="button nav-last" href="//pokemonshowdown.com/forums/">Forum</a></li>
			<li><a class="button greenbutton nav-first nav-last" href="//play.pokemonshowdown.com/">Play</a></li>
		</ul></div>
	</header>

	<div class="main" id="main">

		<noscript><section class="section">You need to enable JavaScript to use this page; sorry!</section></noscript>

	</div>

</div>

<script defer nomodule src="//play.pokemonshowdown.com/js/lib/ps-polyfill.js"></script>
<script defer src="//play.pokemonshowdown.com/js/lib/preact.min.js"></script>

<script defer src="//play.pokemonshowdown.com/config/config.js?2bddbc15"></script>
<script defer src="//play.pokemonshowdown.com/js/lib/jquery-1.11.0.min.js"></script>
<script defer src="//play.pokemonshowdown.com/js/lib/html-sanitizer-minified.js"></script>
<script defer src="//play.pokemonshowdown.com/js/battle-sound.js"></script>
<script defer src="//play.pokemonshowdown.com/js/battledata.js?0.7209276989879541"></script>
<script defer src="//play.pokemonshowdown.com/data/pokedex-mini.js?0.6111056340867951"></script>
<script defer src="//play.pokemonshowdown.com/data/pokedex-mini-bw.js?0.3532142036491459"></script>
<script defer src="//play.pokemonshowdown.com/data/graphics.js?0.24223875632456182"></script>
<script defer src="//play.pokemonshowdown.com/data/pokedex.js?0.38839984266356864"></script>
<script defer src="//play.pokemonshowdown.com/data/moves.js?0.21866028504024015"></script>
<script defer src="//play.pokemonshowdown.com/data/abilities.js?0.2005157953846628"></script>
<script defer src="//play.pokemonshowdown.com/data/items.js?0.9894211263848525"></script>
<script defer src="//play.pokemonshowdown.com/data/teambuilder-tables.js?0.6008791140282215"></script>
<script defer src="//play.pokemonshowdown.com/js/battle-tooltips.js?0.7580118955022959"></script>
<script defer src="//play.pokemonshowdown.com/js/battle.js?0.6057722274234274"></script>

<script defer src="js/utils.js?e31f9a17"></script>
<script defer src="js/replays-battle.js?7008c182"></script>

<!-- don't scrape this data! just add .json or .log after the URL!
Full API docs: https://github.com/smogon/pokemon-showdown-client/blob/master/WEB-API.md -->
<script type="text/plain" class="log" id="replaylog-smogtours-gen3ou-798032">
|inactive|Battle timer is ON: inactive players will automatically lose when time's up.
|t:|1728830417
|gametype|singles
|player|p1|RevivalTyp|265|
|player|p2|crab person|flint|
|teamsize|p1|6
|teamsize|p2|6
|gen|3
|tier|[Gen 3] OU
|rule|Sleep Clause Mod: Limit one foe put to sleep
|rule|Switch Priority Clause Mod: Faster Pokémon switch first
|rule|Species Clause: Limit one of each Pokémon
|rule|OHKO Clause: OHKO moves are banned
|rule|Evasion Items Clause: Evasion items are banned
|rule|Evasion Moves Clause: Evasion moves are banned
|rule|Endless Battle Clause: Forcing endless battles is banned
|rule|HP Percentage Mod: HP is shown in percentages
|rule|One Boost Passer Clause: Limit one Baton Passer that has a way to boost its stats
|rule|Freeze Clause Mod: Limit one foe frozen
|
|t:|1728830417
|start
|switch|p1a: Metagross|Metagross|100/100
|switch|p2a: Lightning Chidori|Zapdos|100/100
|turn|1
|c|☆crab person|glhf
|c|☆RevivalTyp|have fun!
|inactive|crab person has 270 seconds left.
|
|t:|1728830448
|move|p2a: Lightning Chidori|Baton Pass|p2a: Lightning Chidori
|
|t:|1728830453
|switch|p2a: Divine Serpent Geh|Steelix, F|100/100|[from] Baton Pass
|move|p1a: Metagross|Explosion|p2a: Divine Serpent Geh
|-resisted|p2a: Divine Serpent Geh
|-damage|p2a: Divine Serpent Geh|24/100
|faint|p1a: Metagross
|
|t:|1728830477
|switch|p1a: Forretress|Forretress, M|100/100
|
|upkeep
|turn|2
|
|t:|1728830481
|move|p1a: Forretress|Spikes|p2a: Divine Serpent Geh
|-sidestart|p2: crab person|Spikes
|move|p2a: Divine Serpent Geh|Explosion|p1a: Forretress
|-resisted|p1a: Forretress
|-damage|p1a: Forretress|28/100
|faint|p2a: Divine Serpent Geh
|
|t:|1728830493
|switch|p2a: Gammaceil|Blastoise, M|100/100
|-damage|p2a: Gammaceil|88/100|[from] Spikes
|
|-heal|p2a: Gammaceil|94/100|[from] item: Leftovers
|-heal|p1a: Forretress|34/100|[from] item: Leftovers
|upkeep
|turn|3
|
|t:|1728830507
|switch|p1a: Gengar|Gengar, F|100/100
|move|p2a: Gammaceil|Surf|p1a: Gengar
|-damage|p1a: Gengar|37/100
|
|-heal|p1a: Gengar|43/100|[from] item: Leftovers
|-heal|p2a: Gammaceil|99/100|[from] item: Leftovers
|upkeep
|turn|4
|
|t:|1728830525
|switch|p1a: Snorlax|Snorlax, M|100/100
|move|p2a: Gammaceil|Surf|p1a: Snorlax
|-crit|p1a: Snorlax
|-damage|p1a: Snorlax|60/100
|
|-heal|p2a: Gammaceil|100/100|[from] item: Leftovers
|-heal|p1a: Snorlax|66/100|[from] item: Leftovers
|upkeep
|turn|5
|
|t:|1728830536
|switch|p2a: Simorgh|Skarmory, F|100/100
|move|p1a: Snorlax|Curse|p1a: Snorlax
|-unboost|p1a: Snorlax|spe|1
|-boost|p1a: Snorlax|atk|1
|-boost|p1a: Snorlax|def|1
|
|-heal|p1a: Snorlax|72/100|[from] item: Leftovers
|upkeep
|turn|6
|
|t:|1728830545
|move|p1a: Snorlax|Curse|p1a: Snorlax
|-unboost|p1a: Snorlax|spe|1
|-boost|p1a: Snorlax|atk|1
|-boost|p1a: Snorlax|def|1
|move|p2a: Simorgh|Roar|p1a: Snorlax
|drag|p1a: Gengar|Gengar, F|43/100
|
|-heal|p1a: Gengar|50/100|[from] item: Leftovers
|upkeep
|turn|7
|
|t:|1728830554
|switch|p2a: Marshmelon|Blissey, F|100/100
|-damage|p2a: Marshmelon|88/100|[from] Spikes
|move|p1a: Gengar|Thunderbolt|p2a: Marshmelon
|-damage|p2a: Marshmelon|77/100
|
|-heal|p1a: Gengar|56/100|[from] item: Leftovers
|-heal|p2a: Marshmelon|83/100|[from] item: Leftovers
|upkeep
|turn|8
|
|t:|1728830572
|switch|p1a: Snorlax|Snorlax, M|72/100
|move|p2a: Marshmelon|Thunderbolt|p1a: Snorlax
|-damage|p1a: Snorlax|62/100
|
|-heal|p2a: Marshmelon|89/100|[from] item: Leftovers
|-heal|p1a: Snorlax|68/100|[from] item: Leftovers
|upkeep
|turn|9
|
|t:|1728830580
|switch|p2a: Simorgh|Skarmory, F|100/100
|move|p1a: Snorlax|Curse|p1a: Snorlax
|-unboost|p1a: Snorlax|spe|1
|-boost|p1a: Snorlax|atk|1
|-boost|p1a: Snorlax|def|1
|
|-heal|p1a: Snorlax|74/100|[from] item: Leftovers
|upkeep
|turn|10
|
|t:|1728830589
|move|p2a: Simorgh|Spikes|p1a: Snorlax
|-sidestart|p1: RevivalTyp|Spikes
|move|p1a: Snorlax|Curse|p1a: Snorlax
|-unboost|p1a: Snorlax|spe|1
|-boost|p1a: Snorlax|atk|1
|-boost|p1a: Snorlax|def|1
|
|-heal|p1a: Snorlax|80/100|[from] item: Leftovers
|upkeep
|turn|11
|
|t:|1728830599
|move|p1a: Snorlax|Shadow Ball|p2a: Simorgh
|-resisted|p2a: Simorgh
|-damage|p2a: Simorgh|82/100
|move|p2a: Simorgh|Roar|p1a: Snorlax
|drag|p1a: Aerodactyl|Aerodactyl, M|100/100
|
|-heal|p2a: Simorgh|89/100|[from] item: Leftovers
|upkeep
|turn|12
|
|t:|1728830608
|move|p1a: Aerodactyl|Rock Slide|p2a: Simorgh
|-damage|p2a: Simorgh|54/100
|move|p2a: Simorgh|Roar|p1a: Aerodactyl
|drag|p1a: Claydol|Claydol|100/100
|
|-heal|p2a: Simorgh|60/100|[from] item: Leftovers
|upkeep
|turn|13
|
|t:|1728830617
|move|p2a: Simorgh|Protect|p2a: Simorgh
|-singleturn|p2a: Simorgh|Protect
|move|p1a: Claydol|Rapid Spin|p2a: Simorgh
|-activate|p2a: Simorgh|Protect
|
|-heal|p2a: Simorgh|66/100|[from] item: Leftovers
|upkeep
|turn|14
|
|t:|1728830624
|switch|p2a: Gammaceil|Blastoise, M|100/100
|-damage|p2a: Gammaceil|88/100|[from] Spikes
|move|p1a: Claydol|Rapid Spin|p2a: Gammaceil
|-damage|p2a: Gammaceil|83/100
|-sideend|p1: RevivalTyp|Spikes|[from] move: Rapid Spin|[of] p1a: Claydol
|
|-heal|p2a: Gammaceil|89/100|[from] item: Leftovers
|upkeep
|turn|15
|
|t:|1728830635
|move|p2a: Gammaceil|Surf|p1a: Claydol
|-supereffective|p1a: Claydol
|-damage|p1a: Claydol|35/100
|move|p1a: Claydol|Explosion|p2a: Gammaceil
|-damage|p2a: Gammaceil|0 fnt
|faint|p1a: Claydol
|faint|p2a: Gammaceil
|
|t:|1728830648
|switch|p2a: Lightning Chidori|Zapdos|100/100
|switch|p1a: Snorlax|Snorlax, M|80/100
|
|-heal|p1a: Snorlax|86/100|[from] item: Leftovers
|upkeep
|turn|16
|
|t:|1728830655
|move|p2a: Lightning Chidori|Hidden Power|p1a: Snorlax
|-supereffective|p1a: Snorlax
|-damage|p1a: Snorlax|34/100
|move|p1a: Snorlax|Curse|p1a: Snorlax
|-unboost|p1a: Snorlax|spe|1
|-boost|p1a: Snorlax|atk|1
|-boost|p1a: Snorlax|def|1
|
|-heal|p1a: Snorlax|40/100|[from] item: Leftovers
|upkeep
|turn|17
|
|t:|1728830670
|move|p2a: Lightning Chidori|Hidden Power|p1a: Snorlax
|-supereffective|p1a: Snorlax
|-damage|p1a: Snorlax|4/100
|move|p1a: Snorlax|Self-Destruct|p2a: Lightning Chidori
|-crit|p2a: Lightning Chidori
|-damage|p2a: Lightning Chidori|0 fnt
|faint|p1a: Snorlax
|faint|p2a: Lightning Chidori
|c|☆crab person|how many booms
|
|t:|1728830682
|switch|p2a: Sting Lancer|Flygon, M|100/100
|switch|p1a: Aerodactyl|Aerodactyl, M|100/100
|
|upkeep
|turn|18
|
|t:|1728830707
|switch|p1a: Forretress|Forretress, M|34/100
|move|p2a: Sting Lancer|Rock Slide|p1a: Forretress
|-damage|p1a: Forretress|10/100
|
|-heal|p1a: Forretress|16/100|[from] item: Leftovers
|upkeep
|turn|19
|
|t:|1728830716
|move|p2a: Sting Lancer|Rock Slide|p1a: Forretress
|-damage|p1a: Forretress|0 fnt
|faint|p1a: Forretress
|
|t:|1728830721
|switch|p1a: Gengar|Gengar, F|56/100
|
|-heal|p1a: Gengar|62/100|[from] item: Leftovers
|upkeep
|turn|20
|
|t:|1728830727
|switch|p2a: Marshmelon|Blissey, F|89/100
|-damage|p2a: Marshmelon|77/100|[from] Spikes
|move|p1a: Gengar|Ice Punch|p2a: Marshmelon
|-damage|p2a: Marshmelon|69/100
|
|-heal|p1a: Gengar|68/100|[from] item: Leftovers
|-heal|p2a: Marshmelon|75/100|[from] item: Leftovers
|upkeep
|turn|21
|
|t:|1728830752
|move|p1a: Gengar|Ice Punch|p2a: Marshmelon
|-damage|p2a: Marshmelon|66/100
|move|p2a: Marshmelon|Thunderbolt|p1a: Gengar
|-damage|p1a: Gengar|39/100
|
|-heal|p1a: Gengar|45/100|[from] item: Leftovers
|-heal|p2a: Marshmelon|72/100|[from] item: Leftovers
|upkeep
|turn|22
|
|t:|1728830765
|move|p1a: Gengar|Ice Punch|p2a: Marshmelon
|-damage|p2a: Marshmelon|63/100
|move|p2a: Marshmelon|Calm Mind|p2a: Marshmelon
|-boost|p2a: Marshmelon|spa|1
|-boost|p2a: Marshmelon|spd|1
|
|-heal|p1a: Gengar|51/100|[from] item: Leftovers
|-heal|p2a: Marshmelon|69/100|[from] item: Leftovers
|upkeep
|turn|23
|
|t:|1728830776
|move|p1a: Gengar|Ice Punch|p2a: Marshmelon
|-damage|p2a: Marshmelon|64/100
|move|p2a: Marshmelon|Thunderbolt|p1a: Gengar
|-damage|p1a: Gengar|3/100
|-status|p1a: Gengar|par
|
|-heal|p2a: Marshmelon|70/100|[from] item: Leftovers
|-heal|p1a: Gengar|9/100 par|[from] item: Leftovers
|upkeep
|turn|24
|
|t:|1728830786
|move|p2a: Marshmelon|Thunderbolt|p1a: Gengar
|-damage|p1a: Gengar|0 fnt
|faint|p1a: Gengar
|
|t:|1728830790
|switch|p1a: Aerodactyl|Aerodactyl, M|100/100
|
|-heal|p2a: Marshmelon|76/100|[from] item: Leftovers
|upkeep
|turn|25
|
|t:|1728830798
|move|p1a: Aerodactyl|Rock Slide|p2a: Marshmelon
|-damage|p2a: Marshmelon|24/100
|move|p2a: Marshmelon|Thunderbolt|p1a: Aerodactyl
|-supereffective|p1a: Aerodactyl
|-damage|p1a: Aerodactyl|19/100
|
|-heal|p2a: Marshmelon|30/100|[from] item: Leftovers
|upkeep
|turn|26
|
|t:|1728830806
|move|p1a: Aerodactyl|Rock Slide|p2a: Marshmelon
|-damage|p2a: Marshmelon|0 fnt
|faint|p2a: Marshmelon
|
|t:|1728830809
|switch|p2a: Simorgh|Skarmory, F|66/100
|
|-heal|p2a: Simorgh|73/100|[from] item: Leftovers
|upkeep
|turn|27
|
|t:|1728830813
|move|p2a: Simorgh|Protect|p2a: Simorgh
|-singleturn|p2a: Simorgh|Protect
|move|p1a: Aerodactyl|Rock Slide|p2a: Simorgh
|-activate|p2a: Simorgh|Protect
|
|-heal|p2a: Simorgh|79/100|[from] item: Leftovers
|upkeep
|turn|28
|
|t:|1728830821
|move|p1a: Aerodactyl|Rock Slide|p2a: Simorgh
|-damage|p2a: Simorgh|43/100
|move|p2a: Simorgh|Toxic|p1a: Aerodactyl
|-status|p1a: Aerodactyl|tox
|
|-damage|p1a: Aerodactyl|13/100 tox|[from] psn
|-heal|p2a: Simorgh|49/100|[from] item: Leftovers
|upkeep
|turn|29
|
|t:|1728830830
|move|p2a: Simorgh|Protect|p2a: Simorgh
|-singleturn|p2a: Simorgh|Protect
|move|p1a: Aerodactyl|Rock Slide|p2a: Simorgh
|-activate|p2a: Simorgh|Protect
|
|-damage|p1a: Aerodactyl|1/100 tox|[from] psn
|-heal|p2a: Simorgh|56/100|[from] item: Leftovers
|upkeep
|turn|30
|
|t:|1728830838
|move|p2a: Simorgh|Protect||[still]
|-fail|p2a: Simorgh
|move|p1a: Aerodactyl|Rock Slide|p2a: Simorgh
|-damage|p2a: Simorgh|18/100
|
|-damage|p1a: Aerodactyl|0 fnt|[from] psn
|faint|p1a: Aerodactyl
|
|win|crab person
|upkeep
|c|☆RevivalTyp|gg
|player|p1|
|c|☆crab person|gg

</script>
<script type="application/json" class="data" id="replaydata-smogtours-gen3ou-798032">
{"id":"smogtours-gen3ou-798032","format":"[Gen 3] OU","players":["RevivalTyp","crab person"],"uploadtime":1728830838,"views":102,"formatid":"gen3ou","rating":null,"private":0,"password":null}
</script>

<script defer src="js/replays.js?9d40a366"></script>
