<!DOCTYPE html>
<meta charset="utf-8" />
<meta name="viewport" content="width=device-width" />

<title>[Gen 3] OU: B.B.H00D vs. prof clue - Replays - Pok&eacute;mon Showdown!</title>

<meta name="description" content="Watch a replay of a Pok&eacute;mon battle between B.B.H00D and prof clue! Format: [Gen 3] OU; Date: Oct 2, 2024" />
<!--

Hey, you! Looking in the source for the replay log?

You can find them in JSON format, just add `.json` at the end of a replay URL.

https://replay.pokemonshowdown.com/gen7randomdoublesbattle-865046831.json

Or, if you only need the log itself, add `.log` instead:

https://replay.pokemonshowdown.com/gen7randomdoublesbattle-865046831.log

-->

<link rel="stylesheet" href="//pokemonshowdown.com/style/global.css?0.023195364461161105" />
<link rel="stylesheet" href="//play.pokemonshowdown.com/style/font-awesome.css?0.13261647063804238" />
<link rel="stylesheet" href="//play.pokemonshowdown.com/style/battle.css?0.8753245789963631" />
<link rel="stylesheet" href="//play.pokemonshowdown.com/style/utilichart.css?0.8627959624976733" />

<!-- Global site tag (gtag.js) - Google Analytics -->
<script async src="https://www.googletagmanager.com/gtag/js?id=UA-26211653-1"></script>
<script>
  window.dataLayer = window.dataLayer || [];
  function gtag(){dataLayer.push(arguments);}
  gtag('js', new Date());

  gtag('config', 'UA-26211653-1');
</script>
<!-- End Google Analytics -->
<!-- Venatus Ad Manager - Install in <HEAD> of page -->
	<script src="https://hb.vntsm.com/v3/live/ad-manager.min.js" type="text/javascript" data-site-id="642aba63ec9a7b11c3c9c1be" data-mode="scan" async></script>
<!-- / Venatus Ad Manager -->

<style>
	@media (max-width:820px) {
		.battle {
			margin: 0 auto;
		}
		.battle-log {
			margin: 7px auto 0;
			max-width: 640px;
			height: 300px;
			position: static;
		}
	}
	.optgroup {
		display: inline-block;
		line-height: 22px;
		font-size: 10pt;
	}
	.optgroup .button {
		height: 25px;
		padding-top: 0;
		padding-bottom: 0;
	}
	.optgroup button.button {
		padding-left: 12px;
		padding-right: 12px;
	}
	.linklist {
		list-style: none;
		margin: 0.5em 0;
		padding: 0;
	}
	.linklist li {
		padding: 2px 0;
	}
	.sidebar {
		float: left;
		width: 320px;
	}
	.bar-wrapper {
		max-width: 1100px;
		margin: 0 auto;
	}
	.bar-wrapper.has-sidebar {
		max-width: 1430px;
	}
	.mainbar {
		margin: 0;
		padding-right: 1px;
	}
	.mainbar.has-sidebar {
		margin-left: 330px;
	}
	@media (min-width: 1511px) {
		.sidebar {
			width: 400px;
		}
		.bar-wrapper.has-sidebar {
			max-width: 1510px;
		}
		.mainbar.has-sidebar {
			margin-left: 410px;
		}
	}
	.section.first-section {
		margin-top: 9px;
	}
	.blocklink small {
		white-space: normal;
	}
	.button {
		vertical-align: middle;
	}
	.replay-controls {
		padding-top: 10px;
	}
	.replay-controls h1 {
		font-size: 16pt;
		font-weight: normal;
		color: #CCC;
	}
	.pagelink {
		text-align: center;
	}
	.pagelink a {
		width: 150px;
	}
	.textbox, .button {
		font-size: 11pt;
		vertical-align: middle;
	}
	@media (max-width: 450px) {
		.button {
			font-size: 9pt;
		}
	}
</style>

<div>

	<header>
		<div class="nav-wrapper"><ul class="nav">
			<li><a class="button nav-first" href="//pokemonshowdown.com/"><img src="//pokemonshowdown.com/images/pokemonshowdownbeta.png" srcset="//pokemonshowdown.com/images/pokemonshowdownbeta.png 1x, //pokemonshowdown.com/images/pokemonshowdownbeta@2x.png 2x" alt="Pok&eacute;mon Showdown" width="146" height="44" /> Home</a></li>
			<li><a class="button" href="//pokemonshowdown.com/dex/">Pok&eacute;dex</a></li>
			<li><a class="button cur" href="/">Replays</a></li>
			<li><a class="button" href="//pokemonshowdown.com/ladder/">Ladder</a></li>
			<li><a class="button nav-last" href="//pokemonshowdown.com/forums/">Forum</a></li>
			<li><a class="button greenbutton nav-first nav-last" href="//play.pokemonshowdown.com/">Play</a></li>
		</ul></div>
	</header>

	<div class="main" id="main">

		<noscript><section class="section">You need to enable JavaScript to use this page; sorry!</section></noscript>

	</div>

</div>

<script defer nomodule src="//play.pokemonshowdown.com/js/lib/ps-polyfill.js"></script>
<script defer src="//play.pokemonshowdown.com/js/lib/preact.min.js"></script>

<script defer src="//play.pokemonshowdown.com/config/config.js?2bddbc15"></script>
<script defer src="//play.pokemonshowdown.com/js/lib/jquery-1.11.0.min.js"></script>
<script defer src="//play.pokemonshowdown.com/js/lib/html-sanitizer-minified.js"></script>
<script defer src="//play.pokemonshowdown.com/js/battle-sound.js"></script>
<script defer src="//play.pokemonshowdown.com/js/battledata.js?0.7209276989879541"></script>
<script defer src="//play.pokemonshowdown.com/data/pokedex-mini.js?0.6111056340867951"></script>
<script defer src="//play.pokemonshowdown.com/data/pokedex-mini-bw.js?0.3532142036491459"></script>
<script defer src="//play.pokemonshowdown.com/data/graphics.js?0.24223875632456182"></script>
<script defer src="//play.pokemonshowdown.com/data/pokedex.js?0.38839984266356864"></script>
<script defer src="//play.pokemonshowdown.com/data/moves.js?0.21866028504024015"></script>
<script defer src="//play.pokemonshowdown.com/data/abilities.js?0.2005157953846628"></script>
<script defer src="//play.pokemonshowdown.com/data/items.js?0.9894211263848525"></script>
<script defer src="//play.pokemonshowdown.com/data/teambuilder-tables.js?0.6008791140282215"></script>
<script defer src="//play.pokemonshowdown.com/js/battle-tooltips.js?0.7580118955022959"></script>
<script defer src="//play.pokemonshowdown.com/js/battle.js?0.6057722274234274"></script>

<script defer src="js/utils.js?e31f9a17"></script>
<script defer src="js/replays-battle.js?7008c182"></script>

<!-- don't scrape this data! just add .json or .log after the URL!
Full API docs: https://github.com/smogon/pokemon-showdown-client/blob/master/WEB-API.md -->
<script type="text/plain" class="log" id="replaylog-smogtours-gen3ou-793871">
|inactive|Battle timer is ON: inactive players will automatically lose when time's up.
|t:|1727828453
|gametype|singles
|player|p1|B.B.H00D|channeler-gen1rb|
|player|p2|prof clue|ruinmaniac-gen3rs|
|teamsize|p1|6
|teamsize|p2|6
|gen|3
|tier|[Gen 3] OU
|rule|Sleep Clause Mod: Limit one foe put to sleep
|rule|Switch Priority Clause Mod: Faster Pokémon switch first
|rule|Species Clause: Limit one of each Pokémon
|rule|OHKO Clause: OHKO moves are banned
|rule|Evasion Items Clause: Evasion items are banned
|rule|Evasion Moves Clause: Evasion moves are banned
|rule|Endless Battle Clause: Forcing endless battles is banned
|rule|HP Percentage Mod: HP is shown in percentages
|rule|One Boost Passer Clause: Limit one Baton Passer that has a way to boost its stats
|rule|Freeze Clause Mod: Limit one foe frozen
|
|t:|1727828453
|start
|switch|p1a: Tyranitar|Tyranitar, M|100/100
|switch|p2a: tired|Metagross|100/100
|-weather|Sandstorm|[from] ability: Sand Stream|[of] p1a: Tyranitar
|turn|1
|
|t:|1727828477
|switch|p1a: Swampert|Swampert, F|100/100
|move|p2a: tired|Meteor Mash|p1a: Swampert
|-resisted|p1a: Swampert
|-damage|p1a: Swampert|80/100
|
|-weather|Sandstorm|[upkeep]
|-heal|p1a: Swampert|87/100|[from] item: Leftovers
|upkeep
|turn|2
|c|☆prof clue|gl, last was fun
|c|☆B.B.H00D|gl
|
|t:|1727828494
|switch|p2a: spring|Celebi|100/100
|move|p1a: Swampert|Surf|p2a: spring
|-resisted|p2a: spring
|-damage|p2a: spring|89/100
|
|-weather|Sandstorm|[upkeep]
|-damage|p2a: spring|83/100|[from] Sandstorm
|-heal|p2a: spring|89/100|[from] item: Leftovers
|-heal|p1a: Swampert|93/100|[from] item: Leftovers
|upkeep
|turn|3
|
|t:|1727828504
|switch|p1a: Zapdos|Zapdos|100/100
|move|p2a: spring|Swords Dance|p2a: spring
|-boost|p2a: spring|atk|2
|
|-weather|Sandstorm|[upkeep]
|-damage|p2a: spring|83/100|[from] Sandstorm
|-damage|p1a: Zapdos|94/100|[from] Sandstorm
|-heal|p2a: spring|89/100|[from] item: Leftovers
|-heal|p1a: Zapdos|100/100|[from] item: Leftovers
|upkeep
|turn|4
|
|t:|1727828514
|move|p2a: spring|Hidden Power|p1a: Zapdos
|-supereffective|p1a: Zapdos
|-damage|p1a: Zapdos|9/100
|move|p1a: Zapdos|Agility|p1a: Zapdos
|-boost|p1a: Zapdos|spe|2
|
|-weather|Sandstorm|[upkeep]
|-damage|p1a: Zapdos|3/100|[from] Sandstorm
|-damage|p2a: spring|83/100|[from] Sandstorm
|-heal|p1a: Zapdos|9/100|[from] item: Leftovers
|-heal|p2a: spring|89/100|[from] item: Leftovers
|upkeep
|turn|5
|
|t:|1727828531
|switch|p2a: pattern|Magneton|100/100
|move|p1a: Zapdos|Drill Peck|p2a: pattern
|-resisted|p2a: pattern
|-damage|p2a: pattern|89/100
|
|-weather|Sandstorm|[upkeep]
|-damage|p1a: Zapdos|3/100|[from] Sandstorm
|-heal|p1a: Zapdos|9/100|[from] item: Leftovers
|-heal|p2a: pattern|95/100|[from] item: Leftovers
|upkeep
|turn|6
|
|t:|1727828555
|switch|p1a: Swampert|Swampert, F|93/100
|move|p2a: pattern|Thunder Wave|p1a: Swampert
|-immune|p1a: Swampert
|
|-weather|Sandstorm|[upkeep]
|-heal|p2a: pattern|100/100|[from] item: Leftovers
|-heal|p1a: Swampert|99/100|[from] item: Leftovers
|upkeep
|turn|7
|inactive|B.B.H00D has 270 seconds left.
|
|t:|1727828584
|switch|p2a: think again|Salamence, F|100/100
|-ability|p2a: think again|Intimidate|boost
|-unboost|p1a: Swampert|atk|1
|move|p1a: Swampert|Protect||[still]
|-fail|p1a: Swampert
|
|-weather|Sandstorm|[upkeep]
|-damage|p2a: think again|94/100|[from] Sandstorm
|-heal|p1a: Swampert|100/100|[from] item: Leftovers
|upkeep
|turn|8
|inactive|B.B.H00D has 270 seconds left.
|inactive|prof clue has 270 seconds left.
|
|t:|1727828602
|switch|p2a: pinhead|Milotic, M|100/100
|move|p1a: Swampert|Ice Beam|p2a: pinhead
|-resisted|p2a: pinhead
|-damage|p2a: pinhead|94/100
|
|-weather|Sandstorm|[upkeep]
|-damage|p2a: pinhead|88/100|[from] Sandstorm
|-heal|p2a: pinhead|94/100|[from] item: Leftovers
|upkeep
|turn|9
|inactive|B.B.H00D has 270 seconds left.
|inactive|prof clue has 270 seconds left.
|
|t:|1727828618
|switch|p1a: Skarmory|Skarmory, F|100/100
|move|p2a: pinhead|Surf|p1a: Skarmory
|-crit|p1a: Skarmory
|-damage|p1a: Skarmory|40/100
|
|-weather|Sandstorm|[upkeep]
|-damage|p2a: pinhead|88/100|[from] Sandstorm
|-heal|p2a: pinhead|94/100|[from] item: Leftovers
|-heal|p1a: Skarmory|46/100|[from] item: Leftovers
|upkeep
|turn|10
|inactive|prof clue has 270 seconds left.
|
|t:|1727828637
|switch|p2a: pattern|Magneton|100/100
|switch|p1a: Jolteon|Jolteon, F|100/100
|
|-weather|Sandstorm|[upkeep]
|-damage|p1a: Jolteon|94/100|[from] Sandstorm
|-heal|p1a: Jolteon|100/100|[from] item: Leftovers
|upkeep
|turn|11
|
|t:|1727828646
|move|p1a: Jolteon|Baton Pass|p1a: Jolteon
|
|t:|1727828648
|switch|p1a: Swampert|Swampert, F|100/100|[from] Baton Pass
|move|p2a: pattern|Thunder Wave|p1a: Swampert
|-immune|p1a: Swampert
|
|-weather|Sandstorm|[upkeep]
|upkeep
|turn|12
|
|t:|1727828663
|-singleturn|p1a: Swampert|move: Focus Punch
|switch|p2a: tired|Metagross|100/100
|move|p1a: Swampert|Focus Punch|p2a: tired
|-damage|p2a: tired|70/100
|
|-weather|Sandstorm|[upkeep]
|-heal|p2a: tired|76/100|[from] item: Leftovers
|upkeep
|turn|13
|
|t:|1727828676
|move|p2a: tired|Explosion|p1a: Swampert
|-damage|p1a: Swampert|0 fnt
|faint|p2a: tired
|faint|p1a: Swampert
|inactive|B.B.H00D has 270 seconds left.
|inactive|prof clue has 270 seconds left.
|
|t:|1727828701
|switch|p2a: pattern|Magneton|100/100
|switch|p1a: Jolteon|Jolteon, F|100/100
|
|-weather|Sandstorm|[upkeep]
|-damage|p1a: Jolteon|94/100|[from] Sandstorm
|-heal|p1a: Jolteon|100/100|[from] item: Leftovers
|upkeep
|turn|14
|inactive|B.B.H00D has 270 seconds left.
|inactive|prof clue has 270 seconds left.
|inactive|B.B.H00D has 240 seconds left.
|
|t:|1727828742
|move|p1a: Jolteon|Thunderbolt|p2a: pattern
|-resisted|p2a: pattern
|-damage|p2a: pattern|67/100
|move|p2a: pattern|Thunder Wave|p1a: Jolteon
|-status|p1a: Jolteon|par
|
|-weather|Sandstorm|[upkeep]
|-damage|p1a: Jolteon|94/100 par|[from] Sandstorm
|-heal|p2a: pattern|73/100|[from] item: Leftovers
|-heal|p1a: Jolteon|100/100 par|[from] item: Leftovers
|upkeep
|turn|15
|inactive|B.B.H00D has 240 seconds left.
|inactive|prof clue has 270 seconds left.
|
|t:|1727828768
|switch|p2a: spring|Celebi|89/100
|move|p1a: Jolteon|Thunderbolt|p2a: spring
|-resisted|p2a: spring
|-damage|p2a: spring|69/100
|
|-weather|Sandstorm|[upkeep]
|-damage|p2a: spring|63/100|[from] Sandstorm
|-damage|p1a: Jolteon|94/100 par|[from] Sandstorm
|-heal|p2a: spring|69/100|[from] item: Leftovers
|-heal|p1a: Jolteon|100/100 par|[from] item: Leftovers
|upkeep
|turn|16
|
|t:|1727828782
|move|p2a: spring|Recover|p2a: spring
|-heal|p2a: spring|100/100
|move|p1a: Jolteon|Roar|p2a: spring
|drag|p2a: pattern|Magneton|73/100
|
|-weather|Sandstorm|[upkeep]
|-damage|p1a: Jolteon|94/100 par|[from] Sandstorm
|-heal|p2a: pattern|80/100|[from] item: Leftovers
|-heal|p1a: Jolteon|100/100 par|[from] item: Leftovers
|upkeep
|turn|17
|
|t:|1727828807
|switch|p2a: spring|Celebi|100/100
|move|p1a: Jolteon|Thunderbolt|p2a: spring
|-resisted|p2a: spring
|-damage|p2a: spring|82/100
|
|-weather|Sandstorm|[upkeep]
|-damage|p2a: spring|75/100|[from] Sandstorm
|-damage|p1a: Jolteon|94/100 par|[from] Sandstorm
|-heal|p2a: spring|82/100|[from] item: Leftovers
|-heal|p1a: Jolteon|100/100 par|[from] item: Leftovers
|upkeep
|turn|18
|
|t:|1727828818
|move|p2a: spring|Swords Dance|p2a: spring
|-boost|p2a: spring|atk|2
|cant|p1a: Jolteon|par
|
|-weather|Sandstorm|[upkeep]
|-damage|p2a: spring|75/100|[from] Sandstorm
|-damage|p1a: Jolteon|94/100 par|[from] Sandstorm
|-heal|p2a: spring|82/100|[from] item: Leftovers
|-heal|p1a: Jolteon|100/100 par|[from] item: Leftovers
|upkeep
|turn|19
|
|t:|1727828828
|move|p2a: spring|Swords Dance|p2a: spring
|-boost|p2a: spring|atk|2
|move|p1a: Jolteon|Roar|p2a: spring
|drag|p2a: let's dance|Heracross, M, shiny|100/100
|
|-weather|Sandstorm|[upkeep]
|-damage|p2a: let's dance|94/100|[from] Sandstorm
|-damage|p1a: Jolteon|94/100 par|[from] Sandstorm
|-heal|p2a: let's dance|100/100|[from] item: Leftovers
|-heal|p1a: Jolteon|100/100 par|[from] item: Leftovers
|upkeep
|turn|20
|inactive|B.B.H00D has 270 seconds left.
|inactive|prof clue has 240 seconds left.
|
|t:|1727828862
|switch|p1a: Skarmory|Skarmory, F|46/100
|move|p2a: let's dance|Rock Slide|p1a: Skarmory|[miss]
|-miss|p2a: let's dance|p1a: Skarmory
|
|-weather|Sandstorm|[upkeep]
|-damage|p2a: let's dance|94/100|[from] Sandstorm
|-heal|p2a: let's dance|100/100|[from] item: Leftovers
|-heal|p1a: Skarmory|52/100|[from] item: Leftovers
|upkeep
|turn|21
|inactive|prof clue has 240 seconds left.
|
|t:|1727828894
|switch|p2a: pattern|Magneton|80/100
|move|p1a: Skarmory|Roar|p2a: pattern
|drag|p2a: spring|Celebi|82/100
|
|-weather|Sandstorm|[upkeep]
|-damage|p2a: spring|75/100|[from] Sandstorm
|-heal|p2a: spring|82/100|[from] item: Leftovers
|-heal|p1a: Skarmory|59/100|[from] item: Leftovers
|upkeep
|turn|22
|
|t:|1727828906
|switch|p2a: pattern|Magneton|80/100
|move|p1a: Skarmory|Roar|p2a: pattern
|drag|p2a: let's dance|Heracross, M, shiny|100/100
|
|-weather|Sandstorm|[upkeep]
|-damage|p2a: let's dance|94/100|[from] Sandstorm
|-heal|p2a: let's dance|100/100|[from] item: Leftovers
|-heal|p1a: Skarmory|65/100|[from] item: Leftovers
|upkeep
|turn|23
|
|t:|1727828917
|switch|p2a: pattern|Magneton|80/100
|move|p1a: Skarmory|Roar|p2a: pattern
|drag|p2a: let's dance|Heracross, M, shiny|100/100
|
|-weather|Sandstorm|[upkeep]
|-damage|p2a: let's dance|94/100|[from] Sandstorm
|-heal|p2a: let's dance|100/100|[from] item: Leftovers
|-heal|p1a: Skarmory|71/100|[from] item: Leftovers
|upkeep
|turn|24
|
|t:|1727828927
|switch|p2a: pattern|Magneton|80/100
|move|p1a: Skarmory|Roar|p2a: pattern
|drag|p2a: pinhead|Milotic, M|94/100
|
|-weather|Sandstorm|[upkeep]
|-damage|p2a: pinhead|88/100|[from] Sandstorm
|-heal|p2a: pinhead|94/100|[from] item: Leftovers
|-heal|p1a: Skarmory|77/100|[from] item: Leftovers
|upkeep
|turn|25
|
|t:|1727828938
|switch|p2a: pattern|Magneton|80/100
|switch|p1a: Jolteon|Jolteon, F|100/100 par
|
|-weather|Sandstorm|[upkeep]
|-damage|p1a: Jolteon|94/100 par|[from] Sandstorm
|-heal|p2a: pattern|86/100|[from] item: Leftovers
|-heal|p1a: Jolteon|100/100 par|[from] item: Leftovers
|upkeep
|turn|26
|inactive|B.B.H00D has 270 seconds left.
|inactive|prof clue has 210 seconds left.
|
|t:|1727828965
|switch|p2a: spring|Celebi|82/100
|move|p1a: Jolteon|Baton Pass|p1a: Jolteon
|inactive|B.B.H00D has 270 seconds left.
|
|t:|1727828980
|switch|p1a: Banette|Banette, F|100/100|[from] Baton Pass
|
|-weather|Sandstorm|[upkeep]
|-damage|p2a: spring|75/100|[from] Sandstorm
|-damage|p1a: Banette|95/100|[from] Sandstorm
|-heal|p2a: spring|82/100|[from] item: Leftovers
|-heal|p1a: Banette|100/100|[from] item: Leftovers
|upkeep
|turn|27
|inactive|B.B.H00D has 270 seconds left.
|
|t:|1727828989
|switch|p2a: think again|Salamence, F|94/100
|-ability|p2a: think again|Intimidate|boost
|-unboost|p1a: Banette|atk|1
|move|p1a: Banette|Will-O-Wisp|p2a: think again
|-status|p2a: think again|brn
|
|-weather|Sandstorm|[upkeep]
|-damage|p2a: think again|88/100 brn|[from] Sandstorm
|-damage|p1a: Banette|95/100|[from] Sandstorm
|-damage|p2a: think again|76/100 brn|[from] brn
|-heal|p1a: Banette|100/100|[from] item: Leftovers
|upkeep
|turn|28
|inactive|B.B.H00D has 270 seconds left.
|inactive|prof clue has 210 seconds left.
|
|t:|1727829011
|switch|p1a: Zapdos|Zapdos|9/100
|move|p2a: think again|Rock Slide|p1a: Zapdos
|-supereffective|p1a: Zapdos
|-damage|p1a: Zapdos|0 fnt
|faint|p1a: Zapdos
|
|t:|1727829021
|switch|p1a: Skarmory|Skarmory, F|77/100
|
|-weather|Sandstorm|[upkeep]
|-damage|p2a: think again|70/100 brn|[from] Sandstorm
|-damage|p2a: think again|58/100 brn|[from] brn
|-heal|p1a: Skarmory|83/100|[from] item: Leftovers
|upkeep
|turn|29
|
|t:|1727829030
|switch|p2a: pattern|Magneton|86/100
|move|p1a: Skarmory|Roar|p2a: pattern
|drag|p2a: spring|Celebi|82/100
|
|-weather|Sandstorm|[upkeep]
|-damage|p2a: spring|75/100|[from] Sandstorm
|-heal|p2a: spring|82/100|[from] item: Leftovers
|-heal|p1a: Skarmory|89/100|[from] item: Leftovers
|upkeep
|turn|30
|
|t:|1727829039
|switch|p2a: pattern|Magneton|86/100
|move|p1a: Skarmory|Roar|p2a: pattern
|drag|p2a: think again|Salamence, F|58/100 brn
|-ability|p2a: think again|Intimidate|boost
|-unboost|p1a: Skarmory|atk|1
|
|-weather|Sandstorm|[upkeep]
|-damage|p2a: think again|52/100 brn|[from] Sandstorm
|-damage|p2a: think again|39/100 brn|[from] brn
|-heal|p1a: Skarmory|95/100|[from] item: Leftovers
|upkeep
|turn|31
|
|t:|1727829053
|switch|p2a: pattern|Magneton|86/100
|move|p1a: Skarmory|Roar|p2a: pattern
|drag|p2a: spring|Celebi|82/100
|
|-weather|Sandstorm|[upkeep]
|-damage|p2a: spring|75/100|[from] Sandstorm
|-heal|p2a: spring|82/100|[from] item: Leftovers
|-heal|p1a: Skarmory|100/100|[from] item: Leftovers
|upkeep
|turn|32
|inactive|prof clue has 210 seconds left.
|
|t:|1727829075
|move|p2a: spring|Hidden Power|p1a: Skarmory
|-damage|p1a: Skarmory|87/100
|move|p1a: Skarmory|Roar|p2a: spring
|drag|p2a: think again|Salamence, F|39/100 brn
|-ability|p2a: think again|Intimidate|boost
|-unboost|p1a: Skarmory|atk|1
|
|-weather|Sandstorm|[upkeep]
|-damage|p2a: think again|33/100 brn|[from] Sandstorm
|-damage|p2a: think again|21/100 brn|[from] brn
|-heal|p1a: Skarmory|93/100|[from] item: Leftovers
|upkeep
|turn|33
|inactive|prof clue has 210 seconds left.
|
|t:|1727829086
|switch|p2a: pattern|Magneton|86/100
|move|p1a: Skarmory|Roar|p2a: pattern
|drag|p2a: let's dance|Heracross, M, shiny|100/100
|
|-weather|Sandstorm|[upkeep]
|-damage|p2a: let's dance|94/100|[from] Sandstorm
|-heal|p2a: let's dance|100/100|[from] item: Leftovers
|-heal|p1a: Skarmory|99/100|[from] item: Leftovers
|upkeep
|turn|34
|inactive|prof clue has 210 seconds left.
|
|t:|1727829100
|switch|p2a: pattern|Magneton|86/100
|move|p1a: Skarmory|Roar|p2a: pattern
|drag|p2a: think again|Salamence, F|21/100 brn
|-ability|p2a: think again|Intimidate|boost
|-unboost|p1a: Skarmory|atk|1
|
|-weather|Sandstorm|[upkeep]
|-damage|p2a: think again|15/100 brn|[from] Sandstorm
|-damage|p2a: think again|2/100 brn|[from] brn
|-heal|p1a: Skarmory|100/100|[from] item: Leftovers
|upkeep
|turn|35
|inactive|prof clue has 210 seconds left.
|
|t:|1727829111
|switch|p2a: pattern|Magneton|86/100
|move|p1a: Skarmory|Roar|p2a: pattern
|drag|p2a: think again|Salamence, F|2/100 brn
|-ability|p2a: think again|Intimidate|boost
|-unboost|p1a: Skarmory|atk|1
|
|-weather|Sandstorm|[upkeep]
|-damage|p2a: think again|0 fnt|[from] Sandstorm
|faint|p2a: think again
|upkeep
|inactive|prof clue has 210 seconds left.
|
|t:|1727829122
|switch|p2a: let's dance|Heracross, M, shiny|100/100
|turn|36
|
|t:|1727829129
|switch|p2a: pattern|Magneton|86/100
|move|p1a: Skarmory|Roar|p2a: pattern
|drag|p2a: spring|Celebi|82/100
|
|-weather|Sandstorm|[upkeep]
|-damage|p2a: spring|75/100|[from] Sandstorm
|-heal|p2a: spring|82/100|[from] item: Leftovers
|upkeep
|turn|37
|
|t:|1727829139
|switch|p2a: pattern|Magneton|86/100
|switch|p1a: Banette|Banette, F|100/100
|
|-weather|Sandstorm|[upkeep]
|-damage|p1a: Banette|95/100|[from] Sandstorm
|-heal|p2a: pattern|92/100|[from] item: Leftovers
|-heal|p1a: Banette|100/100|[from] item: Leftovers
|upkeep
|turn|38
|
|t:|1727829153
|switch|p1a: Jolteon|Jolteon, F|100/100 par
|move|p2a: pattern|Thunder Wave|p1a: Jolteon
|-fail|p1a: Jolteon|par
|
|-weather|Sandstorm|[upkeep]
|-damage|p1a: Jolteon|94/100 par|[from] Sandstorm
|-heal|p2a: pattern|98/100|[from] item: Leftovers
|-heal|p1a: Jolteon|100/100 par|[from] item: Leftovers
|upkeep
|turn|39
|
|t:|1727829167
|switch|p2a: spring|Celebi|82/100
|move|p1a: Jolteon|Thunderbolt|p2a: spring
|-resisted|p2a: spring
|-damage|p2a: spring|62/100
|
|-weather|Sandstorm|[upkeep]
|-damage|p2a: spring|56/100|[from] Sandstorm
|-damage|p1a: Jolteon|94/100 par|[from] Sandstorm
|-heal|p2a: spring|62/100|[from] item: Leftovers
|-heal|p1a: Jolteon|100/100 par|[from] item: Leftovers
|upkeep
|turn|40
|
|t:|1727829187
|move|p2a: spring|Swords Dance|p2a: spring
|-boost|p2a: spring|atk|2
|move|p1a: Jolteon|Baton Pass|p1a: Jolteon
|
|t:|1727829195
|switch|p1a: Skarmory|Skarmory, F|100/100|[from] Baton Pass
|
|-weather|Sandstorm|[upkeep]
|-damage|p2a: spring|56/100|[from] Sandstorm
|-heal|p2a: spring|62/100|[from] item: Leftovers
|upkeep
|turn|41
|
|t:|1727829201
|switch|p2a: pattern|Magneton|98/100
|move|p1a: Skarmory|Roar|p2a: pattern
|drag|p2a: spring|Celebi|62/100
|
|-weather|Sandstorm|[upkeep]
|-damage|p2a: spring|56/100|[from] Sandstorm
|-heal|p2a: spring|62/100|[from] item: Leftovers
|upkeep
|turn|42
|
|t:|1727829209
|switch|p2a: pattern|Magneton|98/100
|switch|p1a: Banette|Banette, F|100/100
|
|-weather|Sandstorm|[upkeep]
|-damage|p1a: Banette|95/100|[from] Sandstorm
|-heal|p2a: pattern|100/100|[from] item: Leftovers
|-heal|p1a: Banette|100/100|[from] item: Leftovers
|upkeep
|turn|43
|
|t:|1727829218
|switch|p1a: Jolteon|Jolteon, F|100/100 par
|move|p2a: pattern|Thunder Wave|p1a: Jolteon
|-fail|p1a: Jolteon|par
|
|-weather|Sandstorm|[upkeep]
|-damage|p1a: Jolteon|94/100 par|[from] Sandstorm
|-heal|p1a: Jolteon|100/100 par|[from] item: Leftovers
|upkeep
|turn|44
|inactive|prof clue has 240 seconds left.
|
|t:|1727829227
|switch|p2a: spring|Celebi|62/100
|move|p1a: Jolteon|Thunderbolt|p2a: spring
|-resisted|p2a: spring
|-damage|p2a: spring|44/100
|
|-weather|Sandstorm|[upkeep]
|-damage|p2a: spring|38/100|[from] Sandstorm
|-damage|p1a: Jolteon|94/100 par|[from] Sandstorm
|-heal|p2a: spring|44/100|[from] item: Leftovers
|-heal|p1a: Jolteon|100/100 par|[from] item: Leftovers
|upkeep
|turn|45
|inactive|prof clue has 240 seconds left.
|
|t:|1727829237
|switch|p1a: Banette|Banette, F|100/100
|move|p2a: spring|Recover|p2a: spring
|-heal|p2a: spring|94/100
|
|-weather|Sandstorm|[upkeep]
|-damage|p2a: spring|88/100|[from] Sandstorm
|-damage|p1a: Banette|95/100|[from] Sandstorm
|-heal|p2a: spring|94/100|[from] item: Leftovers
|-heal|p1a: Banette|100/100|[from] item: Leftovers
|upkeep
|turn|46
|inactive|prof clue has 240 seconds left.
|
|t:|1727829249
|switch|p2a: pattern|Magneton|100/100
|move|p1a: Banette|Shadow Ball|p2a: pattern
|-resisted|p2a: pattern
|-damage|p2a: pattern|72/100
|
|-weather|Sandstorm|[upkeep]
|-damage|p1a: Banette|95/100|[from] Sandstorm
|-heal|p2a: pattern|78/100|[from] item: Leftovers
|-heal|p1a: Banette|100/100|[from] item: Leftovers
|upkeep
|turn|47
|inactive|prof clue has 240 seconds left.
|
|t:|1727829261
|switch|p1a: Jolteon|Jolteon, F|100/100 par
|move|p2a: pattern|Hidden Power|p1a: Jolteon
|-damage|p1a: Jolteon|71/100 par
|
|-weather|Sandstorm|[upkeep]
|-damage|p1a: Jolteon|65/100 par|[from] Sandstorm
|-heal|p2a: pattern|85/100|[from] item: Leftovers
|-heal|p1a: Jolteon|71/100 par|[from] item: Leftovers
|upkeep
|turn|48
|
|t:|1727829278
|move|p2a: pattern|Hidden Power|p1a: Jolteon
|-damage|p1a: Jolteon|45/100 par
|move|p1a: Jolteon|Thunderbolt|p2a: pattern
|-resisted|p2a: pattern
|-damage|p2a: pattern|51/100
|
|-weather|Sandstorm|[upkeep]
|-damage|p1a: Jolteon|39/100 par|[from] Sandstorm
|-heal|p2a: pattern|57/100|[from] item: Leftovers
|-heal|p1a: Jolteon|45/100 par|[from] item: Leftovers
|upkeep
|turn|49
|
|t:|1727829295
|move|p2a: pattern|Hidden Power|p1a: Jolteon
|-damage|p1a: Jolteon|19/100 par
|move|p1a: Jolteon|Thunderbolt|p2a: pattern
|-resisted|p2a: pattern
|-damage|p2a: pattern|23/100
|
|-weather|Sandstorm|[upkeep]
|-damage|p1a: Jolteon|13/100 par|[from] Sandstorm
|-heal|p2a: pattern|29/100|[from] item: Leftovers
|-heal|p1a: Jolteon|19/100 par|[from] item: Leftovers
|upkeep
|turn|50
|
|t:|1727829306
|move|p2a: pattern|Hidden Power|p1a: Jolteon
|-damage|p1a: Jolteon|0 fnt
|faint|p1a: Jolteon
|
|t:|1727829307
|switch|p1a: Banette|Banette, F|100/100
|
|-weather|Sandstorm|[upkeep]
|-damage|p1a: Banette|95/100|[from] Sandstorm
|-heal|p2a: pattern|36/100|[from] item: Leftovers
|-heal|p1a: Banette|100/100|[from] item: Leftovers
|upkeep
|turn|51
|
|t:|1727829316
|switch|p2a: spring|Celebi|94/100
|move|p1a: Banette|Hidden Power|p2a: spring
|-resisted|p2a: spring
|-damage|p2a: spring|84/100
|
|-weather|Sandstorm|[upkeep]
|-damage|p2a: spring|78/100|[from] Sandstorm
|-damage|p1a: Banette|95/100|[from] Sandstorm
|-heal|p2a: spring|84/100|[from] item: Leftovers
|-heal|p1a: Banette|100/100|[from] item: Leftovers
|upkeep
|turn|52
|
|t:|1727829336
|move|p2a: spring|Swords Dance|p2a: spring
|-boost|p2a: spring|atk|2
|move|p1a: Banette|Taunt|p2a: spring
|-start|p2a: spring|move: Taunt
|
|-weather|Sandstorm|[upkeep]
|-damage|p2a: spring|78/100|[from] Sandstorm
|-damage|p1a: Banette|95/100|[from] Sandstorm
|-heal|p2a: spring|84/100|[from] item: Leftovers
|-heal|p1a: Banette|100/100|[from] item: Leftovers
|upkeep
|turn|53
|
|t:|1727829346
|move|p2a: spring|Hidden Power|p1a: Banette
|-damage|p1a: Banette|47/100
|move|p1a: Banette|Shadow Ball|p2a: spring
|-supereffective|p2a: spring
|-crit|p2a: spring
|-damage|p2a: spring|0 fnt
|faint|p2a: spring
|
|t:|1727829361
|switch|p2a: pattern|Magneton|36/100
|
|-weather|Sandstorm|[upkeep]
|-damage|p1a: Banette|41/100|[from] Sandstorm
|-heal|p2a: pattern|42/100|[from] item: Leftovers
|-heal|p1a: Banette|47/100|[from] item: Leftovers
|upkeep
|turn|54
|
|t:|1727829370
|move|p2a: pattern|Thunderbolt|p1a: Banette
|-crit|p1a: Banette
|-damage|p1a: Banette|0 fnt
|faint|p1a: Banette
|
|t:|1727829373
|switch|p1a: Tyranitar|Tyranitar, M|100/100
|
|-weather|Sandstorm|[upkeep]
|-heal|p2a: pattern|48/100|[from] item: Leftovers
|upkeep
|turn|55
|
|t:|1727829388
|move|p2a: pattern|Toxic|p1a: Tyranitar
|-status|p1a: Tyranitar|tox
|move|p1a: Tyranitar|Earthquake|p2a: pattern
|-supereffective|p2a: pattern
|-damage|p2a: pattern|0 fnt
|faint|p2a: pattern
|
|t:|1727829394
|switch|p2a: pinhead|Milotic, M|94/100
|
|-weather|Sandstorm|[upkeep]
|-damage|p2a: pinhead|88/100|[from] Sandstorm
|-heal|p2a: pinhead|94/100|[from] item: Leftovers
|-damage|p1a: Tyranitar|94/100 tox|[from] psn
|upkeep
|turn|56
|
|t:|1727829417
|move|p2a: pinhead|Surf|p1a: Tyranitar
|-supereffective|p1a: Tyranitar
|-damage|p1a: Tyranitar|38/100 tox
|move|p1a: Tyranitar|Rock Slide|p2a: pinhead|[miss]
|-miss|p1a: Tyranitar|p2a: pinhead
|
|-weather|Sandstorm|[upkeep]
|-damage|p2a: pinhead|88/100|[from] Sandstorm
|-heal|p2a: pinhead|94/100|[from] item: Leftovers
|-heal|p1a: Tyranitar|44/100 tox|[from] item: Leftovers
|-damage|p1a: Tyranitar|32/100 tox|[from] psn
|upkeep
|turn|57
|
|t:|1727829429
|move|p2a: pinhead|Surf|p1a: Tyranitar
|-supereffective|p1a: Tyranitar
|-damage|p1a: Tyranitar|0 fnt
|faint|p1a: Tyranitar
|
|t:|1727829431
|switch|p1a: Skarmory|Skarmory, F|100/100
|
|-weather|Sandstorm|[upkeep]
|-damage|p2a: pinhead|88/100|[from] Sandstorm
|-heal|p2a: pinhead|94/100|[from] item: Leftovers
|upkeep
|turn|58
|inactive|prof clue has 270 seconds left.
|
|t:|1727829445
|move|p2a: pinhead|Surf|p1a: Skarmory
|-damage|p1a: Skarmory|69/100
|move|p1a: Skarmory|Toxic|p2a: pinhead
|-status|p2a: pinhead|tox
|
|-weather|Sandstorm|[upkeep]
|-damage|p2a: pinhead|88/100 tox|[from] Sandstorm
|-heal|p2a: pinhead|94/100 tox|[from] item: Leftovers
|-damage|p2a: pinhead|88/100 tox|[from] psn
|-heal|p1a: Skarmory|75/100|[from] item: Leftovers
|upkeep
|turn|59
|inactive|prof clue has 270 seconds left.
|
|t:|1727829455
|move|p2a: pinhead|Surf|p1a: Skarmory
|-damage|p1a: Skarmory|43/100
|move|p1a: Skarmory|Roar|p2a: pinhead
|drag|p2a: let's dance|Heracross, M, shiny|100/100
|
|-weather|Sandstorm|[upkeep]
|-damage|p2a: let's dance|94/100|[from] Sandstorm
|-heal|p2a: let's dance|100/100|[from] item: Leftovers
|-heal|p1a: Skarmory|49/100|[from] item: Leftovers
|upkeep
|turn|60
|inactive|prof clue has 270 seconds left.
|
|t:|1727829471
|move|p2a: let's dance|Rock Slide|p1a: Skarmory
|-damage|p1a: Skarmory|33/100
|cant|p1a: Skarmory|flinch
|
|-weather|Sandstorm|[upkeep]
|-damage|p2a: let's dance|94/100|[from] Sandstorm
|-heal|p2a: let's dance|100/100|[from] item: Leftovers
|-heal|p1a: Skarmory|39/100|[from] item: Leftovers
|upkeep
|turn|61
|inactive|prof clue has 270 seconds left.
|c|☆B.B.H00D|gg
|-message|B.B.H00D forfeited.
|
|win|prof clue
|player|p1|
|c|☆prof clue|gg, thanks for playing

</script>
<script type="application/json" class="data" id="replaydata-smogtours-gen3ou-793871">
{"id":"smogtours-gen3ou-793871","format":"[Gen 3] OU","players":["B.B.H00D","prof clue"],"uploadtime":1727829489,"views":126,"formatid":"gen3ou","rating":null,"private":0,"password":null}
</script>

<script defer src="js/replays.js?9d40a366"></script>
