<!DOCTYPE html>
<meta charset="utf-8" />
<meta name="viewport" content="width=device-width" />

<title>[Gen 3] OU: aahaahaah vs. singingcrow - Replays - Pok&eacute;mon Showdown!</title>

<meta name="description" content="Watch a replay of a Pok&eacute;mon battle between aahaahaah and singingcrow! Format: [Gen 3] OU; Date: Oct 29, 2024" />
<!--

Hey, you! Looking in the source for the replay log?

You can find them in JSON format, just add `.json` at the end of a replay URL.

https://replay.pokemonshowdown.com/gen7randomdoublesbattle-865046831.json

Or, if you only need the log itself, add `.log` instead:

https://replay.pokemonshowdown.com/gen7randomdoublesbattle-865046831.log

-->

<link rel="stylesheet" href="//pokemonshowdown.com/style/global.css?0.023195364461161105" />
<link rel="stylesheet" href="//play.pokemonshowdown.com/style/font-awesome.css?0.13261647063804238" />
<link rel="stylesheet" href="//play.pokemonshowdown.com/style/battle.css?0.8753245789963631" />
<link rel="stylesheet" href="//play.pokemonshowdown.com/style/utilichart.css?0.8627959624976733" />

<!-- Global site tag (gtag.js) - Google Analytics -->
<script async src="https://www.googletagmanager.com/gtag/js?id=UA-26211653-1"></script>
<script>
  window.dataLayer = window.dataLayer || [];
  function gtag(){dataLayer.push(arguments);}
  gtag('js', new Date());

  gtag('config', 'UA-26211653-1');
</script>
<!-- End Google Analytics -->
<!-- Venatus Ad Manager - Install in <HEAD> of page -->
	<script src="https://hb.vntsm.com/v3/live/ad-manager.min.js" type="text/javascript" data-site-id="642aba63ec9a7b11c3c9c1be" data-mode="scan" async></script>
<!-- / Venatus Ad Manager -->

<style>
	@media (max-width:820px) {
		.battle {
			margin: 0 auto;
		}
		.battle-log {
			margin: 7px auto 0;
			max-width: 640px;
			height: 300px;
			position: static;
		}
	}
	.optgroup {
		display: inline-block;
		line-height: 22px;
		font-size: 10pt;
	}
	.optgroup .button {
		height: 25px;
		padding-top: 0;
		padding-bottom: 0;
	}
	.optgroup button.button {
		padding-left: 12px;
		padding-right: 12px;
	}
	.linklist {
		list-style: none;
		margin: 0.5em 0;
		padding: 0;
	}
	.linklist li {
		padding: 2px 0;
	}
	.sidebar {
		float: left;
		width: 320px;
	}
	.bar-wrapper {
		max-width: 1100px;
		margin: 0 auto;
	}
	.bar-wrapper.has-sidebar {
		max-width: 1430px;
	}
	.mainbar {
		margin: 0;
		padding-right: 1px;
	}
	.mainbar.has-sidebar {
		margin-left: 330px;
	}
	@media (min-width: 1511px) {
		.sidebar {
			width: 400px;
		}
		.bar-wrapper.has-sidebar {
			max-width: 1510px;
		}
		.mainbar.has-sidebar {
			margin-left: 410px;
		}
	}
	.section.first-section {
		margin-top: 9px;
	}
	.blocklink small {
		white-space: normal;
	}
	.button {
		vertical-align: middle;
	}
	.replay-controls {
		padding-top: 10px;
	}
	.replay-controls h1 {
		font-size: 16pt;
		font-weight: normal;
		color: #CCC;
	}
	.pagelink {
		text-align: center;
	}
	.pagelink a {
		width: 150px;
	}
	.textbox, .button {
		font-size: 11pt;
		vertical-align: middle;
	}
	@media (max-width: 450px) {
		.button {
			font-size: 9pt;
		}
	}
</style>

<div>

	<header>
		<div class="nav-wrapper"><ul class="nav">
			<li><a class="button nav-first" href="//pokemonshowdown.com/"><img src="//pokemonshowdown.com/images/pokemonshowdownbeta.png" srcset="//pokemonshowdown.com/images/pokemonshowdownbeta.png 1x, //pokemonshowdown.com/images/pokemonshowdownbeta@2x.png 2x" alt="Pok&eacute;mon Showdown" width="146" height="44" /> Home</a></li>
			<li><a class="button" href="//pokemonshowdown.com/dex/">Pok&eacute;dex</a></li>
			<li><a class="button cur" href="/">Replays</a></li>
			<li><a class="button" href="//pokemonshowdown.com/ladder/">Ladder</a></li>
			<li><a class="button nav-last" href="//pokemonshowdown.com/forums/">Forum</a></li>
			<li><a class="button greenbutton nav-first nav-last" href="//play.pokemonshowdown.com/">Play</a></li>
		</ul></div>
	</header>

	<div class="main" id="main">

		<noscript><section class="section">You need to enable JavaScript to use this page; sorry!</section></noscript>

	</div>

</div>

<script defer nomodule src="//play.pokemonshowdown.com/js/lib/ps-polyfill.js"></script>
<script defer src="//play.pokemonshowdown.com/js/lib/preact.min.js"></script>

<script defer src="//play.pokemonshowdown.com/config/config.js?2bddbc15"></script>
<script defer src="//play.pokemonshowdown.com/js/lib/jquery-1.11.0.min.js"></script>
<script defer src="//play.pokemonshowdown.com/js/lib/html-sanitizer-minified.js"></script>
<script defer src="//play.pokemonshowdown.com/js/battle-sound.js"></script>
<script defer src="//play.pokemonshowdown.com/js/battledata.js?0.7209276989879541"></script>
<script defer src="//play.pokemonshowdown.com/data/pokedex-mini.js?0.6111056340867951"></script>
<script defer src="//play.pokemonshowdown.com/data/pokedex-mini-bw.js?0.3532142036491459"></script>
<script defer src="//play.pokemonshowdown.com/data/graphics.js?0.24223875632456182"></script>
<script defer src="//play.pokemonshowdown.com/data/pokedex.js?0.38839984266356864"></script>
<script defer src="//play.pokemonshowdown.com/data/moves.js?0.21866028504024015"></script>
<script defer src="//play.pokemonshowdown.com/data/abilities.js?0.2005157953846628"></script>
<script defer src="//play.pokemonshowdown.com/data/items.js?0.9894211263848525"></script>
<script defer src="//play.pokemonshowdown.com/data/teambuilder-tables.js?0.6008791140282215"></script>
<script defer src="//play.pokemonshowdown.com/js/battle-tooltips.js?0.7580118955022959"></script>
<script defer src="//play.pokemonshowdown.com/js/battle.js?0.6057722274234274"></script>

<script defer src="js/utils.js?e31f9a17"></script>
<script defer src="js/replays-battle.js?7008c182"></script>

<!-- don't scrape this data! just add .json or .log after the URL!
Full API docs: https://github.com/smogon/pokemon-showdown-client/blob/master/WEB-API.md -->
<script type="text/plain" class="log" id="replaylog-smogtours-gen3ou-803216">
|inactive|Battle timer is ON: inactive players will automatically lose when time's up.
|t:|1730167028
|gametype|singles
|player|p1|aahaahaah|101|
|player|p2|singingcrow|hiker-gen4|
|teamsize|p1|6
|teamsize|p2|6
|gen|3
|tier|[Gen 3] OU
|rule|Sleep Clause Mod: Limit one foe put to sleep
|rule|Switch Priority Clause Mod: Faster Pokémon switch first
|rule|Species Clause: Limit one of each Pokémon
|rule|OHKO Clause: OHKO moves are banned
|rule|Evasion Items Clause: Evasion items are banned
|rule|Evasion Moves Clause: Evasion moves are banned
|rule|Endless Battle Clause: Forcing endless battles is banned
|rule|HP Percentage Mod: HP is shown in percentages
|rule|One Boost Passer Clause: Limit one Baton Passer that has a way to boost its stats
|rule|Freeze Clause Mod: Limit one foe frozen
|
|t:|1730167028
|start
|switch|p1a: Skarmory|Skarmory, F|100/100
|switch|p2a: Aerodactyl|Aerodactyl, F|100/100
|turn|1
|
|t:|1730167033
|switch|p2a: Forretress|Forretress, M|100/100
|move|p1a: Skarmory|Toxic|p2a: Forretress
|-immune|p2a: Forretress
|
|upkeep
|turn|2
|
|t:|1730167044
|move|p1a: Skarmory|Spikes|p2a: Forretress
|-sidestart|p2: singingcrow|Spikes
|move|p2a: Forretress|Spikes|p1a: Skarmory
|-sidestart|p1: aahaahaah|Spikes
|
|upkeep
|turn|3
|
|t:|1730167048
|switch|p2a: Suicune|Suicune|100/100
|-damage|p2a: Suicune|88/100|[from] Spikes
|move|p1a: Skarmory|Spikes|p2a: Suicune
|-sidestart|p2: singingcrow|Spikes
|
|-heal|p2a: Suicune|94/100|[from] item: Leftovers
|upkeep
|turn|4
|c|☆singingcrow|misclick, i was trying to copy the link lol
|
|t:|1730167077
|move|p1a: Skarmory|Toxic|p2a: Suicune
|-status|p2a: Suicune|tox
|move|p2a: Suicune|Roar|p1a: Skarmory
|drag|p1a: Celebi|Celebi|100/100
|-damage|p1a: Celebi|88/100|[from] Spikes
|
|-heal|p1a: Celebi|94/100|[from] item: Leftovers
|-heal|p2a: Suicune|100/100 tox|[from] item: Leftovers
|-damage|p2a: Suicune|94/100 tox|[from] psn
|upkeep
|turn|5
|
|t:|1730167085
|switch|p2a: Forretress|Forretress, M|100/100
|-damage|p2a: Forretress|84/100|[from] Spikes
|move|p1a: Celebi|Leech Seed|p2a: Forretress
|-start|p2a: Forretress|move: Leech Seed
|
|-heal|p1a: Celebi|100/100|[from] item: Leftovers
|-heal|p2a: Forretress|90/100|[from] item: Leftovers
|-damage|p2a: Forretress|78/100|[from] Leech Seed|[of] p1a: Celebi
|upkeep
|turn|6
|
|t:|1730167099
|switch|p1a: Skarmory|Skarmory, F|100/100
|move|p2a: Forretress|Rapid Spin|p1a: Skarmory
|-resisted|p1a: Skarmory
|-crit|p1a: Skarmory
|-damage|p1a: Skarmory|98/100
|-end|p2a: Forretress|Leech Seed|[from] move: Rapid Spin|[of] p2a: Forretress
|-sideend|p2: singingcrow|Spikes|[from] move: Rapid Spin|[of] p2a: Forretress
|
|-heal|p1a: Skarmory|100/100|[from] item: Leftovers
|-heal|p2a: Forretress|84/100|[from] item: Leftovers
|upkeep
|turn|7
|
|t:|1730167105
|move|p1a: Skarmory|Spikes|p2a: Forretress
|-sidestart|p2: singingcrow|Spikes
|move|p2a: Forretress|Spikes|p1a: Skarmory
|-sidestart|p1: aahaahaah|Spikes
|
|-heal|p2a: Forretress|90/100|[from] item: Leftovers
|upkeep
|turn|8
|
|t:|1730167110
|switch|p1a: Claydol|Claydol|100/100
|move|p2a: Forretress|Spikes|p1a: Claydol
|-sidestart|p1: aahaahaah|Spikes
|
|-heal|p2a: Forretress|96/100|[from] item: Leftovers
|upkeep
|turn|9
|
|t:|1730167113
|move|p1a: Claydol|Rapid Spin|p2a: Forretress
|-resisted|p2a: Forretress
|-damage|p2a: Forretress|95/100
|-sideend|p1: aahaahaah|Spikes|[from] move: Rapid Spin|[of] p1a: Claydol
|move|p2a: Forretress|Rapid Spin|p1a: Claydol
|-damage|p1a: Claydol|96/100
|-sideend|p2: singingcrow|Spikes|[from] move: Rapid Spin|[of] p2a: Forretress
|
|-heal|p1a: Claydol|100/100|[from] item: Leftovers
|-heal|p2a: Forretress|100/100|[from] item: Leftovers
|upkeep
|turn|10
|
|t:|1730167120
|switch|p2a: Tyranitar|Tyranitar, F|100/100
|-weather|Sandstorm|[from] ability: Sand Stream|[of] p2a: Tyranitar
|move|p1a: Claydol|Earthquake|p2a: Tyranitar
|-supereffective|p2a: Tyranitar
|-damage|p2a: Tyranitar|40/100
|
|-weather|Sandstorm|[upkeep]
|-heal|p2a: Tyranitar|47/100|[from] item: Leftovers
|upkeep
|turn|11
|
|t:|1730167127
|move|p2a: Tyranitar|Crunch|p1a: Claydol
|-supereffective|p1a: Claydol
|-damage|p1a: Claydol|32/100
|-unboost|p1a: Claydol|spd|1
|move|p1a: Claydol|Earthquake|p2a: Tyranitar
|-supereffective|p2a: Tyranitar
|-damage|p2a: Tyranitar|0 fnt
|faint|p2a: Tyranitar
|
|t:|1730167133
|switch|p2a: Forretress|Forretress, M|100/100
|
|-weather|Sandstorm|[upkeep]
|-heal|p1a: Claydol|38/100|[from] item: Leftovers
|upkeep
|turn|12
|
|t:|1730167139
|switch|p1a: Skarmory|Skarmory, F|100/100
|move|p2a: Forretress|Counter|p1a: Skarmory
|
|-weather|Sandstorm|[upkeep]
|upkeep
|turn|13
|
|t:|1730167146
|switch|p1a: Milotic|Milotic, F|100/100
|move|p2a: Forretress|Spikes|p1a: Milotic
|-sidestart|p1: aahaahaah|Spikes
|
|-weather|Sandstorm|[upkeep]
|-damage|p1a: Milotic|94/100|[from] Sandstorm
|-heal|p1a: Milotic|100/100|[from] item: Leftovers
|upkeep
|turn|14
|
|t:|1730167148
|switch|p2a: Snorlax|Snorlax, M|100/100
|move|p1a: Milotic|Surf|p2a: Snorlax
|-damage|p2a: Snorlax|83/100
|
|-weather|Sandstorm|[upkeep]
|-damage|p1a: Milotic|94/100|[from] Sandstorm
|-damage|p2a: Snorlax|77/100|[from] Sandstorm
|-heal|p1a: Milotic|100/100|[from] item: Leftovers
|-heal|p2a: Snorlax|83/100|[from] item: Leftovers
|upkeep
|turn|15
|
|t:|1730167161
|switch|p1a: Skarmory|Skarmory, F|100/100
|switch|p2a: Suicune|Suicune|94/100 tox
|
|-weather|Sandstorm|[upkeep]
|-damage|p2a: Suicune|88/100 tox|[from] Sandstorm
|-heal|p2a: Suicune|94/100 tox|[from] item: Leftovers
|-damage|p2a: Suicune|88/100 tox|[from] psn
|upkeep
|turn|16
|
|t:|1730167166
|move|p2a: Suicune|Rest|p2a: Suicune
|-status|p2a: Suicune|slp|[from] move: Rest
|-heal|p2a: Suicune|100/100 slp|[silent]
|move|p1a: Skarmory|Spikes|p2a: Suicune
|-sidestart|p2: singingcrow|Spikes
|
|-weather|Sandstorm|[upkeep]
|-damage|p2a: Suicune|94/100 slp|[from] Sandstorm
|-heal|p2a: Suicune|100/100 slp|[from] item: Leftovers
|upkeep
|turn|17
|
|t:|1730167169
|switch|p2a: Forretress|Forretress, M|100/100
|-damage|p2a: Forretress|88/100|[from] Spikes
|move|p1a: Skarmory|Roar|p2a: Forretress
|drag|p2a: Snorlax|Snorlax, M|83/100
|-damage|p2a: Snorlax|71/100|[from] Spikes
|
|-weather|Sandstorm|[upkeep]
|-damage|p2a: Snorlax|65/100|[from] Sandstorm
|-heal|p2a: Snorlax|71/100|[from] item: Leftovers
|upkeep
|turn|18
|
|t:|1730167179
|switch|p2a: Forretress|Forretress, M|88/100
|-damage|p2a: Forretress|76/100|[from] Spikes
|move|p1a: Skarmory|Roar|p2a: Forretress
|drag|p2a: Suicune|Suicune|100/100 slp
|-damage|p2a: Suicune|88/100 slp|[from] Spikes
|
|-weather|Sandstorm|[upkeep]
|-damage|p2a: Suicune|82/100 slp|[from] Sandstorm
|-heal|p2a: Suicune|88/100 slp|[from] item: Leftovers
|upkeep
|turn|19
|
|t:|1730167188
|cant|p2a: Suicune|slp
|move|p1a: Skarmory|Spikes|p2a: Suicune
|-sidestart|p2: singingcrow|Spikes
|
|-weather|Sandstorm|[upkeep]
|-damage|p2a: Suicune|82/100 slp|[from] Sandstorm
|-heal|p2a: Suicune|88/100 slp|[from] item: Leftovers
|upkeep
|turn|20
|
|t:|1730167191
|cant|p2a: Suicune|slp
|move|p1a: Skarmory|Roar|p2a: Suicune
|drag|p2a: Forretress|Forretress, M|76/100
|-damage|p2a: Forretress|59/100|[from] Spikes
|
|-weather|Sandstorm|[upkeep]
|-heal|p2a: Forretress|65/100|[from] item: Leftovers
|upkeep
|turn|21
|
|t:|1730167201
|switch|p1a: Milotic|Milotic, F|100/100
|-damage|p1a: Milotic|88/100|[from] Spikes
|move|p2a: Forretress|Rapid Spin|p1a: Milotic
|-damage|p1a: Milotic|85/100
|-sideend|p2: singingcrow|Spikes|[from] move: Rapid Spin|[of] p2a: Forretress
|
|-weather|Sandstorm|[upkeep]
|-damage|p1a: Milotic|79/100|[from] Sandstorm
|-heal|p1a: Milotic|85/100|[from] item: Leftovers
|-heal|p2a: Forretress|71/100|[from] item: Leftovers
|upkeep
|turn|22
|
|t:|1730167211
|switch|p2a: Suicune|Suicune|88/100 slp
|move|p1a: Milotic|Surf|p2a: Suicune
|-resisted|p2a: Suicune
|-damage|p2a: Suicune|77/100 slp
|
|-weather|Sandstorm|[upkeep]
|-damage|p2a: Suicune|70/100 slp|[from] Sandstorm
|-damage|p1a: Milotic|79/100|[from] Sandstorm
|-heal|p2a: Suicune|77/100 slp|[from] item: Leftovers
|-heal|p1a: Milotic|85/100|[from] item: Leftovers
|upkeep
|turn|23
|
|t:|1730167219
|switch|p1a: Celebi|Celebi|100/100
|-damage|p1a: Celebi|88/100|[from] Spikes
|-curestatus|p2a: Suicune|slp|[msg]
|move|p2a: Suicune|Roar|p1a: Celebi
|drag|p1a: Milotic|Milotic, F|85/100
|-damage|p1a: Milotic|72/100|[from] Spikes
|
|-weather|Sandstorm|[upkeep]
|-damage|p2a: Suicune|70/100|[from] Sandstorm
|-damage|p1a: Milotic|66/100|[from] Sandstorm
|-heal|p2a: Suicune|77/100|[from] item: Leftovers
|-heal|p1a: Milotic|72/100|[from] item: Leftovers
|upkeep
|turn|24
|
|t:|1730167223
|switch|p2a: Snorlax|Snorlax, M|71/100
|move|p1a: Milotic|Toxic|p2a: Snorlax
|-immune|p2a: Snorlax|[from] ability: Immunity
|
|-weather|Sandstorm|[upkeep]
|-damage|p1a: Milotic|66/100|[from] Sandstorm
|-damage|p2a: Snorlax|65/100|[from] Sandstorm
|-heal|p1a: Milotic|72/100|[from] item: Leftovers
|-heal|p2a: Snorlax|71/100|[from] item: Leftovers
|upkeep
|turn|25
|
|t:|1730167229
|switch|p2a: Forretress|Forretress, M|71/100
|move|p1a: Milotic|Surf|p2a: Forretress
|-damage|p2a: Forretress|39/100
|
|-weather|Sandstorm|[upkeep]
|-damage|p1a: Milotic|66/100|[from] Sandstorm
|-heal|p1a: Milotic|72/100|[from] item: Leftovers
|-heal|p2a: Forretress|45/100|[from] item: Leftovers
|upkeep
|turn|26
|
|t:|1730167236
|switch|p2a: Snorlax|Snorlax, M|71/100
|move|p1a: Milotic|Surf|p2a: Snorlax
|-damage|p2a: Snorlax|53/100
|
|-weather|Sandstorm|[upkeep]
|-damage|p1a: Milotic|66/100|[from] Sandstorm
|-damage|p2a: Snorlax|47/100|[from] Sandstorm
|-heal|p1a: Milotic|72/100|[from] item: Leftovers
|-heal|p2a: Snorlax|53/100|[from] item: Leftovers
|upkeep
|turn|27
|
|t:|1730167242
|move|p1a: Milotic|Surf|p2a: Snorlax
|-damage|p2a: Snorlax|36/100
|move|p2a: Snorlax|Curse|p2a: Snorlax
|-unboost|p2a: Snorlax|spe|1
|-boost|p2a: Snorlax|atk|1
|-boost|p2a: Snorlax|def|1
|
|-weather|Sandstorm|[upkeep]
|-damage|p1a: Milotic|66/100|[from] Sandstorm
|-damage|p2a: Snorlax|30/100|[from] Sandstorm
|-heal|p1a: Milotic|72/100|[from] item: Leftovers
|-heal|p2a: Snorlax|36/100|[from] item: Leftovers
|upkeep
|turn|28
|
|t:|1730167247
|switch|p1a: Celebi|Celebi|88/100
|-damage|p1a: Celebi|76/100|[from] Spikes
|move|p2a: Snorlax|Return|p1a: Celebi
|-crit|p1a: Celebi
|-damage|p1a: Celebi|0 fnt
|faint|p1a: Celebi
|
|t:|1730167251
|switch|p1a: Skarmory|Skarmory, F|100/100
|
|-weather|Sandstorm|[upkeep]
|-damage|p2a: Snorlax|30/100|[from] Sandstorm
|-heal|p2a: Snorlax|36/100|[from] item: Leftovers
|upkeep
|turn|29
|
|t:|1730167256
|move|p2a: Snorlax|Return|p1a: Skarmory
|-resisted|p1a: Skarmory
|-damage|p1a: Skarmory|83/100
|move|p1a: Skarmory|Roar|p2a: Snorlax
|drag|p2a: Aerodactyl|Aerodactyl, F|100/100
|
|-weather|Sandstorm|[upkeep]
|-heal|p1a: Skarmory|89/100|[from] item: Leftovers
|upkeep
|turn|30
|
|t:|1730167260
|move|p2a: Aerodactyl|Rock Slide|p1a: Skarmory|[miss]
|-miss|p2a: Aerodactyl|p1a: Skarmory
|move|p1a: Skarmory|Spikes|p2a: Aerodactyl
|-sidestart|p2: singingcrow|Spikes
|
|-weather|Sandstorm|[upkeep]
|-heal|p1a: Skarmory|95/100|[from] item: Leftovers
|upkeep
|turn|31
|
|t:|1730167265
|switch|p2a: Forretress|Forretress, M|45/100
|-damage|p2a: Forretress|33/100|[from] Spikes
|move|p1a: Skarmory|Toxic|p2a: Forretress
|-immune|p2a: Forretress
|
|-weather|Sandstorm|[upkeep]
|-heal|p1a: Skarmory|100/100|[from] item: Leftovers
|-heal|p2a: Forretress|39/100|[from] item: Leftovers
|upkeep
|turn|32
|
|t:|1730167277
|switch|p1a: Milotic|Milotic, F|72/100
|-damage|p1a: Milotic|60/100|[from] Spikes
|move|p2a: Forretress|Rapid Spin|p1a: Milotic
|-damage|p1a: Milotic|57/100
|-sideend|p2: singingcrow|Spikes|[from] move: Rapid Spin|[of] p2a: Forretress
|
|-weather|Sandstorm|[upkeep]
|-damage|p1a: Milotic|50/100|[from] Sandstorm
|-heal|p1a: Milotic|57/100|[from] item: Leftovers
|-heal|p2a: Forretress|45/100|[from] item: Leftovers
|upkeep
|turn|33
|
|t:|1730167283
|move|p1a: Milotic|Recover|p1a: Milotic
|-heal|p1a: Milotic|100/100
|move|p2a: Forretress|Explosion|p1a: Milotic
|-damage|p1a: Milotic|21/100
|faint|p2a: Forretress
|
|t:|1730167290
|switch|p2a: Dugtrio|Dugtrio, M|100/100
|
|-weather|Sandstorm|[upkeep]
|-damage|p1a: Milotic|15/100|[from] Sandstorm
|-heal|p1a: Milotic|21/100|[from] item: Leftovers
|upkeep
|turn|34
|
|t:|1730167294
|move|p2a: Dugtrio|Earthquake|p1a: Milotic
|-damage|p1a: Milotic|0 fnt
|faint|p1a: Milotic
|
|t:|1730167297
|switch|p1a: Skarmory|Skarmory, F|100/100
|
|-weather|Sandstorm|[upkeep]
|upkeep
|turn|35
|
|t:|1730167300
|switch|p2a: Aerodactyl|Aerodactyl, F|100/100
|move|p1a: Skarmory|Spikes|p2a: Aerodactyl
|-sidestart|p2: singingcrow|Spikes
|
|-weather|Sandstorm|[upkeep]
|upkeep
|turn|36
|
|t:|1730167302
|move|p2a: Aerodactyl|Rock Slide|p1a: Skarmory
|-damage|p1a: Skarmory|81/100
|move|p1a: Skarmory|Spikes|p2a: Aerodactyl
|-sidestart|p2: singingcrow|Spikes
|
|-weather|Sandstorm|[upkeep]
|-heal|p1a: Skarmory|87/100|[from] item: Leftovers
|upkeep
|turn|37
|
|t:|1730167309
|move|p2a: Aerodactyl|Substitute|p2a: Aerodactyl
|-start|p2a: Aerodactyl|Substitute
|-damage|p2a: Aerodactyl|76/100
|move|p1a: Skarmory|Spikes|p2a: Aerodactyl
|-sidestart|p2: singingcrow|Spikes
|
|-weather|Sandstorm|[upkeep]
|-heal|p2a: Aerodactyl|82/100|[from] item: Leftovers
|-heal|p1a: Skarmory|93/100|[from] item: Leftovers
|upkeep
|turn|38
|
|t:|1730167312
|move|p2a: Aerodactyl|Rock Slide|p1a: Skarmory
|-damage|p1a: Skarmory|72/100
|move|p1a: Skarmory|Roar|p2a: Aerodactyl
|drag|p2a: Suicune|Suicune|77/100
|-damage|p2a: Suicune|52/100|[from] Spikes
|
|-weather|Sandstorm|[upkeep]
|-damage|p2a: Suicune|45/100|[from] Sandstorm
|-heal|p2a: Suicune|52/100|[from] item: Leftovers
|-heal|p1a: Skarmory|78/100|[from] item: Leftovers
|upkeep
|turn|39
|
|t:|1730167319
|move|p2a: Suicune|Surf|p1a: Skarmory
|-damage|p1a: Skarmory|39/100
|move|p1a: Skarmory|Roar|p2a: Suicune
|drag|p2a: Dugtrio|Dugtrio, M|100/100
|-damage|p2a: Dugtrio|76/100|[from] Spikes
|
|-weather|Sandstorm|[upkeep]
|-heal|p1a: Skarmory|45/100|[from] item: Leftovers
|upkeep
|turn|40
|
|t:|1730167331
|move|p1a: Skarmory|Protect|p1a: Skarmory
|-singleturn|p1a: Skarmory|Protect
|move|p2a: Dugtrio|Rock Slide|p1a: Skarmory
|-activate|p1a: Skarmory|Protect
|
|-weather|Sandstorm|[upkeep]
|-heal|p1a: Skarmory|51/100|[from] item: Leftovers
|upkeep
|turn|41
|
|t:|1730167335
|switch|p2a: Aerodactyl|Aerodactyl, F|82/100
|move|p1a: Skarmory|Toxic|p2a: Aerodactyl
|-status|p2a: Aerodactyl|tox
|
|-weather|Sandstorm|[upkeep]
|-heal|p2a: Aerodactyl|88/100 tox|[from] item: Leftovers
|-damage|p2a: Aerodactyl|82/100 tox|[from] psn
|-heal|p1a: Skarmory|57/100|[from] item: Leftovers
|upkeep
|turn|42
|
|t:|1730167340
|move|p1a: Skarmory|Protect|p1a: Skarmory
|-singleturn|p1a: Skarmory|Protect
|move|p2a: Aerodactyl|Rock Slide|p1a: Skarmory
|-activate|p1a: Skarmory|Protect
|
|-weather|Sandstorm|[upkeep]
|-heal|p2a: Aerodactyl|88/100 tox|[from] item: Leftovers
|-damage|p2a: Aerodactyl|76/100 tox|[from] psn
|-heal|p1a: Skarmory|63/100|[from] item: Leftovers
|upkeep
|turn|43
|
|t:|1730167347
|move|p2a: Aerodactyl|Rock Slide|p1a: Skarmory
|-damage|p1a: Skarmory|42/100
|move|p1a: Skarmory|Roar|p2a: Aerodactyl
|drag|p2a: Suicune|Suicune|52/100
|-damage|p2a: Suicune|27/100|[from] Spikes
|
|-weather|Sandstorm|[upkeep]
|-damage|p2a: Suicune|20/100|[from] Sandstorm
|-heal|p2a: Suicune|27/100|[from] item: Leftovers
|-heal|p1a: Skarmory|48/100|[from] item: Leftovers
|upkeep
|turn|44
|
|t:|1730167354
|move|p1a: Skarmory|Protect|p1a: Skarmory
|-singleturn|p1a: Skarmory|Protect
|move|p2a: Suicune|Rest|p2a: Suicune
|-status|p2a: Suicune|slp|[from] move: Rest
|-heal|p2a: Suicune|100/100 slp|[silent]
|
|-weather|Sandstorm|[upkeep]
|-damage|p2a: Suicune|94/100 slp|[from] Sandstorm
|-heal|p2a: Suicune|100/100 slp|[from] item: Leftovers
|-heal|p1a: Skarmory|54/100|[from] item: Leftovers
|upkeep
|turn|45
|
|t:|1730167359
|cant|p2a: Suicune|slp
|move|p1a: Skarmory|Roar|p2a: Suicune
|drag|p2a: Dugtrio|Dugtrio, M|76/100
|-damage|p2a: Dugtrio|51/100|[from] Spikes
|
|-weather|Sandstorm|[upkeep]
|-heal|p1a: Skarmory|60/100|[from] item: Leftovers
|upkeep
|turn|46
|
|t:|1730167364
|move|p2a: Dugtrio|Rock Slide|p1a: Skarmory
|-damage|p1a: Skarmory|43/100
|move|p1a: Skarmory|Roar|p2a: Dugtrio
|drag|p2a: Snorlax|Snorlax, M|36/100
|-damage|p2a: Snorlax|11/100|[from] Spikes
|
|-weather|Sandstorm|[upkeep]
|-damage|p2a: Snorlax|5/100|[from] Sandstorm
|-heal|p1a: Skarmory|49/100|[from] item: Leftovers
|-heal|p2a: Snorlax|11/100|[from] item: Leftovers
|upkeep
|turn|47
|
|t:|1730167373
|move|p2a: Snorlax|Rest|p2a: Snorlax
|-status|p2a: Snorlax|slp|[from] move: Rest
|-heal|p2a: Snorlax|100/100 slp|[silent]
|move|p1a: Skarmory|Roar|p2a: Snorlax
|drag|p2a: Aerodactyl|Aerodactyl, F|76/100 tox
|
|-weather|Sandstorm|[upkeep]
|-heal|p2a: Aerodactyl|82/100 tox|[from] item: Leftovers
|-damage|p2a: Aerodactyl|76/100 tox|[from] psn
|-heal|p1a: Skarmory|55/100|[from] item: Leftovers
|upkeep
|turn|48
|
|t:|1730167381
|move|p1a: Skarmory|Protect|p1a: Skarmory
|-singleturn|p1a: Skarmory|Protect
|move|p2a: Aerodactyl|Rock Slide|p1a: Skarmory|[miss]
|-miss|p2a: Aerodactyl|p1a: Skarmory
|
|-weather|Sandstorm|[upkeep]
|-heal|p2a: Aerodactyl|82/100 tox|[from] item: Leftovers
|-damage|p2a: Aerodactyl|70/100 tox|[from] psn
|-heal|p1a: Skarmory|61/100|[from] item: Leftovers
|upkeep
|turn|49
|
|t:|1730167388
|move|p2a: Aerodactyl|Rock Slide|p1a: Skarmory
|-damage|p1a: Skarmory|40/100
|move|p1a: Skarmory|Roar|p2a: Aerodactyl
|drag|p2a: Dugtrio|Dugtrio, M|51/100
|-damage|p2a: Dugtrio|26/100|[from] Spikes
|
|-weather|Sandstorm|[upkeep]
|-heal|p1a: Skarmory|46/100|[from] item: Leftovers
|upkeep
|turn|50
|
|t:|1730167395
|move|p2a: Dugtrio|Rock Slide|p1a: Skarmory
|-damage|p1a: Skarmory|29/100
|move|p1a: Skarmory|Roar|p2a: Dugtrio
|drag|p2a: Snorlax|Snorlax, M|100/100 slp
|-damage|p2a: Snorlax|76/100 slp|[from] Spikes
|
|-weather|Sandstorm|[upkeep]
|-damage|p2a: Snorlax|69/100 slp|[from] Sandstorm
|-heal|p1a: Skarmory|35/100|[from] item: Leftovers
|-heal|p2a: Snorlax|76/100 slp|[from] item: Leftovers
|upkeep
|turn|51
|
|t:|1730167402
|cant|p2a: Snorlax|slp
|move|p1a: Skarmory|Roar|p2a: Snorlax
|drag|p2a: Dugtrio|Dugtrio, M|26/100
|-damage|p2a: Dugtrio|2/100|[from] Spikes
|
|-weather|Sandstorm|[upkeep]
|-heal|p1a: Skarmory|41/100|[from] item: Leftovers
|upkeep
|turn|52
|
|t:|1730167408
|move|p2a: Dugtrio|Rock Slide|p1a: Skarmory
|-damage|p1a: Skarmory|24/100
|move|p1a: Skarmory|Toxic|p2a: Dugtrio
|-status|p2a: Dugtrio|tox
|
|-weather|Sandstorm|[upkeep]
|-damage|p2a: Dugtrio|0 fnt|[from] psn
|faint|p2a: Dugtrio
|-heal|p1a: Skarmory|30/100|[from] item: Leftovers
|upkeep
|
|t:|1730167413
|switch|p2a: Aerodactyl|Aerodactyl, F|70/100 tox
|turn|53
|
|t:|1730167418
|move|p1a: Skarmory|Protect|p1a: Skarmory
|-singleturn|p1a: Skarmory|Protect
|move|p2a: Aerodactyl|Rock Slide|p1a: Skarmory|[miss]
|-miss|p2a: Aerodactyl|p1a: Skarmory
|
|-weather|Sandstorm|[upkeep]
|-heal|p2a: Aerodactyl|76/100 tox|[from] item: Leftovers
|-damage|p2a: Aerodactyl|70/100 tox|[from] psn
|-heal|p1a: Skarmory|36/100|[from] item: Leftovers
|upkeep
|turn|54
|
|t:|1730167424
|move|p1a: Skarmory|Protect||[still]
|-fail|p1a: Skarmory
|move|p2a: Aerodactyl|Rock Slide|p1a: Skarmory|[miss]
|-miss|p2a: Aerodactyl|p1a: Skarmory
|
|-weather|Sandstorm|[upkeep]
|-heal|p2a: Aerodactyl|76/100 tox|[from] item: Leftovers
|-damage|p2a: Aerodactyl|64/100 tox|[from] psn
|-heal|p1a: Skarmory|42/100|[from] item: Leftovers
|upkeep
|turn|55
|
|t:|1730167429
|move|p1a: Skarmory|Protect|p1a: Skarmory
|-singleturn|p1a: Skarmory|Protect
|move|p2a: Aerodactyl|Rock Slide|p1a: Skarmory|[miss]
|-miss|p2a: Aerodactyl|p1a: Skarmory
|
|-weather|Sandstorm|[upkeep]
|-heal|p2a: Aerodactyl|70/100 tox|[from] item: Leftovers
|-damage|p2a: Aerodactyl|52/100 tox|[from] psn
|-heal|p1a: Skarmory|48/100|[from] item: Leftovers
|upkeep
|turn|56
|
|t:|1730167436
|move|p1a: Skarmory|Protect||[still]
|-fail|p1a: Skarmory
|move|p2a: Aerodactyl|Rock Slide|p1a: Skarmory
|-damage|p1a: Skarmory|29/100
|
|-weather|Sandstorm|[upkeep]
|-heal|p2a: Aerodactyl|58/100 tox|[from] item: Leftovers
|-damage|p2a: Aerodactyl|34/100 tox|[from] psn
|-heal|p1a: Skarmory|35/100|[from] item: Leftovers
|upkeep
|turn|57
|
|t:|1730167442
|move|p1a: Skarmory|Protect|p1a: Skarmory
|-singleturn|p1a: Skarmory|Protect
|move|p2a: Aerodactyl|Rock Slide|p1a: Skarmory
|-activate|p1a: Skarmory|Protect
|
|-weather|Sandstorm|[upkeep]
|-heal|p2a: Aerodactyl|40/100 tox|[from] item: Leftovers
|-damage|p2a: Aerodactyl|10/100 tox|[from] psn
|-heal|p1a: Skarmory|41/100|[from] item: Leftovers
|upkeep
|turn|58
|
|t:|1730167456
|move|p2a: Aerodactyl|Rock Slide|p1a: Skarmory
|-damage|p1a: Skarmory|19/100
|move|p1a: Skarmory|Toxic|p2a: Aerodactyl
|-fail|p2a: Aerodactyl|tox
|
|-weather|Sandstorm|[upkeep]
|-heal|p2a: Aerodactyl|16/100 tox|[from] item: Leftovers
|-damage|p2a: Aerodactyl|0 fnt|[from] psn
|faint|p2a: Aerodactyl
|-heal|p1a: Skarmory|25/100|[from] item: Leftovers
|upkeep
|
|t:|1730167461
|switch|p2a: Suicune|Suicune|100/100 slp
|-damage|p2a: Suicune|76/100 slp|[from] Spikes
|turn|59
|
|t:|1730167465
|switch|p1a: Suicune|Suicune|100/100
|-damage|p1a: Suicune|88/100|[from] Spikes
|cant|p2a: Suicune|slp
|
|-weather|Sandstorm|[upkeep]
|-damage|p1a: Suicune|82/100|[from] Sandstorm
|-damage|p2a: Suicune|69/100 slp|[from] Sandstorm
|-heal|p1a: Suicune|88/100|[from] item: Leftovers
|-heal|p2a: Suicune|76/100 slp|[from] item: Leftovers
|upkeep
|turn|60
|
|t:|1730167468
|move|p1a: Suicune|Calm Mind|p1a: Suicune
|-boost|p1a: Suicune|spa|1
|-boost|p1a: Suicune|spd|1
|-curestatus|p2a: Suicune|slp|[msg]
|move|p2a: Suicune|Roar|p1a: Suicune
|drag|p1a: Claydol|Claydol|38/100
|
|-weather|Sandstorm|[upkeep]
|-damage|p2a: Suicune|69/100|[from] Sandstorm
|-heal|p2a: Suicune|76/100|[from] item: Leftovers
|-heal|p1a: Claydol|45/100|[from] item: Leftovers
|upkeep
|turn|61
|
|t:|1730167474
|switch|p1a: Blissey|Blissey, F|100/100
|-damage|p1a: Blissey|88/100|[from] Spikes
|move|p2a: Suicune|Surf|p1a: Blissey
|-damage|p1a: Blissey|77/100
|
|-weather|Sandstorm|[upkeep]
|-damage|p2a: Suicune|69/100|[from] Sandstorm
|-damage|p1a: Blissey|70/100|[from] Sandstorm
|-heal|p2a: Suicune|76/100|[from] item: Leftovers
|-heal|p1a: Blissey|77/100|[from] item: Leftovers
|upkeep
|turn|62
|
|t:|1730167478
|move|p1a: Blissey|Toxic|p2a: Suicune
|-status|p2a: Suicune|tox
|move|p2a: Suicune|Roar|p1a: Blissey
|drag|p1a: Skarmory|Skarmory, F|25/100
|
|-weather|Sandstorm|[upkeep]
|-damage|p2a: Suicune|69/100 tox|[from] Sandstorm
|-heal|p2a: Suicune|76/100 tox|[from] item: Leftovers
|-damage|p2a: Suicune|69/100 tox|[from] psn
|-heal|p1a: Skarmory|31/100|[from] item: Leftovers
|upkeep
|turn|63
|
|t:|1730167483
|move|p1a: Skarmory|Protect|p1a: Skarmory
|-singleturn|p1a: Skarmory|Protect
|move|p2a: Suicune|Calm Mind|p2a: Suicune
|-boost|p2a: Suicune|spa|1
|-boost|p2a: Suicune|spd|1
|
|-weather|Sandstorm|[upkeep]
|-damage|p2a: Suicune|63/100 tox|[from] Sandstorm
|-heal|p2a: Suicune|69/100 tox|[from] item: Leftovers
|-damage|p2a: Suicune|57/100 tox|[from] psn
|-heal|p1a: Skarmory|37/100|[from] item: Leftovers
|upkeep
|turn|64
|
|t:|1730167492
|switch|p1a: Blissey|Blissey, F|77/100
|-damage|p1a: Blissey|64/100|[from] Spikes
|move|p2a: Suicune|Surf|p1a: Blissey
|-damage|p1a: Blissey|47/100
|
|-weather|Sandstorm|[upkeep]
|-damage|p2a: Suicune|51/100 tox|[from] Sandstorm
|-damage|p1a: Blissey|41/100|[from] Sandstorm
|-heal|p2a: Suicune|57/100 tox|[from] item: Leftovers
|-damage|p2a: Suicune|38/100 tox|[from] psn
|-heal|p1a: Blissey|47/100|[from] item: Leftovers
|upkeep
|turn|65
|
|t:|1730167497
|move|p2a: Suicune|Rest|p2a: Suicune
|-status|p2a: Suicune|slp|[from] move: Rest
|-heal|p2a: Suicune|100/100 slp|[silent]
|move|p1a: Blissey|Soft-Boiled|p1a: Blissey
|-heal|p1a: Blissey|97/100
|
|-weather|Sandstorm|[upkeep]
|-damage|p2a: Suicune|94/100 slp|[from] Sandstorm
|-damage|p1a: Blissey|91/100|[from] Sandstorm
|-heal|p2a: Suicune|100/100 slp|[from] item: Leftovers
|-heal|p1a: Blissey|97/100|[from] item: Leftovers
|upkeep
|turn|66
|
|t:|1730167500
|switch|p1a: Suicune|Suicune|88/100
|-damage|p1a: Suicune|76/100|[from] Spikes
|cant|p2a: Suicune|slp
|
|-weather|Sandstorm|[upkeep]
|-damage|p1a: Suicune|69/100|[from] Sandstorm
|-damage|p2a: Suicune|94/100 slp|[from] Sandstorm
|-heal|p1a: Suicune|76/100|[from] item: Leftovers
|-heal|p2a: Suicune|100/100 slp|[from] item: Leftovers
|upkeep
|turn|67
|
|t:|1730167503
|move|p1a: Suicune|Calm Mind|p1a: Suicune
|-boost|p1a: Suicune|spa|1
|-boost|p1a: Suicune|spd|1
|cant|p2a: Suicune|slp
|
|-weather|Sandstorm|[upkeep]
|-damage|p2a: Suicune|94/100 slp|[from] Sandstorm
|-damage|p1a: Suicune|69/100|[from] Sandstorm
|-heal|p1a: Suicune|76/100|[from] item: Leftovers
|-heal|p2a: Suicune|100/100 slp|[from] item: Leftovers
|upkeep
|turn|68
|
|t:|1730167507
|-curestatus|p2a: Suicune|slp|[msg]
|move|p2a: Suicune|Roar|p1a: Suicune
|drag|p1a: Claydol|Claydol|45/100
|
|-weather|Sandstorm|[upkeep]
|-damage|p2a: Suicune|94/100|[from] Sandstorm
|-heal|p2a: Suicune|100/100|[from] item: Leftovers
|-heal|p1a: Claydol|51/100|[from] item: Leftovers
|upkeep
|turn|69
|
|t:|1730167513
|switch|p1a: Blissey|Blissey, F|97/100
|-damage|p1a: Blissey|84/100|[from] Spikes
|move|p2a: Suicune|Surf|p1a: Blissey
|-crit|p1a: Blissey
|-damage|p1a: Blissey|50/100
|
|-weather|Sandstorm|[upkeep]
|-damage|p2a: Suicune|94/100|[from] Sandstorm
|-damage|p1a: Blissey|44/100|[from] Sandstorm
|-heal|p2a: Suicune|100/100|[from] item: Leftovers
|-heal|p1a: Blissey|50/100|[from] item: Leftovers
|upkeep
|turn|70
|
|t:|1730167517
|move|p2a: Suicune|Calm Mind|p2a: Suicune
|-boost|p2a: Suicune|spa|1
|-boost|p2a: Suicune|spd|1
|move|p1a: Blissey|Soft-Boiled|p1a: Blissey
|-heal|p1a: Blissey|99/100
|
|-weather|Sandstorm|[upkeep]
|-damage|p2a: Suicune|94/100|[from] Sandstorm
|-damage|p1a: Blissey|94/100|[from] Sandstorm
|-heal|p2a: Suicune|100/100|[from] item: Leftovers
|-heal|p1a: Blissey|99/100|[from] item: Leftovers
|upkeep
|turn|71
|
|t:|1730167521
|move|p2a: Suicune|Calm Mind|p2a: Suicune
|-boost|p2a: Suicune|spa|1
|-boost|p2a: Suicune|spd|1
|move|p1a: Blissey|Toxic|p2a: Suicune
|-status|p2a: Suicune|tox
|
|-weather|Sandstorm|[upkeep]
|-damage|p2a: Suicune|94/100 tox|[from] Sandstorm
|-damage|p1a: Blissey|94/100|[from] Sandstorm
|-heal|p2a: Suicune|100/100 tox|[from] item: Leftovers
|-damage|p2a: Suicune|94/100 tox|[from] psn
|-heal|p1a: Blissey|99/100|[from] item: Leftovers
|upkeep
|turn|72
|
|t:|1730167528
|move|p2a: Suicune|Calm Mind|p2a: Suicune
|-boost|p2a: Suicune|spa|1
|-boost|p2a: Suicune|spd|1
|move|p1a: Blissey|Seismic Toss|p2a: Suicune
|-damage|p2a: Suicune|69/100 tox
|
|-weather|Sandstorm|[upkeep]
|-damage|p2a: Suicune|63/100 tox|[from] Sandstorm
|-damage|p1a: Blissey|94/100|[from] Sandstorm
|-heal|p2a: Suicune|69/100 tox|[from] item: Leftovers
|-damage|p2a: Suicune|57/100 tox|[from] psn
|-heal|p1a: Blissey|99/100|[from] item: Leftovers
|upkeep
|turn|73
|
|t:|1730167533
|move|p2a: Suicune|Rest|p2a: Suicune
|-status|p2a: Suicune|slp|[from] move: Rest
|-heal|p2a: Suicune|100/100 slp|[silent]
|move|p1a: Blissey|Seismic Toss|p2a: Suicune
|-damage|p2a: Suicune|76/100 slp
|
|-weather|Sandstorm|[upkeep]
|-damage|p2a: Suicune|69/100 slp|[from] Sandstorm
|-damage|p1a: Blissey|94/100|[from] Sandstorm
|-heal|p2a: Suicune|76/100 slp|[from] item: Leftovers
|-heal|p1a: Blissey|99/100|[from] item: Leftovers
|upkeep
|turn|74
|
|t:|1730167539
|switch|p1a: Suicune|Suicune|76/100
|-damage|p1a: Suicune|63/100|[from] Spikes
|cant|p2a: Suicune|slp
|
|-weather|Sandstorm|[upkeep]
|-damage|p2a: Suicune|69/100 slp|[from] Sandstorm
|-damage|p1a: Suicune|57/100|[from] Sandstorm
|-heal|p1a: Suicune|63/100|[from] item: Leftovers
|-heal|p2a: Suicune|76/100 slp|[from] item: Leftovers
|upkeep
|turn|75
|
|t:|1730167542
|move|p1a: Suicune|Roar|p2a: Suicune
|drag|p2a: Snorlax|Snorlax, M|76/100 slp
|-damage|p2a: Snorlax|51/100 slp|[from] Spikes
|
|-weather|Sandstorm|[upkeep]
|-damage|p1a: Suicune|57/100|[from] Sandstorm
|-damage|p2a: Snorlax|44/100 slp|[from] Sandstorm
|-heal|p1a: Suicune|63/100|[from] item: Leftovers
|-heal|p2a: Snorlax|51/100 slp|[from] item: Leftovers
|upkeep
|turn|76
|
|t:|1730167548
|move|p1a: Suicune|Calm Mind|p1a: Suicune
|-boost|p1a: Suicune|spa|1
|-boost|p1a: Suicune|spd|1
|cant|p2a: Snorlax|slp
|
|-weather|Sandstorm|[upkeep]
|-damage|p1a: Suicune|57/100|[from] Sandstorm
|-damage|p2a: Snorlax|44/100 slp|[from] Sandstorm
|-heal|p1a: Suicune|63/100|[from] item: Leftovers
|-heal|p2a: Snorlax|51/100 slp|[from] item: Leftovers
|upkeep
|turn|77
|
|t:|1730167551
|move|p1a: Suicune|Calm Mind|p1a: Suicune
|-boost|p1a: Suicune|spa|1
|-boost|p1a: Suicune|spd|1
|-curestatus|p2a: Snorlax|slp|[msg]
|move|p2a: Snorlax|Return|p1a: Suicune
|-damage|p1a: Suicune|39/100
|
|-weather|Sandstorm|[upkeep]
|-damage|p1a: Suicune|33/100|[from] Sandstorm
|-damage|p2a: Snorlax|44/100|[from] Sandstorm
|-heal|p1a: Suicune|39/100|[from] item: Leftovers
|-heal|p2a: Snorlax|51/100|[from] item: Leftovers
|upkeep
|turn|78
|
|t:|1730167556
|move|p1a: Suicune|Surf|p2a: Snorlax
|-damage|p2a: Snorlax|18/100
|move|p2a: Snorlax|Curse|p2a: Snorlax
|-unboost|p2a: Snorlax|spe|1
|-boost|p2a: Snorlax|atk|1
|-boost|p2a: Snorlax|def|1
|
|-weather|Sandstorm|[upkeep]
|-damage|p1a: Suicune|33/100|[from] Sandstorm
|-damage|p2a: Snorlax|12/100|[from] Sandstorm
|-heal|p1a: Suicune|39/100|[from] item: Leftovers
|-heal|p2a: Snorlax|18/100|[from] item: Leftovers
|upkeep
|turn|79
|
|t:|1730167561
|move|p1a: Suicune|Surf|p2a: Snorlax
|-damage|p2a: Snorlax|0 fnt
|faint|p2a: Snorlax
|
|t:|1730167563
|switch|p2a: Suicune|Suicune|76/100 slp
|-damage|p2a: Suicune|51/100 slp|[from] Spikes
|
|-weather|Sandstorm|[upkeep]
|-damage|p1a: Suicune|33/100|[from] Sandstorm
|-damage|p2a: Suicune|44/100 slp|[from] Sandstorm
|-heal|p2a: Suicune|51/100 slp|[from] item: Leftovers
|-heal|p1a: Suicune|39/100|[from] item: Leftovers
|upkeep
|turn|80
|
|t:|1730167568
|move|p1a: Suicune|Surf|p2a: Suicune
|-resisted|p2a: Suicune
|-damage|p2a: Suicune|26/100 slp
|cant|p2a: Suicune|slp
|
|-weather|Sandstorm|[upkeep]
|-damage|p1a: Suicune|33/100|[from] Sandstorm
|-damage|p2a: Suicune|20/100 slp|[from] Sandstorm
|-heal|p2a: Suicune|26/100 slp|[from] item: Leftovers
|-heal|p1a: Suicune|39/100|[from] item: Leftovers
|upkeep
|turn|81
|
|t:|1730167574
|move|p1a: Suicune|Surf|p2a: Suicune
|-resisted|p2a: Suicune
|-damage|p2a: Suicune|4/100 slp
|-curestatus|p2a: Suicune|slp|[msg]
|move|p2a: Suicune|Rest|p2a: Suicune
|-status|p2a: Suicune|slp|[from] move: Rest
|-heal|p2a: Suicune|100/100 slp|[silent]
|
|-weather|Sandstorm|[upkeep]
|-damage|p1a: Suicune|33/100|[from] Sandstorm
|-damage|p2a: Suicune|94/100 slp|[from] Sandstorm
|-heal|p2a: Suicune|100/100 slp|[from] item: Leftovers
|-heal|p1a: Suicune|39/100|[from] item: Leftovers
|upkeep
|turn|82
|
|t:|1730167583
|move|p1a: Suicune|Calm Mind|p1a: Suicune
|-boost|p1a: Suicune|spa|1
|-boost|p1a: Suicune|spd|1
|cant|p2a: Suicune|slp
|
|-weather|Sandstorm|[upkeep]
|-damage|p2a: Suicune|94/100 slp|[from] Sandstorm
|-damage|p1a: Suicune|33/100|[from] Sandstorm
|-heal|p1a: Suicune|39/100|[from] item: Leftovers
|-heal|p2a: Suicune|100/100 slp|[from] item: Leftovers
|upkeep
|turn|83
|
|t:|1730167586
|move|p1a: Suicune|Surf|p2a: Suicune
|-resisted|p2a: Suicune
|-damage|p2a: Suicune|74/100 slp
|cant|p2a: Suicune|slp
|
|-weather|Sandstorm|[upkeep]
|-damage|p1a: Suicune|33/100|[from] Sandstorm
|-damage|p2a: Suicune|68/100 slp|[from] Sandstorm
|-heal|p1a: Suicune|39/100|[from] item: Leftovers
|-heal|p2a: Suicune|74/100 slp|[from] item: Leftovers
|upkeep
|turn|84
|
|t:|1730167589
|move|p1a: Suicune|Surf|p2a: Suicune
|-resisted|p2a: Suicune
|-damage|p2a: Suicune|46/100 slp
|-curestatus|p2a: Suicune|slp|[msg]
|move|p2a: Suicune|Roar|p1a: Suicune
|drag|p1a: Claydol|Claydol|51/100
|
|-weather|Sandstorm|[upkeep]
|-damage|p2a: Suicune|39/100|[from] Sandstorm
|-heal|p2a: Suicune|46/100|[from] item: Leftovers
|-heal|p1a: Claydol|57/100|[from] item: Leftovers
|upkeep
|turn|85
|
|t:|1730167600
|move|p2a: Suicune|Surf|p1a: Claydol
|-supereffective|p1a: Claydol
|-damage|p1a: Claydol|3/100
|move|p1a: Claydol|Earthquake|p2a: Suicune
|-damage|p2a: Suicune|26/100
|
|-weather|Sandstorm|[upkeep]
|-damage|p2a: Suicune|20/100|[from] Sandstorm
|-heal|p2a: Suicune|26/100|[from] item: Leftovers
|-heal|p1a: Claydol|9/100|[from] item: Leftovers
|upkeep
|turn|86
|
|t:|1730167609
|switch|p1a: Blissey|Blissey, F|99/100
|-damage|p1a: Blissey|87/100|[from] Spikes
|move|p2a: Suicune|Surf|p1a: Blissey
|-damage|p1a: Blissey|75/100
|
|-weather|Sandstorm|[upkeep]
|-damage|p2a: Suicune|20/100|[from] Sandstorm
|-damage|p1a: Blissey|68/100|[from] Sandstorm
|-heal|p2a: Suicune|26/100|[from] item: Leftovers
|-heal|p1a: Blissey|75/100|[from] item: Leftovers
|upkeep
|turn|87
|
|t:|1730167613
|move|p2a: Suicune|Rest|p2a: Suicune
|-status|p2a: Suicune|slp|[from] move: Rest
|-heal|p2a: Suicune|100/100 slp|[silent]
|move|p1a: Blissey|Seismic Toss|p2a: Suicune
|-damage|p2a: Suicune|76/100 slp
|
|-weather|Sandstorm|[upkeep]
|-damage|p2a: Suicune|69/100 slp|[from] Sandstorm
|-damage|p1a: Blissey|68/100|[from] Sandstorm
|-heal|p2a: Suicune|76/100 slp|[from] item: Leftovers
|-heal|p1a: Blissey|75/100|[from] item: Leftovers
|upkeep
|turn|88
|
|t:|1730167620
|move|p1a: Blissey|Seismic Toss|p2a: Suicune
|-damage|p2a: Suicune|51/100 slp
|cant|p2a: Suicune|slp
|
|-weather|Sandstorm|[upkeep]
|-damage|p2a: Suicune|44/100 slp|[from] Sandstorm
|-damage|p1a: Blissey|68/100|[from] Sandstorm
|-heal|p2a: Suicune|51/100 slp|[from] item: Leftovers
|-heal|p1a: Blissey|75/100|[from] item: Leftovers
|upkeep
|turn|89
|
|t:|1730167623
|move|p1a: Blissey|Seismic Toss|p2a: Suicune
|-damage|p2a: Suicune|26/100 slp
|cant|p2a: Suicune|slp
|
|-weather|Sandstorm|[upkeep]
|-damage|p2a: Suicune|19/100 slp|[from] Sandstorm
|-damage|p1a: Blissey|68/100|[from] Sandstorm
|-heal|p2a: Suicune|26/100 slp|[from] item: Leftovers
|-heal|p1a: Blissey|75/100|[from] item: Leftovers
|upkeep
|turn|90
|
|t:|1730167631
|-curestatus|p2a: Suicune|slp|[msg]
|move|p2a: Suicune|Rest|p2a: Suicune
|-status|p2a: Suicune|slp|[from] move: Rest
|-heal|p2a: Suicune|100/100 slp|[silent]
|move|p1a: Blissey|Seismic Toss|p2a: Suicune
|-damage|p2a: Suicune|76/100 slp
|
|-weather|Sandstorm|[upkeep]
|-damage|p2a: Suicune|69/100 slp|[from] Sandstorm
|-damage|p1a: Blissey|68/100|[from] Sandstorm
|-heal|p2a: Suicune|76/100 slp|[from] item: Leftovers
|-heal|p1a: Blissey|75/100|[from] item: Leftovers
|upkeep
|turn|91
|
|t:|1730167645
|cant|p2a: Suicune|slp
|move|p1a: Blissey|Seismic Toss|p2a: Suicune
|-damage|p2a: Suicune|51/100 slp
|
|-weather|Sandstorm|[upkeep]
|-damage|p2a: Suicune|44/100 slp|[from] Sandstorm
|-damage|p1a: Blissey|68/100|[from] Sandstorm
|-heal|p2a: Suicune|51/100 slp|[from] item: Leftovers
|-heal|p1a: Blissey|75/100|[from] item: Leftovers
|upkeep
|turn|92
|
|t:|1730167651
|cant|p2a: Suicune|slp
|move|p1a: Blissey|Seismic Toss|p2a: Suicune
|-damage|p2a: Suicune|26/100 slp
|
|-weather|Sandstorm|[upkeep]
|-damage|p2a: Suicune|19/100 slp|[from] Sandstorm
|-damage|p1a: Blissey|68/100|[from] Sandstorm
|-heal|p2a: Suicune|26/100 slp|[from] item: Leftovers
|-heal|p1a: Blissey|75/100|[from] item: Leftovers
|upkeep
|turn|93
|
|t:|1730167657
|-curestatus|p2a: Suicune|slp|[msg]
|move|p2a: Suicune|Rest|p2a: Suicune
|-status|p2a: Suicune|slp|[from] move: Rest
|-heal|p2a: Suicune|100/100 slp|[silent]
|move|p1a: Blissey|Seismic Toss|p2a: Suicune
|-damage|p2a: Suicune|76/100 slp
|
|-weather|Sandstorm|[upkeep]
|-damage|p2a: Suicune|69/100 slp|[from] Sandstorm
|-damage|p1a: Blissey|68/100|[from] Sandstorm
|-heal|p2a: Suicune|76/100 slp|[from] item: Leftovers
|-heal|p1a: Blissey|75/100|[from] item: Leftovers
|upkeep
|turn|94
|
|t:|1730167679
|cant|p2a: Suicune|slp
|move|p1a: Blissey|Seismic Toss|p2a: Suicune
|-damage|p2a: Suicune|51/100 slp
|
|-weather|Sandstorm|[upkeep]
|-damage|p2a: Suicune|44/100 slp|[from] Sandstorm
|-damage|p1a: Blissey|68/100|[from] Sandstorm
|-heal|p2a: Suicune|51/100 slp|[from] item: Leftovers
|-heal|p1a: Blissey|75/100|[from] item: Leftovers
|upkeep
|turn|95
|
|t:|1730167681
|cant|p2a: Suicune|slp
|move|p1a: Blissey|Seismic Toss|p2a: Suicune
|-damage|p2a: Suicune|26/100 slp
|
|-weather|Sandstorm|[upkeep]
|-damage|p2a: Suicune|19/100 slp|[from] Sandstorm
|-damage|p1a: Blissey|68/100|[from] Sandstorm
|-heal|p2a: Suicune|26/100 slp|[from] item: Leftovers
|-heal|p1a: Blissey|75/100|[from] item: Leftovers
|upkeep
|turn|96
|
|t:|1730167694
|-curestatus|p2a: Suicune|slp|[msg]
|move|p2a: Suicune|Rest|p2a: Suicune
|-status|p2a: Suicune|slp|[from] move: Rest
|-heal|p2a: Suicune|100/100 slp|[silent]
|move|p1a: Blissey|Seismic Toss|p2a: Suicune
|-damage|p2a: Suicune|76/100 slp
|
|-weather|Sandstorm|[upkeep]
|-damage|p2a: Suicune|69/100 slp|[from] Sandstorm
|-damage|p1a: Blissey|68/100|[from] Sandstorm
|-heal|p2a: Suicune|76/100 slp|[from] item: Leftovers
|-heal|p1a: Blissey|75/100|[from] item: Leftovers
|upkeep
|turn|97
|
|t:|1730167702
|cant|p2a: Suicune|slp
|move|p1a: Blissey|Seismic Toss|p2a: Suicune
|-damage|p2a: Suicune|51/100 slp
|
|-weather|Sandstorm|[upkeep]
|-damage|p2a: Suicune|44/100 slp|[from] Sandstorm
|-damage|p1a: Blissey|68/100|[from] Sandstorm
|-heal|p2a: Suicune|51/100 slp|[from] item: Leftovers
|-heal|p1a: Blissey|75/100|[from] item: Leftovers
|upkeep
|turn|98
|
|t:|1730167709
|cant|p2a: Suicune|slp
|move|p1a: Blissey|Seismic Toss|p2a: Suicune
|-damage|p2a: Suicune|26/100 slp
|
|-weather|Sandstorm|[upkeep]
|-damage|p2a: Suicune|19/100 slp|[from] Sandstorm
|-damage|p1a: Blissey|68/100|[from] Sandstorm
|-heal|p2a: Suicune|26/100 slp|[from] item: Leftovers
|-heal|p1a: Blissey|75/100|[from] item: Leftovers
|upkeep
|turn|99
|
|t:|1730167716
|switch|p1a: Suicune|Suicune|39/100
|-damage|p1a: Suicune|26/100|[from] Spikes
|-curestatus|p2a: Suicune|slp|[msg]
|move|p2a: Suicune|Rest|p2a: Suicune
|-status|p2a: Suicune|slp|[from] move: Rest
|-heal|p2a: Suicune|100/100 slp|[silent]
|
|-weather|Sandstorm|[upkeep]
|-damage|p1a: Suicune|20/100|[from] Sandstorm
|-damage|p2a: Suicune|94/100 slp|[from] Sandstorm
|-heal|p2a: Suicune|100/100 slp|[from] item: Leftovers
|-heal|p1a: Suicune|26/100|[from] item: Leftovers
|upkeep
|turn|100
|
|t:|1730167719
|move|p1a: Suicune|Calm Mind|p1a: Suicune
|-boost|p1a: Suicune|spa|1
|-boost|p1a: Suicune|spd|1
|cant|p2a: Suicune|slp
|
|-weather|Sandstorm|[upkeep]
|-damage|p2a: Suicune|94/100 slp|[from] Sandstorm
|-damage|p1a: Suicune|20/100|[from] Sandstorm
|-heal|p2a: Suicune|100/100 slp|[from] item: Leftovers
|-heal|p1a: Suicune|26/100|[from] item: Leftovers
|upkeep
|turn|101
|
|t:|1730167723
|move|p1a: Suicune|Surf|p2a: Suicune
|-resisted|p2a: Suicune
|-damage|p2a: Suicune|84/100 slp
|cant|p2a: Suicune|slp
|
|-weather|Sandstorm|[upkeep]
|-damage|p1a: Suicune|20/100|[from] Sandstorm
|-damage|p2a: Suicune|78/100 slp|[from] Sandstorm
|-heal|p2a: Suicune|84/100 slp|[from] item: Leftovers
|-heal|p1a: Suicune|26/100|[from] item: Leftovers
|upkeep
|turn|102
|
|t:|1730167730
|-curestatus|p2a: Suicune|slp|[msg]
|move|p2a: Suicune|Calm Mind|p2a: Suicune
|-boost|p2a: Suicune|spa|1
|-boost|p2a: Suicune|spd|1
|move|p1a: Suicune|Surf|p2a: Suicune
|-resisted|p2a: Suicune
|-damage|p2a: Suicune|73/100
|
|-weather|Sandstorm|[upkeep]
|-damage|p1a: Suicune|20/100|[from] Sandstorm
|-damage|p2a: Suicune|67/100|[from] Sandstorm
|-heal|p2a: Suicune|73/100|[from] item: Leftovers
|-heal|p1a: Suicune|26/100|[from] item: Leftovers
|upkeep
|turn|103
|
|t:|1730167736
|move|p1a: Suicune|Rest|p1a: Suicune
|-status|p1a: Suicune|slp|[from] move: Rest
|-heal|p1a: Suicune|100/100 slp|[silent]
|move|p2a: Suicune|Calm Mind|p2a: Suicune
|-boost|p2a: Suicune|spa|1
|-boost|p2a: Suicune|spd|1
|
|-weather|Sandstorm|[upkeep]
|-damage|p2a: Suicune|67/100|[from] Sandstorm
|-damage|p1a: Suicune|94/100 slp|[from] Sandstorm
|-heal|p1a: Suicune|100/100 slp|[from] item: Leftovers
|-heal|p2a: Suicune|73/100|[from] item: Leftovers
|upkeep
|turn|104
|
|t:|1730167740
|move|p2a: Suicune|Calm Mind|p2a: Suicune
|-boost|p2a: Suicune|spa|1
|-boost|p2a: Suicune|spd|1
|cant|p1a: Suicune|slp
|
|-weather|Sandstorm|[upkeep]
|-damage|p1a: Suicune|94/100 slp|[from] Sandstorm
|-damage|p2a: Suicune|67/100|[from] Sandstorm
|-heal|p1a: Suicune|100/100 slp|[from] item: Leftovers
|-heal|p2a: Suicune|73/100|[from] item: Leftovers
|upkeep
|turn|105
|
|t:|1730167743
|move|p2a: Suicune|Calm Mind|p2a: Suicune
|-boost|p2a: Suicune|spa|1
|-boost|p2a: Suicune|spd|1
|cant|p1a: Suicune|slp
|
|-weather|Sandstorm|[upkeep]
|-damage|p1a: Suicune|94/100 slp|[from] Sandstorm
|-damage|p2a: Suicune|67/100|[from] Sandstorm
|-heal|p1a: Suicune|100/100 slp|[from] item: Leftovers
|-heal|p2a: Suicune|73/100|[from] item: Leftovers
|upkeep
|turn|106
|
|t:|1730167746
|switch|p1a: Blissey|Blissey, F|75/100
|-damage|p1a: Blissey|62/100|[from] Spikes
|move|p2a: Suicune|Calm Mind|p2a: Suicune
|-boost|p2a: Suicune|spa|1
|-boost|p2a: Suicune|spd|1
|
|-weather|Sandstorm|[upkeep]
|-damage|p2a: Suicune|67/100|[from] Sandstorm
|-damage|p1a: Blissey|56/100|[from] Sandstorm
|-heal|p2a: Suicune|73/100|[from] item: Leftovers
|-heal|p1a: Blissey|62/100|[from] item: Leftovers
|upkeep
|turn|107
|
|t:|1730167753
|move|p2a: Suicune|Calm Mind|p2a: Suicune
|-boost|p2a: Suicune|spa|1
|-boost|p2a: Suicune|spd|1
|move|p1a: Blissey|Soft-Boiled|p1a: Blissey
|-heal|p1a: Blissey|100/100
|
|-weather|Sandstorm|[upkeep]
|-damage|p2a: Suicune|67/100|[from] Sandstorm
|-damage|p1a: Blissey|94/100|[from] Sandstorm
|-heal|p2a: Suicune|73/100|[from] item: Leftovers
|-heal|p1a: Blissey|100/100|[from] item: Leftovers
|upkeep
|turn|108
|
|t:|1730167756
|move|p1a: Blissey|Toxic|p2a: Suicune|[miss]
|-miss|p1a: Blissey|p2a: Suicune
|move|p2a: Suicune|Roar|p1a: Blissey
|drag|p1a: Suicune|Suicune|100/100 slp
|-damage|p1a: Suicune|88/100 slp|[from] Spikes
|
|-weather|Sandstorm|[upkeep]
|-damage|p1a: Suicune|82/100 slp|[from] Sandstorm
|-damage|p2a: Suicune|67/100|[from] Sandstorm
|-heal|p1a: Suicune|88/100 slp|[from] item: Leftovers
|-heal|p2a: Suicune|73/100|[from] item: Leftovers
|upkeep
|turn|109
|
|t:|1730167762
|move|p2a: Suicune|Surf|p1a: Suicune
|-resisted|p1a: Suicune
|-damage|p1a: Suicune|47/100 slp
|-curestatus|p1a: Suicune|slp|[msg]
|move|p1a: Suicune|Calm Mind|p1a: Suicune
|-boost|p1a: Suicune|spa|1
|-boost|p1a: Suicune|spd|1
|
|-weather|Sandstorm|[upkeep]
|-damage|p2a: Suicune|67/100|[from] Sandstorm
|-damage|p1a: Suicune|41/100|[from] Sandstorm
|-heal|p1a: Suicune|47/100|[from] item: Leftovers
|-heal|p2a: Suicune|73/100|[from] item: Leftovers
|upkeep
|turn|110
|
|t:|1730167771
|move|p1a: Suicune|Rest|p1a: Suicune
|-status|p1a: Suicune|slp|[from] move: Rest
|-heal|p1a: Suicune|100/100 slp|[silent]
|move|p2a: Suicune|Roar|p1a: Suicune
|drag|p1a: Claydol|Claydol|9/100
|
|-weather|Sandstorm|[upkeep]
|-damage|p2a: Suicune|67/100|[from] Sandstorm
|-heal|p2a: Suicune|73/100|[from] item: Leftovers
|-heal|p1a: Claydol|15/100|[from] item: Leftovers
|upkeep
|turn|111
|
|t:|1730167780
|move|p2a: Suicune|Surf|p1a: Claydol
|-supereffective|p1a: Claydol
|-damage|p1a: Claydol|0 fnt
|faint|p1a: Claydol
|
|t:|1730167783
|switch|p1a: Skarmory|Skarmory, F|37/100
|
|-weather|Sandstorm|[upkeep]
|-damage|p2a: Suicune|67/100|[from] Sandstorm
|-heal|p2a: Suicune|73/100|[from] item: Leftovers
|-heal|p1a: Skarmory|43/100|[from] item: Leftovers
|upkeep
|turn|112
|
|t:|1730167785
|move|p2a: Suicune|Surf|p1a: Skarmory
|-damage|p1a: Skarmory|0 fnt
|faint|p1a: Skarmory
|
|t:|1730167788
|switch|p1a: Blissey|Blissey, F|100/100
|-damage|p1a: Blissey|88/100|[from] Spikes
|
|-weather|Sandstorm|[upkeep]
|-damage|p2a: Suicune|67/100|[from] Sandstorm
|-damage|p1a: Blissey|82/100|[from] Sandstorm
|-heal|p2a: Suicune|73/100|[from] item: Leftovers
|-heal|p1a: Blissey|88/100|[from] item: Leftovers
|upkeep
|turn|113
|
|t:|1730167790
|move|p2a: Suicune|Surf|p1a: Blissey
|-damage|p1a: Blissey|42/100
|move|p1a: Blissey|Toxic|p2a: Suicune
|-status|p2a: Suicune|tox
|
|-weather|Sandstorm|[upkeep]
|-damage|p2a: Suicune|67/100 tox|[from] Sandstorm
|-damage|p1a: Blissey|36/100|[from] Sandstorm
|-heal|p2a: Suicune|73/100 tox|[from] item: Leftovers
|-damage|p2a: Suicune|67/100 tox|[from] psn
|-heal|p1a: Blissey|42/100|[from] item: Leftovers
|upkeep
|turn|114
|
|t:|1730167802
|move|p2a: Suicune|Rest|p2a: Suicune
|-status|p2a: Suicune|slp|[from] move: Rest
|-heal|p2a: Suicune|100/100 slp|[silent]
|move|p1a: Blissey|Soft-Boiled|p1a: Blissey
|-heal|p1a: Blissey|92/100
|
|-weather|Sandstorm|[upkeep]
|-damage|p2a: Suicune|94/100 slp|[from] Sandstorm
|-damage|p1a: Blissey|86/100|[from] Sandstorm
|-heal|p2a: Suicune|100/100 slp|[from] item: Leftovers
|-heal|p1a: Blissey|92/100|[from] item: Leftovers
|upkeep
|turn|115
|
|t:|1730167808
|switch|p1a: Suicune|Suicune|100/100 slp
|-damage|p1a: Suicune|88/100 slp|[from] Spikes
|cant|p2a: Suicune|slp
|
|-weather|Sandstorm|[upkeep]
|-damage|p1a: Suicune|82/100 slp|[from] Sandstorm
|-damage|p2a: Suicune|94/100 slp|[from] Sandstorm
|-heal|p2a: Suicune|100/100 slp|[from] item: Leftovers
|-heal|p1a: Suicune|88/100 slp|[from] item: Leftovers
|upkeep
|turn|116
|
|t:|1730167816
|cant|p1a: Suicune|slp
|cant|p2a: Suicune|slp
|
|-weather|Sandstorm|[upkeep]
|-damage|p1a: Suicune|82/100 slp|[from] Sandstorm
|-damage|p2a: Suicune|94/100 slp|[from] Sandstorm
|-heal|p1a: Suicune|88/100 slp|[from] item: Leftovers
|-heal|p2a: Suicune|100/100 slp|[from] item: Leftovers
|upkeep
|turn|117
|
|t:|1730167819
|cant|p1a: Suicune|slp
|-curestatus|p2a: Suicune|slp|[msg]
|move|p2a: Suicune|Roar|p1a: Suicune
|drag|p1a: Blissey|Blissey, F|92/100
|-damage|p1a: Blissey|80/100|[from] Spikes
|
|-weather|Sandstorm|[upkeep]
|-damage|p2a: Suicune|94/100|[from] Sandstorm
|-damage|p1a: Blissey|74/100|[from] Sandstorm
|-heal|p2a: Suicune|100/100|[from] item: Leftovers
|-heal|p1a: Blissey|80/100|[from] item: Leftovers
|upkeep
|turn|118
|
|t:|1730167825
|move|p2a: Suicune|Surf|p1a: Blissey
|-damage|p1a: Blissey|35/100
|move|p1a: Blissey|Toxic|p2a: Suicune
|-status|p2a: Suicune|tox
|
|-weather|Sandstorm|[upkeep]
|-damage|p2a: Suicune|94/100 tox|[from] Sandstorm
|-damage|p1a: Blissey|29/100|[from] Sandstorm
|-heal|p2a: Suicune|100/100 tox|[from] item: Leftovers
|-damage|p2a: Suicune|94/100 tox|[from] psn
|-heal|p1a: Blissey|35/100|[from] item: Leftovers
|upkeep
|turn|119
|
|t:|1730167836
|move|p2a: Suicune|Rest|p2a: Suicune
|-status|p2a: Suicune|slp|[from] move: Rest
|-heal|p2a: Suicune|100/100 slp|[silent]
|move|p1a: Blissey|Soft-Boiled|p1a: Blissey
|-heal|p1a: Blissey|85/100
|
|-weather|Sandstorm|[upkeep]
|-damage|p2a: Suicune|94/100 slp|[from] Sandstorm
|-damage|p1a: Blissey|79/100|[from] Sandstorm
|-heal|p2a: Suicune|100/100 slp|[from] item: Leftovers
|-heal|p1a: Blissey|85/100|[from] item: Leftovers
|upkeep
|turn|120
|
|t:|1730167839
|move|p1a: Blissey|Seismic Toss|p2a: Suicune
|-damage|p2a: Suicune|76/100 slp
|cant|p2a: Suicune|slp
|
|-weather|Sandstorm|[upkeep]
|-damage|p2a: Suicune|69/100 slp|[from] Sandstorm
|-damage|p1a: Blissey|79/100|[from] Sandstorm
|-heal|p2a: Suicune|76/100 slp|[from] item: Leftovers
|-heal|p1a: Blissey|85/100|[from] item: Leftovers
|upkeep
|turn|121
|
|t:|1730167844
|move|p1a: Blissey|Seismic Toss|p2a: Suicune
|-damage|p2a: Suicune|51/100 slp
|cant|p2a: Suicune|slp
|
|-weather|Sandstorm|[upkeep]
|-damage|p2a: Suicune|44/100 slp|[from] Sandstorm
|-damage|p1a: Blissey|79/100|[from] Sandstorm
|-heal|p2a: Suicune|51/100 slp|[from] item: Leftovers
|-heal|p1a: Blissey|85/100|[from] item: Leftovers
|upkeep
|turn|122
|
|t:|1730167852
|-curestatus|p2a: Suicune|slp|[msg]
|move|p2a: Suicune|Rest|p2a: Suicune
|-status|p2a: Suicune|slp|[from] move: Rest
|-heal|p2a: Suicune|100/100 slp|[silent]
|move|p1a: Blissey|Toxic|p2a: Suicune|[miss]
|-miss|p1a: Blissey|p2a: Suicune
|
|-weather|Sandstorm|[upkeep]
|-damage|p2a: Suicune|94/100 slp|[from] Sandstorm
|-damage|p1a: Blissey|79/100|[from] Sandstorm
|-heal|p2a: Suicune|100/100 slp|[from] item: Leftovers
|-heal|p1a: Blissey|85/100|[from] item: Leftovers
|upkeep
|turn|123
|
|t:|1730167863
|switch|p1a: Suicune|Suicune|88/100 slp
|-damage|p1a: Suicune|76/100 slp|[from] Spikes
|cant|p2a: Suicune|slp
|
|-weather|Sandstorm|[upkeep]
|-damage|p1a: Suicune|69/100 slp|[from] Sandstorm
|-damage|p2a: Suicune|94/100 slp|[from] Sandstorm
|-heal|p1a: Suicune|76/100 slp|[from] item: Leftovers
|-heal|p2a: Suicune|100/100 slp|[from] item: Leftovers
|upkeep
|turn|124
|
|t:|1730167867
|-curestatus|p1a: Suicune|slp|[msg]
|move|p1a: Suicune|Calm Mind|p1a: Suicune
|-boost|p1a: Suicune|spa|1
|-boost|p1a: Suicune|spd|1
|cant|p2a: Suicune|slp
|
|-weather|Sandstorm|[upkeep]
|-damage|p1a: Suicune|69/100|[from] Sandstorm
|-damage|p2a: Suicune|94/100 slp|[from] Sandstorm
|-heal|p1a: Suicune|76/100|[from] item: Leftovers
|-heal|p2a: Suicune|100/100 slp|[from] item: Leftovers
|upkeep
|turn|125
|
|t:|1730167871
|move|p1a: Suicune|Calm Mind|p1a: Suicune
|-boost|p1a: Suicune|spa|1
|-boost|p1a: Suicune|spd|1
|-curestatus|p2a: Suicune|slp|[msg]
|move|p2a: Suicune|Roar|p1a: Suicune
|drag|p1a: Blissey|Blissey, F|85/100
|-damage|p1a: Blissey|73/100|[from] Spikes
|
|-weather|Sandstorm|[upkeep]
|-damage|p2a: Suicune|94/100|[from] Sandstorm
|-damage|p1a: Blissey|67/100|[from] Sandstorm
|-heal|p2a: Suicune|100/100|[from] item: Leftovers
|-heal|p1a: Blissey|73/100|[from] item: Leftovers
|upkeep
|turn|126
|
|t:|1730167877
|move|p2a: Suicune|Surf|p1a: Blissey
|-damage|p1a: Blissey|22/100
|move|p1a: Blissey|Soft-Boiled|p1a: Blissey
|-heal|p1a: Blissey|72/100
|
|-weather|Sandstorm|[upkeep]
|-damage|p2a: Suicune|94/100|[from] Sandstorm
|-damage|p1a: Blissey|65/100|[from] Sandstorm
|-heal|p2a: Suicune|100/100|[from] item: Leftovers
|-heal|p1a: Blissey|72/100|[from] item: Leftovers
|upkeep
|turn|127
|
|t:|1730167887
|move|p1a: Blissey|Soft-Boiled|p1a: Blissey
|-heal|p1a: Blissey|100/100
|move|p2a: Suicune|Roar|p1a: Blissey
|drag|p1a: Suicune|Suicune|76/100
|-damage|p1a: Suicune|63/100|[from] Spikes
|
|-weather|Sandstorm|[upkeep]
|-damage|p2a: Suicune|94/100|[from] Sandstorm
|-damage|p1a: Suicune|57/100|[from] Sandstorm
|-heal|p1a: Suicune|63/100|[from] item: Leftovers
|-heal|p2a: Suicune|100/100|[from] item: Leftovers
|upkeep
|turn|128
|
|t:|1730167894
|move|p1a: Suicune|Calm Mind|p1a: Suicune
|-boost|p1a: Suicune|spa|1
|-boost|p1a: Suicune|spd|1
|move|p2a: Suicune|Calm Mind|p2a: Suicune
|-boost|p2a: Suicune|spa|0
|-boost|p2a: Suicune|spd|0
|
|-weather|Sandstorm|[upkeep]
|-damage|p1a: Suicune|57/100|[from] Sandstorm
|-damage|p2a: Suicune|94/100|[from] Sandstorm
|-heal|p2a: Suicune|100/100|[from] item: Leftovers
|-heal|p1a: Suicune|63/100|[from] item: Leftovers
|upkeep
|turn|129
|
|t:|1730167899
|move|p1a: Suicune|Calm Mind|p1a: Suicune
|-boost|p1a: Suicune|spa|1
|-boost|p1a: Suicune|spd|1
|move|p2a: Suicune|Roar|p1a: Suicune
|drag|p1a: Blissey|Blissey, F|100/100
|-damage|p1a: Blissey|88/100|[from] Spikes
|
|-weather|Sandstorm|[upkeep]
|-damage|p2a: Suicune|94/100|[from] Sandstorm
|-damage|p1a: Blissey|82/100|[from] Sandstorm
|-heal|p2a: Suicune|100/100|[from] item: Leftovers
|-heal|p1a: Blissey|88/100|[from] item: Leftovers
|upkeep
|turn|130
|
|t:|1730167906
|move|p2a: Suicune|Surf|p1a: Blissey
|-crit|p1a: Blissey
|-damage|p1a: Blissey|0 fnt
|faint|p1a: Blissey
|
|t:|1730167910
|switch|p1a: Suicune|Suicune|63/100
|-damage|p1a: Suicune|51/100|[from] Spikes
|
|-weather|Sandstorm|[upkeep]
|-damage|p2a: Suicune|94/100|[from] Sandstorm
|-damage|p1a: Suicune|44/100|[from] Sandstorm
|-heal|p2a: Suicune|100/100|[from] item: Leftovers
|-heal|p1a: Suicune|51/100|[from] item: Leftovers
|upkeep
|turn|131
|
|t:|1730167916
|move|p1a: Suicune|Calm Mind|p1a: Suicune
|-boost|p1a: Suicune|spa|1
|-boost|p1a: Suicune|spd|1
|move|p2a: Suicune|Surf|p1a: Suicune
|-resisted|p1a: Suicune
|-damage|p1a: Suicune|19/100
|
|-weather|Sandstorm|[upkeep]
|-damage|p2a: Suicune|94/100|[from] Sandstorm
|-damage|p1a: Suicune|13/100|[from] Sandstorm
|-heal|p1a: Suicune|19/100|[from] item: Leftovers
|-heal|p2a: Suicune|100/100|[from] item: Leftovers
|upkeep
|turn|132
|c|☆singingcrow|ggwp
|
|t:|1730167921
|move|p1a: Suicune|Rest|p1a: Suicune
|-status|p1a: Suicune|slp|[from] move: Rest
|-heal|p1a: Suicune|100/100 slp|[silent]
|move|p2a: Suicune|Surf|p1a: Suicune
|-resisted|p1a: Suicune
|-damage|p1a: Suicune|73/100 slp
|
|-weather|Sandstorm|[upkeep]
|-damage|p1a: Suicune|67/100 slp|[from] Sandstorm
|-damage|p2a: Suicune|94/100|[from] Sandstorm
|-heal|p1a: Suicune|73/100 slp|[from] item: Leftovers
|-heal|p2a: Suicune|100/100|[from] item: Leftovers
|upkeep
|turn|133
|
|t:|1730167928
|move|p2a: Suicune|Surf|p1a: Suicune
|-resisted|p1a: Suicune
|-crit|p1a: Suicune
|-damage|p1a: Suicune|0 fnt
|faint|p1a: Suicune
|
|win|singingcrow
|c|☆aahaahaah|gg
|c|☆singingcrow|that was close

</script>
<script type="application/json" class="data" id="replaydata-smogtours-gen3ou-803216">
{"id":"smogtours-gen3ou-803216","format":"[Gen 3] OU","players":["aahaahaah","singingcrow"],"uploadtime":1730167928,"views":78,"formatid":"gen3ou","rating":null,"private":0,"password":null}
</script>

<script defer src="js/replays.js?9d40a366"></script>
