<!DOCTYPE html>
<meta charset="utf-8" />
<meta name="viewport" content="width=device-width" />

<title>[Gen 3] OU: valiantbattlerextr vs. kalarse - Replays - Pok&eacute;mon Showdown!</title>

<meta name="description" content="Watch a replay of a Pok&eacute;mon battle between valiantbattlerextr and kalarse! Format: [Gen 3] OU; Date: Oct 14, 2024" />
<!--

Hey, you! Looking in the source for the replay log?

You can find them in JSON format, just add `.json` at the end of a replay URL.

https://replay.pokemonshowdown.com/gen7randomdoublesbattle-865046831.json

Or, if you only need the log itself, add `.log` instead:

https://replay.pokemonshowdown.com/gen7randomdoublesbattle-865046831.log

-->

<link rel="stylesheet" href="//pokemonshowdown.com/style/global.css?0.767286132409787" />
<link rel="stylesheet" href="//play.pokemonshowdown.com/style/font-awesome.css?0.9266228007934947" />
<link rel="stylesheet" href="//play.pokemonshowdown.com/style/battle.css?0.7924700842790926" />
<link rel="stylesheet" href="//play.pokemonshowdown.com/style/utilichart.css?0.8777417872839479" />

<!-- Global site tag (gtag.js) - Google Analytics -->
<script async src="https://www.googletagmanager.com/gtag/js?id=UA-26211653-1"></script>
<script>
  window.dataLayer = window.dataLayer || [];
  function gtag(){dataLayer.push(arguments);}
  gtag('js', new Date());

  gtag('config', 'UA-26211653-1');
</script>
<!-- End Google Analytics -->
<!-- Venatus Ad Manager - Install in <HEAD> of page -->
	<script src="https://hb.vntsm.com/v3/live/ad-manager.min.js" type="text/javascript" data-site-id="642aba63ec9a7b11c3c9c1be" data-mode="scan" async></script>
<!-- / Venatus Ad Manager -->

<style>
	@media (max-width:820px) {
		.battle {
			margin: 0 auto;
		}
		.battle-log {
			margin: 7px auto 0;
			max-width: 640px;
			height: 300px;
			position: static;
		}
	}
	.optgroup {
		display: inline-block;
		line-height: 22px;
		font-size: 10pt;
	}
	.optgroup .button {
		height: 25px;
		padding-top: 0;
		padding-bottom: 0;
	}
	.optgroup button.button {
		padding-left: 12px;
		padding-right: 12px;
	}
	.linklist {
		list-style: none;
		margin: 0.5em 0;
		padding: 0;
	}
	.linklist li {
		padding: 2px 0;
	}
	.sidebar {
		float: left;
		width: 320px;
	}
	.bar-wrapper {
		max-width: 1100px;
		margin: 0 auto;
	}
	.bar-wrapper.has-sidebar {
		max-width: 1430px;
	}
	.mainbar {
		margin: 0;
		padding-right: 1px;
	}
	.mainbar.has-sidebar {
		margin-left: 330px;
	}
	@media (min-width: 1511px) {
		.sidebar {
			width: 400px;
		}
		.bar-wrapper.has-sidebar {
			max-width: 1510px;
		}
		.mainbar.has-sidebar {
			margin-left: 410px;
		}
	}
	.section.first-section {
		margin-top: 9px;
	}
	.blocklink small {
		white-space: normal;
	}
	.button {
		vertical-align: middle;
	}
	.replay-controls {
		padding-top: 10px;
	}
	.replay-controls h1 {
		font-size: 16pt;
		font-weight: normal;
		color: #CCC;
	}
	.pagelink {
		text-align: center;
	}
	.pagelink a {
		width: 150px;
	}
	.textbox, .button {
		font-size: 11pt;
		vertical-align: middle;
	}
	@media (max-width: 450px) {
		.button {
			font-size: 9pt;
		}
	}
</style>

<div>

	<header>
		<div class="nav-wrapper"><ul class="nav">
			<li><a class="button nav-first" href="//pokemonshowdown.com/"><img src="//pokemonshowdown.com/images/pokemonshowdownbeta.png" srcset="//pokemonshowdown.com/images/pokemonshowdownbeta.png 1x, //pokemonshowdown.com/images/pokemonshowdownbeta@2x.png 2x" alt="Pok&eacute;mon Showdown" width="146" height="44" /> Home</a></li>
			<li><a class="button" href="//pokemonshowdown.com/dex/">Pok&eacute;dex</a></li>
			<li><a class="button cur" href="/">Replays</a></li>
			<li><a class="button" href="//pokemonshowdown.com/ladder/">Ladder</a></li>
			<li><a class="button nav-last" href="//pokemonshowdown.com/forums/">Forum</a></li>
			<li><a class="button greenbutton nav-first nav-last" href="//play.pokemonshowdown.com/">Play</a></li>
		</ul></div>
	</header>

	<div class="main" id="main">

		<noscript><section class="section">You need to enable JavaScript to use this page; sorry!</section></noscript>

	</div>

</div>

<script defer nomodule src="//play.pokemonshowdown.com/js/lib/ps-polyfill.js"></script>
<script defer src="//play.pokemonshowdown.com/js/lib/preact.min.js"></script>

<script defer src="//play.pokemonshowdown.com/config/config.js?6dec07f6"></script>
<script defer src="//play.pokemonshowdown.com/js/lib/jquery-1.11.0.min.js"></script>
<script defer src="//play.pokemonshowdown.com/js/lib/html-sanitizer-minified.js"></script>
<script defer src="//play.pokemonshowdown.com/js/battle-sound.js"></script>
<script defer src="//play.pokemonshowdown.com/js/battledata.js?0.6315294753075389"></script>
<script defer src="//play.pokemonshowdown.com/data/pokedex-mini.js?0.7603743185311358"></script>
<script defer src="//play.pokemonshowdown.com/data/pokedex-mini-bw.js?0.030888842834281283"></script>
<script defer src="//play.pokemonshowdown.com/data/graphics.js?0.05593094747507488"></script>
<script defer src="//play.pokemonshowdown.com/data/pokedex.js?0.47064822249611904"></script>
<script defer src="//play.pokemonshowdown.com/data/moves.js?0.8583693120512459"></script>
<script defer src="//play.pokemonshowdown.com/data/abilities.js?0.16017181182386842"></script>
<script defer src="//play.pokemonshowdown.com/data/items.js?0.4163379185673943"></script>
<script defer src="//play.pokemonshowdown.com/data/teambuilder-tables.js?0.31075597372830477"></script>
<script defer src="//play.pokemonshowdown.com/js/battle-tooltips.js?0.6536193500708172"></script>
<script defer src="//play.pokemonshowdown.com/js/battle.js?0.1916591943277901"></script>

<script defer src="js/utils.js?e31f9a17"></script>
<script defer src="js/replays-battle.js?7008c182"></script>

<!-- don't scrape this data! just add .json or .log after the URL!
Full API docs: https://github.com/smogon/pokemon-showdown-client/blob/master/WEB-API.md -->
<script type="text/plain" class="log" id="replaylog-smogtours-gen3ou-798807">
|inactive|Battle timer is ON: inactive players will automatically lose when time's up.
|t:|1728944363
|gametype|singles
|player|p1|valiantbattlerextr|170|
|player|p2|kalarse|fantina|
|teamsize|p1|6
|teamsize|p2|6
|gen|3
|tier|[Gen 3] OU
|rule|Sleep Clause Mod: Limit one foe put to sleep
|rule|Switch Priority Clause Mod: Faster Pokémon switch first
|rule|Species Clause: Limit one of each Pokémon
|rule|OHKO Clause: OHKO moves are banned
|rule|Evasion Items Clause: Evasion items are banned
|rule|Evasion Moves Clause: Evasion moves are banned
|rule|Endless Battle Clause: Forcing endless battles is banned
|rule|HP Percentage Mod: HP is shown in percentages
|rule|One Boost Passer Clause: Limit one Baton Passer that has a way to boost its stats
|rule|Freeze Clause Mod: Limit one foe frozen
|
|t:|1728944363
|start
|switch|p1a: Allegations|Slaking, M|100/100
|switch|p2a: Forry|Forretress, M|100/100
|turn|1
|c|☆kalarse|glhf!
|c|☆valiantbattlerextr|you too
|
|t:|1728944389
|move|p1a: Allegations|Fire Blast|p2a: Forry
|-supereffective|p2a: Forry
|-damage|p2a: Forry|0 fnt
|faint|p2a: Forry
|
|t:|1728944394
|switch|p2a: Gengar|Gengar, F|100/100
|
|upkeep
|turn|2
|
|t:|1728944408
|switch|p1a: Ay yo?|Typhlosion, F|100/100
|move|p2a: Gengar|Substitute|p2a: Gengar
|-start|p2a: Gengar|Substitute
|-damage|p2a: Gengar|76/100
|
|-heal|p2a: Gengar|82/100|[from] item: Leftovers
|upkeep
|turn|3
|
|t:|1728944421
|move|p2a: Gengar|Thunderbolt|p1a: Ay yo?
|-damage|p1a: Ay yo?|60/100
|move|p1a: Ay yo?|Flamethrower|p2a: Gengar
|-end|p2a: Gengar|Substitute
|
|-heal|p2a: Gengar|88/100|[from] item: Leftovers
|upkeep
|turn|4
|
|t:|1728944433
|switch|p2a: MyDog|Arcanine, M|100/100
|-ability|p2a: MyDog|Intimidate|boost
|-unboost|p1a: Ay yo?|atk|1
|move|p1a: Ay yo?|Flamethrower|p2a: MyDog
|-resisted|p2a: MyDog
|-damage|p2a: MyDog|78/100
|
|-heal|p2a: MyDog|85/100|[from] item: Leftovers
|upkeep
|turn|5
|
|t:|1728944447
|switch|p1a: Octillery|Octillery, F|100/100
|move|p2a: MyDog|Hidden Power|p1a: Octillery
|-damage|p1a: Octillery|72/100
|
|-heal|p2a: MyDog|91/100|[from] item: Leftovers
|-heal|p1a: Octillery|78/100|[from] item: Leftovers
|upkeep
|turn|6
|
|t:|1728944462
|move|p2a: MyDog|Extreme Speed|p1a: Octillery
|-damage|p1a: Octillery|48/100
|move|p1a: Octillery|Substitute|p1a: Octillery
|-start|p1a: Octillery|Substitute
|-damage|p1a: Octillery|23/100
|
|-heal|p2a: MyDog|97/100|[from] item: Leftovers
|-heal|p1a: Octillery|29/100|[from] item: Leftovers
|upkeep
|turn|7
|
|t:|1728944475
|move|p2a: MyDog|Extreme Speed|p1a: Octillery
|-end|p1a: Octillery|Substitute
|move|p1a: Octillery|Surf|p2a: MyDog
|-supereffective|p2a: MyDog
|-damage|p2a: MyDog|3/100
|
|-heal|p2a: MyDog|9/100|[from] item: Leftovers
|-heal|p1a: Octillery|36/100|[from] item: Leftovers
|upkeep
|turn|8
|
|t:|1728944492
|move|p2a: MyDog|Extreme Speed|p1a: Octillery
|-crit|p1a: Octillery
|-damage|p1a: Octillery|0 fnt
|faint|p1a: Octillery
|
|t:|1728944503
|switch|p1a: Rapidash|Rapidash, F|100/100
|
|-heal|p2a: MyDog|16/100|[from] item: Leftovers
|upkeep
|turn|9
|
|t:|1728944513
|move|p2a: MyDog|Extreme Speed|p1a: Rapidash
|-damage|p1a: Rapidash|55/100
|move|p1a: Rapidash|Toxic|p2a: MyDog
|-status|p2a: MyDog|tox
|
|-heal|p1a: Rapidash|61/100|[from] item: Leftovers
|-heal|p2a: MyDog|22/100 tox|[from] item: Leftovers
|-damage|p2a: MyDog|16/100 tox|[from] psn
|upkeep
|turn|10
|
|t:|1728944527
|move|p2a: MyDog|Extreme Speed|p1a: Rapidash
|-damage|p1a: Rapidash|16/100
|move|p1a: Rapidash|Flamethrower|p2a: MyDog
|-resisted|p2a: MyDog
|-damage|p2a: MyDog|0 fnt
|faint|p2a: MyDog
|
|t:|1728944537
|switch|p2a: Swampert|Swampert, F|100/100
|
|-heal|p1a: Rapidash|22/100|[from] item: Leftovers
|upkeep
|turn|11
|
|t:|1728944550
|move|p1a: Rapidash|Toxic|p2a: Swampert
|-status|p2a: Swampert|tox
|move|p2a: Swampert|Earthquake|p1a: Rapidash
|-supereffective|p1a: Rapidash
|-damage|p1a: Rapidash|0 fnt
|faint|p1a: Rapidash
|
|t:|1728944555
|switch|p1a: Hypno|Hypno, M|100/100
|
|-damage|p2a: Swampert|94/100 tox|[from] psn
|upkeep
|turn|12
|
|t:|1728944566
|move|p1a: Hypno|Reflect|p1a: Hypno
|-sidestart|p1: valiantbattlerextr|Reflect
|move|p2a: Swampert|Earthquake|p1a: Hypno
|-damage|p1a: Hypno|83/100
|
|-heal|p1a: Hypno|89/100|[from] item: Leftovers
|-heal|p2a: Swampert|100/100 tox|[from] item: Leftovers
|-damage|p2a: Swampert|88/100 tox|[from] psn
|upkeep
|turn|13
|
|t:|1728944578
|move|p1a: Hypno|Psychic|p2a: Swampert
|-crit|p2a: Swampert
|-damage|p2a: Swampert|49/100 tox
|move|p2a: Swampert|Refresh|p2a: Swampert
|-curestatus|p2a: Swampert|tox|[msg]
|
|-heal|p1a: Hypno|95/100|[from] item: Leftovers
|-heal|p2a: Swampert|55/100|[from] item: Leftovers
|upkeep
|turn|14
|
|t:|1728944591
|move|p2a: Swampert|Protect|p2a: Swampert
|-singleturn|p2a: Swampert|Protect
|move|p1a: Hypno|Toxic|p2a: Swampert
|-activate|p2a: Swampert|Protect
|
|-heal|p1a: Hypno|100/100|[from] item: Leftovers
|-heal|p2a: Swampert|61/100|[from] item: Leftovers
|upkeep
|turn|15
|
|t:|1728944603
|switch|p2a: Magneton|Magneton|100/100
|move|p1a: Hypno|Psychic|p2a: Magneton
|-resisted|p2a: Magneton
|-damage|p2a: Magneton|78/100
|
|upkeep
|turn|16
|
|t:|1728944613
|move|p2a: Magneton|Substitute|p2a: Magneton
|-start|p2a: Magneton|Substitute
|-damage|p2a: Magneton|54/100
|move|p1a: Hypno|Wish|p1a: Hypno
|
|-sideend|p1: valiantbattlerextr|Reflect
|upkeep
|turn|17
|
|t:|1728944622
|move|p2a: Magneton|Thunderbolt|p1a: Hypno
|-damage|p1a: Hypno|63/100
|move|p1a: Hypno|Psychic|p2a: Magneton
|-resisted|p2a: Magneton
|-activate|p2a: Magneton|Substitute|[damage]
|
|-heal|p1a: Hypno|100/100|[from] move: Wish|[wisher] Hypno
|upkeep
|turn|18
|
|t:|1728944635
|move|p2a: Magneton|Thunderbolt|p1a: Hypno
|-damage|p1a: Hypno|67/100
|move|p1a: Hypno|Psychic|p2a: Magneton
|-resisted|p2a: Magneton
|-end|p2a: Magneton|Substitute
|
|-heal|p1a: Hypno|73/100|[from] item: Leftovers
|upkeep
|turn|19
|
|t:|1728944649
|switch|p2a: Suicune|Suicune|100/100
|move|p1a: Hypno|Wish|p1a: Hypno
|
|-heal|p1a: Hypno|79/100|[from] item: Leftovers
|upkeep
|turn|20
|
|t:|1728944659
|move|p2a: Suicune|Calm Mind|p2a: Suicune
|-boost|p2a: Suicune|spa|1
|-boost|p2a: Suicune|spd|1
|move|p1a: Hypno|Toxic|p2a: Suicune|[miss]
|-miss|p1a: Hypno|p2a: Suicune
|
|-heal|p1a: Hypno|100/100|[from] move: Wish|[wisher] Hypno
|upkeep
|turn|21
|
|t:|1728944672
|switch|p1a: Lapras|Lapras, M|100/100
|move|p2a: Suicune|Calm Mind|p2a: Suicune
|-boost|p2a: Suicune|spa|1
|-boost|p2a: Suicune|spd|1
|
|upkeep
|turn|22
|
|t:|1728944684
|switch|p2a: Swampert|Swampert, F|61/100
|move|p1a: Lapras|Roar|p2a: Swampert
|drag|p2a: Magneton|Magneton|54/100
|
|upkeep
|turn|23
|
|t:|1728944697
|switch|p1a: Ay yo?|Typhlosion, F|60/100
|move|p2a: Magneton|Thunderbolt|p1a: Ay yo?
|-damage|p1a: Ay yo?|0 fnt
|faint|p1a: Ay yo?
|
|t:|1728944701
|switch|p1a: Allegations|Slaking, M|100/100
|
|upkeep
|turn|24
|
|t:|1728944708
|move|p2a: Magneton|Endure|p2a: Magneton
|-singleturn|p2a: Magneton|move: Endure
|move|p1a: Allegations|Earthquake|p2a: Magneton
|-supereffective|p2a: Magneton
|-activate|p2a: Magneton|move: Endure
|-damage|p2a: Magneton|1/100
|
|-enditem|p2a: Magneton|Salac Berry|[eat]
|-boost|p2a: Magneton|spe|1|[from] item: Salac Berry
|upkeep
|turn|25
|
|t:|1728944721
|switch|p1a: Hypno|Hypno, M|100/100
|move|p2a: Magneton|Thunderbolt|p1a: Hypno
|-damage|p1a: Hypno|65/100
|
|-heal|p1a: Hypno|71/100|[from] item: Leftovers
|upkeep
|turn|26
|
|t:|1728944736
|move|p2a: Magneton|Thunderbolt|p1a: Hypno
|-damage|p1a: Hypno|38/100
|-status|p1a: Hypno|par
|move|p1a: Hypno|Psychic|p2a: Magneton
|-resisted|p2a: Magneton
|-damage|p2a: Magneton|0 fnt
|faint|p2a: Magneton
|
|t:|1728944749
|switch|p2a: Swampert|Swampert, F|61/100
|
|-heal|p2a: Swampert|67/100|[from] item: Leftovers
|-heal|p1a: Hypno|45/100 par|[from] item: Leftovers
|upkeep
|turn|27
|
|t:|1728944762
|move|p2a: Swampert|Earthquake|p1a: Hypno
|-damage|p1a: Hypno|9/100 par
|cant|p1a: Hypno|par
|
|-heal|p2a: Swampert|74/100|[from] item: Leftovers
|-heal|p1a: Hypno|15/100 par|[from] item: Leftovers
|upkeep
|turn|28
|
|t:|1728944774
|move|p2a: Swampert|Earthquake|p1a: Hypno
|-damage|p1a: Hypno|0 fnt
|faint|p1a: Hypno
|
|t:|1728944779
|switch|p1a: Lapras|Lapras, M|100/100
|
|-heal|p2a: Swampert|80/100|[from] item: Leftovers
|upkeep
|turn|29
|
|t:|1728944792
|move|p1a: Lapras|Toxic|p2a: Swampert
|-status|p2a: Swampert|tox
|move|p2a: Swampert|Earthquake|p1a: Lapras
|-damage|p1a: Lapras|77/100
|
|-heal|p1a: Lapras|83/100|[from] item: Leftovers
|-heal|p2a: Swampert|86/100 tox|[from] item: Leftovers
|-damage|p2a: Swampert|80/100 tox|[from] psn
|upkeep
|turn|30
|
|t:|1728944805
|move|p1a: Lapras|Ice Beam|p2a: Swampert
|-damage|p2a: Swampert|51/100 tox
|move|p2a: Swampert|Refresh|p2a: Swampert
|-curestatus|p2a: Swampert|tox|[msg]
|
|-heal|p1a: Lapras|90/100|[from] item: Leftovers
|-heal|p2a: Swampert|57/100|[from] item: Leftovers
|upkeep
|turn|31
|
|t:|1728944827
|move|p1a: Lapras|Ice Beam|p2a: Swampert
|-damage|p2a: Swampert|29/100
|move|p2a: Swampert|Earthquake|p1a: Lapras
|-damage|p1a: Lapras|63/100
|
|-heal|p1a: Lapras|69/100|[from] item: Leftovers
|-heal|p2a: Swampert|35/100|[from] item: Leftovers
|upkeep
|turn|32
|
|t:|1728944840
|move|p1a: Lapras|Ice Beam|p2a: Swampert
|-damage|p2a: Swampert|8/100
|move|p2a: Swampert|Earthquake|p1a: Lapras
|-damage|p1a: Lapras|42/100
|
|-heal|p1a: Lapras|49/100|[from] item: Leftovers
|-heal|p2a: Swampert|14/100|[from] item: Leftovers
|upkeep
|turn|33
|inactive|kalarse has 270 seconds left.
|
|t:|1728944855
|move|p1a: Lapras|Ice Beam|p2a: Swampert
|-damage|p2a: Swampert|0 fnt
|faint|p2a: Swampert
|inactive|kalarse has 270 seconds left.
|
|t:|1728944860
|switch|p2a: Gengar|Gengar, F|88/100
|
|-heal|p2a: Gengar|94/100|[from] item: Leftovers
|-heal|p1a: Lapras|55/100|[from] item: Leftovers
|upkeep
|turn|34
|
|t:|1728944870
|move|p2a: Gengar|Thunderbolt|p1a: Lapras
|-supereffective|p1a: Lapras
|-damage|p1a: Lapras|11/100
|move|p1a: Lapras|Ice Beam|p2a: Gengar
|-damage|p2a: Gengar|38/100
|
|-heal|p2a: Gengar|45/100|[from] item: Leftovers
|-heal|p1a: Lapras|17/100|[from] item: Leftovers
|upkeep
|turn|35
|
|t:|1728944883
|switch|p1a: Allegations|Slaking, M|100/100
|move|p2a: Gengar|Thunderbolt|p1a: Allegations
|-damage|p1a: Allegations|66/100
|
|-heal|p2a: Gengar|51/100|[from] item: Leftovers
|upkeep
|turn|36
|
|t:|1728944894
|move|p2a: Gengar|Substitute|p2a: Gengar
|-start|p2a: Gengar|Substitute
|-damage|p2a: Gengar|26/100
|move|p1a: Allegations|Double-Edge|p2a: Gengar
|-immune|p2a: Gengar
|
|-heal|p2a: Gengar|32/100|[from] item: Leftovers
|upkeep
|turn|37
|
|t:|1728944906
|-singleturn|p2a: Gengar|move: Focus Punch
|switch|p1a: Lapras|Lapras, M|17/100
|move|p2a: Gengar|Focus Punch|p1a: Lapras
|-supereffective|p1a: Lapras
|-damage|p1a: Lapras|0 fnt
|faint|p1a: Lapras
|
|t:|1728944908
|switch|p1a: Allegations|Slaking, M|66/100
|
|-heal|p2a: Gengar|38/100|[from] item: Leftovers
|upkeep
|turn|38
|
|t:|1728944922
|-singleturn|p2a: Gengar|move: Focus Punch
|move|p1a: Allegations|Shadow Ball|p2a: Gengar
|-supereffective|p2a: Gengar
|-end|p2a: Gengar|Substitute
|move|p2a: Gengar|Focus Punch|p1a: Allegations
|-supereffective|p1a: Allegations
|-damage|p1a: Allegations|15/100
|
|-heal|p2a: Gengar|44/100|[from] item: Leftovers
|upkeep
|turn|39
|c|☆valiantbattlerextr|gg
|
|t:|1728944938
|-singleturn|p2a: Gengar|move: Focus Punch
|cant|p1a: Allegations|ability: Truant
|move|p2a: Gengar|Focus Punch|p1a: Allegations
|-supereffective|p1a: Allegations
|-damage|p1a: Allegations|0 fnt
|faint|p1a: Allegations
|
|win|kalarse
|c|☆kalarse|gg
|player|p1|

</script>
<script type="application/json" class="data" id="replaydata-smogtours-gen3ou-798807">
{"id":"smogtours-gen3ou-798807","format":"[Gen 3] OU","players":["valiantbattlerextr","kalarse"],"uploadtime":1728944938,"views":89,"formatid":"gen3ou","rating":null,"private":0,"password":null}
</script>

<script defer src="js/replays.js?9d40a366"></script>
