<!DOCTYPE html>
<meta charset="utf-8" />
<meta name="viewport" content="width=device-width" />

<title>[Gen 3] OU: monchooo vs. deno_nemesis - Replays - Pok&eacute;mon Showdown!</title>

<meta name="description" content="Watch a replay of a Pok&eacute;mon battle between monchooo and deno_nemesis! Format: [Gen 3] OU; Date: Oct 4, 2024" />
<!--

Hey, you! Looking in the source for the replay log?

You can find them in JSON format, just add `.json` at the end of a replay URL.

https://replay.pokemonshowdown.com/gen7randomdoublesbattle-865046831.json

Or, if you only need the log itself, add `.log` instead:

https://replay.pokemonshowdown.com/gen7randomdoublesbattle-865046831.log

-->

<link rel="stylesheet" href="//pokemonshowdown.com/style/global.css?0.023195364461161105" />
<link rel="stylesheet" href="//play.pokemonshowdown.com/style/font-awesome.css?0.13261647063804238" />
<link rel="stylesheet" href="//play.pokemonshowdown.com/style/battle.css?0.8753245789963631" />
<link rel="stylesheet" href="//play.pokemonshowdown.com/style/utilichart.css?0.8627959624976733" />

<!-- Global site tag (gtag.js) - Google Analytics -->
<script async src="https://www.googletagmanager.com/gtag/js?id=UA-26211653-1"></script>
<script>
  window.dataLayer = window.dataLayer || [];
  function gtag(){dataLayer.push(arguments);}
  gtag('js', new Date());

  gtag('config', 'UA-26211653-1');
</script>
<!-- End Google Analytics -->
<!-- Venatus Ad Manager - Install in <HEAD> of page -->
	<script src="https://hb.vntsm.com/v3/live/ad-manager.min.js" type="text/javascript" data-site-id="642aba63ec9a7b11c3c9c1be" data-mode="scan" async></script>
<!-- / Venatus Ad Manager -->

<style>
	@media (max-width:820px) {
		.battle {
			margin: 0 auto;
		}
		.battle-log {
			margin: 7px auto 0;
			max-width: 640px;
			height: 300px;
			position: static;
		}
	}
	.optgroup {
		display: inline-block;
		line-height: 22px;
		font-size: 10pt;
	}
	.optgroup .button {
		height: 25px;
		padding-top: 0;
		padding-bottom: 0;
	}
	.optgroup button.button {
		padding-left: 12px;
		padding-right: 12px;
	}
	.linklist {
		list-style: none;
		margin: 0.5em 0;
		padding: 0;
	}
	.linklist li {
		padding: 2px 0;
	}
	.sidebar {
		float: left;
		width: 320px;
	}
	.bar-wrapper {
		max-width: 1100px;
		margin: 0 auto;
	}
	.bar-wrapper.has-sidebar {
		max-width: 1430px;
	}
	.mainbar {
		margin: 0;
		padding-right: 1px;
	}
	.mainbar.has-sidebar {
		margin-left: 330px;
	}
	@media (min-width: 1511px) {
		.sidebar {
			width: 400px;
		}
		.bar-wrapper.has-sidebar {
			max-width: 1510px;
		}
		.mainbar.has-sidebar {
			margin-left: 410px;
		}
	}
	.section.first-section {
		margin-top: 9px;
	}
	.blocklink small {
		white-space: normal;
	}
	.button {
		vertical-align: middle;
	}
	.replay-controls {
		padding-top: 10px;
	}
	.replay-controls h1 {
		font-size: 16pt;
		font-weight: normal;
		color: #CCC;
	}
	.pagelink {
		text-align: center;
	}
	.pagelink a {
		width: 150px;
	}
	.textbox, .button {
		font-size: 11pt;
		vertical-align: middle;
	}
	@media (max-width: 450px) {
		.button {
			font-size: 9pt;
		}
	}
</style>

<div>

	<header>
		<div class="nav-wrapper"><ul class="nav">
			<li><a class="button nav-first" href="//pokemonshowdown.com/"><img src="//pokemonshowdown.com/images/pokemonshowdownbeta.png" srcset="//pokemonshowdown.com/images/pokemonshowdownbeta.png 1x, //pokemonshowdown.com/images/pokemonshowdownbeta@2x.png 2x" alt="Pok&eacute;mon Showdown" width="146" height="44" /> Home</a></li>
			<li><a class="button" href="//pokemonshowdown.com/dex/">Pok&eacute;dex</a></li>
			<li><a class="button cur" href="/">Replays</a></li>
			<li><a class="button" href="//pokemonshowdown.com/ladder/">Ladder</a></li>
			<li><a class="button nav-last" href="//pokemonshowdown.com/forums/">Forum</a></li>
			<li><a class="button greenbutton nav-first nav-last" href="//play.pokemonshowdown.com/">Play</a></li>
		</ul></div>
	</header>

	<div class="main" id="main">

		<noscript><section class="section">You need to enable JavaScript to use this page; sorry!</section></noscript>

	</div>

</div>

<script defer nomodule src="//play.pokemonshowdown.com/js/lib/ps-polyfill.js"></script>
<script defer src="//play.pokemonshowdown.com/js/lib/preact.min.js"></script>

<script defer src="//play.pokemonshowdown.com/config/config.js?2bddbc15"></script>
<script defer src="//play.pokemonshowdown.com/js/lib/jquery-1.11.0.min.js"></script>
<script defer src="//play.pokemonshowdown.com/js/lib/html-sanitizer-minified.js"></script>
<script defer src="//play.pokemonshowdown.com/js/battle-sound.js"></script>
<script defer src="//play.pokemonshowdown.com/js/battledata.js?0.7209276989879541"></script>
<script defer src="//play.pokemonshowdown.com/data/pokedex-mini.js?0.6111056340867951"></script>
<script defer src="//play.pokemonshowdown.com/data/pokedex-mini-bw.js?0.3532142036491459"></script>
<script defer src="//play.pokemonshowdown.com/data/graphics.js?0.24223875632456182"></script>
<script defer src="//play.pokemonshowdown.com/data/pokedex.js?0.38839984266356864"></script>
<script defer src="//play.pokemonshowdown.com/data/moves.js?0.21866028504024015"></script>
<script defer src="//play.pokemonshowdown.com/data/abilities.js?0.2005157953846628"></script>
<script defer src="//play.pokemonshowdown.com/data/items.js?0.9894211263848525"></script>
<script defer src="//play.pokemonshowdown.com/data/teambuilder-tables.js?0.6008791140282215"></script>
<script defer src="//play.pokemonshowdown.com/js/battle-tooltips.js?0.7580118955022959"></script>
<script defer src="//play.pokemonshowdown.com/js/battle.js?0.6057722274234274"></script>

<script defer src="js/utils.js?e31f9a17"></script>
<script defer src="js/replays-battle.js?7008c182"></script>

<!-- don't scrape this data! just add .json or .log after the URL!
Full API docs: https://github.com/smogon/pokemon-showdown-client/blob/master/WEB-API.md -->
<script type="text/plain" class="log" id="replaylog-smogtours-gen3ou-794529">
|inactive|Battle timer is ON: inactive players will automatically lose when time's up.
|t:|1728040363
|gametype|singles
|player|p1|monchooo|pryce-gen2|
|player|p2|deno_nemesis|2|
|teamsize|p1|6
|teamsize|p2|6
|gen|3
|tier|[Gen 3] OU
|rule|Sleep Clause Mod: Limit one foe put to sleep
|rule|Switch Priority Clause Mod: Faster Pokémon switch first
|rule|Species Clause: Limit one of each Pokémon
|rule|OHKO Clause: OHKO moves are banned
|rule|Evasion Items Clause: Evasion items are banned
|rule|Evasion Moves Clause: Evasion moves are banned
|rule|Endless Battle Clause: Forcing endless battles is banned
|rule|HP Percentage Mod: HP is shown in percentages
|rule|One Boost Passer Clause: Limit one Baton Passer that has a way to boost its stats
|rule|Freeze Clause Mod: Limit one foe frozen
|
|t:|1728040363
|start
|switch|p1a: Zapdos|Zapdos|100/100
|switch|p2a: Choji|Hariyama, M|100/100
|turn|1
|c|☆monchooo|hf
|c|☆deno_nemesis|glhf
|inactive|monchooo has 270 seconds left.
|inactive|deno_nemesis has 270 seconds left.
|
|t:|1728040438
|move|p1a: Zapdos|Thunderbolt|p2a: Choji
|-damage|p2a: Choji|60/100
|move|p2a: Choji|Knock Off|p1a: Zapdos
|-damage|p1a: Zapdos|98/100
|-enditem|p1a: Zapdos|Leftovers|[from] move: Knock Off|[of] p2a: Choji
|-hint|In Gens 3-4, Knock Off only makes the target's item unusable; it cannot obtain a new item.
|
|-heal|p2a: Choji|66/100|[from] item: Leftovers
|upkeep
|turn|2
|
|t:|1728040457
|switch|p2a: Franklin Saint|Tyranitar, F|100/100
|-weather|Sandstorm|[from] ability: Sand Stream|[of] p2a: Franklin Saint
|move|p1a: Zapdos|Thunderbolt|p2a: Franklin Saint
|-damage|p2a: Franklin Saint|62/100
|
|-weather|Sandstorm|[upkeep]
|-damage|p1a: Zapdos|92/100|[from] Sandstorm
|-heal|p2a: Franklin Saint|68/100|[from] item: Leftovers
|upkeep
|turn|3
|
|t:|1728040464
|switch|p1a: Skarmory|Skarmory, M, shiny|100/100
|move|p2a: Franklin Saint|Rock Slide|p1a: Skarmory
|-damage|p1a: Skarmory|65/100
|
|-weather|Sandstorm|[upkeep]
|-heal|p1a: Skarmory|71/100|[from] item: Leftovers
|-heal|p2a: Franklin Saint|75/100|[from] item: Leftovers
|upkeep
|turn|4
|
|t:|1728040469
|switch|p2a: Crunchwrap|Forretress, M|100/100
|move|p1a: Skarmory|Spikes|p2a: Crunchwrap
|-sidestart|p2: deno_nemesis|Spikes
|
|-weather|Sandstorm|[upkeep]
|-heal|p1a: Skarmory|77/100|[from] item: Leftovers
|upkeep
|turn|5
|
|t:|1728040477
|switch|p1a: Celebi|Celebi|100/100
|move|p2a: Crunchwrap|Spikes|p1a: Celebi
|-sidestart|p1: monchooo|Spikes
|
|-weather|Sandstorm|[upkeep]
|-damage|p1a: Celebi|94/100|[from] Sandstorm
|-heal|p1a: Celebi|100/100|[from] item: Leftovers
|upkeep
|turn|6
|
|t:|1728040492
|switch|p2a: Franklin Saint|Tyranitar, F|75/100
|-damage|p2a: Franklin Saint|62/100|[from] Spikes
|move|p1a: Celebi|Hidden Power|p2a: Franklin Saint
|-resisted|p2a: Franklin Saint
|-damage|p2a: Franklin Saint|53/100
|
|-weather|Sandstorm|[upkeep]
|-damage|p1a: Celebi|94/100|[from] Sandstorm
|-heal|p1a: Celebi|100/100|[from] item: Leftovers
|-heal|p2a: Franklin Saint|59/100|[from] item: Leftovers
|upkeep
|turn|7
|
|t:|1728040502
|switch|p1a: Swampert|Swampert, F|100/100
|-damage|p1a: Swampert|88/100|[from] Spikes
|move|p2a: Franklin Saint|Substitute|p2a: Franklin Saint
|-start|p2a: Franklin Saint|Substitute
|-damage|p2a: Franklin Saint|34/100
|
|-weather|Sandstorm|[upkeep]
|-heal|p2a: Franklin Saint|41/100|[from] item: Leftovers
|-heal|p1a: Swampert|94/100|[from] item: Leftovers
|upkeep
|turn|8
|
|t:|1728040505
|-singleturn|p2a: Franklin Saint|move: Focus Punch
|move|p1a: Swampert|Earthquake|p2a: Franklin Saint
|-supereffective|p2a: Franklin Saint
|-end|p2a: Franklin Saint|Substitute
|move|p2a: Franklin Saint|Focus Punch|p1a: Swampert
|-damage|p1a: Swampert|39/100
|
|-weather|Sandstorm|[upkeep]
|-heal|p2a: Franklin Saint|47/100|[from] item: Leftovers
|-heal|p1a: Swampert|46/100|[from] item: Leftovers
|upkeep
|turn|9
|
|t:|1728040515
|switch|p2a: :)|Gengar, F|100/100
|move|p1a: Swampert|Hydro Pump|p2a: :)
|-damage|p2a: :)|15/100
|
|-weather|Sandstorm|[upkeep]
|-damage|p2a: :)|9/100|[from] Sandstorm
|-heal|p2a: :)|15/100|[from] item: Leftovers
|-heal|p1a: Swampert|52/100|[from] item: Leftovers
|upkeep
|turn|10
|
|t:|1728040525
|move|p2a: :)|Hidden Power|p1a: Swampert
|-supereffective|p1a: Swampert
|-damage|p1a: Swampert|0 fnt
|faint|p1a: Swampert
|
|t:|1728040529
|switch|p1a: Aerodactyl|Aerodactyl, M, shiny|100/100
|
|-weather|Sandstorm|[upkeep]
|-damage|p2a: :)|9/100|[from] Sandstorm
|-heal|p2a: :)|15/100|[from] item: Leftovers
|upkeep
|turn|11
|
|t:|1728040537
|switch|p2a: Crunchwrap|Forretress, M|100/100
|-damage|p2a: Crunchwrap|88/100|[from] Spikes
|move|p1a: Aerodactyl|Rock Slide|p2a: Crunchwrap
|-crit|p2a: Crunchwrap
|-damage|p2a: Crunchwrap|12/100
|
|-weather|Sandstorm|[upkeep]
|-heal|p2a: Crunchwrap|18/100|[from] item: Leftovers
|upkeep
|turn|12
|c|☆monchooo|sorry
|c|☆deno_nemesis|Cest la vie LMAO
|
|t:|1728040557
|move|p1a: Aerodactyl|Rock Slide|p2a: Crunchwrap
|-damage|p2a: Crunchwrap|0 fnt
|faint|p2a: Crunchwrap
|
|t:|1728040564
|switch|p2a: Choji|Hariyama, M|66/100
|-damage|p2a: Choji|54/100|[from] Spikes
|
|-weather|Sandstorm|[upkeep]
|-damage|p2a: Choji|48/100|[from] Sandstorm
|-heal|p2a: Choji|54/100|[from] item: Leftovers
|upkeep
|turn|13
|
|t:|1728040581
|switch|p1a: Skarmory|Skarmory, M, shiny|77/100
|move|p2a: Choji|Rock Slide|p1a: Skarmory
|-damage|p1a: Skarmory|57/100
|
|-weather|Sandstorm|[upkeep]
|-damage|p2a: Choji|48/100|[from] Sandstorm
|-heal|p1a: Skarmory|63/100|[from] item: Leftovers
|-heal|p2a: Choji|54/100|[from] item: Leftovers
|upkeep
|turn|14
|
|t:|1728040589
|switch|p2a: :)|Gengar, F|15/100
|move|p1a: Skarmory|Spikes|p2a: :)
|-sidestart|p2: deno_nemesis|Spikes
|
|-weather|Sandstorm|[upkeep]
|-damage|p2a: :)|9/100|[from] Sandstorm
|-heal|p2a: :)|15/100|[from] item: Leftovers
|-heal|p1a: Skarmory|69/100|[from] item: Leftovers
|upkeep
|turn|15
|
|t:|1728040602
|move|p2a: :)|Will-O-Wisp|p1a: Skarmory
|-status|p1a: Skarmory|brn
|move|p1a: Skarmory|Spikes|p2a: :)
|-sidestart|p2: deno_nemesis|Spikes
|
|-weather|Sandstorm|[upkeep]
|-damage|p2a: :)|9/100|[from] Sandstorm
|-heal|p2a: :)|15/100|[from] item: Leftovers
|-heal|p1a: Skarmory|75/100 brn|[from] item: Leftovers
|-damage|p1a: Skarmory|63/100 brn|[from] brn
|upkeep
|turn|16
|
|t:|1728040608
|move|p2a: :)|Fire Punch|p1a: Skarmory
|-supereffective|p1a: Skarmory
|-damage|p1a: Skarmory|18/100 brn
|move|p1a: Skarmory|Roar|p2a: :)
|drag|p2a: Choji|Hariyama, M|54/100
|-damage|p2a: Choji|29/100|[from] Spikes
|
|-weather|Sandstorm|[upkeep]
|-damage|p2a: Choji|23/100|[from] Sandstorm
|-heal|p1a: Skarmory|24/100 brn|[from] item: Leftovers
|-damage|p1a: Skarmory|12/100 brn|[from] brn
|-heal|p2a: Choji|29/100|[from] item: Leftovers
|upkeep
|turn|17
|
|t:|1728040616
|move|p1a: Skarmory|Toxic|p2a: Choji
|-status|p2a: Choji|tox
|move|p2a: Choji|Brick Break|p1a: Skarmory
|-damage|p1a: Skarmory|0 fnt
|faint|p1a: Skarmory
|
|t:|1728040619
|switch|p1a: Zapdos|Zapdos|92/100
|
|-weather|Sandstorm|[upkeep]
|-damage|p1a: Zapdos|86/100|[from] Sandstorm
|-damage|p2a: Choji|23/100 tox|[from] Sandstorm
|-heal|p2a: Choji|29/100 tox|[from] item: Leftovers
|-damage|p2a: Choji|23/100 tox|[from] psn
|upkeep
|turn|18
|
|t:|1728040627
|move|p1a: Zapdos|Thunderbolt|p2a: Choji
|-damage|p2a: Choji|0 fnt
|faint|p2a: Choji
|
|t:|1728040636
|switch|p2a: ed edd n eddy|Dugtrio, M|100/100
|-damage|p2a: ed edd n eddy|76/100|[from] Spikes
|
|-weather|Sandstorm|[upkeep]
|-damage|p1a: Zapdos|80/100|[from] Sandstorm
|upkeep
|turn|19
|
|t:|1728040640
|move|p2a: ed edd n eddy|Rock Slide|p1a: Zapdos
|-supereffective|p1a: Zapdos
|-damage|p1a: Zapdos|17/100
|move|p1a: Zapdos|Hidden Power|p2a: ed edd n eddy
|-supereffective|p2a: ed edd n eddy
|-damage|p2a: ed edd n eddy|0 fnt
|faint|p2a: ed edd n eddy
|
|t:|1728040645
|switch|p2a: :)|Gengar, F|15/100
|
|-weather|Sandstorm|[upkeep]
|-damage|p2a: :)|9/100|[from] Sandstorm
|-damage|p1a: Zapdos|11/100|[from] Sandstorm
|-heal|p2a: :)|15/100|[from] item: Leftovers
|upkeep
|turn|20
|
|t:|1728040663
|move|p2a: :)|Ice Punch|p1a: Zapdos
|-supereffective|p1a: Zapdos
|-damage|p1a: Zapdos|0 fnt
|faint|p1a: Zapdos
|
|t:|1728040665
|switch|p1a: Aerodactyl|Aerodactyl, M, shiny|100/100
|
|-weather|Sandstorm|[upkeep]
|-damage|p2a: :)|9/100|[from] Sandstorm
|-heal|p2a: :)|15/100|[from] item: Leftovers
|upkeep
|turn|21
|
|t:|1728040675
|switch|p2a: Franklin Saint|Tyranitar, F|47/100
|-damage|p2a: Franklin Saint|22/100|[from] Spikes
|move|p1a: Aerodactyl|Rock Slide|p2a: Franklin Saint
|-damage|p2a: Franklin Saint|0 fnt
|faint|p2a: Franklin Saint
|
|t:|1728040679
|switch|p2a: Shizzy|Suicune|100/100
|-damage|p2a: Shizzy|75/100|[from] Spikes
|
|-weather|Sandstorm|[upkeep]
|-damage|p2a: Shizzy|69/100|[from] Sandstorm
|-heal|p2a: Shizzy|75/100|[from] item: Leftovers
|upkeep
|turn|22
|
|t:|1728040684
|switch|p1a: Celebi|Celebi|100/100
|-damage|p1a: Celebi|88/100|[from] Spikes
|move|p2a: Shizzy|Calm Mind|p2a: Shizzy
|-boost|p2a: Shizzy|spa|1
|-boost|p2a: Shizzy|spd|1
|
|-weather|Sandstorm|[upkeep]
|-damage|p1a: Celebi|82/100|[from] Sandstorm
|-damage|p2a: Shizzy|69/100|[from] Sandstorm
|-heal|p1a: Celebi|88/100|[from] item: Leftovers
|-heal|p2a: Shizzy|75/100|[from] item: Leftovers
|upkeep
|turn|23
|
|t:|1728040687
|move|p1a: Celebi|Leech Seed|p2a: Shizzy
|-start|p2a: Shizzy|move: Leech Seed
|move|p2a: Shizzy|Substitute|p2a: Shizzy
|-start|p2a: Shizzy|Substitute
|-damage|p2a: Shizzy|50/100
|
|-weather|Sandstorm|[upkeep]
|-damage|p1a: Celebi|82/100|[from] Sandstorm
|-damage|p2a: Shizzy|44/100|[from] Sandstorm
|-heal|p1a: Celebi|88/100|[from] item: Leftovers
|-heal|p2a: Shizzy|50/100|[from] item: Leftovers
|-damage|p2a: Shizzy|38/100|[from] Leech Seed|[of] p1a: Celebi
|-heal|p1a: Celebi|100/100|[silent]
|upkeep
|turn|24
|
|t:|1728040692
|move|p1a: Celebi|Giga Drain|p2a: Shizzy
|-supereffective|p2a: Shizzy
|-end|p2a: Shizzy|Substitute
|move|p2a: Shizzy|Ice Beam|p1a: Celebi
|-supereffective|p1a: Celebi
|-damage|p1a: Celebi|41/100
|
|-weather|Sandstorm|[upkeep]
|-damage|p1a: Celebi|35/100|[from] Sandstorm
|-damage|p2a: Shizzy|32/100|[from] Sandstorm
|-heal|p1a: Celebi|41/100|[from] item: Leftovers
|-heal|p2a: Shizzy|38/100|[from] item: Leftovers
|-damage|p2a: Shizzy|26/100|[from] Leech Seed|[of] p1a: Celebi
|-heal|p1a: Celebi|54/100|[silent]
|upkeep
|turn|25
|
|t:|1728040698
|move|p1a: Celebi|Giga Drain|p2a: Shizzy
|-supereffective|p2a: Shizzy
|-damage|p2a: Shizzy|0 fnt
|-heal|p1a: Celebi|67/100|[from] drain|[of] p2a: Shizzy
|faint|p2a: Shizzy
|
|t:|1728040701
|switch|p2a: :)|Gengar, F|15/100
|
|-weather|Sandstorm|[upkeep]
|-damage|p2a: :)|9/100|[from] Sandstorm
|-damage|p1a: Celebi|60/100|[from] Sandstorm
|-heal|p2a: :)|15/100|[from] item: Leftovers
|-heal|p1a: Celebi|67/100|[from] item: Leftovers
|upkeep
|turn|26
|
|t:|1728040705
|move|p2a: :)|Ice Punch|p1a: Celebi
|-supereffective|p1a: Celebi
|-damage|p1a: Celebi|19/100
|move|p1a: Celebi|Psychic|p2a: :)
|-supereffective|p2a: :)
|-damage|p2a: :)|0 fnt
|faint|p2a: :)
|
|win|monchooo
|c|☆monchooo|gg
|c|☆deno_nemesis|gg
|c|☆monchooo|/log monchooo made the replay of this battle unlisted.

</script>
<script type="application/json" class="data" id="replaydata-smogtours-gen3ou-794529">
{"id":"smogtours-gen3ou-794529","format":"[Gen 3] OU","players":["monchooo","deno_nemesis"],"uploadtime":1728040705,"views":108,"formatid":"gen3ou","rating":null,"private":1,"password":null}
</script>

<script defer src="js/replays.js?9d40a366"></script>
