<!DOCTYPE html>
<meta charset="utf-8" />
<meta name="viewport" content="width=device-width" />

<title>[Gen 3] OU: Lemon LC vs. KeshBa45 - Replays - Pok&eacute;mon Showdown!</title>

<meta name="description" content="Watch a replay of a Pok&eacute;mon battle between Lemon LC and KeshBa45! Format: [Gen 3] OU; Date: Oct 20, 2024" />
<!--

Hey, you! Looking in the source for the replay log?

You can find them in JSON format, just add `.json` at the end of a replay URL.

https://replay.pokemonshowdown.com/gen7randomdoublesbattle-865046831.json

Or, if you only need the log itself, add `.log` instead:

https://replay.pokemonshowdown.com/gen7randomdoublesbattle-865046831.log

-->

<link rel="stylesheet" href="//pokemonshowdown.com/style/global.css?0.767286132409787" />
<link rel="stylesheet" href="//play.pokemonshowdown.com/style/font-awesome.css?0.9266228007934947" />
<link rel="stylesheet" href="//play.pokemonshowdown.com/style/battle.css?0.7924700842790926" />
<link rel="stylesheet" href="//play.pokemonshowdown.com/style/utilichart.css?0.8777417872839479" />

<!-- Global site tag (gtag.js) - Google Analytics -->
<script async src="https://www.googletagmanager.com/gtag/js?id=UA-26211653-1"></script>
<script>
  window.dataLayer = window.dataLayer || [];
  function gtag(){dataLayer.push(arguments);}
  gtag('js', new Date());

  gtag('config', 'UA-26211653-1');
</script>
<!-- End Google Analytics -->
<!-- Venatus Ad Manager - Install in <HEAD> of page -->
	<script src="https://hb.vntsm.com/v3/live/ad-manager.min.js" type="text/javascript" data-site-id="642aba63ec9a7b11c3c9c1be" data-mode="scan" async></script>
<!-- / Venatus Ad Manager -->

<style>
	@media (max-width:820px) {
		.battle {
			margin: 0 auto;
		}
		.battle-log {
			margin: 7px auto 0;
			max-width: 640px;
			height: 300px;
			position: static;
		}
	}
	.optgroup {
		display: inline-block;
		line-height: 22px;
		font-size: 10pt;
	}
	.optgroup .button {
		height: 25px;
		padding-top: 0;
		padding-bottom: 0;
	}
	.optgroup button.button {
		padding-left: 12px;
		padding-right: 12px;
	}
	.linklist {
		list-style: none;
		margin: 0.5em 0;
		padding: 0;
	}
	.linklist li {
		padding: 2px 0;
	}
	.sidebar {
		float: left;
		width: 320px;
	}
	.bar-wrapper {
		max-width: 1100px;
		margin: 0 auto;
	}
	.bar-wrapper.has-sidebar {
		max-width: 1430px;
	}
	.mainbar {
		margin: 0;
		padding-right: 1px;
	}
	.mainbar.has-sidebar {
		margin-left: 330px;
	}
	@media (min-width: 1511px) {
		.sidebar {
			width: 400px;
		}
		.bar-wrapper.has-sidebar {
			max-width: 1510px;
		}
		.mainbar.has-sidebar {
			margin-left: 410px;
		}
	}
	.section.first-section {
		margin-top: 9px;
	}
	.blocklink small {
		white-space: normal;
	}
	.button {
		vertical-align: middle;
	}
	.replay-controls {
		padding-top: 10px;
	}
	.replay-controls h1 {
		font-size: 16pt;
		font-weight: normal;
		color: #CCC;
	}
	.pagelink {
		text-align: center;
	}
	.pagelink a {
		width: 150px;
	}
	.textbox, .button {
		font-size: 11pt;
		vertical-align: middle;
	}
	@media (max-width: 450px) {
		.button {
			font-size: 9pt;
		}
	}
</style>

<div>

	<header>
		<div class="nav-wrapper"><ul class="nav">
			<li><a class="button nav-first" href="//pokemonshowdown.com/"><img src="//pokemonshowdown.com/images/pokemonshowdownbeta.png" srcset="//pokemonshowdown.com/images/pokemonshowdownbeta.png 1x, //pokemonshowdown.com/images/pokemonshowdownbeta@2x.png 2x" alt="Pok&eacute;mon Showdown" width="146" height="44" /> Home</a></li>
			<li><a class="button" href="//pokemonshowdown.com/dex/">Pok&eacute;dex</a></li>
			<li><a class="button cur" href="/">Replays</a></li>
			<li><a class="button" href="//pokemonshowdown.com/ladder/">Ladder</a></li>
			<li><a class="button nav-last" href="//pokemonshowdown.com/forums/">Forum</a></li>
			<li><a class="button greenbutton nav-first nav-last" href="//play.pokemonshowdown.com/">Play</a></li>
		</ul></div>
	</header>

	<div class="main" id="main">

		<noscript><section class="section">You need to enable JavaScript to use this page; sorry!</section></noscript>

	</div>

</div>

<script defer nomodule src="//play.pokemonshowdown.com/js/lib/ps-polyfill.js"></script>
<script defer src="//play.pokemonshowdown.com/js/lib/preact.min.js"></script>

<script defer src="//play.pokemonshowdown.com/config/config.js?6dec07f6"></script>
<script defer src="//play.pokemonshowdown.com/js/lib/jquery-1.11.0.min.js"></script>
<script defer src="//play.pokemonshowdown.com/js/lib/html-sanitizer-minified.js"></script>
<script defer src="//play.pokemonshowdown.com/js/battle-sound.js"></script>
<script defer src="//play.pokemonshowdown.com/js/battledata.js?0.6315294753075389"></script>
<script defer src="//play.pokemonshowdown.com/data/pokedex-mini.js?0.7603743185311358"></script>
<script defer src="//play.pokemonshowdown.com/data/pokedex-mini-bw.js?0.030888842834281283"></script>
<script defer src="//play.pokemonshowdown.com/data/graphics.js?0.05593094747507488"></script>
<script defer src="//play.pokemonshowdown.com/data/pokedex.js?0.47064822249611904"></script>
<script defer src="//play.pokemonshowdown.com/data/moves.js?0.8583693120512459"></script>
<script defer src="//play.pokemonshowdown.com/data/abilities.js?0.16017181182386842"></script>
<script defer src="//play.pokemonshowdown.com/data/items.js?0.4163379185673943"></script>
<script defer src="//play.pokemonshowdown.com/data/teambuilder-tables.js?0.31075597372830477"></script>
<script defer src="//play.pokemonshowdown.com/js/battle-tooltips.js?0.6536193500708172"></script>
<script defer src="//play.pokemonshowdown.com/js/battle.js?0.1916591943277901"></script>

<script defer src="js/utils.js?e31f9a17"></script>
<script defer src="js/replays-battle.js?7008c182"></script>

<!-- don't scrape this data! just add .json or .log after the URL!
Full API docs: https://github.com/smogon/pokemon-showdown-client/blob/master/WEB-API.md -->
<script type="text/plain" class="log" id="replaylog-smogtours-gen3ou-800579">
|inactive|Battle timer is ON: inactive players will automatically lose when time's up.
|t:|1729444566
|gametype|singles
|player|p1|Lemon LC|266|
|player|p2|KeshBa45|#wcop2024africa2|
|teamsize|p1|6
|teamsize|p2|6
|gen|3
|tier|[Gen 3] OU
|rule|Sleep Clause Mod: Limit one foe put to sleep
|rule|Switch Priority Clause Mod: Faster Pokémon switch first
|rule|Species Clause: Limit one of each Pokémon
|rule|OHKO Clause: OHKO moves are banned
|rule|Evasion Items Clause: Evasion items are banned
|rule|Evasion Moves Clause: Evasion moves are banned
|rule|Endless Battle Clause: Forcing endless battles is banned
|rule|HP Percentage Mod: HP is shown in percentages
|rule|One Boost Passer Clause: Limit one Baton Passer that has a way to boost its stats
|rule|Freeze Clause Mod: Limit one foe frozen
|
|t:|1729444566
|start
|switch|p1a: Electhor|Zapdos|100/100
|switch|p2a: Zapdos|Zapdos|100/100
|turn|1
|c|☆KeshBa45|Hf
|c|☆Lemon LC|glhf
|
|t:|1729444593
|switch|p2a: Celebi|Celebi|100/100
|switch|p1a: Ronflex|Snorlax, F, shiny|100/100
|
|upkeep
|turn|2
|
|t:|1729444621
|move|p2a: Celebi|Baton Pass|p2a: Celebi
|
|t:|1729444623
|switch|p2a: Tyranitar|Tyranitar, F|100/100|[from] Baton Pass
|-weather|Sandstorm|[from] ability: Sand Stream|[of] p2a: Tyranitar
|move|p1a: Ronflex|Shadow Ball|p2a: Tyranitar
|-resisted|p2a: Tyranitar
|-damage|p2a: Tyranitar|90/100
|
|-weather|Sandstorm|[upkeep]
|-damage|p1a: Ronflex|94/100|[from] Sandstorm
|-heal|p2a: Tyranitar|96/100|[from] item: Leftovers
|-heal|p1a: Ronflex|100/100|[from] item: Leftovers
|upkeep
|turn|3
|
|t:|1729444648
|-singleturn|p2a: Tyranitar|move: Focus Punch
|switch|p1a: Suicune|Suicune, shiny|100/100
|move|p2a: Tyranitar|Focus Punch|p1a: Suicune
|-damage|p1a: Suicune|68/100
|
|-weather|Sandstorm|[upkeep]
|-damage|p1a: Suicune|62/100|[from] Sandstorm
|-heal|p1a: Suicune|68/100|[from] item: Leftovers
|-heal|p2a: Tyranitar|100/100|[from] item: Leftovers
|upkeep
|turn|4
|inactive|Lemon LC has 270 seconds left.
|
|t:|1729444670
|switch|p1a: Métalosse|Metagross, shiny|100/100
|switch|p2a: Zapdos|Zapdos|100/100
|
|-weather|Sandstorm|[upkeep]
|-damage|p2a: Zapdos|94/100|[from] Sandstorm
|-heal|p2a: Zapdos|100/100|[from] item: Leftovers
|upkeep
|turn|5
|inactive|Lemon LC has 270 seconds left.
|
|t:|1729444688
|move|p2a: Zapdos|Baton Pass|p2a: Zapdos
|
|t:|1729444692
|switch|p2a: Swampert|Swampert, M|100/100|[from] Baton Pass
|move|p1a: Métalosse|Meteor Mash|p2a: Swampert
|-resisted|p2a: Swampert
|-damage|p2a: Swampert|70/100
|
|-weather|Sandstorm|[upkeep]
|-heal|p2a: Swampert|76/100|[from] item: Leftovers
|upkeep
|turn|6
|inactive|Lemon LC has 270 seconds left.
|
|t:|1729444707
|switch|p1a: Electhor|Zapdos|100/100
|move|p2a: Swampert|Earthquake|p1a: Electhor
|-immune|p1a: Electhor
|
|-weather|Sandstorm|[upkeep]
|-damage|p1a: Electhor|94/100|[from] Sandstorm
|-heal|p1a: Electhor|100/100|[from] item: Leftovers
|-heal|p2a: Swampert|83/100|[from] item: Leftovers
|upkeep
|turn|7
|inactive|Lemon LC has 270 seconds left.
|
|t:|1729444714
|switch|p2a: Celebi|Celebi|100/100
|move|p1a: Electhor|Hidden Power|p2a: Celebi
|-resisted|p2a: Celebi
|-damage|p2a: Celebi|94/100
|
|-weather|Sandstorm|[upkeep]
|-damage|p1a: Electhor|94/100|[from] Sandstorm
|-damage|p2a: Celebi|88/100|[from] Sandstorm
|-heal|p1a: Electhor|100/100|[from] item: Leftovers
|-heal|p2a: Celebi|94/100|[from] item: Leftovers
|upkeep
|turn|8
|inactive|Lemon LC has 270 seconds left.
|
|t:|1729444728
|move|p1a: Electhor|Agility|p1a: Electhor
|-boost|p1a: Electhor|spe|2
|move|p2a: Celebi|Leech Seed|p1a: Electhor
|-start|p1a: Electhor|move: Leech Seed
|
|-weather|Sandstorm|[upkeep]
|-damage|p1a: Electhor|94/100|[from] Sandstorm
|-damage|p2a: Celebi|88/100|[from] Sandstorm
|-heal|p1a: Electhor|100/100|[from] item: Leftovers
|-damage|p1a: Electhor|88/100|[from] Leech Seed|[of] p2a: Celebi
|-heal|p2a: Celebi|99/100|[silent]
|-heal|p2a: Celebi|100/100|[from] item: Leftovers
|upkeep
|turn|9
|inactive|Lemon LC has 270 seconds left.
|
|t:|1729444740
|switch|p1a: Métalosse|Metagross, shiny|100/100
|move|p2a: Celebi|Baton Pass|p2a: Celebi
|
|t:|1729444744
|switch|p2a: Swampert|Swampert, M|83/100|[from] Baton Pass
|
|-weather|Sandstorm|[upkeep]
|-heal|p2a: Swampert|89/100|[from] item: Leftovers
|upkeep
|turn|10
|inactive|Lemon LC has 270 seconds left.
|
|t:|1729444762
|switch|p1a: Ronflex|Snorlax, F, shiny|100/100
|move|p2a: Swampert|Ice Beam|p1a: Ronflex
|-damage|p1a: Ronflex|89/100
|
|-weather|Sandstorm|[upkeep]
|-damage|p1a: Ronflex|83/100|[from] Sandstorm
|-heal|p2a: Swampert|95/100|[from] item: Leftovers
|-heal|p1a: Ronflex|89/100|[from] item: Leftovers
|upkeep
|turn|11
|
|t:|1729444772
|move|p2a: Swampert|Earthquake|p1a: Ronflex
|-crit|p1a: Ronflex
|-damage|p1a: Ronflex|22/100
|move|p1a: Ronflex|Earthquake|p2a: Swampert
|-damage|p2a: Swampert|74/100
|
|-weather|Sandstorm|[upkeep]
|-damage|p1a: Ronflex|16/100|[from] Sandstorm
|-heal|p2a: Swampert|80/100|[from] item: Leftovers
|-heal|p1a: Ronflex|22/100|[from] item: Leftovers
|upkeep
|turn|12
|
|t:|1729444782
|move|p2a: Swampert|Earthquake|p1a: Ronflex
|-damage|p1a: Ronflex|0 fnt
|faint|p1a: Ronflex
|
|t:|1729444785
|switch|p1a: Chapignon|Breloom, F, shiny|100/100
|
|-weather|Sandstorm|[upkeep]
|-damage|p1a: Chapignon|94/100|[from] Sandstorm
|-heal|p1a: Chapignon|100/100|[from] item: Leftovers
|-heal|p2a: Swampert|86/100|[from] item: Leftovers
|upkeep
|turn|13
|
|t:|1729444805
|switch|p2a: Celebi|Celebi|100/100
|move|p1a: Chapignon|Spore|p2a: Celebi
|-status|p2a: Celebi|slp|[from] move: Spore
|
|-weather|Sandstorm|[upkeep]
|-damage|p1a: Chapignon|94/100|[from] Sandstorm
|-damage|p2a: Celebi|94/100 slp|[from] Sandstorm
|-heal|p1a: Chapignon|100/100|[from] item: Leftovers
|-heal|p2a: Celebi|100/100 slp|[from] item: Leftovers
|upkeep
|turn|14
|
|t:|1729444833
|switch|p1a: Tyranocif|Tyranitar, M, shiny|100/100
|cant|p2a: Celebi|slp
|
|-weather|Sandstorm|[upkeep]
|-damage|p2a: Celebi|94/100 slp|[from] Sandstorm
|-heal|p2a: Celebi|100/100 slp|[from] item: Leftovers
|upkeep
|turn|15
|
|t:|1729444838
|-activate|p2a: Celebi|move: Pursuit
|move|p1a: Tyranocif|Pursuit|p2a: Celebi|[from]Pursuit
|-supereffective|p2a: Celebi
|-damage|p2a: Celebi|56/100 slp
|-curestatus|p2a: Celebi|slp|[from] ability: Natural Cure
|switch|p2a: Swampert|Swampert, M|86/100
|
|-weather|Sandstorm|[upkeep]
|-heal|p2a: Swampert|92/100|[from] item: Leftovers
|upkeep
|turn|16
|
|t:|1729444850
|switch|p1a: Electhor|Zapdos|88/100
|switch|p2a: Dugtrio|Dugtrio, F|100/100
|
|-weather|Sandstorm|[upkeep]
|-damage|p1a: Electhor|82/100|[from] Sandstorm
|-heal|p1a: Electhor|88/100|[from] item: Leftovers
|upkeep
|turn|17
|
|t:|1729444860
|switch|p2a: Celebi|Celebi|56/100
|move|p1a: Electhor|Agility|p1a: Electhor
|-boost|p1a: Electhor|spe|2
|
|-weather|Sandstorm|[upkeep]
|-damage|p1a: Electhor|82/100|[from] Sandstorm
|-damage|p2a: Celebi|50/100|[from] Sandstorm
|-heal|p1a: Electhor|88/100|[from] item: Leftovers
|-heal|p2a: Celebi|56/100|[from] item: Leftovers
|upkeep
|turn|18
|
|t:|1729444866
|move|p1a: Electhor|Baton Pass|p1a: Electhor
|
|t:|1729444867
|switch|p1a: Métalosse|Metagross, shiny|100/100|[from] Baton Pass
|move|p2a: Celebi|Recover|p2a: Celebi
|-heal|p2a: Celebi|100/100
|
|-weather|Sandstorm|[upkeep]
|-damage|p2a: Celebi|94/100|[from] Sandstorm
|-heal|p2a: Celebi|100/100|[from] item: Leftovers
|upkeep
|turn|19
|
|t:|1729444872
|move|p1a: Métalosse|Meteor Mash|p2a: Celebi
|-crit|p2a: Celebi
|-damage|p2a: Celebi|0 fnt
|-boost|p1a: Métalosse|atk|1
|faint|p2a: Celebi
|
|t:|1729444879
|switch|p2a: Swampert|Swampert, M|92/100
|
|-weather|Sandstorm|[upkeep]
|-heal|p2a: Swampert|98/100|[from] item: Leftovers
|upkeep
|turn|20
|
|t:|1729444908
|switch|p1a: Electhor|Zapdos|88/100
|move|p2a: Swampert|Earthquake|p1a: Electhor
|-immune|p1a: Electhor
|
|-weather|Sandstorm|[upkeep]
|-damage|p1a: Electhor|82/100|[from] Sandstorm
|-heal|p1a: Electhor|88/100|[from] item: Leftovers
|-heal|p2a: Swampert|100/100|[from] item: Leftovers
|upkeep
|turn|21
|inactive|KeshBa45 has 270 seconds left.
|
|t:|1729444940
|switch|p2a: Tyranitar|Tyranitar, F|100/100
|move|p1a: Electhor|Baton Pass|p1a: Electhor
|
|t:|1729444945
|switch|p1a: Métalosse|Metagross, shiny|100/100|[from] Baton Pass
|
|-weather|Sandstorm|[upkeep]
|upkeep
|turn|22
|
|t:|1729444948
|switch|p2a: Swampert|Swampert, M|100/100
|move|p1a: Métalosse|Meteor Mash|p2a: Swampert
|-resisted|p2a: Swampert
|-crit|p2a: Swampert
|-damage|p2a: Swampert|46/100
|
|-weather|Sandstorm|[upkeep]
|-heal|p2a: Swampert|52/100|[from] item: Leftovers
|upkeep
|turn|23
|
|t:|1729444957
|switch|p1a: Suicune|Suicune, shiny|68/100
|move|p2a: Swampert|Earthquake|p1a: Suicune
|-damage|p1a: Suicune|46/100
|
|-weather|Sandstorm|[upkeep]
|-damage|p1a: Suicune|39/100|[from] Sandstorm
|-heal|p1a: Suicune|46/100|[from] item: Leftovers
|-heal|p2a: Swampert|58/100|[from] item: Leftovers
|upkeep
|turn|24
|
|t:|1729444962
|move|p2a: Swampert|Protect|p2a: Swampert
|-singleturn|p2a: Swampert|Protect
|move|p1a: Suicune|Surf|p2a: Swampert
|-activate|p2a: Swampert|Protect
|
|-weather|Sandstorm|[upkeep]
|-damage|p1a: Suicune|39/100|[from] Sandstorm
|-heal|p1a: Suicune|46/100|[from] item: Leftovers
|-heal|p2a: Swampert|65/100|[from] item: Leftovers
|upkeep
|turn|25
|
|t:|1729444966
|switch|p2a: Zapdos|Zapdos|100/100
|move|p1a: Suicune|Surf|p2a: Zapdos
|-damage|p2a: Zapdos|64/100
|
|-weather|Sandstorm|[upkeep]
|-damage|p2a: Zapdos|58/100|[from] Sandstorm
|-damage|p1a: Suicune|39/100|[from] Sandstorm
|-heal|p2a: Zapdos|64/100|[from] item: Leftovers
|-heal|p1a: Suicune|46/100|[from] item: Leftovers
|upkeep
|turn|26
|
|t:|1729444977
|switch|p1a: Tyranocif|Tyranitar, M, shiny|100/100
|move|p2a: Zapdos|Thunderbolt|p1a: Tyranocif
|-damage|p1a: Tyranocif|61/100
|-status|p1a: Tyranocif|par
|
|-weather|Sandstorm|[upkeep]
|-damage|p2a: Zapdos|58/100|[from] Sandstorm
|-heal|p2a: Zapdos|64/100|[from] item: Leftovers
|-heal|p1a: Tyranocif|67/100 par|[from] item: Leftovers
|upkeep
|turn|27
|
|t:|1729444987
|move|p2a: Zapdos|Baton Pass|p2a: Zapdos
|
|t:|1729444989
|switch|p2a: Dugtrio|Dugtrio, F|100/100|[from] Baton Pass
|cant|p1a: Tyranocif|par
|
|-weather|Sandstorm|[upkeep]
|-heal|p1a: Tyranocif|74/100 par|[from] item: Leftovers
|upkeep
|turn|28
|
|t:|1729444995
|move|p2a: Dugtrio|Earthquake|p1a: Tyranocif
|-supereffective|p1a: Tyranocif
|-crit|p1a: Tyranocif
|-damage|p1a: Tyranocif|0 fnt
|faint|p1a: Tyranocif
|
|t:|1729445012
|switch|p1a: Chapignon|Breloom, F, shiny|100/100
|
|-weather|Sandstorm|[upkeep]
|-damage|p1a: Chapignon|94/100|[from] Sandstorm
|-heal|p1a: Chapignon|100/100|[from] item: Leftovers
|upkeep
|turn|29
|
|t:|1729445021
|switch|p2a: Zapdos|Zapdos|64/100
|move|p1a: Chapignon|Spore|p2a: Zapdos
|-status|p2a: Zapdos|slp|[from] move: Spore
|
|-weather|Sandstorm|[upkeep]
|-damage|p2a: Zapdos|58/100 slp|[from] Sandstorm
|-damage|p1a: Chapignon|94/100|[from] Sandstorm
|-heal|p2a: Zapdos|64/100 slp|[from] item: Leftovers
|-heal|p1a: Chapignon|100/100|[from] item: Leftovers
|upkeep
|turn|30
|
|t:|1729445031
|cant|p2a: Zapdos|slp
|move|p1a: Chapignon|Leech Seed|p2a: Zapdos
|-start|p2a: Zapdos|move: Leech Seed
|
|-weather|Sandstorm|[upkeep]
|-damage|p2a: Zapdos|58/100 slp|[from] Sandstorm
|-damage|p1a: Chapignon|94/100|[from] Sandstorm
|-heal|p2a: Zapdos|64/100 slp|[from] item: Leftovers
|-damage|p2a: Zapdos|52/100 slp|[from] Leech Seed|[of] p1a: Chapignon
|-heal|p1a: Chapignon|100/100|[silent]
|upkeep
|turn|31
|
|t:|1729445036
|switch|p2a: Dugtrio|Dugtrio, F|100/100
|move|p1a: Chapignon|Substitute|p1a: Chapignon
|-start|p1a: Chapignon|Substitute
|-damage|p1a: Chapignon|76/100
|
|-weather|Sandstorm|[upkeep]
|-damage|p1a: Chapignon|70/100|[from] Sandstorm
|-heal|p1a: Chapignon|76/100|[from] item: Leftovers
|upkeep
|turn|32
|
|t:|1729445040
|-singleturn|p1a: Chapignon|move: Focus Punch
|move|p2a: Dugtrio|Aerial Ace|p1a: Chapignon
|-supereffective|p1a: Chapignon
|-end|p1a: Chapignon|Substitute
|move|p1a: Chapignon|Focus Punch|p2a: Dugtrio
|-crit|p2a: Dugtrio
|-damage|p2a: Dugtrio|0 fnt
|faint|p2a: Dugtrio
|
|t:|1729445042
|switch|p2a: Starmie|Starmie|100/100
|
|-weather|Sandstorm|[upkeep]
|-damage|p2a: Starmie|94/100|[from] Sandstorm
|-damage|p1a: Chapignon|70/100|[from] Sandstorm
|-heal|p2a: Starmie|100/100|[from] item: Leftovers
|-heal|p1a: Chapignon|76/100|[from] item: Leftovers
|upkeep
|turn|33
|
|t:|1729445058
|switch|p1a: Electhor|Zapdos|88/100
|move|p2a: Starmie|Ice Beam|p1a: Electhor
|-supereffective|p1a: Electhor
|-damage|p1a: Electhor|37/100
|-status|p1a: Electhor|frz
|
|-weather|Sandstorm|[upkeep]
|-damage|p2a: Starmie|94/100|[from] Sandstorm
|-damage|p1a: Electhor|31/100 frz|[from] Sandstorm
|-heal|p2a: Starmie|100/100|[from] item: Leftovers
|-heal|p1a: Electhor|37/100 frz|[from] item: Leftovers
|upkeep
|turn|34
|
|t:|1729445066
|move|p2a: Starmie|Ice Beam|p1a: Electhor
|-supereffective|p1a: Electhor
|-damage|p1a: Electhor|0 fnt
|faint|p1a: Electhor
|
|t:|1729445082
|switch|p1a: Métalosse|Metagross, shiny|100/100
|
|-weather|Sandstorm|[upkeep]
|-damage|p2a: Starmie|94/100|[from] Sandstorm
|-heal|p2a: Starmie|100/100|[from] item: Leftovers
|upkeep
|turn|35
|
|t:|1729445092
|switch|p2a: Zapdos|Zapdos|52/100 slp
|move|p1a: Métalosse|Meteor Mash|p2a: Zapdos
|-resisted|p2a: Zapdos
|-damage|p2a: Zapdos|2/100 slp
|
|-weather|Sandstorm|[upkeep]
|-damage|p2a: Zapdos|0 fnt|[from] Sandstorm
|faint|p2a: Zapdos
|upkeep
|
|t:|1729445098
|switch|p2a: Swampert|Swampert, M|65/100
|turn|36
|
|t:|1729445103
|switch|p1a: Suicune|Suicune, shiny|46/100
|move|p2a: Swampert|Ice Beam|p1a: Suicune
|-resisted|p1a: Suicune
|-damage|p1a: Suicune|38/100
|
|-weather|Sandstorm|[upkeep]
|-damage|p1a: Suicune|32/100|[from] Sandstorm
|-heal|p1a: Suicune|38/100|[from] item: Leftovers
|-heal|p2a: Swampert|71/100|[from] item: Leftovers
|upkeep
|turn|37
|
|t:|1729445119
|move|p1a: Suicune|Calm Mind|p1a: Suicune
|-boost|p1a: Suicune|spa|1
|-boost|p1a: Suicune|spd|1
|move|p2a: Swampert|Earthquake|p1a: Suicune
|-damage|p1a: Suicune|17/100
|
|-weather|Sandstorm|[upkeep]
|-damage|p1a: Suicune|11/100|[from] Sandstorm
|-heal|p1a: Suicune|17/100|[from] item: Leftovers
|-heal|p2a: Swampert|77/100|[from] item: Leftovers
|upkeep
|turn|38
|
|t:|1729445126
|move|p1a: Suicune|Rest|p1a: Suicune
|-status|p1a: Suicune|slp|[from] move: Rest
|-heal|p1a: Suicune|100/100 slp|[silent]
|move|p2a: Swampert|Earthquake|p1a: Suicune
|-damage|p1a: Suicune|80/100 slp
|
|-weather|Sandstorm|[upkeep]
|-damage|p1a: Suicune|74/100 slp|[from] Sandstorm
|-heal|p1a: Suicune|80/100 slp|[from] item: Leftovers
|-heal|p2a: Swampert|83/100|[from] item: Leftovers
|upkeep
|turn|39
|
|t:|1729445129
|switch|p2a: Starmie|Starmie|100/100
|cant|p1a: Suicune|slp
|move|p1a: Suicune|Sleep Talk|p1a: Suicune
|move|p1a: Suicune|Calm Mind|p1a: Suicune|[from]Sleep Talk
|-boost|p1a: Suicune|spa|1
|-boost|p1a: Suicune|spd|1
|
|-weather|Sandstorm|[upkeep]
|-damage|p2a: Starmie|94/100|[from] Sandstorm
|-damage|p1a: Suicune|74/100 slp|[from] Sandstorm
|-heal|p2a: Starmie|100/100|[from] item: Leftovers
|-heal|p1a: Suicune|80/100 slp|[from] item: Leftovers
|upkeep
|turn|40
|
|t:|1729445135
|move|p2a: Starmie|Thunderbolt|p1a: Suicune
|-supereffective|p1a: Suicune
|-damage|p1a: Suicune|57/100 slp
|cant|p1a: Suicune|slp
|move|p1a: Suicune|Sleep Talk|p1a: Suicune
|move|p1a: Suicune|Surf|p2a: Starmie|[from]Sleep Talk
|-resisted|p2a: Starmie
|-damage|p2a: Starmie|57/100
|
|-weather|Sandstorm|[upkeep]
|-damage|p2a: Starmie|51/100|[from] Sandstorm
|-damage|p1a: Suicune|51/100 slp|[from] Sandstorm
|-heal|p2a: Starmie|57/100|[from] item: Leftovers
|-heal|p1a: Suicune|57/100 slp|[from] item: Leftovers
|upkeep
|turn|41
|
|t:|1729445143
|move|p2a: Starmie|Thunderbolt|p1a: Suicune
|-supereffective|p1a: Suicune
|-damage|p1a: Suicune|37/100 slp
|-curestatus|p1a: Suicune|slp|[msg]
|move|p1a: Suicune|Calm Mind|p1a: Suicune
|-boost|p1a: Suicune|spa|1
|-boost|p1a: Suicune|spd|1
|
|-weather|Sandstorm|[upkeep]
|-damage|p2a: Starmie|51/100|[from] Sandstorm
|-damage|p1a: Suicune|30/100|[from] Sandstorm
|-heal|p2a: Starmie|57/100|[from] item: Leftovers
|-heal|p1a: Suicune|37/100|[from] item: Leftovers
|upkeep
|turn|42
|
|t:|1729445153
|move|p2a: Starmie|Thunderbolt|p1a: Suicune
|-supereffective|p1a: Suicune
|-damage|p1a: Suicune|20/100
|move|p1a: Suicune|Calm Mind|p1a: Suicune
|-boost|p1a: Suicune|spa|1
|-boost|p1a: Suicune|spd|1
|
|-weather|Sandstorm|[upkeep]
|-damage|p2a: Starmie|51/100|[from] Sandstorm
|-damage|p1a: Suicune|14/100|[from] Sandstorm
|-heal|p2a: Starmie|57/100|[from] item: Leftovers
|-heal|p1a: Suicune|20/100|[from] item: Leftovers
|upkeep
|turn|43
|
|t:|1729445157
|move|p2a: Starmie|Thunderbolt|p1a: Suicune
|-supereffective|p1a: Suicune
|-damage|p1a: Suicune|5/100
|move|p1a: Suicune|Rest|p1a: Suicune
|-status|p1a: Suicune|slp|[from] move: Rest
|-heal|p1a: Suicune|100/100 slp|[silent]
|
|-weather|Sandstorm|[upkeep]
|-damage|p2a: Starmie|51/100|[from] Sandstorm
|-damage|p1a: Suicune|94/100 slp|[from] Sandstorm
|-heal|p2a: Starmie|57/100|[from] item: Leftovers
|-heal|p1a: Suicune|100/100 slp|[from] item: Leftovers
|upkeep
|turn|44
|
|t:|1729445161
|move|p2a: Starmie|Thunderbolt|p1a: Suicune
|-supereffective|p1a: Suicune
|-damage|p1a: Suicune|86/100 slp
|cant|p1a: Suicune|slp
|move|p1a: Suicune|Sleep Talk|p1a: Suicune
|move|p1a: Suicune|Rest|p1a: Suicune|[from]Sleep Talk
|
|-weather|Sandstorm|[upkeep]
|-damage|p2a: Starmie|51/100|[from] Sandstorm
|-damage|p1a: Suicune|80/100 slp|[from] Sandstorm
|-heal|p2a: Starmie|57/100|[from] item: Leftovers
|-heal|p1a: Suicune|86/100 slp|[from] item: Leftovers
|upkeep
|turn|45
|
|t:|1729445164
|move|p2a: Starmie|Thunderbolt|p1a: Suicune
|-supereffective|p1a: Suicune
|-damage|p1a: Suicune|73/100 slp
|cant|p1a: Suicune|slp
|move|p1a: Suicune|Sleep Talk|p1a: Suicune
|move|p1a: Suicune|Calm Mind|p1a: Suicune|[from]Sleep Talk
|-boost|p1a: Suicune|spa|1
|-boost|p1a: Suicune|spd|1
|
|-weather|Sandstorm|[upkeep]
|-damage|p2a: Starmie|51/100|[from] Sandstorm
|-damage|p1a: Suicune|67/100 slp|[from] Sandstorm
|-heal|p2a: Starmie|57/100|[from] item: Leftovers
|-heal|p1a: Suicune|73/100 slp|[from] item: Leftovers
|upkeep
|turn|46
|
|t:|1729445166
|move|p2a: Starmie|Thunderbolt|p1a: Suicune
|-supereffective|p1a: Suicune
|-damage|p1a: Suicune|60/100 slp
|-curestatus|p1a: Suicune|slp|[msg]
|move|p1a: Suicune|Surf|p2a: Starmie
|-resisted|p2a: Starmie
|-damage|p2a: Starmie|0 fnt
|faint|p2a: Starmie
|-message|KeshBa45 forfeited.
|
|win|Lemon LC
|player|p2|
|c|☆Lemon LC|gg

</script>
<script type="application/json" class="data" id="replaydata-smogtours-gen3ou-800579">
{"id":"smogtours-gen3ou-800579","format":"[Gen 3] OU","players":["Lemon LC","KeshBa45"],"uploadtime":1729445170,"views":104,"formatid":"gen3ou","rating":null,"private":0,"password":null}
</script>

<script defer src="js/replays.js?9d40a366"></script>
