<!DOCTYPE html>
<meta charset="utf-8" />
<meta name="viewport" content="width=device-width" />

<title>[Gen 3] OU: Redrame vs. tamafuyu - Replays - Pok&eacute;mon Showdown!</title>

<meta name="description" content="Watch a replay of a Pok&eacute;mon battle between Redrame and tamafuyu! Format: [Gen 3] OU; Date: Oct 15, 2024" />
<!--

Hey, you! Looking in the source for the replay log?

You can find them in JSON format, just add `.json` at the end of a replay URL.

https://replay.pokemonshowdown.com/gen7randomdoublesbattle-865046831.json

Or, if you only need the log itself, add `.log` instead:

https://replay.pokemonshowdown.com/gen7randomdoublesbattle-865046831.log

-->

<link rel="stylesheet" href="//pokemonshowdown.com/style/global.css?0.023195364461161105" />
<link rel="stylesheet" href="//play.pokemonshowdown.com/style/font-awesome.css?0.13261647063804238" />
<link rel="stylesheet" href="//play.pokemonshowdown.com/style/battle.css?0.8753245789963631" />
<link rel="stylesheet" href="//play.pokemonshowdown.com/style/utilichart.css?0.8627959624976733" />

<!-- Global site tag (gtag.js) - Google Analytics -->
<script async src="https://www.googletagmanager.com/gtag/js?id=UA-26211653-1"></script>
<script>
  window.dataLayer = window.dataLayer || [];
  function gtag(){dataLayer.push(arguments);}
  gtag('js', new Date());

  gtag('config', 'UA-26211653-1');
</script>
<!-- End Google Analytics -->
<!-- Venatus Ad Manager - Install in <HEAD> of page -->
	<script src="https://hb.vntsm.com/v3/live/ad-manager.min.js" type="text/javascript" data-site-id="642aba63ec9a7b11c3c9c1be" data-mode="scan" async></script>
<!-- / Venatus Ad Manager -->

<style>
	@media (max-width:820px) {
		.battle {
			margin: 0 auto;
		}
		.battle-log {
			margin: 7px auto 0;
			max-width: 640px;
			height: 300px;
			position: static;
		}
	}
	.optgroup {
		display: inline-block;
		line-height: 22px;
		font-size: 10pt;
	}
	.optgroup .button {
		height: 25px;
		padding-top: 0;
		padding-bottom: 0;
	}
	.optgroup button.button {
		padding-left: 12px;
		padding-right: 12px;
	}
	.linklist {
		list-style: none;
		margin: 0.5em 0;
		padding: 0;
	}
	.linklist li {
		padding: 2px 0;
	}
	.sidebar {
		float: left;
		width: 320px;
	}
	.bar-wrapper {
		max-width: 1100px;
		margin: 0 auto;
	}
	.bar-wrapper.has-sidebar {
		max-width: 1430px;
	}
	.mainbar {
		margin: 0;
		padding-right: 1px;
	}
	.mainbar.has-sidebar {
		margin-left: 330px;
	}
	@media (min-width: 1511px) {
		.sidebar {
			width: 400px;
		}
		.bar-wrapper.has-sidebar {
			max-width: 1510px;
		}
		.mainbar.has-sidebar {
			margin-left: 410px;
		}
	}
	.section.first-section {
		margin-top: 9px;
	}
	.blocklink small {
		white-space: normal;
	}
	.button {
		vertical-align: middle;
	}
	.replay-controls {
		padding-top: 10px;
	}
	.replay-controls h1 {
		font-size: 16pt;
		font-weight: normal;
		color: #CCC;
	}
	.pagelink {
		text-align: center;
	}
	.pagelink a {
		width: 150px;
	}
	.textbox, .button {
		font-size: 11pt;
		vertical-align: middle;
	}
	@media (max-width: 450px) {
		.button {
			font-size: 9pt;
		}
	}
</style>

<div>

	<header>
		<div class="nav-wrapper"><ul class="nav">
			<li><a class="button nav-first" href="//pokemonshowdown.com/"><img src="//pokemonshowdown.com/images/pokemonshowdownbeta.png" srcset="//pokemonshowdown.com/images/pokemonshowdownbeta.png 1x, //pokemonshowdown.com/images/pokemonshowdownbeta@2x.png 2x" alt="Pok&eacute;mon Showdown" width="146" height="44" /> Home</a></li>
			<li><a class="button" href="//pokemonshowdown.com/dex/">Pok&eacute;dex</a></li>
			<li><a class="button cur" href="/">Replays</a></li>
			<li><a class="button" href="//pokemonshowdown.com/ladder/">Ladder</a></li>
			<li><a class="button nav-last" href="//pokemonshowdown.com/forums/">Forum</a></li>
			<li><a class="button greenbutton nav-first nav-last" href="//play.pokemonshowdown.com/">Play</a></li>
		</ul></div>
	</header>

	<div class="main" id="main">

		<noscript><section class="section">You need to enable JavaScript to use this page; sorry!</section></noscript>

	</div>

</div>

<script defer nomodule src="//play.pokemonshowdown.com/js/lib/ps-polyfill.js"></script>
<script defer src="//play.pokemonshowdown.com/js/lib/preact.min.js"></script>

<script defer src="//play.pokemonshowdown.com/config/config.js?2bddbc15"></script>
<script defer src="//play.pokemonshowdown.com/js/lib/jquery-1.11.0.min.js"></script>
<script defer src="//play.pokemonshowdown.com/js/lib/html-sanitizer-minified.js"></script>
<script defer src="//play.pokemonshowdown.com/js/battle-sound.js"></script>
<script defer src="//play.pokemonshowdown.com/js/battledata.js?0.7209276989879541"></script>
<script defer src="//play.pokemonshowdown.com/data/pokedex-mini.js?0.6111056340867951"></script>
<script defer src="//play.pokemonshowdown.com/data/pokedex-mini-bw.js?0.3532142036491459"></script>
<script defer src="//play.pokemonshowdown.com/data/graphics.js?0.24223875632456182"></script>
<script defer src="//play.pokemonshowdown.com/data/pokedex.js?0.38839984266356864"></script>
<script defer src="//play.pokemonshowdown.com/data/moves.js?0.21866028504024015"></script>
<script defer src="//play.pokemonshowdown.com/data/abilities.js?0.2005157953846628"></script>
<script defer src="//play.pokemonshowdown.com/data/items.js?0.9894211263848525"></script>
<script defer src="//play.pokemonshowdown.com/data/teambuilder-tables.js?0.6008791140282215"></script>
<script defer src="//play.pokemonshowdown.com/js/battle-tooltips.js?0.7580118955022959"></script>
<script defer src="//play.pokemonshowdown.com/js/battle.js?0.6057722274234274"></script>

<script defer src="js/utils.js?e31f9a17"></script>
<script defer src="js/replays-battle.js?7008c182"></script>

<!-- don't scrape this data! just add .json or .log after the URL!
Full API docs: https://github.com/smogon/pokemon-showdown-client/blob/master/WEB-API.md -->
<script type="text/plain" class="log" id="replaylog-smogtours-gen3ou-798850">
|inactive|Battle timer is ON: inactive players will automatically lose when time's up.
|t:|1728953289
|gametype|singles
|player|p1|Redrame|265|
|player|p2|tamafuyu|rosa-masters|
|teamsize|p1|6
|teamsize|p2|6
|gen|3
|tier|[Gen 3] OU
|rule|Sleep Clause Mod: Limit one foe put to sleep
|rule|Switch Priority Clause Mod: Faster Pokémon switch first
|rule|Species Clause: Limit one of each Pokémon
|rule|OHKO Clause: OHKO moves are banned
|rule|Evasion Items Clause: Evasion items are banned
|rule|Evasion Moves Clause: Evasion moves are banned
|rule|Endless Battle Clause: Forcing endless battles is banned
|rule|HP Percentage Mod: HP is shown in percentages
|rule|One Boost Passer Clause: Limit one Baton Passer that has a way to boost its stats
|rule|Freeze Clause Mod: Limit one foe frozen
|
|t:|1728953289
|start
|switch|p1a: Zapdos|Zapdos|100/100
|switch|p2a: Zapdos|Zapdos|100/100
|turn|1
|inactive|tamafuyu also wants the timer to be on.
|
|t:|1728953306
|move|p2a: Zapdos|Thunderbolt|p1a: Zapdos
|-crit|p1a: Zapdos
|-damage|p1a: Zapdos|4/100
|move|p1a: Zapdos|Thunderbolt|p2a: Zapdos
|-damage|p2a: Zapdos|35/100
|
|-heal|p2a: Zapdos|42/100|[from] item: Leftovers
|-heal|p1a: Zapdos|10/100|[from] item: Leftovers
|upkeep
|turn|2
|
|t:|1728953324
|switch|p2a: Tyranitar|Tyranitar, M|100/100
|-weather|Sandstorm|[from] ability: Sand Stream|[of] p2a: Tyranitar
|switch|p1a: Celebi|Celebi|100/100
|
|-weather|Sandstorm|[upkeep]
|-damage|p1a: Celebi|94/100|[from] Sandstorm
|-heal|p1a: Celebi|100/100|[from] item: Leftovers
|upkeep
|turn|3
|
|t:|1728953338
|move|p1a: Celebi|Baton Pass|p1a: Celebi
|
|t:|1728953343
|switch|p1a: Metagross|Metagross|100/100|[from] Baton Pass
|move|p2a: Tyranitar|Rock Slide|p1a: Metagross
|-resisted|p1a: Metagross
|-damage|p1a: Metagross|86/100
|
|-weather|Sandstorm|[upkeep]
|upkeep
|turn|4
|
|t:|1728953361
|switch|p2a: Metagross|Metagross|100/100
|move|p1a: Metagross|Meteor Mash|p2a: Metagross
|-resisted|p2a: Metagross
|-damage|p2a: Metagross|75/100
|
|-weather|Sandstorm|[upkeep]
|-heal|p2a: Metagross|81/100|[from] item: Leftovers
|upkeep
|turn|5
|
|t:|1728953376
|switch|p1a: Zapdos|Zapdos|10/100
|move|p2a: Metagross|Earthquake|p1a: Zapdos
|-immune|p1a: Zapdos
|
|-weather|Sandstorm|[upkeep]
|-damage|p1a: Zapdos|4/100|[from] Sandstorm
|-heal|p1a: Zapdos|10/100|[from] item: Leftovers
|-heal|p2a: Metagross|87/100|[from] item: Leftovers
|upkeep
|turn|6
|
|t:|1728953387
|move|p1a: Zapdos|Thunderbolt|p2a: Metagross
|-damage|p2a: Metagross|35/100
|move|p2a: Metagross|Meteor Mash|p1a: Zapdos
|-resisted|p1a: Zapdos
|-damage|p1a: Zapdos|0 fnt
|-boost|p2a: Metagross|atk|1
|faint|p1a: Zapdos
|inactive|Redrame has 270 seconds left.
|
|t:|1728953410
|switch|p1a: Starmie|Starmie|100/100
|
|-weather|Sandstorm|[upkeep]
|-damage|p1a: Starmie|94/100|[from] Sandstorm
|-heal|p1a: Starmie|100/100|[from] item: Leftovers
|-heal|p2a: Metagross|41/100|[from] item: Leftovers
|upkeep
|turn|7
|inactive|Redrame has 270 seconds left.
|
|t:|1728953422
|move|p2a: Metagross|Protect|p2a: Metagross
|-singleturn|p2a: Metagross|Protect
|move|p1a: Starmie|Hydro Pump|p2a: Metagross|[miss]
|-miss|p1a: Starmie|p2a: Metagross
|
|-weather|Sandstorm|[upkeep]
|-damage|p1a: Starmie|94/100|[from] Sandstorm
|-heal|p1a: Starmie|100/100|[from] item: Leftovers
|-heal|p2a: Metagross|47/100|[from] item: Leftovers
|upkeep
|turn|8
|inactive|Redrame has 270 seconds left.
|
|t:|1728953443
|switch|p1a: Metagross|Metagross|86/100
|switch|p2a: Blissey|Blissey, F|100/100
|
|-weather|Sandstorm|[upkeep]
|-damage|p2a: Blissey|94/100|[from] Sandstorm
|-heal|p2a: Blissey|100/100|[from] item: Leftovers
|upkeep
|turn|9
|
|t:|1728953466
|move|p1a: Metagross|Meteor Mash|p2a: Blissey|[miss]
|-miss|p1a: Metagross|p2a: Blissey
|move|p2a: Blissey|Wish|p2a: Blissey
|
|-weather|Sandstorm|[upkeep]
|-damage|p2a: Blissey|94/100|[from] Sandstorm
|-heal|p2a: Blissey|100/100|[from] item: Leftovers
|upkeep
|turn|10
|inactive|Redrame has 240 seconds left.
|
|t:|1728953488
|switch|p1a: Marowak|Marowak, F|100/100
|switch|p2a: Zapdos|Zapdos|42/100
|
|-heal|p2a: Zapdos|91/100|[from] move: Wish|[wisher] Blissey
|-weather|Sandstorm|[upkeep]
|-damage|p2a: Zapdos|85/100|[from] Sandstorm
|-heal|p2a: Zapdos|91/100|[from] item: Leftovers
|upkeep
|turn|11
|inactive|Redrame has 240 seconds left.
|
|t:|1728953501
|move|p2a: Zapdos|Substitute|p2a: Zapdos
|-start|p2a: Zapdos|Substitute
|-damage|p2a: Zapdos|67/100
|move|p1a: Marowak|Rock Slide|p2a: Zapdos
|-supereffective|p2a: Zapdos
|-end|p2a: Zapdos|Substitute
|
|-weather|Sandstorm|[upkeep]
|-damage|p2a: Zapdos|60/100|[from] Sandstorm
|-heal|p2a: Zapdos|67/100|[from] item: Leftovers
|upkeep
|turn|12
|inactive|Redrame has 240 seconds left.
|
|t:|1728953516
|move|p2a: Zapdos|Substitute|p2a: Zapdos
|-start|p2a: Zapdos|Substitute
|-damage|p2a: Zapdos|42/100
|move|p1a: Marowak|Double-Edge|p2a: Zapdos
|-end|p2a: Zapdos|Substitute
|
|-weather|Sandstorm|[upkeep]
|-damage|p2a: Zapdos|35/100|[from] Sandstorm
|-heal|p2a: Zapdos|42/100|[from] item: Leftovers
|upkeep
|turn|13
|inactive|Redrame has 240 seconds left.
|inactive|tamafuyu has 270 seconds left.
|
|t:|1728953549
|move|p2a: Zapdos|Baton Pass|p2a: Zapdos
|
|t:|1728953550
|switch|p2a: Metagross|Metagross|47/100|[from] Baton Pass
|move|p1a: Marowak|Double-Edge|p2a: Metagross
|-resisted|p2a: Metagross
|-damage|p2a: Metagross|25/100
|
|-weather|Sandstorm|[upkeep]
|-heal|p2a: Metagross|31/100|[from] item: Leftovers
|upkeep
|turn|14
|inactive|Redrame has 240 seconds left.
|
|t:|1728953569
|move|p1a: Marowak|Bonemerang|p2a: Metagross
|-supereffective|p2a: Metagross
|-damage|p2a: Metagross|0 fnt
|-hitcount|p2a: Metagross|1
|faint|p2a: Metagross
|
|t:|1728953572
|switch|p2a: Starmie|Starmie|100/100
|
|-weather|Sandstorm|[upkeep]
|-damage|p2a: Starmie|94/100|[from] Sandstorm
|-heal|p2a: Starmie|100/100|[from] item: Leftovers
|upkeep
|turn|15
|inactive|Redrame has 240 seconds left.
|
|t:|1728953585
|switch|p1a: Celebi|Celebi|100/100
|move|p2a: Starmie|Surf|p1a: Celebi
|-resisted|p1a: Celebi
|-damage|p1a: Celebi|90/100
|
|-weather|Sandstorm|[upkeep]
|-damage|p2a: Starmie|94/100|[from] Sandstorm
|-damage|p1a: Celebi|84/100|[from] Sandstorm
|-heal|p2a: Starmie|100/100|[from] item: Leftovers
|-heal|p1a: Celebi|90/100|[from] item: Leftovers
|upkeep
|turn|16
|inactive|Redrame has 240 seconds left.
|
|t:|1728953598
|move|p2a: Starmie|Thunder Wave|p1a: Celebi
|-status|p1a: Celebi|par
|cant|p1a: Celebi|par
|
|-weather|Sandstorm|[upkeep]
|-damage|p2a: Starmie|94/100|[from] Sandstorm
|-damage|p1a: Celebi|84/100 par|[from] Sandstorm
|-heal|p2a: Starmie|100/100|[from] item: Leftovers
|-heal|p1a: Celebi|90/100 par|[from] item: Leftovers
|upkeep
|turn|17
|inactive|Redrame has 240 seconds left.
|
|t:|1728953614
|-curestatus|p1a: Celebi|par|[from] ability: Natural Cure
|switch|p1a: Starmie|Starmie|100/100
|move|p2a: Starmie|Thunder Wave|p1a: Starmie
|-status|p1a: Starmie|par
|
|-weather|Sandstorm|[upkeep]
|-damage|p2a: Starmie|94/100|[from] Sandstorm
|-damage|p1a: Starmie|94/100 par|[from] Sandstorm
|-heal|p2a: Starmie|100/100|[from] item: Leftovers
|-heal|p1a: Starmie|100/100 par|[from] item: Leftovers
|upkeep
|turn|18
|
|t:|1728953628
|switch|p2a: Blissey|Blissey, F|100/100
|-curestatus|p1a: Starmie|par|[from] ability: Natural Cure
|switch|p1a: Celebi|Celebi|90/100
|
|-weather|Sandstorm|[upkeep]
|-damage|p1a: Celebi|84/100|[from] Sandstorm
|-damage|p2a: Blissey|94/100|[from] Sandstorm
|-heal|p1a: Celebi|90/100|[from] item: Leftovers
|-heal|p2a: Blissey|100/100|[from] item: Leftovers
|upkeep
|turn|19
|
|t:|1728953638
|move|p1a: Celebi|Leech Seed|p2a: Blissey
|-start|p2a: Blissey|move: Leech Seed
|move|p2a: Blissey|Ice Beam|p1a: Celebi
|-supereffective|p1a: Celebi
|-damage|p1a: Celebi|68/100
|
|-weather|Sandstorm|[upkeep]
|-damage|p1a: Celebi|62/100|[from] Sandstorm
|-damage|p2a: Blissey|94/100|[from] Sandstorm
|-heal|p1a: Celebi|68/100|[from] item: Leftovers
|-heal|p2a: Blissey|100/100|[from] item: Leftovers
|-damage|p2a: Blissey|88/100|[from] Leech Seed|[of] p1a: Celebi
|-heal|p1a: Celebi|90/100|[silent]
|upkeep
|turn|20
|
|t:|1728953649
|move|p1a: Celebi|Baton Pass|p1a: Celebi
|
|t:|1728953672
|switch|p1a: Metagross|Metagross|86/100|[from] Baton Pass
|move|p2a: Blissey|Wish|p2a: Blissey
|
|-weather|Sandstorm|[upkeep]
|-damage|p2a: Blissey|82/100|[from] Sandstorm
|-heal|p2a: Blissey|88/100|[from] item: Leftovers
|-damage|p2a: Blissey|76/100|[from] Leech Seed|[of] p1a: Metagross
|-heal|p1a: Metagross|100/100|[silent]
|upkeep
|turn|21
|inactive|Redrame has 210 seconds left.
|
|t:|1728953689
|switch|p1a: Celebi|Celebi|90/100
|switch|p2a: Hariyama|Hariyama, M|100/100
|
|-weather|Sandstorm|[upkeep]
|-damage|p1a: Celebi|84/100|[from] Sandstorm
|-damage|p2a: Hariyama|94/100|[from] Sandstorm
|-heal|p1a: Celebi|90/100|[from] item: Leftovers
|-heal|p2a: Hariyama|100/100|[from] item: Leftovers
|upkeep
|turn|22
|inactive|Redrame has 210 seconds left.
|
|t:|1728953701
|move|p1a: Celebi|Psychic|p2a: Hariyama
|-supereffective|p2a: Hariyama
|-crit|p2a: Hariyama
|-damage|p2a: Hariyama|0 fnt
|faint|p2a: Hariyama
|
|t:|1728953708
|switch|p2a: Tyranitar|Tyranitar, M|100/100
|
|-weather|Sandstorm|[upkeep]
|-damage|p1a: Celebi|84/100|[from] Sandstorm
|-heal|p1a: Celebi|90/100|[from] item: Leftovers
|upkeep
|turn|23
|
|t:|1728953719
|move|p1a: Celebi|Baton Pass|p1a: Celebi
|
|t:|1728953723
|switch|p1a: Metagross|Metagross|100/100|[from] Baton Pass
|move|p2a: Tyranitar|Fire Blast|p1a: Metagross
|-supereffective|p1a: Metagross
|-damage|p1a: Metagross|26/100
|
|-weather|Sandstorm|[upkeep]
|upkeep
|turn|24
|
|t:|1728953741
|switch|p2a: Zapdos|Zapdos|42/100
|move|p1a: Metagross|Explosion|p2a: Zapdos
|-damage|p2a: Zapdos|0 fnt
|faint|p1a: Metagross
|faint|p2a: Zapdos
|
|t:|1728953755
|switch|p2a: Blissey|Blissey, F|76/100
|switch|p1a: Suicune|Suicune|100/100
|
|-weather|Sandstorm|[upkeep]
|-damage|p1a: Suicune|94/100|[from] Sandstorm
|-damage|p2a: Blissey|69/100|[from] Sandstorm
|-heal|p1a: Suicune|100/100|[from] item: Leftovers
|-heal|p2a: Blissey|76/100|[from] item: Leftovers
|upkeep
|turn|25
|
|t:|1728953765
|switch|p1a: Celebi|Celebi|90/100
|move|p2a: Blissey|Wish|p2a: Blissey
|
|-weather|Sandstorm|[upkeep]
|-damage|p1a: Celebi|84/100|[from] Sandstorm
|-damage|p2a: Blissey|69/100|[from] Sandstorm
|-heal|p1a: Celebi|90/100|[from] item: Leftovers
|-heal|p2a: Blissey|76/100|[from] item: Leftovers
|upkeep
|turn|26
|
|t:|1728953773
|move|p1a: Celebi|Leech Seed|p2a: Blissey
|-start|p2a: Blissey|move: Leech Seed
|move|p2a: Blissey|Ice Beam|p1a: Celebi
|-supereffective|p1a: Celebi
|-damage|p1a: Celebi|70/100
|
|-heal|p2a: Blissey|100/100|[from] move: Wish|[wisher] Blissey
|-weather|Sandstorm|[upkeep]
|-damage|p1a: Celebi|63/100|[from] Sandstorm
|-damage|p2a: Blissey|94/100|[from] Sandstorm
|-heal|p1a: Celebi|70/100|[from] item: Leftovers
|-heal|p2a: Blissey|100/100|[from] item: Leftovers
|-damage|p2a: Blissey|88/100|[from] Leech Seed|[of] p1a: Celebi
|-heal|p1a: Celebi|92/100|[silent]
|upkeep
|turn|27
|
|t:|1728953790
|move|p1a: Celebi|Baton Pass|p1a: Celebi
|
|t:|1728953793
|switch|p1a: Starmie|Starmie|100/100|[from] Baton Pass
|move|p2a: Blissey|Wish|p2a: Blissey
|
|-weather|Sandstorm|[upkeep]
|-damage|p1a: Starmie|94/100|[from] Sandstorm
|-damage|p2a: Blissey|82/100|[from] Sandstorm
|-heal|p1a: Starmie|100/100|[from] item: Leftovers
|-heal|p2a: Blissey|88/100|[from] item: Leftovers
|-damage|p2a: Blissey|76/100|[from] Leech Seed|[of] p1a: Starmie
|upkeep
|turn|28
|
|t:|1728953813
|switch|p2a: Starmie|Starmie|100/100
|move|p1a: Starmie|Thunderbolt|p2a: Starmie
|-supereffective|p2a: Starmie
|-damage|p2a: Starmie|31/100
|
|-heal|p2a: Starmie|81/100|[from] move: Wish|[wisher] Blissey
|-weather|Sandstorm|[upkeep]
|-damage|p1a: Starmie|94/100|[from] Sandstorm
|-damage|p2a: Starmie|75/100|[from] Sandstorm
|-heal|p1a: Starmie|100/100|[from] item: Leftovers
|-heal|p2a: Starmie|81/100|[from] item: Leftovers
|upkeep
|turn|29
|inactive|Redrame has 210 seconds left.
|
|t:|1728953837
|move|p2a: Starmie|Thunder Wave|p1a: Starmie
|-status|p1a: Starmie|par
|move|p1a: Starmie|Thunderbolt|p2a: Starmie
|-supereffective|p2a: Starmie
|-damage|p2a: Starmie|20/100
|
|-weather|Sandstorm|[upkeep]
|-damage|p2a: Starmie|13/100|[from] Sandstorm
|-damage|p1a: Starmie|94/100 par|[from] Sandstorm
|-heal|p2a: Starmie|20/100|[from] item: Leftovers
|-heal|p1a: Starmie|100/100 par|[from] item: Leftovers
|upkeep
|turn|30
|inactive|Redrame has 210 seconds left.
|
|t:|1728953847
|move|p2a: Starmie|Recover|p2a: Starmie
|-heal|p2a: Starmie|70/100
|move|p1a: Starmie|Thunderbolt|p2a: Starmie
|-supereffective|p2a: Starmie
|-damage|p2a: Starmie|0 fnt
|faint|p2a: Starmie
|
|t:|1728953855
|switch|p2a: Blissey|Blissey, F|76/100
|
|-weather|Sandstorm|[upkeep]
|-damage|p2a: Blissey|69/100|[from] Sandstorm
|-damage|p1a: Starmie|94/100 par|[from] Sandstorm
|-heal|p2a: Blissey|76/100|[from] item: Leftovers
|-heal|p1a: Starmie|100/100 par|[from] item: Leftovers
|upkeep
|turn|31
|
|t:|1728953861
|-curestatus|p1a: Starmie|par|[from] ability: Natural Cure
|switch|p1a: Celebi|Celebi|92/100
|move|p2a: Blissey|Seismic Toss|p1a: Celebi
|-damage|p1a: Celebi|67/100
|
|-weather|Sandstorm|[upkeep]
|-damage|p1a: Celebi|61/100|[from] Sandstorm
|-damage|p2a: Blissey|69/100|[from] Sandstorm
|-heal|p1a: Celebi|67/100|[from] item: Leftovers
|-heal|p2a: Blissey|76/100|[from] item: Leftovers
|upkeep
|turn|32
|
|t:|1728953872
|move|p1a: Celebi|Leech Seed|p2a: Blissey
|-start|p2a: Blissey|move: Leech Seed
|move|p2a: Blissey|Ice Beam|p1a: Celebi
|-supereffective|p1a: Celebi
|-crit|p1a: Celebi
|-damage|p1a: Celebi|23/100
|
|-weather|Sandstorm|[upkeep]
|-damage|p1a: Celebi|17/100|[from] Sandstorm
|-damage|p2a: Blissey|69/100|[from] Sandstorm
|-heal|p1a: Celebi|23/100|[from] item: Leftovers
|-heal|p2a: Blissey|76/100|[from] item: Leftovers
|-damage|p2a: Blissey|63/100|[from] Leech Seed|[of] p1a: Celebi
|-heal|p1a: Celebi|45/100|[silent]
|upkeep
|turn|33
|
|t:|1728953883
|move|p1a: Celebi|Recover|p1a: Celebi
|-heal|p1a: Celebi|95/100
|move|p2a: Blissey|Soft-Boiled|p2a: Blissey
|-heal|p2a: Blissey|100/100
|
|-weather|Sandstorm|[upkeep]
|-damage|p1a: Celebi|89/100|[from] Sandstorm
|-damage|p2a: Blissey|94/100|[from] Sandstorm
|-heal|p1a: Celebi|95/100|[from] item: Leftovers
|-heal|p2a: Blissey|100/100|[from] item: Leftovers
|-damage|p2a: Blissey|88/100|[from] Leech Seed|[of] p1a: Celebi
|-heal|p1a: Celebi|100/100|[silent]
|upkeep
|turn|34
|
|t:|1728953896
|move|p1a: Celebi|Baton Pass|p1a: Celebi
|
|t:|1728953902
|switch|p1a: Suicune|Suicune|100/100|[from] Baton Pass
|move|p2a: Blissey|Ice Beam|p1a: Suicune
|-resisted|p1a: Suicune
|-damage|p1a: Suicune|95/100
|
|-weather|Sandstorm|[upkeep]
|-damage|p1a: Suicune|88/100|[from] Sandstorm
|-damage|p2a: Blissey|82/100|[from] Sandstorm
|-heal|p1a: Suicune|95/100|[from] item: Leftovers
|-heal|p2a: Blissey|88/100|[from] item: Leftovers
|-damage|p2a: Blissey|76/100|[from] Leech Seed|[of] p1a: Suicune
|-heal|p1a: Suicune|100/100|[silent]
|upkeep
|turn|35
|
|t:|1728953915
|move|p1a: Suicune|Calm Mind|p1a: Suicune
|-boost|p1a: Suicune|spa|1
|-boost|p1a: Suicune|spd|1
|move|p2a: Blissey|Seismic Toss|p1a: Suicune
|-damage|p1a: Suicune|76/100
|
|-weather|Sandstorm|[upkeep]
|-damage|p1a: Suicune|69/100|[from] Sandstorm
|-damage|p2a: Blissey|69/100|[from] Sandstorm
|-heal|p1a: Suicune|76/100|[from] item: Leftovers
|-heal|p2a: Blissey|76/100|[from] item: Leftovers
|-damage|p2a: Blissey|63/100|[from] Leech Seed|[of] p1a: Suicune
|-heal|p1a: Suicune|98/100|[silent]
|upkeep
|turn|36
|
|t:|1728953926
|switch|p2a: Tyranitar|Tyranitar, M|100/100
|move|p1a: Suicune|Hydro Pump|p2a: Tyranitar
|-supereffective|p2a: Tyranitar
|-damage|p2a: Tyranitar|0 fnt
|faint|p2a: Tyranitar
|
|t:|1728953929
|switch|p2a: Blissey|Blissey, F|63/100
|
|-weather|Sandstorm|[upkeep]
|-damage|p1a: Suicune|92/100|[from] Sandstorm
|-damage|p2a: Blissey|57/100|[from] Sandstorm
|-heal|p1a: Suicune|98/100|[from] item: Leftovers
|-heal|p2a: Blissey|63/100|[from] item: Leftovers
|upkeep
|turn|37
|
|t:|1728953938
|switch|p1a: Celebi|Celebi|100/100
|move|p2a: Blissey|Soft-Boiled|p2a: Blissey
|-heal|p2a: Blissey|100/100
|
|-weather|Sandstorm|[upkeep]
|-damage|p1a: Celebi|94/100|[from] Sandstorm
|-damage|p2a: Blissey|94/100|[from] Sandstorm
|-heal|p1a: Celebi|100/100|[from] item: Leftovers
|-heal|p2a: Blissey|100/100|[from] item: Leftovers
|upkeep
|turn|38
|
|t:|1728953947
|move|p1a: Celebi|Leech Seed|p2a: Blissey
|-start|p2a: Blissey|move: Leech Seed
|move|p2a: Blissey|Ice Beam|p1a: Celebi
|-supereffective|p1a: Celebi
|-damage|p1a: Celebi|78/100
|
|-weather|Sandstorm|[upkeep]
|-damage|p1a: Celebi|72/100|[from] Sandstorm
|-damage|p2a: Blissey|94/100|[from] Sandstorm
|-heal|p1a: Celebi|78/100|[from] item: Leftovers
|-heal|p2a: Blissey|100/100|[from] item: Leftovers
|-damage|p2a: Blissey|88/100|[from] Leech Seed|[of] p1a: Celebi
|-heal|p1a: Celebi|99/100|[silent]
|upkeep
|turn|39
|c|☆tamafuyu|gg
|inactive|Redrame has 240 seconds left.
|-message|tamafuyu forfeited.
|
|win|Redrame
|c|☆Redrame|gg

</script>
<script type="application/json" class="data" id="replaydata-smogtours-gen3ou-798850">
{"id":"smogtours-gen3ou-798850","format":"[Gen 3] OU","players":["Redrame","tamafuyu"],"uploadtime":1728953952,"views":97,"formatid":"gen3ou","rating":null,"private":0,"password":null}
</script>

<script defer src="js/replays.js?9d40a366"></script>
