<!DOCTYPE html>
<meta charset="utf-8" />
<meta name="viewport" content="width=device-width" />

<title>[Gen 3] OU: jozin457 vs. butter dk - Replays - Pok&eacute;mon Showdown!</title>

<meta name="description" content="Watch a replay of a Pok&eacute;mon battle between jozin457 and butter dk! Format: [Gen 3] OU; Date: Oct 9, 2024" />
<!--

Hey, you! Looking in the source for the replay log?

You can find them in JSON format, just add `.json` at the end of a replay URL.

https://replay.pokemonshowdown.com/gen7randomdoublesbattle-865046831.json

Or, if you only need the log itself, add `.log` instead:

https://replay.pokemonshowdown.com/gen7randomdoublesbattle-865046831.log

-->

<link rel="stylesheet" href="//pokemonshowdown.com/style/global.css?0.023195364461161105" />
<link rel="stylesheet" href="//play.pokemonshowdown.com/style/font-awesome.css?0.13261647063804238" />
<link rel="stylesheet" href="//play.pokemonshowdown.com/style/battle.css?0.8753245789963631" />
<link rel="stylesheet" href="//play.pokemonshowdown.com/style/utilichart.css?0.8627959624976733" />

<!-- Global site tag (gtag.js) - Google Analytics -->
<script async src="https://www.googletagmanager.com/gtag/js?id=UA-26211653-1"></script>
<script>
  window.dataLayer = window.dataLayer || [];
  function gtag(){dataLayer.push(arguments);}
  gtag('js', new Date());

  gtag('config', 'UA-26211653-1');
</script>
<!-- End Google Analytics -->
<!-- Venatus Ad Manager - Install in <HEAD> of page -->
	<script src="https://hb.vntsm.com/v3/live/ad-manager.min.js" type="text/javascript" data-site-id="642aba63ec9a7b11c3c9c1be" data-mode="scan" async></script>
<!-- / Venatus Ad Manager -->

<style>
	@media (max-width:820px) {
		.battle {
			margin: 0 auto;
		}
		.battle-log {
			margin: 7px auto 0;
			max-width: 640px;
			height: 300px;
			position: static;
		}
	}
	.optgroup {
		display: inline-block;
		line-height: 22px;
		font-size: 10pt;
	}
	.optgroup .button {
		height: 25px;
		padding-top: 0;
		padding-bottom: 0;
	}
	.optgroup button.button {
		padding-left: 12px;
		padding-right: 12px;
	}
	.linklist {
		list-style: none;
		margin: 0.5em 0;
		padding: 0;
	}
	.linklist li {
		padding: 2px 0;
	}
	.sidebar {
		float: left;
		width: 320px;
	}
	.bar-wrapper {
		max-width: 1100px;
		margin: 0 auto;
	}
	.bar-wrapper.has-sidebar {
		max-width: 1430px;
	}
	.mainbar {
		margin: 0;
		padding-right: 1px;
	}
	.mainbar.has-sidebar {
		margin-left: 330px;
	}
	@media (min-width: 1511px) {
		.sidebar {
			width: 400px;
		}
		.bar-wrapper.has-sidebar {
			max-width: 1510px;
		}
		.mainbar.has-sidebar {
			margin-left: 410px;
		}
	}
	.section.first-section {
		margin-top: 9px;
	}
	.blocklink small {
		white-space: normal;
	}
	.button {
		vertical-align: middle;
	}
	.replay-controls {
		padding-top: 10px;
	}
	.replay-controls h1 {
		font-size: 16pt;
		font-weight: normal;
		color: #CCC;
	}
	.pagelink {
		text-align: center;
	}
	.pagelink a {
		width: 150px;
	}
	.textbox, .button {
		font-size: 11pt;
		vertical-align: middle;
	}
	@media (max-width: 450px) {
		.button {
			font-size: 9pt;
		}
	}
</style>

<div>

	<header>
		<div class="nav-wrapper"><ul class="nav">
			<li><a class="button nav-first" href="//pokemonshowdown.com/"><img src="//pokemonshowdown.com/images/pokemonshowdownbeta.png" srcset="//pokemonshowdown.com/images/pokemonshowdownbeta.png 1x, //pokemonshowdown.com/images/pokemonshowdownbeta@2x.png 2x" alt="Pok&eacute;mon Showdown" width="146" height="44" /> Home</a></li>
			<li><a class="button" href="//pokemonshowdown.com/dex/">Pok&eacute;dex</a></li>
			<li><a class="button cur" href="/">Replays</a></li>
			<li><a class="button" href="//pokemonshowdown.com/ladder/">Ladder</a></li>
			<li><a class="button nav-last" href="//pokemonshowdown.com/forums/">Forum</a></li>
			<li><a class="button greenbutton nav-first nav-last" href="//play.pokemonshowdown.com/">Play</a></li>
		</ul></div>
	</header>

	<div class="main" id="main">

		<noscript><section class="section">You need to enable JavaScript to use this page; sorry!</section></noscript>

	</div>

</div>

<script defer nomodule src="//play.pokemonshowdown.com/js/lib/ps-polyfill.js"></script>
<script defer src="//play.pokemonshowdown.com/js/lib/preact.min.js"></script>

<script defer src="//play.pokemonshowdown.com/config/config.js?2bddbc15"></script>
<script defer src="//play.pokemonshowdown.com/js/lib/jquery-1.11.0.min.js"></script>
<script defer src="//play.pokemonshowdown.com/js/lib/html-sanitizer-minified.js"></script>
<script defer src="//play.pokemonshowdown.com/js/battle-sound.js"></script>
<script defer src="//play.pokemonshowdown.com/js/battledata.js?0.7209276989879541"></script>
<script defer src="//play.pokemonshowdown.com/data/pokedex-mini.js?0.6111056340867951"></script>
<script defer src="//play.pokemonshowdown.com/data/pokedex-mini-bw.js?0.3532142036491459"></script>
<script defer src="//play.pokemonshowdown.com/data/graphics.js?0.24223875632456182"></script>
<script defer src="//play.pokemonshowdown.com/data/pokedex.js?0.38839984266356864"></script>
<script defer src="//play.pokemonshowdown.com/data/moves.js?0.21866028504024015"></script>
<script defer src="//play.pokemonshowdown.com/data/abilities.js?0.2005157953846628"></script>
<script defer src="//play.pokemonshowdown.com/data/items.js?0.9894211263848525"></script>
<script defer src="//play.pokemonshowdown.com/data/teambuilder-tables.js?0.6008791140282215"></script>
<script defer src="//play.pokemonshowdown.com/js/battle-tooltips.js?0.7580118955022959"></script>
<script defer src="//play.pokemonshowdown.com/js/battle.js?0.6057722274234274"></script>

<script defer src="js/utils.js?e31f9a17"></script>
<script defer src="js/replays-battle.js?7008c182"></script>

<!-- don't scrape this data! just add .json or .log after the URL!
Full API docs: https://github.com/smogon/pokemon-showdown-client/blob/master/WEB-API.md -->
<script type="text/plain" class="log" id="replaylog-smogtours-gen3ou-796643">
|inactive|Battle timer is ON: inactive players will automatically lose when time's up.
|t:|1728490208
|gametype|singles
|player|p1|jozin457|infielder|
|player|p2|butter dk|proton|
|teamsize|p1|6
|teamsize|p2|6
|gen|3
|tier|[Gen 3] OU
|rule|Sleep Clause Mod: Limit one foe put to sleep
|rule|Switch Priority Clause Mod: Faster Pokémon switch first
|rule|Species Clause: Limit one of each Pokémon
|rule|OHKO Clause: OHKO moves are banned
|rule|Evasion Items Clause: Evasion items are banned
|rule|Evasion Moves Clause: Evasion moves are banned
|rule|Endless Battle Clause: Forcing endless battles is banned
|rule|HP Percentage Mod: HP is shown in percentages
|rule|One Boost Passer Clause: Limit one Baton Passer that has a way to boost its stats
|rule|Freeze Clause Mod: Limit one foe frozen
|
|t:|1728490208
|start
|switch|p1a: Starmie|Starmie|100/100
|switch|p2a: Tyranitar|Tyranitar, F|100/100
|-weather|Sandstorm|[from] ability: Sand Stream|[of] p2a: Tyranitar
|turn|1
|c|☆jozin457|hf
|c|☆butter dk|glhf
|inactive|jozin457 has 270 seconds left.
|
|t:|1728490246
|switch|p2a: Blissey|Blissey, F|100/100
|move|p1a: Starmie|Hydro Pump|p2a: Blissey
|-damage|p2a: Blissey|81/100
|
|-weather|Sandstorm|[upkeep]
|-damage|p1a: Starmie|94/100|[from] Sandstorm
|-damage|p2a: Blissey|75/100|[from] Sandstorm
|-heal|p1a: Starmie|100/100|[from] item: Leftovers
|-heal|p2a: Blissey|81/100|[from] item: Leftovers
|upkeep
|turn|2
|
|t:|1728490261
|switch|p1a: Metagross|Metagross|100/100
|move|p2a: Blissey|Thunder Wave|p1a: Metagross
|-status|p1a: Metagross|par
|
|-weather|Sandstorm|[upkeep]
|-damage|p2a: Blissey|75/100|[from] Sandstorm
|-heal|p2a: Blissey|81/100|[from] item: Leftovers
|upkeep
|turn|3
|
|t:|1728490265
|switch|p2a: Skarmory|Skarmory, F|100/100
|move|p1a: Metagross|Meteor Mash|p2a: Skarmory
|-resisted|p2a: Skarmory
|-damage|p2a: Skarmory|78/100
|-boost|p1a: Metagross|atk|1
|
|-weather|Sandstorm|[upkeep]
|-heal|p2a: Skarmory|84/100|[from] item: Leftovers
|upkeep
|turn|4
|
|t:|1728490270
|switch|p1a: Magneton|Magneton|100/100
|move|p2a: Skarmory|Protect||[still]
|-fail|p2a: Skarmory
|
|-weather|Sandstorm|[upkeep]
|-heal|p2a: Skarmory|90/100|[from] item: Leftovers
|upkeep
|turn|5
|
|t:|1728490274
|move|p1a: Magneton|Thunderbolt|p2a: Skarmory
|-supereffective|p2a: Skarmory
|-damage|p2a: Skarmory|0 fnt
|faint|p2a: Skarmory
|
|t:|1728490287
|switch|p2a: Metagross|Metagross|100/100
|
|-weather|Sandstorm|[upkeep]
|upkeep
|turn|6
|
|t:|1728490296
|move|p2a: Metagross|Earthquake|p1a: Magneton
|-supereffective|p1a: Magneton
|-damage|p1a: Magneton|0 fnt
|faint|p1a: Magneton
|
|t:|1728490303
|switch|p1a: Starmie|Starmie|100/100
|
|-weather|Sandstorm|[upkeep]
|-damage|p1a: Starmie|94/100|[from] Sandstorm
|-heal|p1a: Starmie|100/100|[from] item: Leftovers
|upkeep
|turn|7
|
|t:|1728490313
|move|p2a: Metagross|Protect|p2a: Metagross
|-singleturn|p2a: Metagross|Protect
|move|p1a: Starmie|Hydro Pump|p2a: Metagross
|-activate|p2a: Metagross|Protect
|
|-weather|Sandstorm|[upkeep]
|-damage|p1a: Starmie|94/100|[from] Sandstorm
|-heal|p1a: Starmie|100/100|[from] item: Leftovers
|upkeep
|turn|8
|
|t:|1728490324
|switch|p2a: Blissey|Blissey, F|81/100
|move|p1a: Starmie|Thunderbolt|p2a: Blissey
|-damage|p2a: Blissey|69/100
|-status|p2a: Blissey|par
|
|-weather|Sandstorm|[upkeep]
|-damage|p1a: Starmie|94/100|[from] Sandstorm
|-damage|p2a: Blissey|63/100 par|[from] Sandstorm
|-heal|p1a: Starmie|100/100|[from] item: Leftovers
|-heal|p2a: Blissey|69/100 par|[from] item: Leftovers
|upkeep
|turn|9
|
|t:|1728490329
|switch|p1a: Tyranitar|Tyranitar, F|100/100
|move|p2a: Blissey|Thunder Wave|p1a: Tyranitar
|-status|p1a: Tyranitar|par
|-enditem|p1a: Tyranitar|Lum Berry|[eat]
|-curestatus|p1a: Tyranitar|par|[msg]
|
|-weather|Sandstorm|[upkeep]
|-damage|p2a: Blissey|63/100 par|[from] Sandstorm
|-heal|p2a: Blissey|69/100 par|[from] item: Leftovers
|upkeep
|turn|10
|
|t:|1728490342
|-curestatus|p2a: Blissey|par|[from] ability: Natural Cure
|switch|p2a: Metagross|Metagross|100/100
|move|p1a: Tyranitar|Fire Blast|p2a: Metagross|[miss]
|-miss|p1a: Tyranitar|p2a: Metagross
|
|-weather|Sandstorm|[upkeep]
|upkeep
|turn|11
|
|t:|1728490349
|switch|p1a: Starmie|Starmie|100/100
|move|p2a: Metagross|Meteor Mash|p1a: Starmie
|-resisted|p1a: Starmie
|-damage|p1a: Starmie|62/100
|
|-weather|Sandstorm|[upkeep]
|-damage|p1a: Starmie|55/100|[from] Sandstorm
|-heal|p1a: Starmie|62/100|[from] item: Leftovers
|upkeep
|turn|12
|
|t:|1728490362
|move|p1a: Starmie|Thunderbolt|p2a: Metagross
|-damage|p2a: Metagross|71/100
|move|p2a: Metagross|Earthquake|p1a: Starmie
|-damage|p1a: Starmie|11/100
|
|-weather|Sandstorm|[upkeep]
|-damage|p1a: Starmie|5/100|[from] Sandstorm
|-heal|p1a: Starmie|11/100|[from] item: Leftovers
|-heal|p2a: Metagross|77/100|[from] item: Leftovers
|upkeep
|turn|13
|
|t:|1728490376
|move|p1a: Starmie|Hydro Pump|p2a: Metagross|[miss]
|-miss|p1a: Starmie|p2a: Metagross
|move|p2a: Metagross|Earthquake|p1a: Starmie
|-damage|p1a: Starmie|0 fnt
|faint|p1a: Starmie
|
|t:|1728490397
|switch|p1a: Metagross|Metagross|100/100 par
|
|-weather|Sandstorm|[upkeep]
|-heal|p2a: Metagross|83/100|[from] item: Leftovers
|upkeep
|turn|14
|
|t:|1728490402
|move|p2a: Metagross|Protect|p2a: Metagross
|-singleturn|p2a: Metagross|Protect
|move|p1a: Metagross|Earthquake|p2a: Metagross
|-activate|p2a: Metagross|Protect
|
|-weather|Sandstorm|[upkeep]
|-heal|p2a: Metagross|89/100|[from] item: Leftovers
|upkeep
|turn|15
|
|t:|1728490414
|switch|p2a: Charizard|Charizard, M|100/100
|move|p1a: Metagross|Earthquake|p2a: Charizard
|-immune|p2a: Charizard
|
|-weather|Sandstorm|[upkeep]
|-damage|p2a: Charizard|94/100|[from] Sandstorm
|-heal|p2a: Charizard|100/100|[from] item: Leftovers
|upkeep
|turn|16
|
|t:|1728490428
|switch|p1a: Regice|Regice|100/100
|move|p2a: Charizard|Substitute|p2a: Charizard
|-start|p2a: Charizard|Substitute
|-damage|p2a: Charizard|76/100
|
|-weather|Sandstorm|[upkeep]
|-damage|p2a: Charizard|70/100|[from] Sandstorm
|-damage|p1a: Regice|94/100|[from] Sandstorm
|-heal|p2a: Charizard|76/100|[from] item: Leftovers
|-heal|p1a: Regice|100/100|[from] item: Leftovers
|upkeep
|turn|17
|
|t:|1728490437
|move|p2a: Charizard|Flamethrower|p1a: Regice
|-supereffective|p1a: Regice
|-damage|p1a: Regice|49/100
|-status|p1a: Regice|brn
|move|p1a: Regice|Thunderbolt|p2a: Charizard
|-supereffective|p2a: Charizard
|-crit|p2a: Charizard
|-end|p2a: Charizard|Substitute
|
|-weather|Sandstorm|[upkeep]
|-damage|p2a: Charizard|70/100|[from] Sandstorm
|-damage|p1a: Regice|43/100 brn|[from] Sandstorm
|-heal|p2a: Charizard|76/100|[from] item: Leftovers
|-heal|p1a: Regice|49/100 brn|[from] item: Leftovers
|-damage|p1a: Regice|36/100 brn|[from] brn
|upkeep
|turn|18
|
|t:|1728490448
|move|p2a: Charizard|Substitute|p2a: Charizard
|-start|p2a: Charizard|Substitute
|-damage|p2a: Charizard|51/100
|move|p1a: Regice|Explosion|p2a: Charizard
|-end|p2a: Charizard|Substitute
|faint|p1a: Regice
|
|t:|1728490453
|switch|p1a: Salamence|Salamence, F|100/100
|-ability|p1a: Salamence|Intimidate|boost
|-unboost|p2a: Charizard|atk|1
|
|-weather|Sandstorm|[upkeep]
|-damage|p2a: Charizard|45/100|[from] Sandstorm
|-damage|p1a: Salamence|94/100|[from] Sandstorm
|-heal|p2a: Charizard|51/100|[from] item: Leftovers
|-heal|p1a: Salamence|100/100|[from] item: Leftovers
|upkeep
|turn|19
|inactive|butter dk has 270 seconds left.
|
|t:|1728490489
|switch|p2a: Blissey|Blissey, F|69/100
|move|p1a: Salamence|Dragon Dance|p1a: Salamence
|-boost|p1a: Salamence|atk|1
|-boost|p1a: Salamence|spe|1
|
|-weather|Sandstorm|[upkeep]
|-damage|p1a: Salamence|94/100|[from] Sandstorm
|-damage|p2a: Blissey|63/100|[from] Sandstorm
|-heal|p1a: Salamence|100/100|[from] item: Leftovers
|-heal|p2a: Blissey|69/100|[from] item: Leftovers
|upkeep
|turn|20
|inactive|jozin457 has 270 seconds left.
|
|t:|1728490537
|move|p1a: Salamence|Rock Slide|p2a: Blissey
|-damage|p2a: Blissey|24/100
|move|p2a: Blissey|Ice Beam|p1a: Salamence
|-supereffective|p1a: Salamence
|-damage|p1a: Salamence|0 fnt
|faint|p1a: Salamence
|
|t:|1728490541
|switch|p1a: Tyranitar|Tyranitar, F|100/100
|
|-weather|Sandstorm|[upkeep]
|-damage|p2a: Blissey|18/100|[from] Sandstorm
|-heal|p2a: Blissey|24/100|[from] item: Leftovers
|upkeep
|turn|21
|
|t:|1728490544
|move|p1a: Tyranitar|Rock Slide|p2a: Blissey
|-damage|p2a: Blissey|0 fnt
|faint|p2a: Blissey
|
|t:|1728490554
|switch|p2a: Metagross|Metagross|89/100
|
|-weather|Sandstorm|[upkeep]
|-heal|p2a: Metagross|95/100|[from] item: Leftovers
|upkeep
|turn|22
|
|t:|1728490557
|move|p2a: Metagross|Meteor Mash|p1a: Tyranitar
|-supereffective|p1a: Tyranitar
|-damage|p1a: Tyranitar|5/100
|move|p1a: Tyranitar|Fire Blast|p2a: Metagross
|-supereffective|p2a: Metagross
|-damage|p2a: Metagross|21/100
|-status|p2a: Metagross|brn
|
|-weather|Sandstorm|[upkeep]
|-heal|p2a: Metagross|27/100 brn|[from] item: Leftovers
|-damage|p2a: Metagross|15/100 brn|[from] brn
|upkeep
|turn|23
|
|t:|1728490562
|move|p2a: Metagross|Earthquake|p1a: Tyranitar
|-supereffective|p1a: Tyranitar
|-damage|p1a: Tyranitar|0 fnt
|faint|p1a: Tyranitar
|
|t:|1728490564
|switch|p1a: Metagross|Metagross|100/100 par
|
|-weather|Sandstorm|[upkeep]
|-heal|p2a: Metagross|21/100 brn|[from] item: Leftovers
|-damage|p2a: Metagross|9/100 brn|[from] brn
|upkeep
|turn|24
|
|t:|1728490570
|cant|p1a: Metagross|par
|move|p2a: Metagross|Explosion|p1a: Metagross
|-resisted|p1a: Metagross
|-damage|p1a: Metagross|72/100 par
|faint|p2a: Metagross
|
|t:|1728490575
|switch|p2a: Charizard|Charizard, M|51/100
|
|-weather|Sandstorm|[upkeep]
|-damage|p2a: Charizard|45/100|[from] Sandstorm
|-heal|p2a: Charizard|51/100|[from] item: Leftovers
|-heal|p1a: Metagross|79/100 par|[from] item: Leftovers
|upkeep
|turn|25
|
|t:|1728490578
|move|p2a: Charizard|Flamethrower|p1a: Metagross
|-supereffective|p1a: Metagross
|-damage|p1a: Metagross|0 fnt
|faint|p1a: Metagross
|
|win|butter dk
|c|☆butter dk|gg
|c|☆jozin457|ggs

</script>
<script type="application/json" class="data" id="replaydata-smogtours-gen3ou-796643">
{"id":"smogtours-gen3ou-796643","format":"[Gen 3] OU","players":["jozin457","butter dk"],"uploadtime":1728490578,"views":108,"formatid":"gen3ou","rating":null,"private":1,"password":null}
</script>

<script defer src="js/replays.js?9d40a366"></script>
