<!DOCTYPE html>
<meta charset="utf-8" />
<meta name="viewport" content="width=device-width" />

<title>[Gen 3] OU: dicerat8 vs. Quarante8 - Replays - Pok&eacute;mon Showdown!</title>

<meta name="description" content="Watch a replay of a Pok&eacute;mon battle between dicerat8 and Quarante8! Format: [Gen 3] OU; Date: Oct 25, 2024" />
<!--

Hey, you! Looking in the source for the replay log?

You can find them in JSON format, just add `.json` at the end of a replay URL.

https://replay.pokemonshowdown.com/gen7randomdoublesbattle-865046831.json

Or, if you only need the log itself, add `.log` instead:

https://replay.pokemonshowdown.com/gen7randomdoublesbattle-865046831.log

-->

<link rel="stylesheet" href="//pokemonshowdown.com/style/global.css?0.767286132409787" />
<link rel="stylesheet" href="//play.pokemonshowdown.com/style/font-awesome.css?0.9266228007934947" />
<link rel="stylesheet" href="//play.pokemonshowdown.com/style/battle.css?0.7924700842790926" />
<link rel="stylesheet" href="//play.pokemonshowdown.com/style/utilichart.css?0.8777417872839479" />

<!-- Global site tag (gtag.js) - Google Analytics -->
<script async src="https://www.googletagmanager.com/gtag/js?id=UA-26211653-1"></script>
<script>
  window.dataLayer = window.dataLayer || [];
  function gtag(){dataLayer.push(arguments);}
  gtag('js', new Date());

  gtag('config', 'UA-26211653-1');
</script>
<!-- End Google Analytics -->
<!-- Venatus Ad Manager - Install in <HEAD> of page -->
	<script src="https://hb.vntsm.com/v3/live/ad-manager.min.js" type="text/javascript" data-site-id="642aba63ec9a7b11c3c9c1be" data-mode="scan" async></script>
<!-- / Venatus Ad Manager -->

<style>
	@media (max-width:820px) {
		.battle {
			margin: 0 auto;
		}
		.battle-log {
			margin: 7px auto 0;
			max-width: 640px;
			height: 300px;
			position: static;
		}
	}
	.optgroup {
		display: inline-block;
		line-height: 22px;
		font-size: 10pt;
	}
	.optgroup .button {
		height: 25px;
		padding-top: 0;
		padding-bottom: 0;
	}
	.optgroup button.button {
		padding-left: 12px;
		padding-right: 12px;
	}
	.linklist {
		list-style: none;
		margin: 0.5em 0;
		padding: 0;
	}
	.linklist li {
		padding: 2px 0;
	}
	.sidebar {
		float: left;
		width: 320px;
	}
	.bar-wrapper {
		max-width: 1100px;
		margin: 0 auto;
	}
	.bar-wrapper.has-sidebar {
		max-width: 1430px;
	}
	.mainbar {
		margin: 0;
		padding-right: 1px;
	}
	.mainbar.has-sidebar {
		margin-left: 330px;
	}
	@media (min-width: 1511px) {
		.sidebar {
			width: 400px;
		}
		.bar-wrapper.has-sidebar {
			max-width: 1510px;
		}
		.mainbar.has-sidebar {
			margin-left: 410px;
		}
	}
	.section.first-section {
		margin-top: 9px;
	}
	.blocklink small {
		white-space: normal;
	}
	.button {
		vertical-align: middle;
	}
	.replay-controls {
		padding-top: 10px;
	}
	.replay-controls h1 {
		font-size: 16pt;
		font-weight: normal;
		color: #CCC;
	}
	.pagelink {
		text-align: center;
	}
	.pagelink a {
		width: 150px;
	}
	.textbox, .button {
		font-size: 11pt;
		vertical-align: middle;
	}
	@media (max-width: 450px) {
		.button {
			font-size: 9pt;
		}
	}
</style>

<div>

	<header>
		<div class="nav-wrapper"><ul class="nav">
			<li><a class="button nav-first" href="//pokemonshowdown.com/"><img src="//pokemonshowdown.com/images/pokemonshowdownbeta.png" srcset="//pokemonshowdown.com/images/pokemonshowdownbeta.png 1x, //pokemonshowdown.com/images/pokemonshowdownbeta@2x.png 2x" alt="Pok&eacute;mon Showdown" width="146" height="44" /> Home</a></li>
			<li><a class="button" href="//pokemonshowdown.com/dex/">Pok&eacute;dex</a></li>
			<li><a class="button cur" href="/">Replays</a></li>
			<li><a class="button" href="//pokemonshowdown.com/ladder/">Ladder</a></li>
			<li><a class="button nav-last" href="//pokemonshowdown.com/forums/">Forum</a></li>
			<li><a class="button greenbutton nav-first nav-last" href="//play.pokemonshowdown.com/">Play</a></li>
		</ul></div>
	</header>

	<div class="main" id="main">

		<noscript><section class="section">You need to enable JavaScript to use this page; sorry!</section></noscript>

	</div>

</div>

<script defer nomodule src="//play.pokemonshowdown.com/js/lib/ps-polyfill.js"></script>
<script defer src="//play.pokemonshowdown.com/js/lib/preact.min.js"></script>

<script defer src="//play.pokemonshowdown.com/config/config.js?6dec07f6"></script>
<script defer src="//play.pokemonshowdown.com/js/lib/jquery-1.11.0.min.js"></script>
<script defer src="//play.pokemonshowdown.com/js/lib/html-sanitizer-minified.js"></script>
<script defer src="//play.pokemonshowdown.com/js/battle-sound.js"></script>
<script defer src="//play.pokemonshowdown.com/js/battledata.js?0.6315294753075389"></script>
<script defer src="//play.pokemonshowdown.com/data/pokedex-mini.js?0.7603743185311358"></script>
<script defer src="//play.pokemonshowdown.com/data/pokedex-mini-bw.js?0.030888842834281283"></script>
<script defer src="//play.pokemonshowdown.com/data/graphics.js?0.05593094747507488"></script>
<script defer src="//play.pokemonshowdown.com/data/pokedex.js?0.47064822249611904"></script>
<script defer src="//play.pokemonshowdown.com/data/moves.js?0.8583693120512459"></script>
<script defer src="//play.pokemonshowdown.com/data/abilities.js?0.16017181182386842"></script>
<script defer src="//play.pokemonshowdown.com/data/items.js?0.4163379185673943"></script>
<script defer src="//play.pokemonshowdown.com/data/teambuilder-tables.js?0.31075597372830477"></script>
<script defer src="//play.pokemonshowdown.com/js/battle-tooltips.js?0.6536193500708172"></script>
<script defer src="//play.pokemonshowdown.com/js/battle.js?0.1916591943277901"></script>

<script defer src="js/utils.js?e31f9a17"></script>
<script defer src="js/replays-battle.js?7008c182"></script>

<!-- don't scrape this data! just add .json or .log after the URL!
Full API docs: https://github.com/smogon/pokemon-showdown-client/blob/master/WEB-API.md -->
<script type="text/plain" class="log" id="replaylog-smogtours-gen3ou-801784">
|inactive|Battle timer is ON: inactive players will automatically lose when time's up.
|t:|1729852950
|gametype|singles
|player|p1|dicerat8|eusine|
|player|p2|Quarante8|pilot|
|teamsize|p1|6
|teamsize|p2|6
|gen|3
|tier|[Gen 3] OU
|rule|Sleep Clause Mod: Limit one foe put to sleep
|rule|Switch Priority Clause Mod: Faster Pokémon switch first
|rule|Species Clause: Limit one of each Pokémon
|rule|OHKO Clause: OHKO moves are banned
|rule|Evasion Items Clause: Evasion items are banned
|rule|Evasion Moves Clause: Evasion moves are banned
|rule|Endless Battle Clause: Forcing endless battles is banned
|rule|HP Percentage Mod: HP is shown in percentages
|rule|One Boost Passer Clause: Limit one Baton Passer that has a way to boost its stats
|rule|Freeze Clause Mod: Limit one foe frozen
|
|t:|1729852950
|start
|switch|p1a: Tyranitar|Tyranitar, F|100/100
|switch|p2a: Tyranitar|Tyranitar, M|100/100
|-weather|Sandstorm|[from] ability: Sand Stream|[of] p1a: Tyranitar
|turn|1
|c|☆dicerat8|gl
|c|☆Quarante8|hf!
|inactive|dicerat8 has 270 seconds left.
|inactive|Quarante8 has 270 seconds left.
|inactive|dicerat8 has 240 seconds left.
|inactive|Quarante8 has 240 seconds left.
|
|t:|1729853040
|switch|p1a: Celebi|Celebi|100/100
|switch|p2a: Swampert|Swampert, F|100/100
|
|-weather|Sandstorm|[upkeep]
|-damage|p1a: Celebi|94/100|[from] Sandstorm
|-heal|p1a: Celebi|100/100|[from] item: Leftovers
|upkeep
|turn|2
|inactive|dicerat8 has 270 seconds left.
|
|t:|1729853062
|switch|p2a: Blissey|Blissey, F|100/100
|move|p1a: Celebi|Leech Seed|p2a: Blissey
|-start|p2a: Blissey|move: Leech Seed
|
|-weather|Sandstorm|[upkeep]
|-damage|p1a: Celebi|94/100|[from] Sandstorm
|-damage|p2a: Blissey|94/100|[from] Sandstorm
|-heal|p1a: Celebi|100/100|[from] item: Leftovers
|-heal|p2a: Blissey|100/100|[from] item: Leftovers
|-damage|p2a: Blissey|88/100|[from] Leech Seed|[of] p1a: Celebi
|upkeep
|turn|3
|inactive|dicerat8 has 270 seconds left.
|
|t:|1729853071
|move|p1a: Celebi|Psychic|p2a: Blissey
|-damage|p2a: Blissey|73/100
|move|p2a: Blissey|Thunder Wave|p1a: Celebi
|-status|p1a: Celebi|par
|
|-weather|Sandstorm|[upkeep]
|-damage|p2a: Blissey|67/100|[from] Sandstorm
|-damage|p1a: Celebi|94/100 par|[from] Sandstorm
|-heal|p2a: Blissey|73/100|[from] item: Leftovers
|-damage|p2a: Blissey|61/100|[from] Leech Seed|[of] p1a: Celebi
|-heal|p1a: Celebi|100/100 par|[silent]
|upkeep
|turn|4
|
|t:|1729853079
|-curestatus|p1a: Celebi|par|[from] ability: Natural Cure
|switch|p1a: Skarmory|Skarmory, M|100/100
|move|p2a: Blissey|Soft-Boiled|p2a: Blissey
|-heal|p2a: Blissey|100/100
|
|-weather|Sandstorm|[upkeep]
|-damage|p2a: Blissey|94/100|[from] Sandstorm
|-heal|p2a: Blissey|100/100|[from] item: Leftovers
|-damage|p2a: Blissey|88/100|[from] Leech Seed|[of] p1a: Skarmory
|upkeep
|turn|5
|
|t:|1729853081
|switch|p2a: Forretress|Forretress, M|100/100
|move|p1a: Skarmory|Spikes|p2a: Forretress
|-sidestart|p2: Quarante8|Spikes
|
|-weather|Sandstorm|[upkeep]
|upkeep
|turn|6
|
|t:|1729853087
|move|p1a: Skarmory|Protect|p1a: Skarmory
|-singleturn|p1a: Skarmory|Protect
|move|p2a: Forretress|Spikes|p1a: Skarmory
|-sidestart|p1: dicerat8|Spikes
|
|-weather|Sandstorm|[upkeep]
|upkeep
|turn|7
|
|t:|1729853092
|switch|p1a: 56 Miles|Gengar, F|100/100
|move|p2a: Forretress|Spikes|p1a: 56 Miles
|-sidestart|p1: dicerat8|Spikes
|
|-weather|Sandstorm|[upkeep]
|-damage|p1a: 56 Miles|95/100|[from] Sandstorm
|-heal|p1a: 56 Miles|100/100|[from] item: Leftovers
|upkeep
|turn|8
|
|t:|1729853096
|switch|p2a: Tyranitar|Tyranitar, M|100/100
|-damage|p2a: Tyranitar|88/100|[from] Spikes
|move|p1a: 56 Miles|Substitute|p1a: 56 Miles
|-start|p1a: 56 Miles|Substitute
|-damage|p1a: 56 Miles|76/100
|
|-weather|Sandstorm|[upkeep]
|-damage|p1a: 56 Miles|70/100|[from] Sandstorm
|-heal|p1a: 56 Miles|76/100|[from] item: Leftovers
|-heal|p2a: Tyranitar|94/100|[from] item: Leftovers
|upkeep
|turn|9
|
|t:|1729853098
|-singleturn|p1a: 56 Miles|move: Focus Punch
|move|p2a: Tyranitar|Protect|p2a: Tyranitar
|-singleturn|p2a: Tyranitar|Protect
|move|p1a: 56 Miles|Focus Punch|p2a: Tyranitar
|-activate|p2a: Tyranitar|Protect
|
|-weather|Sandstorm|[upkeep]
|-damage|p1a: 56 Miles|70/100|[from] Sandstorm
|-heal|p1a: 56 Miles|76/100|[from] item: Leftovers
|-heal|p2a: Tyranitar|100/100|[from] item: Leftovers
|upkeep
|turn|10
|inactive|Quarante8 has 270 seconds left.
|inactive|Quarante8 has 240 seconds left.
|inactive|Quarante8 has 210 seconds left.
|inactive|Quarante8 has 180 seconds left.
|
|t:|1729853248
|-singleturn|p1a: 56 Miles|move: Focus Punch
|switch|p2a: Swampert|Swampert, F|100/100
|-damage|p2a: Swampert|88/100|[from] Spikes
|move|p1a: 56 Miles|Focus Punch|p2a: Swampert
|-damage|p2a: Swampert|64/100
|
|-weather|Sandstorm|[upkeep]
|-damage|p1a: 56 Miles|70/100|[from] Sandstorm
|-heal|p1a: 56 Miles|76/100|[from] item: Leftovers
|-heal|p2a: Swampert|70/100|[from] item: Leftovers
|upkeep
|turn|11
|
|t:|1729853255
|move|p2a: Swampert|Protect|p2a: Swampert
|-singleturn|p2a: Swampert|Protect
|move|p1a: 56 Miles|Will-O-Wisp|p2a: Swampert
|-activate|p2a: Swampert|Protect
|
|-weather|Sandstorm|[upkeep]
|-damage|p1a: 56 Miles|70/100|[from] Sandstorm
|-heal|p1a: 56 Miles|76/100|[from] item: Leftovers
|-heal|p2a: Swampert|76/100|[from] item: Leftovers
|upkeep
|turn|12
|
|t:|1729853261
|move|p1a: 56 Miles|Will-O-Wisp|p2a: Swampert
|-status|p2a: Swampert|brn
|move|p2a: Swampert|Roar|p1a: 56 Miles
|drag|p1a: Aerodactyl|Aerodactyl, M|100/100
|
|-weather|Sandstorm|[upkeep]
|-heal|p2a: Swampert|83/100 brn|[from] item: Leftovers
|-damage|p2a: Swampert|70/100 brn|[from] brn
|upkeep
|turn|13
|
|t:|1729853272
|switch|p1a: Skarmory|Skarmory, M|100/100
|switch|p2a: Forretress|Forretress, M|100/100
|-damage|p2a: Forretress|88/100|[from] Spikes
|
|-weather|Sandstorm|[upkeep]
|-heal|p2a: Forretress|94/100|[from] item: Leftovers
|upkeep
|turn|14
|inactive|Quarante8 has 180 seconds left.
|
|t:|1729853280
|switch|p2a: Salamence|Salamence, M|100/100
|-ability|p2a: Salamence|Intimidate|boost
|-unboost|p1a: Skarmory|atk|1
|move|p1a: Skarmory|Spikes|p2a: Salamence
|-sidestart|p2: Quarante8|Spikes
|
|-weather|Sandstorm|[upkeep]
|-damage|p2a: Salamence|94/100|[from] Sandstorm
|-heal|p2a: Salamence|100/100|[from] item: Leftovers
|upkeep
|turn|15
|inactive|Quarante8 has 180 seconds left.
|
|t:|1729853294
|move|p1a: Skarmory|Protect|p1a: Skarmory
|-singleturn|p1a: Skarmory|Protect
|move|p2a: Salamence|Fire Blast|p1a: Skarmory
|-activate|p1a: Skarmory|Protect
|
|-weather|Sandstorm|[upkeep]
|-damage|p2a: Salamence|94/100|[from] Sandstorm
|-heal|p2a: Salamence|100/100|[from] item: Leftovers
|upkeep
|turn|16
|inactive|Quarante8 has 180 seconds left.
|
|t:|1729853312
|switch|p2a: Forretress|Forretress, M|94/100
|-damage|p2a: Forretress|78/100|[from] Spikes
|move|p1a: Skarmory|Toxic|p2a: Forretress
|-immune|p2a: Forretress
|
|-weather|Sandstorm|[upkeep]
|-heal|p2a: Forretress|84/100|[from] item: Leftovers
|upkeep
|turn|17
|
|t:|1729853318
|move|p1a: Skarmory|Spikes|p2a: Forretress
|-sidestart|p2: Quarante8|Spikes
|move|p2a: Forretress|Spikes|p1a: Skarmory
|-sidestart|p1: dicerat8|Spikes
|
|-weather|Sandstorm|[upkeep]
|-heal|p2a: Forretress|90/100|[from] item: Leftovers
|upkeep
|turn|18
|
|t:|1729853327
|switch|p2a: Salamence|Salamence, M|100/100
|-ability|p2a: Salamence|Intimidate|boost
|-unboost|p1a: Skarmory|atk|1
|move|p1a: Skarmory|Protect||[still]
|-fail|p1a: Skarmory
|
|-weather|Sandstorm|[upkeep]
|-damage|p2a: Salamence|94/100|[from] Sandstorm
|-heal|p2a: Salamence|100/100|[from] item: Leftovers
|upkeep
|turn|19
|
|t:|1729853338
|switch|p2a: Gengar|Gengar, M|100/100
|switch|p1a: Aerodactyl|Aerodactyl, M|100/100
|
|-weather|Sandstorm|[upkeep]
|-damage|p2a: Gengar|95/100|[from] Sandstorm
|-heal|p2a: Gengar|100/100|[from] item: Leftovers
|upkeep
|turn|20
|
|t:|1729853342
|move|p1a: Aerodactyl|Rock Slide|p2a: Gengar
|-damage|p2a: Gengar|15/100
|move|p2a: Gengar|Will-O-Wisp|p1a: Aerodactyl
|-status|p1a: Aerodactyl|brn
|
|-weather|Sandstorm|[upkeep]
|-damage|p2a: Gengar|9/100|[from] Sandstorm
|-damage|p1a: Aerodactyl|88/100 brn|[from] brn
|-heal|p2a: Gengar|15/100|[from] item: Leftovers
|upkeep
|turn|21
|
|t:|1729853346
|switch|p2a: Forretress|Forretress, M|90/100
|-damage|p2a: Forretress|65/100|[from] Spikes
|move|p1a: Aerodactyl|Rock Slide|p2a: Forretress|[miss]
|-miss|p1a: Aerodactyl|p2a: Forretress
|
|-weather|Sandstorm|[upkeep]
|-damage|p1a: Aerodactyl|76/100 brn|[from] brn
|-heal|p2a: Forretress|71/100|[from] item: Leftovers
|upkeep
|turn|22
|
|t:|1729853352
|switch|p2a: Tyranitar|Tyranitar, M|100/100
|-damage|p2a: Tyranitar|75/100|[from] Spikes
|move|p1a: Aerodactyl|Rock Slide|p2a: Tyranitar
|-damage|p2a: Tyranitar|55/100
|
|-weather|Sandstorm|[upkeep]
|-damage|p1a: Aerodactyl|64/100 brn|[from] brn
|-heal|p2a: Tyranitar|62/100|[from] item: Leftovers
|upkeep
|turn|23
|
|t:|1729853358
|move|p1a: Aerodactyl|Rock Slide|p2a: Tyranitar
|-damage|p2a: Tyranitar|42/100
|cant|p2a: Tyranitar|flinch
|
|-weather|Sandstorm|[upkeep]
|-damage|p1a: Aerodactyl|51/100 brn|[from] brn
|-heal|p2a: Tyranitar|48/100|[from] item: Leftovers
|upkeep
|turn|24
|
|t:|1729853362
|-activate|p1a: Aerodactyl|move: Pursuit
|move|p2a: Tyranitar|Pursuit|p1a: Aerodactyl|[from]Pursuit
|-damage|p1a: Aerodactyl|5/100 brn
|switch|p1a: Celebi|Celebi|100/100
|-damage|p1a: Celebi|76/100|[from] Spikes
|
|-weather|Sandstorm|[upkeep]
|-damage|p1a: Celebi|70/100|[from] Sandstorm
|-heal|p1a: Celebi|76/100|[from] item: Leftovers
|-heal|p2a: Tyranitar|54/100|[from] item: Leftovers
|upkeep
|turn|25
|
|t:|1729853368
|switch|p2a: Salamence|Salamence, M|100/100
|-ability|p2a: Salamence|Intimidate|boost
|-unboost|p1a: Celebi|atk|1
|move|p1a: Celebi|Giga Drain|p2a: Salamence
|-resisted|p2a: Salamence
|-damage|p2a: Salamence|91/100
|-heal|p1a: Celebi|80/100|[from] drain|[of] p2a: Salamence
|
|-weather|Sandstorm|[upkeep]
|-damage|p2a: Salamence|85/100|[from] Sandstorm
|-damage|p1a: Celebi|73/100|[from] Sandstorm
|-heal|p2a: Salamence|91/100|[from] item: Leftovers
|-heal|p1a: Celebi|80/100|[from] item: Leftovers
|upkeep
|turn|26
|inactive|Quarante8 has 240 seconds left.
|
|t:|1729853376
|move|p2a: Salamence|Fire Blast|p1a: Celebi
|-supereffective|p1a: Celebi
|-damage|p1a: Celebi|14/100
|move|p1a: Celebi|Psychic|p2a: Salamence
|-damage|p2a: Salamence|36/100
|
|-weather|Sandstorm|[upkeep]
|-damage|p2a: Salamence|30/100|[from] Sandstorm
|-damage|p1a: Celebi|8/100|[from] Sandstorm
|-heal|p2a: Salamence|36/100|[from] item: Leftovers
|-heal|p1a: Celebi|14/100|[from] item: Leftovers
|upkeep
|turn|27
|
|t:|1729853395
|move|p2a: Salamence|Dragon Claw|p1a: Celebi
|-damage|p1a: Celebi|0 fnt
|faint|p1a: Celebi
|
|t:|1729853397
|switch|p1a: 56 Miles|Gengar, F|76/100
|
|-weather|Sandstorm|[upkeep]
|-damage|p2a: Salamence|30/100|[from] Sandstorm
|-damage|p1a: 56 Miles|70/100|[from] Sandstorm
|-heal|p2a: Salamence|36/100|[from] item: Leftovers
|-heal|p1a: 56 Miles|76/100|[from] item: Leftovers
|upkeep
|turn|28
|inactive|Quarante8 has 240 seconds left.
|
|t:|1729853426
|switch|p2a: Gengar|Gengar, M|15/100
|move|p1a: 56 Miles|Will-O-Wisp|p2a: Gengar|[miss]
|-miss|p1a: 56 Miles|p2a: Gengar
|
|-weather|Sandstorm|[upkeep]
|-damage|p2a: Gengar|9/100|[from] Sandstorm
|-damage|p1a: 56 Miles|70/100|[from] Sandstorm
|-heal|p2a: Gengar|15/100|[from] item: Leftovers
|-heal|p1a: 56 Miles|76/100|[from] item: Leftovers
|upkeep
|turn|29
|
|t:|1729853435
|switch|p1a: Tyranitar|Tyranitar, F|100/100
|-damage|p1a: Tyranitar|76/100|[from] Spikes
|move|p2a: Gengar|Thunderbolt|p1a: Tyranitar
|-damage|p1a: Tyranitar|51/100
|
|-weather|Sandstorm|[upkeep]
|-damage|p2a: Gengar|9/100|[from] Sandstorm
|-heal|p2a: Gengar|15/100|[from] item: Leftovers
|-heal|p1a: Tyranitar|57/100|[from] item: Leftovers
|upkeep
|turn|30
|inactive|Quarante8 has 240 seconds left.
|
|t:|1729853451
|move|p2a: Gengar|Will-O-Wisp|p1a: Tyranitar
|-status|p1a: Tyranitar|brn
|move|p1a: Tyranitar|Ice Beam|p2a: Gengar
|-damage|p2a: Gengar|0 fnt
|faint|p2a: Gengar
|inactive|Quarante8 has 240 seconds left.
|
|t:|1729853460
|switch|p2a: Salamence|Salamence, M|36/100
|-ability|p2a: Salamence|Intimidate|boost
|-unboost|p1a: Tyranitar|atk|1
|
|-weather|Sandstorm|[upkeep]
|-damage|p2a: Salamence|30/100|[from] Sandstorm
|-heal|p2a: Salamence|36/100|[from] item: Leftovers
|-heal|p1a: Tyranitar|64/100 brn|[from] item: Leftovers
|-damage|p1a: Tyranitar|51/100 brn|[from] brn
|upkeep
|turn|31
|
|t:|1729853486
|move|p2a: Salamence|Brick Break|p1a: Tyranitar
|-supereffective|p1a: Tyranitar
|-damage|p1a: Tyranitar|0 fnt
|faint|p1a: Tyranitar
|
|t:|1729853488
|switch|p1a: 56 Miles|Gengar, F|76/100
|
|-weather|Sandstorm|[upkeep]
|-damage|p2a: Salamence|30/100|[from] Sandstorm
|-damage|p1a: 56 Miles|70/100|[from] Sandstorm
|-heal|p2a: Salamence|36/100|[from] item: Leftovers
|-heal|p1a: 56 Miles|76/100|[from] item: Leftovers
|upkeep
|turn|32
|
|t:|1729853501
|move|p2a: Salamence|Dragon Claw|p1a: 56 Miles
|-damage|p1a: 56 Miles|25/100
|move|p1a: 56 Miles|Shadow Ball|p2a: Salamence
|-damage|p2a: Salamence|4/100
|
|-weather|Sandstorm|[upkeep]
|-damage|p2a: Salamence|0 fnt|[from] Sandstorm
|-damage|p1a: 56 Miles|19/100|[from] Sandstorm
|faint|p2a: Salamence
|-heal|p1a: 56 Miles|25/100|[from] item: Leftovers
|upkeep
|
|t:|1729853506
|switch|p2a: Tyranitar|Tyranitar, M|54/100
|-damage|p2a: Tyranitar|29/100|[from] Spikes
|turn|33
|
|t:|1729853516
|move|p1a: 56 Miles|Shadow Ball|p2a: Tyranitar
|-resisted|p2a: Tyranitar
|-damage|p2a: Tyranitar|18/100
|move|p2a: Tyranitar|Pursuit|p1a: 56 Miles
|-supereffective|p1a: 56 Miles
|-damage|p1a: 56 Miles|0 fnt
|faint|p1a: 56 Miles
|
|t:|1729853526
|switch|p1a: Skarmory|Skarmory, M|100/100
|
|-weather|Sandstorm|[upkeep]
|-heal|p2a: Tyranitar|24/100|[from] item: Leftovers
|upkeep
|turn|34
|
|t:|1729853529
|move|p2a: Tyranitar|Protect|p2a: Tyranitar
|-singleturn|p2a: Tyranitar|Protect
|move|p1a: Skarmory|Roar|p2a: Tyranitar
|-activate|p2a: Tyranitar|Protect
|
|-weather|Sandstorm|[upkeep]
|-heal|p2a: Tyranitar|30/100|[from] item: Leftovers
|upkeep
|turn|35
|
|t:|1729853533
|move|p1a: Skarmory|Roar|p2a: Tyranitar
|drag|p2a: Forretress|Forretress, M|71/100
|-damage|p2a: Forretress|47/100|[from] Spikes
|
|-weather|Sandstorm|[upkeep]
|-heal|p2a: Forretress|53/100|[from] item: Leftovers
|upkeep
|turn|36
|
|t:|1729853538
|move|p2a: Forretress|Rapid Spin|p1a: Skarmory
|-resisted|p1a: Skarmory
|-damage|p1a: Skarmory|99/100
|-sideend|p2: Quarante8|Spikes|[from] move: Rapid Spin|[of] p2a: Forretress
|move|p1a: Skarmory|Roar|p2a: Forretress
|drag|p2a: Blissey|Blissey, F|88/100
|
|-weather|Sandstorm|[upkeep]
|-damage|p2a: Blissey|82/100|[from] Sandstorm
|-heal|p1a: Skarmory|100/100|[from] item: Leftovers
|-heal|p2a: Blissey|88/100|[from] item: Leftovers
|upkeep
|turn|37
|
|t:|1729853544
|switch|p1a: Swampert|Swampert, M|100/100
|-damage|p1a: Swampert|76/100|[from] Spikes
|move|p2a: Blissey|Thunder Wave|p1a: Swampert
|-immune|p1a: Swampert
|
|-weather|Sandstorm|[upkeep]
|-damage|p2a: Blissey|82/100|[from] Sandstorm
|-heal|p1a: Swampert|82/100|[from] item: Leftovers
|-heal|p2a: Blissey|88/100|[from] item: Leftovers
|upkeep
|turn|38
|
|t:|1729853548
|move|p1a: Swampert|Earthquake|p2a: Blissey
|-damage|p2a: Blissey|52/100
|move|p2a: Blissey|Seismic Toss|p1a: Swampert
|-damage|p1a: Swampert|52/100
|
|-weather|Sandstorm|[upkeep]
|-damage|p2a: Blissey|45/100|[from] Sandstorm
|-heal|p1a: Swampert|59/100|[from] item: Leftovers
|-heal|p2a: Blissey|52/100|[from] item: Leftovers
|upkeep
|turn|39
|
|t:|1729853555
|move|p1a: Swampert|Earthquake|p2a: Blissey
|-damage|p2a: Blissey|13/100
|move|p2a: Blissey|Soft-Boiled|p2a: Blissey
|-heal|p2a: Blissey|62/100
|
|-weather|Sandstorm|[upkeep]
|-damage|p2a: Blissey|56/100|[from] Sandstorm
|-heal|p1a: Swampert|65/100|[from] item: Leftovers
|-heal|p2a: Blissey|62/100|[from] item: Leftovers
|upkeep
|turn|40
|
|t:|1729853558
|move|p1a: Swampert|Earthquake|p2a: Blissey
|-damage|p2a: Blissey|24/100
|move|p2a: Blissey|Soft-Boiled|p2a: Blissey
|-heal|p2a: Blissey|74/100
|
|-weather|Sandstorm|[upkeep]
|-damage|p2a: Blissey|68/100|[from] Sandstorm
|-heal|p1a: Swampert|71/100|[from] item: Leftovers
|-heal|p2a: Blissey|74/100|[from] item: Leftovers
|upkeep
|turn|41
|
|t:|1729853561
|-singleturn|p1a: Swampert|move: Focus Punch
|move|p2a: Blissey|Soft-Boiled|p2a: Blissey
|-heal|p2a: Blissey|100/100
|move|p1a: Swampert|Focus Punch|p2a: Blissey
|-supereffective|p2a: Blissey
|-damage|p2a: Blissey|27/100
|
|-weather|Sandstorm|[upkeep]
|-damage|p2a: Blissey|21/100|[from] Sandstorm
|-heal|p1a: Swampert|77/100|[from] item: Leftovers
|-heal|p2a: Blissey|27/100|[from] item: Leftovers
|upkeep
|turn|42
|
|t:|1729853566
|move|p1a: Swampert|Earthquake|p2a: Blissey
|-damage|p2a: Blissey|0 fnt
|faint|p2a: Blissey
|
|t:|1729853573
|switch|p2a: Forretress|Forretress, M|53/100
|
|-weather|Sandstorm|[upkeep]
|-heal|p1a: Swampert|83/100|[from] item: Leftovers
|-heal|p2a: Forretress|59/100|[from] item: Leftovers
|upkeep
|turn|43
|
|t:|1729853580
|switch|p1a: Skarmory|Skarmory, M|100/100
|move|p2a: Forretress|Hidden Power|p1a: Skarmory
|-resisted|p1a: Skarmory
|-damage|p1a: Skarmory|96/100
|
|-weather|Sandstorm|[upkeep]
|-heal|p1a: Skarmory|100/100|[from] item: Leftovers
|-heal|p2a: Forretress|65/100|[from] item: Leftovers
|upkeep
|turn|44
|
|t:|1729853587
|move|p1a: Skarmory|Spikes|p2a: Forretress
|-sidestart|p2: Quarante8|Spikes
|move|p2a: Forretress|Hidden Power|p1a: Skarmory
|-resisted|p1a: Skarmory
|-damage|p1a: Skarmory|96/100
|
|-weather|Sandstorm|[upkeep]
|-heal|p1a: Skarmory|100/100|[from] item: Leftovers
|-heal|p2a: Forretress|71/100|[from] item: Leftovers
|upkeep
|turn|45
|
|t:|1729853590
|move|p1a: Skarmory|Protect|p1a: Skarmory
|-singleturn|p1a: Skarmory|Protect
|move|p2a: Forretress|Rapid Spin|p1a: Skarmory
|-activate|p1a: Skarmory|Protect
|
|-weather|Sandstorm|[upkeep]
|-heal|p2a: Forretress|78/100|[from] item: Leftovers
|upkeep
|turn|46
|
|t:|1729853593
|move|p2a: Forretress|Rapid Spin|p1a: Skarmory
|-resisted|p1a: Skarmory
|-damage|p1a: Skarmory|99/100
|-sideend|p2: Quarante8|Spikes|[from] move: Rapid Spin|[of] p2a: Forretress
|move|p1a: Skarmory|Roar|p2a: Forretress
|drag|p2a: Tyranitar|Tyranitar, M|30/100
|
|-weather|Sandstorm|[upkeep]
|-heal|p1a: Skarmory|100/100|[from] item: Leftovers
|-heal|p2a: Tyranitar|37/100|[from] item: Leftovers
|upkeep
|turn|47
|
|t:|1729853598
|switch|p2a: Forretress|Forretress, M|78/100
|move|p1a: Skarmory|Toxic|p2a: Forretress|[miss]
|-miss|p1a: Skarmory|p2a: Forretress
|
|-weather|Sandstorm|[upkeep]
|-heal|p2a: Forretress|84/100|[from] item: Leftovers
|upkeep
|turn|48
|
|t:|1729853602
|move|p1a: Skarmory|Protect|p1a: Skarmory
|-singleturn|p1a: Skarmory|Protect
|move|p2a: Forretress|Hidden Power|p1a: Skarmory
|-activate|p1a: Skarmory|Protect
|
|-weather|Sandstorm|[upkeep]
|-heal|p2a: Forretress|90/100|[from] item: Leftovers
|upkeep
|turn|49
|
|t:|1729853608
|switch|p1a: Swampert|Swampert, M|83/100
|-damage|p1a: Swampert|58/100|[from] Spikes
|move|p2a: Forretress|Hidden Power|p1a: Swampert
|-damage|p1a: Swampert|38/100
|
|-weather|Sandstorm|[upkeep]
|-heal|p1a: Swampert|44/100|[from] item: Leftovers
|-heal|p2a: Forretress|96/100|[from] item: Leftovers
|upkeep
|turn|50
|inactive|Quarante8 has 270 seconds left.
|inactive|Quarante8 has 240 seconds left.
|inactive|Quarante8 has 210 seconds left.
|inactive|Quarante8 has 180 seconds left.
|
|t:|1729853735
|move|p1a: Swampert|Hydro Pump|p2a: Forretress|[miss]
|-miss|p1a: Swampert|p2a: Forretress
|move|p2a: Forretress|Hidden Power|p1a: Swampert
|-damage|p1a: Swampert|22/100
|
|-weather|Sandstorm|[upkeep]
|-heal|p1a: Swampert|29/100|[from] item: Leftovers
|-heal|p2a: Forretress|100/100|[from] item: Leftovers
|upkeep
|turn|51
|inactive|Quarante8 has 180 seconds left.
|
|t:|1729853741
|switch|p2a: Tyranitar|Tyranitar, M|37/100
|move|p1a: Swampert|Hydro Pump|p2a: Tyranitar
|-supereffective|p2a: Tyranitar
|-damage|p2a: Tyranitar|0 fnt
|faint|p2a: Tyranitar
|
|t:|1729853743
|switch|p2a: Swampert|Swampert, F|70/100 brn
|
|-weather|Sandstorm|[upkeep]
|-heal|p1a: Swampert|35/100|[from] item: Leftovers
|-heal|p2a: Swampert|76/100 brn|[from] item: Leftovers
|-damage|p2a: Swampert|64/100 brn|[from] brn
|upkeep
|turn|52
|
|t:|1729853751
|switch|p1a: Aerodactyl|Aerodactyl, M|5/100 brn
|move|p2a: Swampert|Surf|p1a: Aerodactyl
|-supereffective|p1a: Aerodactyl
|-damage|p1a: Aerodactyl|0 fnt
|faint|p1a: Aerodactyl
|
|t:|1729853753
|switch|p1a: Skarmory|Skarmory, M|100/100
|
|-weather|Sandstorm|[upkeep]
|-heal|p2a: Swampert|70/100 brn|[from] item: Leftovers
|-damage|p2a: Swampert|58/100 brn|[from] brn
|upkeep
|turn|53
|
|t:|1729853765
|switch|p2a: Forretress|Forretress, M|100/100
|move|p1a: Skarmory|Roar|p2a: Forretress
|drag|p2a: Swampert|Swampert, F|58/100 brn
|
|-weather|Sandstorm|[upkeep]
|-heal|p2a: Swampert|64/100 brn|[from] item: Leftovers
|-damage|p2a: Swampert|52/100 brn|[from] brn
|upkeep
|turn|54
|
|t:|1729853778
|move|p2a: Swampert|Surf|p1a: Skarmory
|-damage|p1a: Skarmory|73/100
|move|p1a: Skarmory|Roar|p2a: Swampert
|drag|p2a: Forretress|Forretress, M|100/100
|
|-weather|Sandstorm|[upkeep]
|-heal|p1a: Skarmory|79/100|[from] item: Leftovers
|upkeep
|turn|55
|
|t:|1729853782
|move|p1a: Skarmory|Protect|p1a: Skarmory
|-singleturn|p1a: Skarmory|Protect
|move|p2a: Forretress|Hidden Power|p1a: Skarmory
|-activate|p1a: Skarmory|Protect
|
|-weather|Sandstorm|[upkeep]
|-heal|p1a: Skarmory|85/100|[from] item: Leftovers
|upkeep
|turn|56
|
|t:|1729853786
|move|p1a: Skarmory|Spikes|p2a: Forretress
|-sidestart|p2: Quarante8|Spikes
|move|p2a: Forretress|Hidden Power|p1a: Skarmory
|-resisted|p1a: Skarmory
|-damage|p1a: Skarmory|80/100
|
|-weather|Sandstorm|[upkeep]
|-heal|p1a: Skarmory|86/100|[from] item: Leftovers
|upkeep
|turn|57
|
|t:|1729853790
|move|p1a: Skarmory|Protect|p1a: Skarmory
|-singleturn|p1a: Skarmory|Protect
|move|p2a: Forretress|Rapid Spin|p1a: Skarmory
|-activate|p1a: Skarmory|Protect
|
|-weather|Sandstorm|[upkeep]
|-heal|p1a: Skarmory|92/100|[from] item: Leftovers
|upkeep
|turn|58
|
|t:|1729853791
|move|p2a: Forretress|Rapid Spin|p1a: Skarmory
|-resisted|p1a: Skarmory
|-damage|p1a: Skarmory|91/100
|-sideend|p2: Quarante8|Spikes|[from] move: Rapid Spin|[of] p2a: Forretress
|move|p1a: Skarmory|Roar|p2a: Forretress
|drag|p2a: Swampert|Swampert, F|52/100 brn
|
|-weather|Sandstorm|[upkeep]
|-heal|p1a: Skarmory|97/100|[from] item: Leftovers
|-heal|p2a: Swampert|58/100 brn|[from] item: Leftovers
|-damage|p2a: Swampert|45/100 brn|[from] brn
|upkeep
|turn|59
|
|t:|1729853803
|move|p1a: Skarmory|Spikes|p2a: Swampert
|-sidestart|p2: Quarante8|Spikes
|move|p2a: Swampert|Roar|p1a: Skarmory
|drag|p1a: Swampert|Swampert, M|35/100
|-damage|p1a: Swampert|10/100|[from] Spikes
|
|-weather|Sandstorm|[upkeep]
|-heal|p1a: Swampert|16/100|[from] item: Leftovers
|-heal|p2a: Swampert|52/100 brn|[from] item: Leftovers
|-damage|p2a: Swampert|39/100 brn|[from] brn
|upkeep
|turn|60
|
|t:|1729853812
|move|p1a: Swampert|Hydro Pump|p2a: Swampert
|-damage|p2a: Swampert|0 fnt
|faint|p2a: Swampert
|
|t:|1729853814
|switch|p2a: Forretress|Forretress, M|100/100
|-damage|p2a: Forretress|88/100|[from] Spikes
|
|-weather|Sandstorm|[upkeep]
|-heal|p1a: Swampert|22/100|[from] item: Leftovers
|-heal|p2a: Forretress|94/100|[from] item: Leftovers
|upkeep
|turn|61
|
|t:|1729853816
|move|p1a: Swampert|Hydro Pump|p2a: Forretress
|-damage|p2a: Forretress|25/100
|move|p2a: Forretress|Hidden Power|p1a: Swampert
|-damage|p1a: Swampert|2/100
|
|-weather|Sandstorm|[upkeep]
|-heal|p1a: Swampert|8/100|[from] item: Leftovers
|-heal|p2a: Forretress|31/100|[from] item: Leftovers
|upkeep
|turn|62
|
|t:|1729853818
|move|p1a: Swampert|Hydro Pump|p2a: Forretress
|-damage|p2a: Forretress|0 fnt
|faint|p2a: Forretress
|
|win|dicerat8
|c|☆dicerat8|ggwp
|c|☆Quarante8|gg
|player|p2|

</script>
<script type="application/json" class="data" id="replaydata-smogtours-gen3ou-801784">
{"id":"smogtours-gen3ou-801784","format":"[Gen 3] OU","players":["dicerat8","Quarante8"],"uploadtime":1729853818,"views":122,"formatid":"gen3ou","rating":null,"private":0,"password":null}
</script>

<script defer src="js/replays.js?9d40a366"></script>
