<!DOCTYPE html>
<meta charset="utf-8" />
<meta name="viewport" content="width=device-width" />

<title>[Gen 3] OU: Bhol vs. no more bad dreams - Replays - Pok&eacute;mon Showdown!</title>

<meta name="description" content="Watch a replay of a Pok&eacute;mon battle between Bhol and no more bad dreams! Format: [Gen 3] OU; Date: Oct 18, 2024" />
<!--

Hey, you! Looking in the source for the replay log?

You can find them in JSON format, just add `.json` at the end of a replay URL.

https://replay.pokemonshowdown.com/gen7randomdoublesbattle-865046831.json

Or, if you only need the log itself, add `.log` instead:

https://replay.pokemonshowdown.com/gen7randomdoublesbattle-865046831.log

-->

<link rel="stylesheet" href="//pokemonshowdown.com/style/global.css?0.023195364461161105" />
<link rel="stylesheet" href="//play.pokemonshowdown.com/style/font-awesome.css?0.13261647063804238" />
<link rel="stylesheet" href="//play.pokemonshowdown.com/style/battle.css?0.8753245789963631" />
<link rel="stylesheet" href="//play.pokemonshowdown.com/style/utilichart.css?0.8627959624976733" />

<!-- Global site tag (gtag.js) - Google Analytics -->
<script async src="https://www.googletagmanager.com/gtag/js?id=UA-26211653-1"></script>
<script>
  window.dataLayer = window.dataLayer || [];
  function gtag(){dataLayer.push(arguments);}
  gtag('js', new Date());

  gtag('config', 'UA-26211653-1');
</script>
<!-- End Google Analytics -->
<!-- Venatus Ad Manager - Install in <HEAD> of page -->
	<script src="https://hb.vntsm.com/v3/live/ad-manager.min.js" type="text/javascript" data-site-id="642aba63ec9a7b11c3c9c1be" data-mode="scan" async></script>
<!-- / Venatus Ad Manager -->

<style>
	@media (max-width:820px) {
		.battle {
			margin: 0 auto;
		}
		.battle-log {
			margin: 7px auto 0;
			max-width: 640px;
			height: 300px;
			position: static;
		}
	}
	.optgroup {
		display: inline-block;
		line-height: 22px;
		font-size: 10pt;
	}
	.optgroup .button {
		height: 25px;
		padding-top: 0;
		padding-bottom: 0;
	}
	.optgroup button.button {
		padding-left: 12px;
		padding-right: 12px;
	}
	.linklist {
		list-style: none;
		margin: 0.5em 0;
		padding: 0;
	}
	.linklist li {
		padding: 2px 0;
	}
	.sidebar {
		float: left;
		width: 320px;
	}
	.bar-wrapper {
		max-width: 1100px;
		margin: 0 auto;
	}
	.bar-wrapper.has-sidebar {
		max-width: 1430px;
	}
	.mainbar {
		margin: 0;
		padding-right: 1px;
	}
	.mainbar.has-sidebar {
		margin-left: 330px;
	}
	@media (min-width: 1511px) {
		.sidebar {
			width: 400px;
		}
		.bar-wrapper.has-sidebar {
			max-width: 1510px;
		}
		.mainbar.has-sidebar {
			margin-left: 410px;
		}
	}
	.section.first-section {
		margin-top: 9px;
	}
	.blocklink small {
		white-space: normal;
	}
	.button {
		vertical-align: middle;
	}
	.replay-controls {
		padding-top: 10px;
	}
	.replay-controls h1 {
		font-size: 16pt;
		font-weight: normal;
		color: #CCC;
	}
	.pagelink {
		text-align: center;
	}
	.pagelink a {
		width: 150px;
	}
	.textbox, .button {
		font-size: 11pt;
		vertical-align: middle;
	}
	@media (max-width: 450px) {
		.button {
			font-size: 9pt;
		}
	}
</style>

<div>

	<header>
		<div class="nav-wrapper"><ul class="nav">
			<li><a class="button nav-first" href="//pokemonshowdown.com/"><img src="//pokemonshowdown.com/images/pokemonshowdownbeta.png" srcset="//pokemonshowdown.com/images/pokemonshowdownbeta.png 1x, //pokemonshowdown.com/images/pokemonshowdownbeta@2x.png 2x" alt="Pok&eacute;mon Showdown" width="146" height="44" /> Home</a></li>
			<li><a class="button" href="//pokemonshowdown.com/dex/">Pok&eacute;dex</a></li>
			<li><a class="button cur" href="/">Replays</a></li>
			<li><a class="button" href="//pokemonshowdown.com/ladder/">Ladder</a></li>
			<li><a class="button nav-last" href="//pokemonshowdown.com/forums/">Forum</a></li>
			<li><a class="button greenbutton nav-first nav-last" href="//play.pokemonshowdown.com/">Play</a></li>
		</ul></div>
	</header>

	<div class="main" id="main">

		<noscript><section class="section">You need to enable JavaScript to use this page; sorry!</section></noscript>

	</div>

</div>

<script defer nomodule src="//play.pokemonshowdown.com/js/lib/ps-polyfill.js"></script>
<script defer src="//play.pokemonshowdown.com/js/lib/preact.min.js"></script>

<script defer src="//play.pokemonshowdown.com/config/config.js?2bddbc15"></script>
<script defer src="//play.pokemonshowdown.com/js/lib/jquery-1.11.0.min.js"></script>
<script defer src="//play.pokemonshowdown.com/js/lib/html-sanitizer-minified.js"></script>
<script defer src="//play.pokemonshowdown.com/js/battle-sound.js"></script>
<script defer src="//play.pokemonshowdown.com/js/battledata.js?0.7209276989879541"></script>
<script defer src="//play.pokemonshowdown.com/data/pokedex-mini.js?0.6111056340867951"></script>
<script defer src="//play.pokemonshowdown.com/data/pokedex-mini-bw.js?0.3532142036491459"></script>
<script defer src="//play.pokemonshowdown.com/data/graphics.js?0.24223875632456182"></script>
<script defer src="//play.pokemonshowdown.com/data/pokedex.js?0.38839984266356864"></script>
<script defer src="//play.pokemonshowdown.com/data/moves.js?0.21866028504024015"></script>
<script defer src="//play.pokemonshowdown.com/data/abilities.js?0.2005157953846628"></script>
<script defer src="//play.pokemonshowdown.com/data/items.js?0.9894211263848525"></script>
<script defer src="//play.pokemonshowdown.com/data/teambuilder-tables.js?0.6008791140282215"></script>
<script defer src="//play.pokemonshowdown.com/js/battle-tooltips.js?0.7580118955022959"></script>
<script defer src="//play.pokemonshowdown.com/js/battle.js?0.6057722274234274"></script>

<script defer src="js/utils.js?e31f9a17"></script>
<script defer src="js/replays-battle.js?7008c182"></script>

<!-- don't scrape this data! just add .json or .log after the URL!
Full API docs: https://github.com/smogon/pokemon-showdown-client/blob/master/WEB-API.md -->
<script type="text/plain" class="log" id="replaylog-gen3ou-2225762032">
|j|☆Bhol
|j|☆no more bad dreams
|t:|1729267376
|gametype|singles
|player|p1|Bhol|sabrina|
|player|p2|no more bad dreams|skullgruntf|
|teamsize|p1|6
|teamsize|p2|6
|gen|3
|tier|[Gen 3] OU
|rule|Sleep Clause Mod: Limit one foe put to sleep
|rule|Switch Priority Clause Mod: Faster Pokémon switch first
|rule|Species Clause: Limit one of each Pokémon
|rule|OHKO Clause: OHKO moves are banned
|rule|Evasion Items Clause: Evasion items are banned
|rule|Evasion Moves Clause: Evasion moves are banned
|rule|Endless Battle Clause: Forcing endless battles is banned
|rule|HP Percentage Mod: HP is shown in percentages
|rule|One Boost Passer Clause: Limit one Baton Passer that has a way to boost its stats
|rule|Freeze Clause Mod: Limit one foe frozen
|
|t:|1729267376
|start
|switch|p1a: Wailord|Wailord, F|100/100
|switch|p2a: Airmure|Skarmory, M|100/100
|turn|1
|inactive|Battle timer is ON: inactive players will automatically lose when time's up. (requested by no more bad dreams)
|c|☆no more bad dreams|glhf
|c|☆Bhol|Glhf
|
|t:|1729267390
|switch|p2a: Leuphorie|Blissey, F|100/100
|move|p1a: Wailord|Water Spout|p2a: Leuphorie
|-damage|p2a: Leuphorie|75/100
|
|-heal|p2a: Leuphorie|81/100|[from] item: Leftovers
|upkeep
|turn|2
|
|t:|1729267400
|switch|p1a: Dugtrio|Dugtrio, M|100/100
|switch|p2a: Ectoplasma|Gengar, M|100/100
|
|upkeep
|turn|3
|
|t:|1729267411
|switch|p1a: Jolteon|Jolteon, F|100/100
|switch|p2a: Tyranocif|Tyranitar, F|100/100
|-weather|Sandstorm|[from] ability: Sand Stream|[of] p2a: Tyranocif
|
|-weather|Sandstorm|[upkeep]
|-damage|p1a: Jolteon|94/100|[from] Sandstorm
|-heal|p1a: Jolteon|100/100|[from] item: Leftovers
|upkeep
|turn|4
|
|t:|1729267420
|move|p1a: Jolteon|Baton Pass|p1a: Jolteon
|
|t:|1729267427
|switch|p1a: Wailord|Wailord, F|100/100|[from] Baton Pass
|move|p2a: Tyranocif|Earthquake|p1a: Wailord
|-damage|p1a: Wailord|49/100
|
|-weather|Sandstorm|[upkeep]
|-damage|p1a: Wailord|43/100|[from] Sandstorm
|-heal|p1a: Wailord|49/100|[from] item: Leftovers
|upkeep
|turn|5
|
|t:|1729267439
|move|p1a: Wailord|Hydro Pump|p2a: Tyranocif
|-supereffective|p2a: Tyranocif
|-damage|p2a: Tyranocif|12/100
|move|p2a: Tyranocif|Earthquake|p1a: Wailord
|-damage|p1a: Wailord|0 fnt
|faint|p1a: Wailord
|
|t:|1729267455
|switch|p1a: Dugtrio|Dugtrio, M|100/100
|
|-weather|Sandstorm|[upkeep]
|-heal|p2a: Tyranocif|18/100|[from] item: Leftovers
|upkeep
|turn|6
|
|t:|1729267462
|move|p1a: Dugtrio|Earthquake|p2a: Tyranocif
|-supereffective|p2a: Tyranocif
|-damage|p2a: Tyranocif|0 fnt
|faint|p2a: Tyranocif
|
|t:|1729267465
|switch|p2a: Airmure|Skarmory, M|100/100
|
|-weather|Sandstorm|[upkeep]
|upkeep
|turn|7
|
|t:|1729267474
|switch|p1a: Jolteon|Jolteon, F|100/100
|move|p2a: Airmure|Toxic|p1a: Jolteon
|-status|p1a: Jolteon|tox
|
|-weather|Sandstorm|[upkeep]
|-damage|p1a: Jolteon|94/100 tox|[from] Sandstorm
|-heal|p1a: Jolteon|100/100 tox|[from] item: Leftovers
|-damage|p1a: Jolteon|94/100 tox|[from] psn
|upkeep
|turn|8
|
|t:|1729267482
|switch|p2a: Kaorine|Claydol|100/100
|move|p1a: Jolteon|Thunderbolt|p2a: Kaorine
|-immune|p2a: Kaorine
|
|-weather|Sandstorm|[upkeep]
|-damage|p1a: Jolteon|88/100 tox|[from] Sandstorm
|-heal|p1a: Jolteon|94/100 tox|[from] item: Leftovers
|-damage|p1a: Jolteon|82/100 tox|[from] psn
|upkeep
|turn|9
|
|t:|1729267487
|move|p1a: Jolteon|Baton Pass|p1a: Jolteon
|
|t:|1729267500
|switch|p1a: Suicune|Suicune|100/100|[from] Baton Pass
|move|p2a: Kaorine|Psychic|p1a: Suicune
|-damage|p1a: Suicune|79/100
|
|-weather|Sandstorm|[upkeep]
|-damage|p1a: Suicune|73/100|[from] Sandstorm
|-heal|p1a: Suicune|79/100|[from] item: Leftovers
|upkeep
|turn|10
|
|t:|1729267514
|move|p1a: Suicune|Hydro Pump|p2a: Kaorine
|-supereffective|p2a: Kaorine
|-damage|p2a: Kaorine|7/100
|move|p2a: Kaorine|Explosion|p1a: Suicune
|-damage|p1a: Suicune|0 fnt
|faint|p2a: Kaorine
|faint|p1a: Suicune
|
|t:|1729267524
|switch|p1a: Jolteon|Jolteon, F|82/100 tox
|switch|p2a: Laggron|Swampert, F|100/100
|
|-weather|Sandstorm|[upkeep]
|-damage|p1a: Jolteon|75/100 tox|[from] Sandstorm
|-heal|p1a: Jolteon|82/100 tox|[from] item: Leftovers
|-damage|p1a: Jolteon|75/100 tox|[from] psn
|upkeep
|turn|11
|
|t:|1729267528
|move|p2a: Laggron|Protect|p2a: Laggron
|-singleturn|p2a: Laggron|Protect
|move|p1a: Jolteon|Baton Pass|p1a: Jolteon
|
|t:|1729267534
|switch|p1a: Zapdos|Zapdos|100/100|[from] Baton Pass
|
|-weather|Sandstorm|[upkeep]
|-damage|p1a: Zapdos|94/100|[from] Sandstorm
|-heal|p1a: Zapdos|100/100|[from] item: Leftovers
|upkeep
|turn|12
|
|t:|1729267544
|move|p1a: Zapdos|Hidden Power|p2a: Laggron
|-supereffective|p2a: Laggron
|-damage|p2a: Laggron|19/100
|move|p2a: Laggron|Toxic|p1a: Zapdos
|-status|p1a: Zapdos|tox
|
|-weather|Sandstorm|[upkeep]
|-damage|p1a: Zapdos|94/100 tox|[from] Sandstorm
|-heal|p1a: Zapdos|100/100 tox|[from] item: Leftovers
|-damage|p1a: Zapdos|94/100 tox|[from] psn
|-heal|p2a: Laggron|25/100|[from] item: Leftovers
|upkeep
|turn|13
|
|t:|1729267553
|switch|p2a: Ectoplasma|Gengar, M|100/100
|move|p1a: Zapdos|Hidden Power|p2a: Ectoplasma
|-resisted|p2a: Ectoplasma
|-damage|p2a: Ectoplasma|89/100
|
|-weather|Sandstorm|[upkeep]
|-damage|p2a: Ectoplasma|83/100|[from] Sandstorm
|-damage|p1a: Zapdos|88/100 tox|[from] Sandstorm
|-heal|p2a: Ectoplasma|89/100|[from] item: Leftovers
|-heal|p1a: Zapdos|94/100 tox|[from] item: Leftovers
|-damage|p1a: Zapdos|82/100 tox|[from] psn
|upkeep
|turn|14
|
|t:|1729267567
|switch|p2a: Laggron|Swampert, F|25/100
|move|p1a: Zapdos|Drill Peck|p2a: Laggron
|-damage|p2a: Laggron|4/100
|
|-weather|Sandstorm|[upkeep]
|-damage|p1a: Zapdos|76/100 tox|[from] Sandstorm
|-heal|p1a: Zapdos|82/100 tox|[from] item: Leftovers
|-damage|p1a: Zapdos|63/100 tox|[from] psn
|-heal|p2a: Laggron|10/100|[from] item: Leftovers
|upkeep
|turn|15
|
|t:|1729267579
|move|p2a: Laggron|Protect|p2a: Laggron
|-singleturn|p2a: Laggron|Protect
|move|p1a: Zapdos|Drill Peck|p2a: Laggron
|-activate|p2a: Laggron|Protect
|
|-weather|Sandstorm|[upkeep]
|-damage|p1a: Zapdos|57/100 tox|[from] Sandstorm
|-heal|p1a: Zapdos|63/100 tox|[from] item: Leftovers
|-damage|p1a: Zapdos|38/100 tox|[from] psn
|-heal|p2a: Laggron|16/100|[from] item: Leftovers
|upkeep
|turn|16
|
|t:|1729267585
|move|p2a: Laggron|Protect||[still]
|-fail|p2a: Laggron
|move|p1a: Zapdos|Drill Peck|p2a: Laggron
|-damage|p2a: Laggron|0 fnt
|faint|p2a: Laggron
|
|t:|1729267587
|switch|p2a: Ectoplasma|Gengar, M|89/100
|
|-weather|Sandstorm|[upkeep]
|-damage|p2a: Ectoplasma|83/100|[from] Sandstorm
|-damage|p1a: Zapdos|32/100 tox|[from] Sandstorm
|-heal|p2a: Ectoplasma|89/100|[from] item: Leftovers
|-heal|p1a: Zapdos|38/100 tox|[from] item: Leftovers
|-damage|p1a: Zapdos|7/100 tox|[from] psn
|upkeep
|turn|17
|
|t:|1729267603
|move|p2a: Ectoplasma|Ice Punch|p1a: Zapdos
|-supereffective|p1a: Zapdos
|-damage|p1a: Zapdos|0 fnt
|faint|p1a: Zapdos
|
|t:|1729267613
|switch|p1a: Jolteon|Jolteon, F|75/100 tox
|
|-weather|Sandstorm|[upkeep]
|-damage|p1a: Jolteon|69/100 tox|[from] Sandstorm
|-damage|p2a: Ectoplasma|83/100|[from] Sandstorm
|-heal|p1a: Jolteon|75/100 tox|[from] item: Leftovers
|-damage|p1a: Jolteon|69/100 tox|[from] psn
|-heal|p2a: Ectoplasma|89/100|[from] item: Leftovers
|upkeep
|turn|18
|
|t:|1729267616
|switch|p2a: Leuphorie|Blissey, F|81/100
|move|p1a: Jolteon|Thunder Wave|p2a: Leuphorie
|-status|p2a: Leuphorie|par
|
|-weather|Sandstorm|[upkeep]
|-damage|p1a: Jolteon|63/100 tox|[from] Sandstorm
|-damage|p2a: Leuphorie|75/100 par|[from] Sandstorm
|-heal|p1a: Jolteon|69/100 tox|[from] item: Leftovers
|-damage|p1a: Jolteon|57/100 tox|[from] psn
|-heal|p2a: Leuphorie|81/100 par|[from] item: Leftovers
|upkeep
|turn|19
|
|t:|1729267621
|-curestatus|p2a: Leuphorie|par|[from] ability: Natural Cure
|switch|p2a: Airmure|Skarmory, M|100/100
|move|p1a: Jolteon|Baton Pass|p1a: Jolteon
|
|t:|1729267643
|switch|p1a: Dugtrio|Dugtrio, M|100/100|[from] Baton Pass
|
|-weather|Sandstorm|[upkeep]
|upkeep
|turn|20
|
|t:|1729267649
|switch|p1a: Jolteon|Jolteon, F|57/100 tox
|move|p2a: Airmure|Spikes|p1a: Jolteon
|-sidestart|p1: Bhol|Spikes
|
|-weather|Sandstorm|[upkeep]
|-damage|p1a: Jolteon|50/100 tox|[from] Sandstorm
|-heal|p1a: Jolteon|57/100 tox|[from] item: Leftovers
|-damage|p1a: Jolteon|50/100 tox|[from] psn
|upkeep
|turn|21
|
|t:|1729267663
|switch|p2a: Leuphorie|Blissey, F|81/100
|move|p1a: Jolteon|Thunder Wave|p2a: Leuphorie
|-status|p2a: Leuphorie|par
|
|-weather|Sandstorm|[upkeep]
|-damage|p1a: Jolteon|44/100 tox|[from] Sandstorm
|-damage|p2a: Leuphorie|75/100 par|[from] Sandstorm
|-heal|p1a: Jolteon|50/100 tox|[from] item: Leftovers
|-damage|p1a: Jolteon|38/100 tox|[from] psn
|-heal|p2a: Leuphorie|81/100 par|[from] item: Leftovers
|upkeep
|turn|22
|
|t:|1729267674
|move|p1a: Jolteon|Baton Pass|p1a: Jolteon
|
|t:|1729267684
|switch|p1a: Dugtrio|Dugtrio, M|100/100|[from] Baton Pass
|-damage|p1a: Dugtrio|88/100|[from] Spikes
|cant|p2a: Leuphorie|par
|
|-weather|Sandstorm|[upkeep]
|-damage|p2a: Leuphorie|75/100 par|[from] Sandstorm
|-heal|p2a: Leuphorie|81/100 par|[from] item: Leftovers
|upkeep
|turn|23
|
|t:|1729267694
|move|p1a: Dugtrio|Earthquake|p2a: Leuphorie
|-damage|p2a: Leuphorie|26/100 par
|cant|p2a: Leuphorie|par
|
|-weather|Sandstorm|[upkeep]
|-damage|p2a: Leuphorie|19/100 par|[from] Sandstorm
|-heal|p2a: Leuphorie|26/100 par|[from] item: Leftovers
|upkeep
|turn|24
|
|t:|1729267699
|move|p1a: Dugtrio|Earthquake|p2a: Leuphorie
|-damage|p2a: Leuphorie|0 fnt
|faint|p2a: Leuphorie
|
|t:|1729267701
|switch|p2a: Airmure|Skarmory, M|100/100
|
|-weather|Sandstorm|[upkeep]
|upkeep
|turn|25
|
|t:|1729267706
|switch|p1a: Jolteon|Jolteon, F|38/100 tox
|-damage|p1a: Jolteon|25/100 tox|[from] Spikes
|move|p2a: Airmure|Spikes|p1a: Jolteon
|-sidestart|p1: Bhol|Spikes
|
|-weather|Sandstorm|[upkeep]
|-damage|p1a: Jolteon|19/100 tox|[from] Sandstorm
|-heal|p1a: Jolteon|25/100 tox|[from] item: Leftovers
|-damage|p1a: Jolteon|19/100 tox|[from] psn
|upkeep
|turn|26
|
|t:|1729267713
|move|p2a: Airmure|Protect|p2a: Airmure
|-singleturn|p2a: Airmure|Protect
|move|p1a: Jolteon|Thunderbolt|p2a: Airmure
|-activate|p2a: Airmure|Protect
|
|-weather|Sandstorm|[upkeep]
|-damage|p1a: Jolteon|13/100 tox|[from] Sandstorm
|-heal|p1a: Jolteon|19/100 tox|[from] item: Leftovers
|-damage|p1a: Jolteon|7/100 tox|[from] psn
|upkeep
|turn|27
|
|t:|1729267720
|move|p2a: Airmure|Protect|p2a: Airmure
|-singleturn|p2a: Airmure|Protect
|move|p1a: Jolteon|Thunderbolt|p2a: Airmure
|-activate|p2a: Airmure|Protect
|
|-weather|Sandstorm|[upkeep]
|-damage|p1a: Jolteon|0 fnt|[from] Sandstorm
|faint|p1a: Jolteon
|upkeep
|inactive|Bhol has 270 seconds left.
|
|t:|1729267766
|switch|p1a: Dugtrio|Dugtrio, M|88/100
|-damage|p1a: Dugtrio|72/100|[from] Spikes
|turn|28
|
|t:|1729267774
|move|p1a: Dugtrio|Aerial Ace|p2a: Airmure
|-resisted|p2a: Airmure
|-damage|p2a: Airmure|94/100
|move|p2a: Airmure|Spikes|p1a: Dugtrio
|-sidestart|p1: Bhol|Spikes
|
|-weather|Sandstorm|[upkeep]
|-heal|p2a: Airmure|99/100|[from] item: Leftovers
|upkeep
|turn|29
|
|t:|1729267778
|move|p1a: Dugtrio|Aerial Ace|p2a: Airmure
|-resisted|p2a: Airmure
|-damage|p2a: Airmure|92/100
|move|p2a: Airmure|Roar|p1a: Dugtrio
|drag|p1a: Metagross|Metagross|100/100
|-damage|p1a: Metagross|75/100|[from] Spikes
|
|-weather|Sandstorm|[upkeep]
|-heal|p1a: Metagross|82/100|[from] item: Leftovers
|-heal|p2a: Airmure|98/100|[from] item: Leftovers
|upkeep
|turn|30
|
|t:|1729267787
|move|p1a: Metagross|Rock Slide|p2a: Airmure
|-crit|p2a: Airmure
|-damage|p2a: Airmure|50/100
|cant|p2a: Airmure|flinch
|
|-weather|Sandstorm|[upkeep]
|-heal|p1a: Metagross|88/100|[from] item: Leftovers
|-heal|p2a: Airmure|56/100|[from] item: Leftovers
|upkeep
|turn|31
|
|t:|1729267795
|move|p1a: Metagross|Rock Slide|p2a: Airmure
|-damage|p2a: Airmure|32/100
|cant|p2a: Airmure|flinch
|
|-weather|Sandstorm|[upkeep]
|-heal|p2a: Airmure|38/100|[from] item: Leftovers
|-heal|p1a: Metagross|94/100|[from] item: Leftovers
|upkeep
|turn|32
|
|t:|1729267800
|move|p2a: Airmure|Protect|p2a: Airmure
|-singleturn|p2a: Airmure|Protect
|move|p1a: Metagross|Rock Slide|p2a: Airmure
|-activate|p2a: Airmure|Protect
|
|-weather|Sandstorm|[upkeep]
|-heal|p1a: Metagross|99/100|[from] item: Leftovers
|-heal|p2a: Airmure|44/100|[from] item: Leftovers
|upkeep
|turn|33
|
|t:|1729267806
|move|p1a: Metagross|Rock Slide|p2a: Airmure
|-damage|p2a: Airmure|20/100
|move|p2a: Airmure|Roar|p1a: Metagross
|drag|p1a: Dugtrio|Dugtrio, M|72/100
|-damage|p1a: Dugtrio|47/100|[from] Spikes
|
|-weather|Sandstorm|[upkeep]
|-heal|p2a: Airmure|26/100|[from] item: Leftovers
|upkeep
|turn|34
|
|t:|1729267816
|move|p2a: Airmure|Protect|p2a: Airmure
|-singleturn|p2a: Airmure|Protect
|move|p1a: Dugtrio|Aerial Ace|p2a: Airmure
|-activate|p2a: Airmure|Protect
|
|-weather|Sandstorm|[upkeep]
|-heal|p2a: Airmure|32/100|[from] item: Leftovers
|upkeep
|turn|35
|
|t:|1729267822
|move|p1a: Dugtrio|Aerial Ace|p2a: Airmure
|-resisted|p2a: Airmure
|-damage|p2a: Airmure|24/100
|move|p2a: Airmure|Toxic|p1a: Dugtrio
|-status|p1a: Dugtrio|tox
|
|-weather|Sandstorm|[upkeep]
|-damage|p1a: Dugtrio|41/100 tox|[from] psn
|-heal|p2a: Airmure|30/100|[from] item: Leftovers
|upkeep
|turn|36
|
|t:|1729267829
|move|p2a: Airmure|Protect|p2a: Airmure
|-singleturn|p2a: Airmure|Protect
|move|p1a: Dugtrio|Aerial Ace|p2a: Airmure
|-activate|p2a: Airmure|Protect
|
|-weather|Sandstorm|[upkeep]
|-damage|p1a: Dugtrio|29/100 tox|[from] psn
|-heal|p2a: Airmure|36/100|[from] item: Leftovers
|upkeep
|turn|37
|
|t:|1729267832
|move|p1a: Dugtrio|Aerial Ace|p2a: Airmure
|-resisted|p2a: Airmure
|-damage|p2a: Airmure|30/100
|move|p2a: Airmure|Spikes||[still]
|-fail|p2a: Airmure
|
|-weather|Sandstorm|[upkeep]
|-damage|p1a: Dugtrio|12/100 tox|[from] psn
|-heal|p2a: Airmure|36/100|[from] item: Leftovers
|upkeep
|turn|38
|
|t:|1729267840
|switch|p2a: Ectoplasma|Gengar, M|89/100
|move|p1a: Dugtrio|Aerial Ace|p2a: Ectoplasma
|-damage|p2a: Ectoplasma|52/100
|
|-weather|Sandstorm|[upkeep]
|-damage|p2a: Ectoplasma|46/100|[from] Sandstorm
|-damage|p1a: Dugtrio|0 fnt|[from] psn
|faint|p1a: Dugtrio
|-heal|p2a: Ectoplasma|52/100|[from] item: Leftovers
|upkeep
|
|t:|1729267846
|switch|p1a: Metagross|Metagross|99/100
|-damage|p1a: Metagross|75/100|[from] Spikes
|turn|39
|
|t:|1729267851
|move|p2a: Ectoplasma|Will-O-Wisp|p1a: Metagross|[miss]
|-miss|p2a: Ectoplasma|p1a: Metagross
|move|p1a: Metagross|Meteor Mash|p2a: Ectoplasma
|-damage|p2a: Ectoplasma|0 fnt
|faint|p2a: Ectoplasma
|c|☆no more bad dreams|gg
|c|☆Bhol|gg
|-message|no more bad dreams forfeited.
|
|win|Bhol
|l|☆no more bad dreams
|player|p2|

</script>
<script type="application/json" class="data" id="replaydata-gen3ou-2225762032">
{"id":"gen3ou-2225762032","format":"[Gen 3] OU","players":["Bhol","no more bad dreams"],"uploadtime":1729267862,"views":155,"formatid":"gen3ou","rating":null,"private":0,"password":null}
</script>

<script defer src="js/replays.js?9d40a366"></script>
