<!DOCTYPE html>
<meta charset="utf-8" />
<meta name="viewport" content="width=device-width" />

<title>[Gen 3] OU: luckii_girl vs. Girls See Ghosts - Replays - Pok&eacute;mon Showdown!</title>

<meta name="description" content="Watch a replay of a Pok&eacute;mon battle between luckii_girl and Girls See Ghosts! Format: [Gen 3] OU; Date: Oct 9, 2024" />
<!--

Hey, you! Looking in the source for the replay log?

You can find them in JSON format, just add `.json` at the end of a replay URL.

https://replay.pokemonshowdown.com/gen7randomdoublesbattle-865046831.json

Or, if you only need the log itself, add `.log` instead:

https://replay.pokemonshowdown.com/gen7randomdoublesbattle-865046831.log

-->

<link rel="stylesheet" href="//pokemonshowdown.com/style/global.css?0.023195364461161105" />
<link rel="stylesheet" href="//play.pokemonshowdown.com/style/font-awesome.css?0.13261647063804238" />
<link rel="stylesheet" href="//play.pokemonshowdown.com/style/battle.css?0.8753245789963631" />
<link rel="stylesheet" href="//play.pokemonshowdown.com/style/utilichart.css?0.8627959624976733" />

<!-- Global site tag (gtag.js) - Google Analytics -->
<script async src="https://www.googletagmanager.com/gtag/js?id=UA-26211653-1"></script>
<script>
  window.dataLayer = window.dataLayer || [];
  function gtag(){dataLayer.push(arguments);}
  gtag('js', new Date());

  gtag('config', 'UA-26211653-1');
</script>
<!-- End Google Analytics -->
<!-- Venatus Ad Manager - Install in <HEAD> of page -->
	<script src="https://hb.vntsm.com/v3/live/ad-manager.min.js" type="text/javascript" data-site-id="642aba63ec9a7b11c3c9c1be" data-mode="scan" async></script>
<!-- / Venatus Ad Manager -->

<style>
	@media (max-width:820px) {
		.battle {
			margin: 0 auto;
		}
		.battle-log {
			margin: 7px auto 0;
			max-width: 640px;
			height: 300px;
			position: static;
		}
	}
	.optgroup {
		display: inline-block;
		line-height: 22px;
		font-size: 10pt;
	}
	.optgroup .button {
		height: 25px;
		padding-top: 0;
		padding-bottom: 0;
	}
	.optgroup button.button {
		padding-left: 12px;
		padding-right: 12px;
	}
	.linklist {
		list-style: none;
		margin: 0.5em 0;
		padding: 0;
	}
	.linklist li {
		padding: 2px 0;
	}
	.sidebar {
		float: left;
		width: 320px;
	}
	.bar-wrapper {
		max-width: 1100px;
		margin: 0 auto;
	}
	.bar-wrapper.has-sidebar {
		max-width: 1430px;
	}
	.mainbar {
		margin: 0;
		padding-right: 1px;
	}
	.mainbar.has-sidebar {
		margin-left: 330px;
	}
	@media (min-width: 1511px) {
		.sidebar {
			width: 400px;
		}
		.bar-wrapper.has-sidebar {
			max-width: 1510px;
		}
		.mainbar.has-sidebar {
			margin-left: 410px;
		}
	}
	.section.first-section {
		margin-top: 9px;
	}
	.blocklink small {
		white-space: normal;
	}
	.button {
		vertical-align: middle;
	}
	.replay-controls {
		padding-top: 10px;
	}
	.replay-controls h1 {
		font-size: 16pt;
		font-weight: normal;
		color: #CCC;
	}
	.pagelink {
		text-align: center;
	}
	.pagelink a {
		width: 150px;
	}
	.textbox, .button {
		font-size: 11pt;
		vertical-align: middle;
	}
	@media (max-width: 450px) {
		.button {
			font-size: 9pt;
		}
	}
</style>

<div>

	<header>
		<div class="nav-wrapper"><ul class="nav">
			<li><a class="button nav-first" href="//pokemonshowdown.com/"><img src="//pokemonshowdown.com/images/pokemonshowdownbeta.png" srcset="//pokemonshowdown.com/images/pokemonshowdownbeta.png 1x, //pokemonshowdown.com/images/pokemonshowdownbeta@2x.png 2x" alt="Pok&eacute;mon Showdown" width="146" height="44" /> Home</a></li>
			<li><a class="button" href="//pokemonshowdown.com/dex/">Pok&eacute;dex</a></li>
			<li><a class="button cur" href="/">Replays</a></li>
			<li><a class="button" href="//pokemonshowdown.com/ladder/">Ladder</a></li>
			<li><a class="button nav-last" href="//pokemonshowdown.com/forums/">Forum</a></li>
			<li><a class="button greenbutton nav-first nav-last" href="//play.pokemonshowdown.com/">Play</a></li>
		</ul></div>
	</header>

	<div class="main" id="main">

		<noscript><section class="section">You need to enable JavaScript to use this page; sorry!</section></noscript>

	</div>

</div>

<script defer nomodule src="//play.pokemonshowdown.com/js/lib/ps-polyfill.js"></script>
<script defer src="//play.pokemonshowdown.com/js/lib/preact.min.js"></script>

<script defer src="//play.pokemonshowdown.com/config/config.js?2bddbc15"></script>
<script defer src="//play.pokemonshowdown.com/js/lib/jquery-1.11.0.min.js"></script>
<script defer src="//play.pokemonshowdown.com/js/lib/html-sanitizer-minified.js"></script>
<script defer src="//play.pokemonshowdown.com/js/battle-sound.js"></script>
<script defer src="//play.pokemonshowdown.com/js/battledata.js?0.7209276989879541"></script>
<script defer src="//play.pokemonshowdown.com/data/pokedex-mini.js?0.6111056340867951"></script>
<script defer src="//play.pokemonshowdown.com/data/pokedex-mini-bw.js?0.3532142036491459"></script>
<script defer src="//play.pokemonshowdown.com/data/graphics.js?0.24223875632456182"></script>
<script defer src="//play.pokemonshowdown.com/data/pokedex.js?0.38839984266356864"></script>
<script defer src="//play.pokemonshowdown.com/data/moves.js?0.21866028504024015"></script>
<script defer src="//play.pokemonshowdown.com/data/abilities.js?0.2005157953846628"></script>
<script defer src="//play.pokemonshowdown.com/data/items.js?0.9894211263848525"></script>
<script defer src="//play.pokemonshowdown.com/data/teambuilder-tables.js?0.6008791140282215"></script>
<script defer src="//play.pokemonshowdown.com/js/battle-tooltips.js?0.7580118955022959"></script>
<script defer src="//play.pokemonshowdown.com/js/battle.js?0.6057722274234274"></script>

<script defer src="js/utils.js?e31f9a17"></script>
<script defer src="js/replays-battle.js?7008c182"></script>

<!-- don't scrape this data! just add .json or .log after the URL!
Full API docs: https://github.com/smogon/pokemon-showdown-client/blob/master/WEB-API.md -->
<script type="text/plain" class="log" id="replaylog-smogtours-gen3ou-796680">
|inactive|Battle timer is ON: inactive players will automatically lose when time's up.
|t:|1728496084
|gametype|singles
|player|p1|luckii_girl|caitlin|
|player|p2|Girls See Ghosts|phoebe-gen6|
|teamsize|p1|6
|teamsize|p2|6
|gen|3
|tier|[Gen 3] OU
|rule|Sleep Clause Mod: Limit one foe put to sleep
|rule|Switch Priority Clause Mod: Faster Pokémon switch first
|rule|Species Clause: Limit one of each Pokémon
|rule|OHKO Clause: OHKO moves are banned
|rule|Evasion Items Clause: Evasion items are banned
|rule|Evasion Moves Clause: Evasion moves are banned
|rule|Endless Battle Clause: Forcing endless battles is banned
|rule|HP Percentage Mod: HP is shown in percentages
|rule|One Boost Passer Clause: Limit one Baton Passer that has a way to boost its stats
|rule|Freeze Clause Mod: Limit one foe frozen
|
|t:|1728496084
|start
|switch|p1a: Zapdos|Zapdos|100/100
|switch|p2a: Do It For Her|Swampert, M|100/100
|turn|1
|inactive|luckii_girl has 270 seconds left.
|
|t:|1728496124
|switch|p2a: Love Like You|Blissey, F|100/100
|move|p1a: Zapdos|Rain Dance|p1a: Zapdos
|-weather|RainDance
|
|-weather|RainDance|[upkeep]
|upkeep
|turn|2
|
|t:|1728496142
|move|p1a: Zapdos|Drill Peck|p2a: Love Like You
|-damage|p2a: Love Like You|76/100
|move|p2a: Love Like You|Toxic|p1a: Zapdos
|-status|p1a: Zapdos|tox
|
|-weather|RainDance|[upkeep]
|-damage|p1a: Zapdos|94/100 tox|[from] psn
|-heal|p2a: Love Like You|83/100|[from] item: Leftovers
|upkeep
|turn|3
|
|t:|1728496147
|move|p1a: Zapdos|Baton Pass|p1a: Zapdos
|
|t:|1728496150
|switch|p1a: Snorlax|Snorlax, F|100/100|[from] Baton Pass
|move|p2a: Love Like You|Soft-Boiled|p2a: Love Like You
|-heal|p2a: Love Like You|100/100
|
|-weather|RainDance|[upkeep]
|upkeep
|turn|4
|
|t:|1728496158
|switch|p2a: Do It For Her|Swampert, M|100/100
|move|p1a: Snorlax|Body Slam|p2a: Do It For Her
|-damage|p2a: Do It For Her|72/100
|-status|p2a: Do It For Her|par
|
|-weather|RainDance|[upkeep]
|-heal|p2a: Do It For Her|79/100 par|[from] item: Leftovers
|upkeep
|turn|5
|
|t:|1728496177
|switch|p1a: Zapdos|Zapdos|94/100 tox
|move|p2a: Do It For Her|Surf|p1a: Zapdos
|-damage|p1a: Zapdos|55/100 tox
|
|-weather|none
|-heal|p1a: Zapdos|61/100 tox|[from] item: Leftovers
|-damage|p1a: Zapdos|55/100 tox|[from] psn
|-heal|p2a: Do It For Her|85/100 par|[from] item: Leftovers
|upkeep
|turn|6
|
|t:|1728496185
|switch|p2a: Love Like You|Blissey, F|100/100
|move|p1a: Zapdos|Rain Dance|p1a: Zapdos
|-weather|RainDance
|
|-weather|RainDance|[upkeep]
|-heal|p1a: Zapdos|61/100 tox|[from] item: Leftovers
|-damage|p1a: Zapdos|49/100 tox|[from] psn
|upkeep
|turn|7
|
|t:|1728496190
|move|p1a: Zapdos|Baton Pass|p1a: Zapdos
|
|t:|1728496198
|switch|p1a: Snorlax|Snorlax, F|100/100|[from] Baton Pass
|move|p2a: Love Like You|Seismic Toss|p1a: Snorlax
|-damage|p1a: Snorlax|81/100
|
|-weather|RainDance|[upkeep]
|-heal|p1a: Snorlax|88/100|[from] item: Leftovers
|upkeep
|turn|8
|
|t:|1728496209
|switch|p2a: Aquamarine|Celebi|100/100
|move|p1a: Snorlax|Brick Break|p2a: Aquamarine
|-resisted|p2a: Aquamarine
|-damage|p2a: Aquamarine|91/100
|
|-weather|RainDance|[upkeep]
|-heal|p2a: Aquamarine|97/100|[from] item: Leftovers
|-heal|p1a: Snorlax|94/100|[from] item: Leftovers
|upkeep
|turn|9
|
|t:|1728496216
|move|p2a: Aquamarine|Leech Seed|p1a: Snorlax
|-start|p1a: Snorlax|move: Leech Seed
|move|p1a: Snorlax|Body Slam|p2a: Aquamarine
|-damage|p2a: Aquamarine|66/100
|
|-weather|RainDance|[upkeep]
|-heal|p2a: Aquamarine|72/100|[from] item: Leftovers
|-heal|p1a: Snorlax|99/100|[from] item: Leftovers
|-damage|p1a: Snorlax|87/100|[from] Leech Seed|[of] p2a: Aquamarine
|-heal|p2a: Aquamarine|88/100|[silent]
|upkeep
|turn|10
|
|t:|1728496233
|switch|p2a: Escapism|Skarmory, M|100/100
|switch|p1a: Zapdos|Zapdos|49/100 tox
|
|-weather|none
|-heal|p1a: Zapdos|55/100 tox|[from] item: Leftovers
|-damage|p1a: Zapdos|49/100 tox|[from] psn
|upkeep
|turn|11
|
|t:|1728496248
|switch|p1a: Starmie|Starmie|100/100
|switch|p2a: Love Like You|Blissey, F|100/100
|
|upkeep
|turn|12
|
|t:|1728496259
|switch|p1a: Swampert|Swampert, F|100/100
|move|p2a: Love Like You|Seismic Toss|p1a: Swampert
|-damage|p1a: Swampert|76/100
|
|-heal|p1a: Swampert|82/100|[from] item: Leftovers
|upkeep
|turn|13
|
|t:|1728496266
|move|p2a: Love Like You|Toxic|p1a: Swampert
|-status|p1a: Swampert|tox
|move|p1a: Swampert|Rock Slide|p2a: Love Like You
|-damage|p2a: Love Like You|79/100
|
|-heal|p2a: Love Like You|85/100|[from] item: Leftovers
|-heal|p1a: Swampert|88/100 tox|[from] item: Leftovers
|-damage|p1a: Swampert|82/100 tox|[from] psn
|upkeep
|turn|14
|
|t:|1728496272
|switch|p1a: Snorlax|Snorlax, F|87/100
|move|p2a: Love Like You|Seismic Toss|p1a: Snorlax
|-damage|p1a: Snorlax|68/100
|
|-heal|p2a: Love Like You|91/100|[from] item: Leftovers
|-heal|p1a: Snorlax|74/100|[from] item: Leftovers
|upkeep
|turn|15
|
|t:|1728496282
|switch|p2a: Aquamarine|Celebi|88/100
|switch|p1a: Starmie|Starmie|100/100
|
|-heal|p2a: Aquamarine|94/100|[from] item: Leftovers
|upkeep
|turn|16
|
|t:|1728496290
|switch|p2a: Love Like You|Blissey, F|91/100
|move|p1a: Starmie|Ice Beam|p2a: Love Like You
|-damage|p2a: Love Like You|82/100
|
|-heal|p2a: Love Like You|88/100|[from] item: Leftovers
|upkeep
|turn|17
|
|t:|1728496302
|switch|p1a: Snorlax|Snorlax, F|74/100
|move|p2a: Love Like You|Seismic Toss|p1a: Snorlax
|-damage|p1a: Snorlax|55/100
|
|-heal|p2a: Love Like You|94/100|[from] item: Leftovers
|-heal|p1a: Snorlax|61/100|[from] item: Leftovers
|upkeep
|turn|18
|
|t:|1728496313
|switch|p2a: Aquamarine|Celebi|94/100
|move|p1a: Snorlax|Body Slam|p2a: Aquamarine
|-damage|p2a: Aquamarine|66/100
|-status|p2a: Aquamarine|par
|
|-heal|p1a: Snorlax|67/100|[from] item: Leftovers
|-heal|p2a: Aquamarine|72/100 par|[from] item: Leftovers
|upkeep
|turn|19
|
|t:|1728496329
|switch|p1a: Delcatty|Delcatty, M|100/100
|move|p2a: Aquamarine|Leech Seed|p1a: Delcatty
|-start|p1a: Delcatty|move: Leech Seed
|
|-damage|p1a: Delcatty|88/100|[from] Leech Seed|[of] p2a: Aquamarine
|-heal|p2a: Aquamarine|82/100 par|[silent]
|-heal|p2a: Aquamarine|89/100 par|[from] item: Leftovers
|upkeep
|turn|20
|
|t:|1728496342
|move|p1a: Delcatty|Rain Dance|p1a: Delcatty
|-weather|RainDance
|cant|p2a: Aquamarine|par
|
|-weather|RainDance|[upkeep]
|-heal|p1a: Delcatty|94/100|[from] item: Leftovers
|-damage|p1a: Delcatty|82/100|[from] Leech Seed|[of] p2a: Aquamarine
|-heal|p2a: Aquamarine|99/100 par|[silent]
|-heal|p2a: Aquamarine|100/100 par|[from] item: Leftovers
|upkeep
|turn|21
|
|t:|1728496346
|move|p1a: Delcatty|Calm Mind|p1a: Delcatty
|-boost|p1a: Delcatty|spa|1
|-boost|p1a: Delcatty|spd|1
|move|p2a: Aquamarine|Psychic|p1a: Delcatty
|-damage|p1a: Delcatty|51/100
|
|-weather|RainDance|[upkeep]
|-heal|p1a: Delcatty|57/100|[from] item: Leftovers
|-damage|p1a: Delcatty|45/100|[from] Leech Seed|[of] p2a: Aquamarine
|upkeep
|turn|22
|
|t:|1728496356
|-curestatus|p2a: Aquamarine|par|[from] ability: Natural Cure
|switch|p2a: Love Like You|Blissey, F|94/100
|move|p1a: Delcatty|Baton Pass|p1a: Delcatty
|
|t:|1728496380
|switch|p1a: Kingdra|Kingdra, F|100/100|[from] Baton Pass
|
|-weather|RainDance|[upkeep]
|-damage|p1a: Kingdra|88/100|[from] Leech Seed|[of] p2a: Love Like You
|-heal|p2a: Love Like You|99/100|[silent]
|-heal|p2a: Love Like You|100/100|[from] item: Leftovers
|upkeep
|turn|23
|
|t:|1728496401
|move|p1a: Kingdra|Hydro Pump|p2a: Love Like You
|-damage|p2a: Love Like You|55/100
|move|p2a: Love Like You|Seismic Toss|p1a: Kingdra
|-damage|p1a: Kingdra|54/100
|
|-weather|RainDance|[upkeep]
|-damage|p1a: Kingdra|41/100|[from] Leech Seed|[of] p2a: Love Like You
|-heal|p2a: Love Like You|60/100|[silent]
|-heal|p2a: Love Like You|66/100|[from] item: Leftovers
|upkeep
|turn|24
|
|t:|1728496408
|switch|p1a: Snorlax|Snorlax, F|67/100
|move|p2a: Love Like You|Soft-Boiled|p2a: Love Like You
|-heal|p2a: Love Like You|100/100
|
|-weather|none
|-heal|p1a: Snorlax|74/100|[from] item: Leftovers
|upkeep
|turn|25
|inactive|luckii_girl has 270 seconds left.
|
|t:|1728496441
|switch|p2a: Escapism|Skarmory, M|100/100
|move|p1a: Snorlax|Body Slam|p2a: Escapism
|-resisted|p2a: Escapism
|-damage|p2a: Escapism|85/100
|-status|p2a: Escapism|par
|
|-heal|p1a: Snorlax|80/100|[from] item: Leftovers
|-heal|p2a: Escapism|91/100 par|[from] item: Leftovers
|upkeep
|turn|26
|
|t:|1728496449
|switch|p1a: Starmie|Starmie|100/100
|move|p2a: Escapism|Spikes|p1a: Starmie
|-sidestart|p1: luckii_girl|Spikes
|
|-heal|p2a: Escapism|97/100 par|[from] item: Leftovers
|upkeep
|turn|27
|
|t:|1728496456
|switch|p1a: Snorlax|Snorlax, F|80/100
|-damage|p1a: Snorlax|67/100|[from] Spikes
|switch|p2a: Love Like You|Blissey, F|100/100
|
|-heal|p1a: Snorlax|73/100|[from] item: Leftovers
|upkeep
|turn|28
|
|t:|1728496468
|switch|p2a: Aquamarine|Celebi|100/100
|move|p1a: Snorlax|Brick Break|p2a: Aquamarine
|-resisted|p2a: Aquamarine
|-damage|p2a: Aquamarine|92/100
|
|-heal|p2a: Aquamarine|98/100|[from] item: Leftovers
|-heal|p1a: Snorlax|80/100|[from] item: Leftovers
|upkeep
|turn|29
|
|t:|1728496483
|move|p2a: Aquamarine|Leech Seed|p1a: Snorlax
|-start|p1a: Snorlax|move: Leech Seed
|move|p1a: Snorlax|Self-Destruct|p2a: Aquamarine
|-damage|p2a: Aquamarine|0 fnt
|faint|p1a: Snorlax
|faint|p2a: Aquamarine
|inactive|luckii_girl has 270 seconds left.
|
|t:|1728496523
|switch|p2a: Topaz|Dugtrio, F|100/100
|switch|p1a: Swampert|Swampert, F|82/100 tox
|-damage|p1a: Swampert|70/100 tox|[from] Spikes
|
|-heal|p1a: Swampert|76/100 tox|[from] item: Leftovers
|-damage|p1a: Swampert|70/100 tox|[from] psn
|upkeep
|turn|30
|
|t:|1728496528
|switch|p2a: Love Like You|Blissey, F|100/100
|move|p1a: Swampert|Surf|p2a: Love Like You
|-damage|p2a: Love Like You|90/100
|
|-heal|p2a: Love Like You|96/100|[from] item: Leftovers
|-heal|p1a: Swampert|76/100 tox|[from] item: Leftovers
|-damage|p1a: Swampert|63/100 tox|[from] psn
|upkeep
|turn|31
|
|t:|1728496533
|move|p2a: Love Like You|Seismic Toss|p1a: Swampert
|-damage|p1a: Swampert|39/100 tox
|move|p1a: Swampert|Refresh|p1a: Swampert
|-curestatus|p1a: Swampert|tox|[msg]
|
|-heal|p2a: Love Like You|100/100|[from] item: Leftovers
|-heal|p1a: Swampert|45/100|[from] item: Leftovers
|upkeep
|turn|32
|
|t:|1728496542
|move|p2a: Love Like You|Toxic|p1a: Swampert
|-status|p1a: Swampert|tox
|move|p1a: Swampert|Earthquake|p2a: Love Like You
|-damage|p2a: Love Like You|58/100
|
|-heal|p2a: Love Like You|65/100|[from] item: Leftovers
|-heal|p1a: Swampert|51/100 tox|[from] item: Leftovers
|-damage|p1a: Swampert|45/100 tox|[from] psn
|upkeep
|turn|33
|
|t:|1728496554
|switch|p1a: Zapdos|Zapdos|49/100 tox
|move|p2a: Love Like You|Seismic Toss|p1a: Zapdos
|-damage|p1a: Zapdos|22/100 tox
|
|-heal|p1a: Zapdos|28/100 tox|[from] item: Leftovers
|-damage|p1a: Zapdos|22/100 tox|[from] psn
|-heal|p2a: Love Like You|71/100|[from] item: Leftovers
|upkeep
|turn|34
|
|t:|1728496564
|move|p1a: Zapdos|Rain Dance|p1a: Zapdos
|-weather|RainDance
|move|p2a: Love Like You|Seismic Toss|p1a: Zapdos
|-damage|p1a: Zapdos|0 fnt
|faint|p1a: Zapdos
|
|t:|1728496568
|switch|p1a: Delcatty|Delcatty, M|45/100
|-damage|p1a: Delcatty|33/100|[from] Spikes
|
|-weather|RainDance|[upkeep]
|-heal|p1a: Delcatty|39/100|[from] item: Leftovers
|-heal|p2a: Love Like You|77/100|[from] item: Leftovers
|upkeep
|turn|35
|
|t:|1728496577
|move|p1a: Delcatty|Thunder|p2a: Love Like You
|-damage|p2a: Love Like You|69/100
|move|p2a: Love Like You|Toxic|p1a: Delcatty
|-status|p1a: Delcatty|tox
|
|-weather|RainDance|[upkeep]
|-heal|p1a: Delcatty|45/100 tox|[from] item: Leftovers
|-damage|p1a: Delcatty|39/100 tox|[from] psn
|-heal|p2a: Love Like You|75/100|[from] item: Leftovers
|upkeep
|turn|36
|
|t:|1728496582
|move|p1a: Delcatty|Calm Mind|p1a: Delcatty
|-boost|p1a: Delcatty|spa|1
|-boost|p1a: Delcatty|spd|1
|move|p2a: Love Like You|Seismic Toss|p1a: Delcatty
|-damage|p1a: Delcatty|10/100 tox
|-start|p2a: Love Like You|Attract|[from] ability: Cute Charm|[of] p1a: Delcatty
|
|-weather|RainDance|[upkeep]
|-heal|p1a: Delcatty|16/100 tox|[from] item: Leftovers
|-damage|p1a: Delcatty|4/100 tox|[from] psn
|-heal|p2a: Love Like You|81/100|[from] item: Leftovers
|upkeep
|turn|37
|
|t:|1728496591
|move|p1a: Delcatty|Baton Pass|p1a: Delcatty
|
|t:|1728496603
|switch|p1a: Starmie|Starmie|100/100|[from] Baton Pass
|-end|p2a: Love Like You|Attract|[silent]
|-damage|p1a: Starmie|88/100|[from] Spikes
|move|p2a: Love Like You|Seismic Toss|p1a: Starmie
|-damage|p1a: Starmie|51/100
|
|-weather|RainDance|[upkeep]
|-heal|p1a: Starmie|58/100|[from] item: Leftovers
|-heal|p2a: Love Like You|87/100|[from] item: Leftovers
|upkeep
|turn|38
|
|t:|1728496609
|move|p1a: Starmie|Rapid Spin|p2a: Love Like You
|-damage|p2a: Love Like You|85/100
|-sideend|p1: luckii_girl|Spikes|[from] move: Rapid Spin|[of] p1a: Starmie
|move|p2a: Love Like You|Toxic|p1a: Starmie
|-status|p1a: Starmie|tox
|
|-weather|none
|-heal|p1a: Starmie|64/100 tox|[from] item: Leftovers
|-damage|p1a: Starmie|58/100 tox|[from] psn
|-heal|p2a: Love Like You|91/100|[from] item: Leftovers
|upkeep
|turn|39
|
|t:|1728496614
|move|p1a: Starmie|Psychic|p2a: Love Like You
|-crit|p2a: Love Like You
|-damage|p2a: Love Like You|48/100
|move|p2a: Love Like You|Seismic Toss|p1a: Starmie
|-damage|p1a: Starmie|21/100 tox
|
|-heal|p1a: Starmie|27/100 tox|[from] item: Leftovers
|-damage|p1a: Starmie|15/100 tox|[from] psn
|-heal|p2a: Love Like You|54/100|[from] item: Leftovers
|upkeep
|turn|40
|
|t:|1728496619
|move|p1a: Starmie|Psychic|p2a: Love Like You
|-damage|p2a: Love Like You|35/100
|move|p2a: Love Like You|Soft-Boiled|p2a: Love Like You
|-heal|p2a: Love Like You|85/100
|
|-heal|p1a: Starmie|21/100 tox|[from] item: Leftovers
|-damage|p1a: Starmie|2/100 tox|[from] psn
|-heal|p2a: Love Like You|91/100|[from] item: Leftovers
|upkeep
|turn|41
|
|t:|1728496623
|move|p1a: Starmie|Psychic|p2a: Love Like You
|-damage|p2a: Love Like You|69/100
|move|p2a: Love Like You|Soft-Boiled|p2a: Love Like You
|-heal|p2a: Love Like You|100/100
|
|-heal|p1a: Starmie|9/100 tox|[from] item: Leftovers
|-damage|p1a: Starmie|0 fnt|[from] psn
|faint|p1a: Starmie
|upkeep
|
|t:|1728496633
|switch|p1a: Swampert|Swampert, F|45/100 tox
|turn|42
|
|t:|1728496642
|move|p2a: Love Like You|Seismic Toss|p1a: Swampert
|-damage|p1a: Swampert|20/100 tox
|move|p1a: Swampert|Rock Slide|p2a: Love Like You|[miss]
|-miss|p1a: Swampert|p2a: Love Like You
|
|-heal|p1a: Swampert|26/100 tox|[from] item: Leftovers
|-damage|p1a: Swampert|20/100 tox|[from] psn
|upkeep
|turn|43
|-message|luckii_girl forfeited.
|
|win|Girls See Ghosts
|c|☆Girls See Ghosts|gg

</script>
<script type="application/json" class="data" id="replaydata-smogtours-gen3ou-796680">
{"id":"smogtours-gen3ou-796680","format":"[Gen 3] OU","players":["luckii_girl","Girls See Ghosts"],"uploadtime":1728496647,"views":96,"formatid":"gen3ou","rating":null,"private":0,"password":null}
</script>

<script defer src="js/replays.js?9d40a366"></script>
