<!DOCTYPE html>
<meta charset="utf-8" />
<meta name="viewport" content="width=device-width" />

<title>[Gen 3] OU: stypur vs. ojr - Replays - Pok&eacute;mon Showdown!</title>

<meta name="description" content="Watch a replay of a Pok&eacute;mon battle between stypur and ojr! Format: [Gen 3] OU; Date: Oct 8, 2024" />
<!--

Hey, you! Looking in the source for the replay log?

You can find them in JSON format, just add `.json` at the end of a replay URL.

https://replay.pokemonshowdown.com/gen7randomdoublesbattle-865046831.json

Or, if you only need the log itself, add `.log` instead:

https://replay.pokemonshowdown.com/gen7randomdoublesbattle-865046831.log

-->

<link rel="stylesheet" href="//pokemonshowdown.com/style/global.css?0.023195364461161105" />
<link rel="stylesheet" href="//play.pokemonshowdown.com/style/font-awesome.css?0.13261647063804238" />
<link rel="stylesheet" href="//play.pokemonshowdown.com/style/battle.css?0.8753245789963631" />
<link rel="stylesheet" href="//play.pokemonshowdown.com/style/utilichart.css?0.8627959624976733" />

<!-- Global site tag (gtag.js) - Google Analytics -->
<script async src="https://www.googletagmanager.com/gtag/js?id=UA-26211653-1"></script>
<script>
  window.dataLayer = window.dataLayer || [];
  function gtag(){dataLayer.push(arguments);}
  gtag('js', new Date());

  gtag('config', 'UA-26211653-1');
</script>
<!-- End Google Analytics -->
<!-- Venatus Ad Manager - Install in <HEAD> of page -->
	<script src="https://hb.vntsm.com/v3/live/ad-manager.min.js" type="text/javascript" data-site-id="642aba63ec9a7b11c3c9c1be" data-mode="scan" async></script>
<!-- / Venatus Ad Manager -->

<style>
	@media (max-width:820px) {
		.battle {
			margin: 0 auto;
		}
		.battle-log {
			margin: 7px auto 0;
			max-width: 640px;
			height: 300px;
			position: static;
		}
	}
	.optgroup {
		display: inline-block;
		line-height: 22px;
		font-size: 10pt;
	}
	.optgroup .button {
		height: 25px;
		padding-top: 0;
		padding-bottom: 0;
	}
	.optgroup button.button {
		padding-left: 12px;
		padding-right: 12px;
	}
	.linklist {
		list-style: none;
		margin: 0.5em 0;
		padding: 0;
	}
	.linklist li {
		padding: 2px 0;
	}
	.sidebar {
		float: left;
		width: 320px;
	}
	.bar-wrapper {
		max-width: 1100px;
		margin: 0 auto;
	}
	.bar-wrapper.has-sidebar {
		max-width: 1430px;
	}
	.mainbar {
		margin: 0;
		padding-right: 1px;
	}
	.mainbar.has-sidebar {
		margin-left: 330px;
	}
	@media (min-width: 1511px) {
		.sidebar {
			width: 400px;
		}
		.bar-wrapper.has-sidebar {
			max-width: 1510px;
		}
		.mainbar.has-sidebar {
			margin-left: 410px;
		}
	}
	.section.first-section {
		margin-top: 9px;
	}
	.blocklink small {
		white-space: normal;
	}
	.button {
		vertical-align: middle;
	}
	.replay-controls {
		padding-top: 10px;
	}
	.replay-controls h1 {
		font-size: 16pt;
		font-weight: normal;
		color: #CCC;
	}
	.pagelink {
		text-align: center;
	}
	.pagelink a {
		width: 150px;
	}
	.textbox, .button {
		font-size: 11pt;
		vertical-align: middle;
	}
	@media (max-width: 450px) {
		.button {
			font-size: 9pt;
		}
	}
</style>

<div>

	<header>
		<div class="nav-wrapper"><ul class="nav">
			<li><a class="button nav-first" href="//pokemonshowdown.com/"><img src="//pokemonshowdown.com/images/pokemonshowdownbeta.png" srcset="//pokemonshowdown.com/images/pokemonshowdownbeta.png 1x, //pokemonshowdown.com/images/pokemonshowdownbeta@2x.png 2x" alt="Pok&eacute;mon Showdown" width="146" height="44" /> Home</a></li>
			<li><a class="button" href="//pokemonshowdown.com/dex/">Pok&eacute;dex</a></li>
			<li><a class="button cur" href="/">Replays</a></li>
			<li><a class="button" href="//pokemonshowdown.com/ladder/">Ladder</a></li>
			<li><a class="button nav-last" href="//pokemonshowdown.com/forums/">Forum</a></li>
			<li><a class="button greenbutton nav-first nav-last" href="//play.pokemonshowdown.com/">Play</a></li>
		</ul></div>
	</header>

	<div class="main" id="main">

		<noscript><section class="section">You need to enable JavaScript to use this page; sorry!</section></noscript>

	</div>

</div>

<script defer nomodule src="//play.pokemonshowdown.com/js/lib/ps-polyfill.js"></script>
<script defer src="//play.pokemonshowdown.com/js/lib/preact.min.js"></script>

<script defer src="//play.pokemonshowdown.com/config/config.js?2bddbc15"></script>
<script defer src="//play.pokemonshowdown.com/js/lib/jquery-1.11.0.min.js"></script>
<script defer src="//play.pokemonshowdown.com/js/lib/html-sanitizer-minified.js"></script>
<script defer src="//play.pokemonshowdown.com/js/battle-sound.js"></script>
<script defer src="//play.pokemonshowdown.com/js/battledata.js?0.7209276989879541"></script>
<script defer src="//play.pokemonshowdown.com/data/pokedex-mini.js?0.6111056340867951"></script>
<script defer src="//play.pokemonshowdown.com/data/pokedex-mini-bw.js?0.3532142036491459"></script>
<script defer src="//play.pokemonshowdown.com/data/graphics.js?0.24223875632456182"></script>
<script defer src="//play.pokemonshowdown.com/data/pokedex.js?0.38839984266356864"></script>
<script defer src="//play.pokemonshowdown.com/data/moves.js?0.21866028504024015"></script>
<script defer src="//play.pokemonshowdown.com/data/abilities.js?0.2005157953846628"></script>
<script defer src="//play.pokemonshowdown.com/data/items.js?0.9894211263848525"></script>
<script defer src="//play.pokemonshowdown.com/data/teambuilder-tables.js?0.6008791140282215"></script>
<script defer src="//play.pokemonshowdown.com/js/battle-tooltips.js?0.7580118955022959"></script>
<script defer src="//play.pokemonshowdown.com/js/battle.js?0.6057722274234274"></script>

<script defer src="js/utils.js?e31f9a17"></script>
<script defer src="js/replays-battle.js?7008c182"></script>

<!-- don't scrape this data! just add .json or .log after the URL!
Full API docs: https://github.com/smogon/pokemon-showdown-client/blob/master/WEB-API.md -->
<script type="text/plain" class="log" id="replaylog-smogtours-gen3ou-796482">
|inactive|Battle timer is ON: inactive players will automatically lose when time's up.
|t:|1728419161
|gametype|singles
|player|p1|stypur|swimmerf|
|player|p2|ojr|#ptplvjirachis|
|teamsize|p1|6
|teamsize|p2|6
|gen|3
|tier|[Gen 3] OU
|rule|Sleep Clause Mod: Limit one foe put to sleep
|rule|Switch Priority Clause Mod: Faster Pokémon switch first
|rule|Species Clause: Limit one of each Pokémon
|rule|OHKO Clause: OHKO moves are banned
|rule|Evasion Items Clause: Evasion items are banned
|rule|Evasion Moves Clause: Evasion moves are banned
|rule|Endless Battle Clause: Forcing endless battles is banned
|rule|HP Percentage Mod: HP is shown in percentages
|rule|One Boost Passer Clause: Limit one Baton Passer that has a way to boost its stats
|rule|Freeze Clause Mod: Limit one foe frozen
|
|t:|1728419161
|start
|switch|p1a: Hariyama|Hariyama, M|100/100
|switch|p2a: Zapdos|Zapdos|100/100
|turn|1
|
|t:|1728419187
|move|p2a: Zapdos|Thunderbolt|p1a: Hariyama
|-damage|p1a: Hariyama|60/100
|move|p1a: Hariyama|Knock Off|p2a: Zapdos
|-damage|p2a: Zapdos|99/100
|-enditem|p2a: Zapdos|Leftovers|[from] move: Knock Off|[of] p1a: Hariyama
|-hint|In Gens 3-4, Knock Off only makes the target's item unusable; it cannot obtain a new item.
|
|-heal|p1a: Hariyama|66/100|[from] item: Leftovers
|upkeep
|turn|2
|
|t:|1728419211
|switch|p2a: Metagross|Metagross|100/100
|switch|p1a: Celebi|Celebi|100/100
|
|upkeep
|turn|3
|
|t:|1728419224
|switch|p1a: Jirachi|Jirachi|100/100
|move|p2a: Metagross|Meteor Mash|p1a: Jirachi
|-resisted|p1a: Jirachi
|-damage|p1a: Jirachi|71/100
|
|-heal|p1a: Jirachi|77/100|[from] item: Leftovers
|upkeep
|turn|4
|
|t:|1728419242
|switch|p2a: Swampert|Swampert, F|100/100
|move|p1a: Jirachi|Body Slam|p2a: Swampert
|-damage|p2a: Swampert|87/100
|-status|p2a: Swampert|par
|
|-heal|p1a: Jirachi|83/100|[from] item: Leftovers
|-heal|p2a: Swampert|94/100 par|[from] item: Leftovers
|upkeep
|turn|5
|inactive|ojr has 270 seconds left.
|
|t:|1728419284
|switch|p1a: Celebi|Celebi|100/100
|switch|p2a: Tyranitar|Tyranitar, M|100/100
|-weather|Sandstorm|[from] ability: Sand Stream|[of] p2a: Tyranitar
|
|-weather|Sandstorm|[upkeep]
|-damage|p1a: Celebi|94/100|[from] Sandstorm
|-heal|p1a: Celebi|100/100|[from] item: Leftovers
|upkeep
|turn|6
|
|t:|1728419304
|-singleturn|p2a: Tyranitar|move: Focus Punch
|switch|p1a: Hariyama|Hariyama, M|66/100
|move|p2a: Tyranitar|Focus Punch|p1a: Hariyama
|-damage|p1a: Hariyama|14/100
|
|-weather|Sandstorm|[upkeep]
|-damage|p1a: Hariyama|8/100|[from] Sandstorm
|-heal|p1a: Hariyama|14/100|[from] item: Leftovers
|upkeep
|turn|7
|
|t:|1728419322
|switch|p1a: Starmie|Starmie|100/100
|move|p2a: Tyranitar|Earthquake|p1a: Starmie
|-damage|p1a: Starmie|60/100
|
|-weather|Sandstorm|[upkeep]
|-damage|p1a: Starmie|54/100|[from] Sandstorm
|-heal|p1a: Starmie|60/100|[from] item: Leftovers
|upkeep
|turn|8
|inactive|ojr has 240 seconds left.
|
|t:|1728419367
|switch|p2a: Zapdos|Zapdos|99/100
|move|p1a: Starmie|Thunder Wave|p2a: Zapdos
|-status|p2a: Zapdos|par
|
|-weather|Sandstorm|[upkeep]
|-damage|p1a: Starmie|54/100|[from] Sandstorm
|-damage|p2a: Zapdos|93/100 par|[from] Sandstorm
|-heal|p1a: Starmie|60/100|[from] item: Leftovers
|upkeep
|turn|9
|
|t:|1728419380
|switch|p1a: Jirachi|Jirachi|83/100
|move|p2a: Zapdos|Thunderbolt|p1a: Jirachi
|-damage|p1a: Jirachi|56/100
|-status|p1a: Jirachi|par
|
|-weather|Sandstorm|[upkeep]
|-damage|p2a: Zapdos|86/100 par|[from] Sandstorm
|-heal|p1a: Jirachi|62/100 par|[from] item: Leftovers
|upkeep
|turn|10
|inactive|ojr has 210 seconds left.
|
|t:|1728419406
|switch|p2a: Tyranitar|Tyranitar, M|100/100
|cant|p1a: Jirachi|par
|
|-weather|Sandstorm|[upkeep]
|-heal|p1a: Jirachi|69/100 par|[from] item: Leftovers
|upkeep
|turn|11
|inactive|ojr has 180 seconds left.
|
|t:|1728419462
|switch|p2a: Dugtrio|Dugtrio, F|100/100
|cant|p1a: Jirachi|par
|
|-weather|Sandstorm|[upkeep]
|-heal|p1a: Jirachi|75/100 par|[from] item: Leftovers
|upkeep
|turn|12
|
|t:|1728419468
|move|p1a: Jirachi|Protect|p1a: Jirachi
|-singleturn|p1a: Jirachi|Protect
|move|p2a: Dugtrio|Earthquake|p1a: Jirachi
|-activate|p1a: Jirachi|Protect
|
|-weather|Sandstorm|[upkeep]
|-heal|p1a: Jirachi|81/100 par|[from] item: Leftovers
|upkeep
|turn|13
|
|t:|1728419471
|move|p1a: Jirachi|Protect|p1a: Jirachi
|-singleturn|p1a: Jirachi|Protect
|move|p2a: Dugtrio|Earthquake|p1a: Jirachi
|-activate|p1a: Jirachi|Protect
|
|-weather|Sandstorm|[upkeep]
|-heal|p1a: Jirachi|87/100 par|[from] item: Leftovers
|upkeep
|turn|14
|inactive|ojr has 180 seconds left.
|
|t:|1728419482
|move|p2a: Dugtrio|Earthquake|p1a: Jirachi
|-supereffective|p1a: Jirachi
|-damage|p1a: Jirachi|4/100 par
|cant|p1a: Jirachi|par
|
|-weather|Sandstorm|[upkeep]
|-heal|p1a: Jirachi|10/100 par|[from] item: Leftovers
|upkeep
|turn|15
|
|t:|1728419486
|move|p1a: Jirachi|Protect|p1a: Jirachi
|-singleturn|p1a: Jirachi|Protect
|move|p2a: Dugtrio|Earthquake|p1a: Jirachi
|-activate|p1a: Jirachi|Protect
|
|-weather|Sandstorm|[upkeep]
|-heal|p1a: Jirachi|16/100 par|[from] item: Leftovers
|upkeep
|turn|16
|
|t:|1728419489
|cant|p1a: Jirachi|par
|move|p2a: Dugtrio|Earthquake|p1a: Jirachi
|-supereffective|p1a: Jirachi
|-damage|p1a: Jirachi|0 fnt
|faint|p1a: Jirachi
|
|t:|1728419507
|switch|p1a: Salamence|Salamence, M|100/100
|-ability|p1a: Salamence|Intimidate|boost
|-unboost|p2a: Dugtrio|atk|1
|
|-weather|Sandstorm|[upkeep]
|-damage|p1a: Salamence|94/100|[from] Sandstorm
|-heal|p1a: Salamence|100/100|[from] item: Leftovers
|upkeep
|turn|17
|inactive|ojr has 180 seconds left.
|
|t:|1728419553
|switch|p2a: Aerodactyl|Aerodactyl, M|100/100
|move|p1a: Salamence|Wish|p1a: Salamence
|
|-weather|Sandstorm|[upkeep]
|-damage|p1a: Salamence|94/100|[from] Sandstorm
|-heal|p1a: Salamence|100/100|[from] item: Leftovers
|upkeep
|turn|18
|
|t:|1728419572
|move|p1a: Salamence|Protect|p1a: Salamence
|-singleturn|p1a: Salamence|Protect
|move|p2a: Aerodactyl|Rock Slide|p1a: Salamence|[miss]
|-miss|p2a: Aerodactyl|p1a: Salamence
|
|-weather|Sandstorm|[upkeep]
|-damage|p1a: Salamence|94/100|[from] Sandstorm
|-heal|p1a: Salamence|100/100|[from] item: Leftovers
|upkeep
|turn|19
|
|t:|1728419579
|switch|p1a: Marowak|Marowak, M|100/100
|move|p2a: Aerodactyl|Rock Slide|p1a: Marowak
|-resisted|p1a: Marowak
|-crit|p1a: Marowak
|-damage|p1a: Marowak|39/100
|
|-weather|Sandstorm|[upkeep]
|upkeep
|turn|20
|inactive|ojr has 180 seconds left.
|c|☆ojr|lucky asf mb
|
|t:|1728419602
|switch|p2a: Swampert|Swampert, F|94/100 par
|move|p1a: Marowak|Earthquake|p2a: Swampert
|-damage|p2a: Swampert|34/100 par
|
|-weather|Sandstorm|[upkeep]
|-heal|p2a: Swampert|40/100 par|[from] item: Leftovers
|upkeep
|turn|21
|
|t:|1728419614
|switch|p1a: Celebi|Celebi|100/100
|cant|p2a: Swampert|par
|
|-weather|Sandstorm|[upkeep]
|-damage|p1a: Celebi|94/100|[from] Sandstorm
|-heal|p1a: Celebi|100/100|[from] item: Leftovers
|-heal|p2a: Swampert|46/100 par|[from] item: Leftovers
|upkeep
|turn|22
|c|☆stypur|ur fine
|
|t:|1728419642
|switch|p2a: Metagross|Metagross|100/100
|move|p1a: Celebi|Leech Seed|p2a: Metagross
|-start|p2a: Metagross|move: Leech Seed
|
|-weather|Sandstorm|[upkeep]
|-damage|p1a: Celebi|94/100|[from] Sandstorm
|-heal|p1a: Celebi|100/100|[from] item: Leftovers
|-damage|p2a: Metagross|88/100|[from] Leech Seed|[of] p1a: Celebi
|upkeep
|turn|23
|inactive|ojr has 150 seconds left.
|
|t:|1728419666
|switch|p1a: Hariyama|Hariyama, M|14/100
|switch|p2a: Aerodactyl|Aerodactyl, M|100/100
|
|-weather|Sandstorm|[upkeep]
|-damage|p1a: Hariyama|8/100|[from] Sandstorm
|-heal|p1a: Hariyama|14/100|[from] item: Leftovers
|upkeep
|turn|24
|inactive|ojr has 150 seconds left.
|
|t:|1728419687
|move|p2a: Aerodactyl|Hidden Power|p1a: Hariyama
|-supereffective|p1a: Hariyama
|-damage|p1a: Hariyama|0 fnt
|faint|p1a: Hariyama
|
|t:|1728419694
|switch|p1a: Salamence|Salamence, M|100/100
|-ability|p1a: Salamence|Intimidate|boost
|-unboost|p2a: Aerodactyl|atk|1
|
|-weather|Sandstorm|[upkeep]
|-damage|p1a: Salamence|94/100|[from] Sandstorm
|-heal|p1a: Salamence|100/100|[from] item: Leftovers
|upkeep
|turn|25
|inactive|ojr has 150 seconds left.
|inactive|ojr has 120 seconds left.
|
|t:|1728419748
|switch|p2a: Swampert|Swampert, F|46/100 par
|move|p1a: Salamence|Wish|p1a: Salamence
|
|-weather|Sandstorm|[upkeep]
|-damage|p1a: Salamence|94/100|[from] Sandstorm
|-heal|p1a: Salamence|100/100|[from] item: Leftovers
|-heal|p2a: Swampert|52/100 par|[from] item: Leftovers
|upkeep
|turn|26
|inactive|ojr has 120 seconds left.
|
|t:|1728419759
|switch|p1a: Celebi|Celebi|100/100
|cant|p2a: Swampert|par
|
|-weather|Sandstorm|[upkeep]
|-damage|p1a: Celebi|94/100|[from] Sandstorm
|-heal|p1a: Celebi|100/100|[from] item: Leftovers
|-heal|p2a: Swampert|59/100 par|[from] item: Leftovers
|upkeep
|turn|27
|inactive|ojr has 120 seconds left.
|
|t:|1728419773
|switch|p2a: Metagross|Metagross|88/100
|move|p1a: Celebi|Leech Seed|p2a: Metagross
|-start|p2a: Metagross|move: Leech Seed
|
|-weather|Sandstorm|[upkeep]
|-damage|p1a: Celebi|94/100|[from] Sandstorm
|-heal|p1a: Celebi|100/100|[from] item: Leftovers
|-damage|p2a: Metagross|76/100|[from] Leech Seed|[of] p1a: Celebi
|upkeep
|turn|28
|inactive|ojr has 120 seconds left.
|inactive|ojr has 90 seconds left.
|
|t:|1728419822
|switch|p1a: Starmie|Starmie|60/100
|move|p2a: Metagross|Meteor Mash|p1a: Starmie
|-resisted|p1a: Starmie
|-damage|p1a: Starmie|13/100
|
|-weather|Sandstorm|[upkeep]
|-damage|p1a: Starmie|7/100|[from] Sandstorm
|-heal|p1a: Starmie|13/100|[from] item: Leftovers
|-damage|p2a: Metagross|64/100|[from] Leech Seed|[of] p1a: Starmie
|-heal|p1a: Starmie|25/100|[silent]
|upkeep
|turn|29
|inactive|ojr has 90 seconds left.
|
|t:|1728419833
|switch|p2a: Zapdos|Zapdos|86/100 par
|move|p1a: Starmie|Recover|p1a: Starmie
|-heal|p1a: Starmie|75/100
|
|-weather|Sandstorm|[upkeep]
|-damage|p1a: Starmie|69/100|[from] Sandstorm
|-damage|p2a: Zapdos|80/100 par|[from] Sandstorm
|-heal|p1a: Starmie|75/100|[from] item: Leftovers
|upkeep
|turn|30
|inactive|ojr has 90 seconds left.
|
|t:|1728419848
|switch|p1a: Celebi|Celebi|100/100
|cant|p2a: Zapdos|par
|
|-weather|Sandstorm|[upkeep]
|-damage|p1a: Celebi|94/100|[from] Sandstorm
|-damage|p2a: Zapdos|74/100 par|[from] Sandstorm
|-heal|p1a: Celebi|100/100|[from] item: Leftovers
|upkeep
|turn|31
|inactive|ojr has 90 seconds left.
|
|t:|1728419863
|switch|p2a: Metagross|Metagross|64/100
|move|p1a: Celebi|Leech Seed|p2a: Metagross
|-start|p2a: Metagross|move: Leech Seed
|
|-weather|Sandstorm|[upkeep]
|-damage|p1a: Celebi|94/100|[from] Sandstorm
|-heal|p1a: Celebi|100/100|[from] item: Leftovers
|-damage|p2a: Metagross|51/100|[from] Leech Seed|[of] p1a: Celebi
|upkeep
|turn|32
|inactive|stypur has 270 seconds left.
|
|t:|1728419895
|move|p1a: Celebi|Hidden Power|p2a: Metagross
|-resisted|p2a: Metagross
|-damage|p2a: Metagross|37/100
|move|p2a: Metagross|Earthquake|p1a: Celebi
|-resisted|p1a: Celebi
|-damage|p1a: Celebi|80/100
|
|-weather|Sandstorm|[upkeep]
|-damage|p1a: Celebi|74/100|[from] Sandstorm
|-heal|p1a: Celebi|80/100|[from] item: Leftovers
|-damage|p2a: Metagross|25/100|[from] Leech Seed|[of] p1a: Celebi
|-heal|p1a: Celebi|90/100|[silent]
|upkeep
|turn|33
|inactive|stypur has 270 seconds left.
|
|t:|1728419912
|switch|p2a: Tyranitar|Tyranitar, M|100/100
|move|p1a: Celebi|Leech Seed|p2a: Tyranitar|[miss]
|-miss|p1a: Celebi|p2a: Tyranitar
|
|-weather|Sandstorm|[upkeep]
|-damage|p1a: Celebi|84/100|[from] Sandstorm
|-heal|p1a: Celebi|90/100|[from] item: Leftovers
|upkeep
|turn|34
|inactive|ojr has 60 seconds left.
|
|t:|1728419937
|switch|p1a: Starmie|Starmie|75/100
|switch|p2a: Aerodactyl|Aerodactyl, M|100/100
|
|-weather|Sandstorm|[upkeep]
|-damage|p1a: Starmie|69/100|[from] Sandstorm
|-heal|p1a: Starmie|75/100|[from] item: Leftovers
|upkeep
|turn|35
|inactive|ojr has 60 seconds left.
|
|t:|1728419954
|switch|p2a: Zapdos|Zapdos|74/100 par
|move|p1a: Starmie|Thunder Wave|p2a: Zapdos
|-fail|p2a: Zapdos|par
|
|-weather|Sandstorm|[upkeep]
|-damage|p1a: Starmie|69/100|[from] Sandstorm
|-damage|p2a: Zapdos|68/100 par|[from] Sandstorm
|-heal|p1a: Starmie|75/100|[from] item: Leftovers
|upkeep
|turn|36
|
|t:|1728419971
|switch|p1a: Celebi|Celebi|90/100
|move|p2a: Zapdos|Thunderbolt|p1a: Celebi
|-resisted|p1a: Celebi
|-damage|p1a: Celebi|75/100
|
|-weather|Sandstorm|[upkeep]
|-damage|p1a: Celebi|68/100|[from] Sandstorm
|-damage|p2a: Zapdos|61/100 par|[from] Sandstorm
|-heal|p1a: Celebi|75/100|[from] item: Leftovers
|upkeep
|turn|37
|inactive|ojr has 30 seconds left.
|inactive|ojr has 20 seconds left.
|
|t:|1728420009
|switch|p2a: Aerodactyl|Aerodactyl, M|100/100
|move|p1a: Celebi|Leech Seed|p2a: Aerodactyl
|-start|p2a: Aerodactyl|move: Leech Seed
|
|-weather|Sandstorm|[upkeep]
|-damage|p1a: Celebi|68/100|[from] Sandstorm
|-damage|p2a: Aerodactyl|88/100|[from] Leech Seed|[of] p1a: Celebi
|-heal|p1a: Celebi|77/100|[silent]
|-heal|p1a: Celebi|84/100|[from] item: Leftovers
|upkeep
|turn|38
|inactive|ojr has 30 seconds left this turn.
|
|t:|1728420019
|move|p2a: Aerodactyl|Hidden Power|p1a: Celebi
|-supereffective|p1a: Celebi
|-damage|p1a: Celebi|21/100
|move|p1a: Celebi|Recover|p1a: Celebi
|-heal|p1a: Celebi|71/100
|
|-weather|Sandstorm|[upkeep]
|-damage|p1a: Celebi|65/100|[from] Sandstorm
|-damage|p2a: Aerodactyl|76/100|[from] Leech Seed|[of] p1a: Celebi
|-heal|p1a: Celebi|74/100|[silent]
|-heal|p1a: Celebi|80/100|[from] item: Leftovers
|upkeep
|turn|39
|inactive|ojr has 30 seconds left.
|
|t:|1728420033
|switch|p1a: Starmie|Starmie|75/100
|move|p2a: Aerodactyl|Hidden Power|p1a: Starmie
|-damage|p1a: Starmie|20/100
|
|-weather|Sandstorm|[upkeep]
|-damage|p1a: Starmie|14/100|[from] Sandstorm
|-damage|p2a: Aerodactyl|64/100|[from] Leech Seed|[of] p1a: Starmie
|-heal|p1a: Starmie|25/100|[silent]
|-heal|p1a: Starmie|31/100|[from] item: Leftovers
|upkeep
|turn|40
|
|t:|1728420040
|switch|p1a: Salamence|Salamence, M|100/100
|-ability|p1a: Salamence|Intimidate|boost
|-unboost|p2a: Aerodactyl|atk|1
|move|p2a: Aerodactyl|Hidden Power|p1a: Salamence
|-damage|p1a: Salamence|77/100
|
|-weather|Sandstorm|[upkeep]
|-damage|p1a: Salamence|71/100|[from] Sandstorm
|-damage|p2a: Aerodactyl|51/100|[from] Leech Seed|[of] p1a: Salamence
|-heal|p1a: Salamence|80/100|[silent]
|-heal|p1a: Salamence|86/100|[from] item: Leftovers
|upkeep
|turn|41
|inactive|ojr has 30 seconds left.
|
|t:|1728420062
|switch|p2a: Tyranitar|Tyranitar, M|100/100
|move|p1a: Salamence|Wish|p1a: Salamence
|
|-weather|Sandstorm|[upkeep]
|-damage|p1a: Salamence|80/100|[from] Sandstorm
|-heal|p1a: Salamence|86/100|[from] item: Leftovers
|upkeep
|turn|42
|inactive|ojr has 30 seconds left.
|inactive|ojr has 20 seconds left.
|
|t:|1728420086
|switch|p1a: Marowak|Marowak, M|39/100
|move|p2a: Tyranitar|Earthquake|p1a: Marowak
|-damage|p1a: Marowak|0 fnt
|faint|p1a: Marowak
|inactive|ojr has 25 seconds left this turn.
|
|t:|1728420089
|switch|p1a: Starmie|Starmie|31/100
|
|-heal|p1a: Starmie|81/100|[from] move: Wish|[wisher] Salamence
|-weather|Sandstorm|[upkeep]
|-damage|p1a: Starmie|75/100|[from] Sandstorm
|-heal|p1a: Starmie|81/100|[from] item: Leftovers
|upkeep
|turn|43
|inactive|ojr has 30 seconds left.
|
|t:|1728420102
|move|p1a: Starmie|Surf|p2a: Tyranitar
|-supereffective|p2a: Tyranitar
|-damage|p2a: Tyranitar|48/100
|move|p2a: Tyranitar|Rock Slide|p1a: Starmie
|-damage|p1a: Starmie|40/100
|
|-weather|Sandstorm|[upkeep]
|-damage|p1a: Starmie|34/100|[from] Sandstorm
|-heal|p1a: Starmie|40/100|[from] item: Leftovers
|-heal|p2a: Tyranitar|54/100|[from] item: Leftovers
|upkeep
|turn|44
|inactive|ojr has 30 seconds left.
|
|t:|1728420113
|move|p1a: Starmie|Recover|p1a: Starmie
|-heal|p1a: Starmie|90/100
|move|p2a: Tyranitar|Rock Slide|p1a: Starmie
|-crit|p1a: Starmie
|-damage|p1a: Starmie|0 fnt
|faint|p1a: Starmie
|inactive|ojr has 30 seconds left this turn.
|c|☆ojr|sry
|
|t:|1728420122
|switch|p1a: Celebi|Celebi|80/100
|
|-weather|Sandstorm|[upkeep]
|-damage|p1a: Celebi|74/100|[from] Sandstorm
|-heal|p1a: Celebi|80/100|[from] item: Leftovers
|-heal|p2a: Tyranitar|61/100|[from] item: Leftovers
|upkeep
|turn|45
|inactive|ojr has 30 seconds left.
|
|t:|1728420136
|switch|p2a: Zapdos|Zapdos|61/100 par
|move|p1a: Celebi|Hidden Power|p2a: Zapdos
|-resisted|p2a: Zapdos
|-damage|p2a: Zapdos|53/100 par
|
|-weather|Sandstorm|[upkeep]
|-damage|p1a: Celebi|74/100|[from] Sandstorm
|-damage|p2a: Zapdos|47/100 par|[from] Sandstorm
|-heal|p1a: Celebi|80/100|[from] item: Leftovers
|upkeep
|turn|46
|
|t:|1728420145
|move|p1a: Celebi|Leech Seed|p2a: Zapdos
|-start|p2a: Zapdos|move: Leech Seed
|cant|p2a: Zapdos|par
|
|-weather|Sandstorm|[upkeep]
|-damage|p1a: Celebi|74/100|[from] Sandstorm
|-damage|p2a: Zapdos|40/100 par|[from] Sandstorm
|-heal|p1a: Celebi|80/100|[from] item: Leftovers
|-damage|p2a: Zapdos|28/100 par|[from] Leech Seed|[of] p1a: Celebi
|-heal|p1a: Celebi|92/100|[silent]
|upkeep
|turn|47
|
|t:|1728420150
|move|p1a: Celebi|Psychic|p2a: Zapdos
|-damage|p2a: Zapdos|7/100 par
|cant|p2a: Zapdos|par
|
|-weather|Sandstorm|[upkeep]
|-damage|p1a: Celebi|86/100|[from] Sandstorm
|-damage|p2a: Zapdos|1/100 par|[from] Sandstorm
|-heal|p1a: Celebi|92/100|[from] item: Leftovers
|-damage|p2a: Zapdos|0 fnt|[from] Leech Seed|[of] p1a: Celebi
|-heal|p1a: Celebi|93/100|[silent]
|faint|p2a: Zapdos
|upkeep
|
|t:|1728420154
|switch|p2a: Metagross|Metagross|25/100
|turn|48
|
|t:|1728420163
|switch|p1a: Salamence|Salamence, M|86/100
|-ability|p1a: Salamence|Intimidate|boost
|-fail|p2a: Metagross|unboost|[from] ability: Clear Body|[of] p2a: Metagross
|move|p2a: Metagross|Explosion|p1a: Salamence
|-damage|p1a: Salamence|0 fnt
|faint|p2a: Metagross
|faint|p1a: Salamence
|
|t:|1728420170
|switch|p1a: Celebi|Celebi|93/100
|switch|p2a: Dugtrio|Dugtrio, F|100/100
|
|-weather|Sandstorm|[upkeep]
|-damage|p1a: Celebi|86/100|[from] Sandstorm
|-heal|p1a: Celebi|93/100|[from] item: Leftovers
|upkeep
|turn|49
|
|t:|1728420173
|move|p2a: Dugtrio|Hidden Power|p1a: Celebi
|-supereffective|p1a: Celebi
|-damage|p1a: Celebi|17/100
|move|p1a: Celebi|Hidden Power|p2a: Dugtrio
|-supereffective|p2a: Dugtrio
|-damage|p2a: Dugtrio|1/100
|
|-weather|Sandstorm|[upkeep]
|-damage|p1a: Celebi|11/100|[from] Sandstorm
|-heal|p1a: Celebi|17/100|[from] item: Leftovers
|upkeep
|turn|50
|
|t:|1728420177
|move|p2a: Dugtrio|Hidden Power|p1a: Celebi
|-supereffective|p1a: Celebi
|-damage|p1a: Celebi|0 fnt
|faint|p1a: Celebi
|
|win|ojr
|c|☆stypur|GGs
|c|☆ojr|ggs
|player|p1|

</script>
<script type="application/json" class="data" id="replaydata-smogtours-gen3ou-796482">
{"id":"smogtours-gen3ou-796482","format":"[Gen 3] OU","players":["stypur","ojr"],"uploadtime":1728420177,"views":133,"formatid":"gen3ou","rating":null,"private":0,"password":null}
</script>

<script defer src="js/replays.js?9d40a366"></script>
