<!DOCTYPE html>
<meta charset="utf-8" />
<meta name="viewport" content="width=device-width" />

<title>[Gen 3] OU: Ooziegib vs. Cakeconnesseur - Replays - Pok&eacute;mon Showdown!</title>

<meta name="description" content="Watch a replay of a Pok&eacute;mon battle between Ooziegib and Cakeconnesseur! Format: [Gen 3] OU; Date: Oct 30, 2024" />
<!--

Hey, you! Looking in the source for the replay log?

You can find them in JSON format, just add `.json` at the end of a replay URL.

https://replay.pokemonshowdown.com/gen7randomdoublesbattle-865046831.json

Or, if you only need the log itself, add `.log` instead:

https://replay.pokemonshowdown.com/gen7randomdoublesbattle-865046831.log

-->

<link rel="stylesheet" href="//pokemonshowdown.com/style/global.css?0.023195364461161105" />
<link rel="stylesheet" href="//play.pokemonshowdown.com/style/font-awesome.css?0.13261647063804238" />
<link rel="stylesheet" href="//play.pokemonshowdown.com/style/battle.css?0.8753245789963631" />
<link rel="stylesheet" href="//play.pokemonshowdown.com/style/utilichart.css?0.8627959624976733" />

<!-- Global site tag (gtag.js) - Google Analytics -->
<script async src="https://www.googletagmanager.com/gtag/js?id=UA-26211653-1"></script>
<script>
  window.dataLayer = window.dataLayer || [];
  function gtag(){dataLayer.push(arguments);}
  gtag('js', new Date());

  gtag('config', 'UA-26211653-1');
</script>
<!-- End Google Analytics -->
<!-- Venatus Ad Manager - Install in <HEAD> of page -->
	<script src="https://hb.vntsm.com/v3/live/ad-manager.min.js" type="text/javascript" data-site-id="642aba63ec9a7b11c3c9c1be" data-mode="scan" async></script>
<!-- / Venatus Ad Manager -->

<style>
	@media (max-width:820px) {
		.battle {
			margin: 0 auto;
		}
		.battle-log {
			margin: 7px auto 0;
			max-width: 640px;
			height: 300px;
			position: static;
		}
	}
	.optgroup {
		display: inline-block;
		line-height: 22px;
		font-size: 10pt;
	}
	.optgroup .button {
		height: 25px;
		padding-top: 0;
		padding-bottom: 0;
	}
	.optgroup button.button {
		padding-left: 12px;
		padding-right: 12px;
	}
	.linklist {
		list-style: none;
		margin: 0.5em 0;
		padding: 0;
	}
	.linklist li {
		padding: 2px 0;
	}
	.sidebar {
		float: left;
		width: 320px;
	}
	.bar-wrapper {
		max-width: 1100px;
		margin: 0 auto;
	}
	.bar-wrapper.has-sidebar {
		max-width: 1430px;
	}
	.mainbar {
		margin: 0;
		padding-right: 1px;
	}
	.mainbar.has-sidebar {
		margin-left: 330px;
	}
	@media (min-width: 1511px) {
		.sidebar {
			width: 400px;
		}
		.bar-wrapper.has-sidebar {
			max-width: 1510px;
		}
		.mainbar.has-sidebar {
			margin-left: 410px;
		}
	}
	.section.first-section {
		margin-top: 9px;
	}
	.blocklink small {
		white-space: normal;
	}
	.button {
		vertical-align: middle;
	}
	.replay-controls {
		padding-top: 10px;
	}
	.replay-controls h1 {
		font-size: 16pt;
		font-weight: normal;
		color: #CCC;
	}
	.pagelink {
		text-align: center;
	}
	.pagelink a {
		width: 150px;
	}
	.textbox, .button {
		font-size: 11pt;
		vertical-align: middle;
	}
	@media (max-width: 450px) {
		.button {
			font-size: 9pt;
		}
	}
</style>

<div>

	<header>
		<div class="nav-wrapper"><ul class="nav">
			<li><a class="button nav-first" href="//pokemonshowdown.com/"><img src="//pokemonshowdown.com/images/pokemonshowdownbeta.png" srcset="//pokemonshowdown.com/images/pokemonshowdownbeta.png 1x, //pokemonshowdown.com/images/pokemonshowdownbeta@2x.png 2x" alt="Pok&eacute;mon Showdown" width="146" height="44" /> Home</a></li>
			<li><a class="button" href="//pokemonshowdown.com/dex/">Pok&eacute;dex</a></li>
			<li><a class="button cur" href="/">Replays</a></li>
			<li><a class="button" href="//pokemonshowdown.com/ladder/">Ladder</a></li>
			<li><a class="button nav-last" href="//pokemonshowdown.com/forums/">Forum</a></li>
			<li><a class="button greenbutton nav-first nav-last" href="//play.pokemonshowdown.com/">Play</a></li>
		</ul></div>
	</header>

	<div class="main" id="main">

		<noscript><section class="section">You need to enable JavaScript to use this page; sorry!</section></noscript>

	</div>

</div>

<script defer nomodule src="//play.pokemonshowdown.com/js/lib/ps-polyfill.js"></script>
<script defer src="//play.pokemonshowdown.com/js/lib/preact.min.js"></script>

<script defer src="//play.pokemonshowdown.com/config/config.js?2bddbc15"></script>
<script defer src="//play.pokemonshowdown.com/js/lib/jquery-1.11.0.min.js"></script>
<script defer src="//play.pokemonshowdown.com/js/lib/html-sanitizer-minified.js"></script>
<script defer src="//play.pokemonshowdown.com/js/battle-sound.js"></script>
<script defer src="//play.pokemonshowdown.com/js/battledata.js?0.7209276989879541"></script>
<script defer src="//play.pokemonshowdown.com/data/pokedex-mini.js?0.6111056340867951"></script>
<script defer src="//play.pokemonshowdown.com/data/pokedex-mini-bw.js?0.3532142036491459"></script>
<script defer src="//play.pokemonshowdown.com/data/graphics.js?0.24223875632456182"></script>
<script defer src="//play.pokemonshowdown.com/data/pokedex.js?0.38839984266356864"></script>
<script defer src="//play.pokemonshowdown.com/data/moves.js?0.21866028504024015"></script>
<script defer src="//play.pokemonshowdown.com/data/abilities.js?0.2005157953846628"></script>
<script defer src="//play.pokemonshowdown.com/data/items.js?0.9894211263848525"></script>
<script defer src="//play.pokemonshowdown.com/data/teambuilder-tables.js?0.6008791140282215"></script>
<script defer src="//play.pokemonshowdown.com/js/battle-tooltips.js?0.7580118955022959"></script>
<script defer src="//play.pokemonshowdown.com/js/battle.js?0.6057722274234274"></script>

<script defer src="js/utils.js?e31f9a17"></script>
<script defer src="js/replays-battle.js?7008c182"></script>

<!-- don't scrape this data! just add .json or .log after the URL!
Full API docs: https://github.com/smogon/pokemon-showdown-client/blob/master/WEB-API.md -->
<script type="text/plain" class="log" id="replaylog-smogtours-gen3ou-803510">
|inactive|Battle timer is ON: inactive players will automatically lose when time's up.
|t:|1730330142
|gametype|singles
|player|p1|Ooziegib|1|
|player|p2|Cakeconnesseur|lass-gen7|
|teamsize|p1|6
|teamsize|p2|6
|gen|3
|tier|[Gen 3] OU
|rule|Sleep Clause Mod: Limit one foe put to sleep
|rule|Switch Priority Clause Mod: Faster Pokémon switch first
|rule|Species Clause: Limit one of each Pokémon
|rule|OHKO Clause: OHKO moves are banned
|rule|Evasion Items Clause: Evasion items are banned
|rule|Evasion Moves Clause: Evasion moves are banned
|rule|Endless Battle Clause: Forcing endless battles is banned
|rule|HP Percentage Mod: HP is shown in percentages
|rule|One Boost Passer Clause: Limit one Baton Passer that has a way to boost its stats
|rule|Freeze Clause Mod: Limit one foe frozen
|
|t:|1730330142
|start
|switch|p1a: Now Slide Drop|Tyranitar, F|100/100
|switch|p2a: Zapdos|Zapdos|100/100
|-weather|Sandstorm|[from] ability: Sand Stream|[of] p1a: Now Slide Drop
|turn|1
|inactive|Cakeconnesseur also wants the timer to be on.
|c|☆Cakeconnesseur|hf
|c|☆Ooziegib|hfhf
|inactive|Ooziegib has 270 seconds left.
|inactive|Cakeconnesseur has 270 seconds left.
|
|t:|1730330181
|-singleturn|p1a: Now Slide Drop|move: Focus Punch
|move|p2a: Zapdos|Thunderbolt|p1a: Now Slide Drop
|-damage|p1a: Now Slide Drop|53/100
|move|p1a: Now Slide Drop|Focus Punch||[still]
|cant|p1a: Now Slide Drop|Focus Punch|Focus Punch
|
|-weather|Sandstorm|[upkeep]
|-damage|p2a: Zapdos|94/100|[from] Sandstorm
|-heal|p2a: Zapdos|100/100|[from] item: Leftovers
|-heal|p1a: Now Slide Drop|59/100|[from] item: Leftovers
|upkeep
|turn|2
|
|t:|1730330195
|move|p2a: Zapdos|Baton Pass|p2a: Zapdos
|
|t:|1730330198
|switch|p2a: Dugtrio|Dugtrio, F|100/100|[from] Baton Pass
|move|p1a: Now Slide Drop|Rock Slide|p2a: Dugtrio
|-resisted|p2a: Dugtrio
|-damage|p2a: Dugtrio|41/100
|
|-weather|Sandstorm|[upkeep]
|-heal|p1a: Now Slide Drop|65/100|[from] item: Leftovers
|upkeep
|turn|3
|
|t:|1730330206
|move|p2a: Dugtrio|Earthquake|p1a: Now Slide Drop
|-supereffective|p1a: Now Slide Drop
|-damage|p1a: Now Slide Drop|0 fnt
|faint|p1a: Now Slide Drop
|
|t:|1730330208
|switch|p1a: For your Grandma|Skarmory, F|100/100
|
|-weather|Sandstorm|[upkeep]
|upkeep
|turn|4
|inactive|Cakeconnesseur has 270 seconds left.
|
|t:|1730330255
|switch|p2a: Zapdos|Zapdos|100/100
|move|p1a: For your Grandma|Toxic|p2a: Zapdos
|-status|p2a: Zapdos|tox
|
|-weather|Sandstorm|[upkeep]
|-damage|p2a: Zapdos|94/100 tox|[from] Sandstorm
|-heal|p2a: Zapdos|100/100 tox|[from] item: Leftovers
|-damage|p2a: Zapdos|94/100 tox|[from] psn
|upkeep
|turn|5
|
|t:|1730330269
|switch|p1a: Trying to Learn it|Blissey, F|100/100
|move|p2a: Zapdos|Thunderbolt|p1a: Trying to Learn it
|-damage|p1a: Trying to Learn it|80/100
|
|-weather|Sandstorm|[upkeep]
|-damage|p2a: Zapdos|88/100 tox|[from] Sandstorm
|-damage|p1a: Trying to Learn it|74/100|[from] Sandstorm
|-heal|p2a: Zapdos|94/100 tox|[from] item: Leftovers
|-damage|p2a: Zapdos|82/100 tox|[from] psn
|-heal|p1a: Trying to Learn it|80/100|[from] item: Leftovers
|upkeep
|turn|6
|
|t:|1730330279
|switch|p2a: Registeel|Registeel|100/100
|move|p1a: Trying to Learn it|Fire Blast|p2a: Registeel
|-supereffective|p2a: Registeel
|-damage|p2a: Registeel|62/100
|
|-weather|Sandstorm|[upkeep]
|-damage|p1a: Trying to Learn it|74/100|[from] Sandstorm
|-heal|p1a: Trying to Learn it|80/100|[from] item: Leftovers
|-heal|p2a: Registeel|68/100|[from] item: Leftovers
|upkeep
|turn|7
|inactive|Cakeconnesseur has 240 seconds left.
|
|t:|1730330310
|switch|p1a: For your Grandma|Skarmory, F|100/100
|move|p2a: Registeel|Explosion|p1a: For your Grandma
|-resisted|p1a: For your Grandma
|-damage|p1a: For your Grandma|55/100
|faint|p2a: Registeel
|
|t:|1730330324
|switch|p2a: Jynx|Jynx, F|100/100
|
|-weather|Sandstorm|[upkeep]
|-damage|p2a: Jynx|95/100|[from] Sandstorm
|-heal|p2a: Jynx|100/100|[from] item: Leftovers
|-heal|p1a: For your Grandma|61/100|[from] item: Leftovers
|upkeep
|turn|8
|
|t:|1730330348
|move|p2a: Jynx|Lovely Kiss|p1a: For your Grandma
|-status|p1a: For your Grandma|slp|[from] move: Lovely Kiss
|cant|p1a: For your Grandma|slp
|
|-weather|Sandstorm|[upkeep]
|-damage|p2a: Jynx|95/100|[from] Sandstorm
|-heal|p2a: Jynx|100/100|[from] item: Leftovers
|-heal|p1a: For your Grandma|67/100 slp|[from] item: Leftovers
|upkeep
|turn|9
|
|t:|1730330361
|switch|p1a: Trying to Learn it|Blissey, F|80/100
|move|p2a: Jynx|Calm Mind|p2a: Jynx
|-boost|p2a: Jynx|spa|1
|-boost|p2a: Jynx|spd|1
|
|-weather|Sandstorm|[upkeep]
|-damage|p2a: Jynx|95/100|[from] Sandstorm
|-damage|p1a: Trying to Learn it|74/100|[from] Sandstorm
|-heal|p2a: Jynx|100/100|[from] item: Leftovers
|-heal|p1a: Trying to Learn it|80/100|[from] item: Leftovers
|upkeep
|turn|10
|
|t:|1730330367
|move|p2a: Jynx|Ice Beam|p1a: Trying to Learn it
|-damage|p1a: Trying to Learn it|55/100
|move|p1a: Trying to Learn it|Toxic|p2a: Jynx
|-status|p2a: Jynx|tox
|
|-weather|Sandstorm|[upkeep]
|-damage|p2a: Jynx|95/100 tox|[from] Sandstorm
|-damage|p1a: Trying to Learn it|49/100|[from] Sandstorm
|-heal|p2a: Jynx|100/100 tox|[from] item: Leftovers
|-damage|p2a: Jynx|95/100 tox|[from] psn
|-heal|p1a: Trying to Learn it|55/100|[from] item: Leftovers
|upkeep
|turn|11
|
|t:|1730330372
|move|p2a: Jynx|Calm Mind|p2a: Jynx
|-boost|p2a: Jynx|spa|1
|-boost|p2a: Jynx|spd|1
|move|p1a: Trying to Learn it|Soft-Boiled|p1a: Trying to Learn it
|-heal|p1a: Trying to Learn it|100/100
|
|-weather|Sandstorm|[upkeep]
|-damage|p2a: Jynx|89/100 tox|[from] Sandstorm
|-damage|p1a: Trying to Learn it|94/100|[from] Sandstorm
|-heal|p2a: Jynx|95/100 tox|[from] item: Leftovers
|-damage|p2a: Jynx|83/100 tox|[from] psn
|-heal|p1a: Trying to Learn it|100/100|[from] item: Leftovers
|upkeep
|turn|12
|
|t:|1730330377
|move|p2a: Jynx|Ice Beam|p1a: Trying to Learn it
|-damage|p1a: Trying to Learn it|63/100
|move|p1a: Trying to Learn it|Soft-Boiled|p1a: Trying to Learn it
|-heal|p1a: Trying to Learn it|100/100
|
|-weather|Sandstorm|[upkeep]
|-damage|p2a: Jynx|77/100 tox|[from] Sandstorm
|-damage|p1a: Trying to Learn it|94/100|[from] Sandstorm
|-heal|p2a: Jynx|83/100 tox|[from] item: Leftovers
|-damage|p2a: Jynx|65/100 tox|[from] psn
|-heal|p1a: Trying to Learn it|100/100|[from] item: Leftovers
|upkeep
|turn|13
|
|t:|1730330382
|move|p2a: Jynx|Calm Mind|p2a: Jynx
|-boost|p2a: Jynx|spa|1
|-boost|p2a: Jynx|spd|1
|move|p1a: Trying to Learn it|Soft-Boiled||[still]
|-fail|p1a: Trying to Learn it|heal
|
|-weather|Sandstorm|[upkeep]
|-damage|p2a: Jynx|59/100 tox|[from] Sandstorm
|-damage|p1a: Trying to Learn it|94/100|[from] Sandstorm
|-heal|p2a: Jynx|65/100 tox|[from] item: Leftovers
|-damage|p2a: Jynx|41/100 tox|[from] psn
|-heal|p1a: Trying to Learn it|100/100|[from] item: Leftovers
|upkeep
|turn|14
|
|t:|1730330386
|switch|p1a: For your Grandma|Skarmory, F|67/100 slp
|move|p2a: Jynx|Calm Mind|p2a: Jynx
|-boost|p2a: Jynx|spa|1
|-boost|p2a: Jynx|spd|1
|
|-weather|Sandstorm|[upkeep]
|-damage|p2a: Jynx|36/100 tox|[from] Sandstorm
|-heal|p2a: Jynx|41/100 tox|[from] item: Leftovers
|-damage|p2a: Jynx|12/100 tox|[from] psn
|-heal|p1a: For your Grandma|73/100 slp|[from] item: Leftovers
|upkeep
|turn|15
|
|t:|1730330394
|-curestatus|p1a: For your Grandma|slp|[msg]
|move|p1a: For your Grandma|Protect|p1a: For your Grandma
|-singleturn|p1a: For your Grandma|Protect
|move|p2a: Jynx|Ice Beam|p1a: For your Grandma
|-activate|p1a: For your Grandma|Protect
|
|-weather|Sandstorm|[upkeep]
|-damage|p2a: Jynx|6/100 tox|[from] Sandstorm
|-heal|p2a: Jynx|12/100 tox|[from] item: Leftovers
|-damage|p2a: Jynx|0 fnt|[from] psn
|faint|p2a: Jynx
|-heal|p1a: For your Grandma|79/100|[from] item: Leftovers
|upkeep
|inactive|Cakeconnesseur has 270 seconds left.
|
|t:|1730330408
|switch|p2a: Gengar|Gengar, F|100/100
|turn|16
|
|t:|1730330426
|switch|p1a: You ugly...|Gengar, F|100/100
|move|p2a: Gengar|Will-O-Wisp|p1a: You ugly...
|-status|p1a: You ugly...|brn
|
|-weather|Sandstorm|[upkeep]
|-damage|p1a: You ugly...|95/100 brn|[from] Sandstorm
|-damage|p2a: Gengar|94/100|[from] Sandstorm
|-heal|p1a: You ugly...|100/100 brn|[from] item: Leftovers
|-damage|p1a: You ugly...|88/100 brn|[from] brn
|-heal|p2a: Gengar|100/100|[from] item: Leftovers
|upkeep
|turn|17
|
|t:|1730330449
|move|p1a: You ugly...|Will-O-Wisp|p2a: Gengar
|-status|p2a: Gengar|brn
|move|p2a: Gengar|Thunderbolt|p1a: You ugly...
|-damage|p1a: You ugly...|56/100 brn
|
|-weather|Sandstorm|[upkeep]
|-damage|p1a: You ugly...|50/100 brn|[from] Sandstorm
|-damage|p2a: Gengar|94/100 brn|[from] Sandstorm
|-heal|p1a: You ugly...|56/100 brn|[from] item: Leftovers
|-damage|p1a: You ugly...|44/100 brn|[from] brn
|-heal|p2a: Gengar|100/100 brn|[from] item: Leftovers
|-damage|p2a: Gengar|88/100 brn|[from] brn
|upkeep
|turn|18
|
|t:|1730330456
|move|p1a: You ugly...|Thunderbolt|p2a: Gengar
|-damage|p2a: Gengar|57/100 brn
|move|p2a: Gengar|Thunderbolt|p1a: You ugly...
|-damage|p1a: You ugly...|10/100 brn
|
|-weather|Sandstorm|[upkeep]
|-damage|p1a: You ugly...|4/100 brn|[from] Sandstorm
|-damage|p2a: Gengar|51/100 brn|[from] Sandstorm
|-heal|p1a: You ugly...|10/100 brn|[from] item: Leftovers
|-damage|p1a: You ugly...|0 fnt|[from] brn
|faint|p1a: You ugly...
|-heal|p2a: Gengar|57/100 brn|[from] item: Leftovers
|-damage|p2a: Gengar|45/100 brn|[from] brn
|upkeep
|
|t:|1730330466
|switch|p1a: JUJU on that beat|Zapdos|100/100
|turn|19
|
|t:|1730330472
|move|p1a: JUJU on that beat|Protect|p1a: JUJU on that beat
|-singleturn|p1a: JUJU on that beat|Protect
|move|p2a: Gengar|Ice Punch|p1a: JUJU on that beat
|-activate|p1a: JUJU on that beat|Protect
|
|-weather|Sandstorm|[upkeep]
|-damage|p2a: Gengar|39/100 brn|[from] Sandstorm
|-damage|p1a: JUJU on that beat|94/100|[from] Sandstorm
|-heal|p2a: Gengar|45/100 brn|[from] item: Leftovers
|-damage|p2a: Gengar|32/100 brn|[from] brn
|-heal|p1a: JUJU on that beat|100/100|[from] item: Leftovers
|upkeep
|turn|20
|
|t:|1730330482
|switch|p1a: Trying to Learn it|Blissey, F|100/100
|move|p2a: Gengar|Ice Punch|p1a: Trying to Learn it
|-damage|p1a: Trying to Learn it|91/100
|
|-weather|Sandstorm|[upkeep]
|-damage|p2a: Gengar|26/100 brn|[from] Sandstorm
|-damage|p1a: Trying to Learn it|85/100|[from] Sandstorm
|-heal|p2a: Gengar|32/100 brn|[from] item: Leftovers
|-damage|p2a: Gengar|20/100 brn|[from] brn
|-heal|p1a: Trying to Learn it|91/100|[from] item: Leftovers
|upkeep
|turn|21
|
|t:|1730330500
|switch|p1a: For your Grandma|Skarmory, F|79/100
|move|p2a: Gengar|Explosion|p1a: For your Grandma
|-resisted|p1a: For your Grandma
|-damage|p1a: For your Grandma|65/100
|faint|p2a: Gengar
|
|t:|1730330505
|switch|p2a: Kingdra|Kingdra, F|100/100
|
|-weather|Sandstorm|[upkeep]
|-damage|p2a: Kingdra|95/100|[from] Sandstorm
|-heal|p2a: Kingdra|100/100|[from] item: Leftovers
|-heal|p1a: For your Grandma|71/100|[from] item: Leftovers
|upkeep
|turn|22
|
|t:|1730330511
|move|p2a: Kingdra|Substitute|p2a: Kingdra
|-start|p2a: Kingdra|Substitute
|-damage|p2a: Kingdra|76/100
|move|p1a: For your Grandma|Toxic||[still]
|-fail|p1a: For your Grandma
|
|-weather|Sandstorm|[upkeep]
|-damage|p2a: Kingdra|70/100|[from] Sandstorm
|-heal|p2a: Kingdra|76/100|[from] item: Leftovers
|-heal|p1a: For your Grandma|77/100|[from] item: Leftovers
|upkeep
|turn|23
|
|t:|1730330519
|move|p2a: Kingdra|Surf|p1a: For your Grandma
|-damage|p1a: For your Grandma|38/100
|move|p1a: For your Grandma|Roar|p2a: Kingdra
|drag|p2a: Dugtrio|Dugtrio, F|41/100
|
|-weather|Sandstorm|[upkeep]
|-heal|p1a: For your Grandma|44/100|[from] item: Leftovers
|upkeep
|turn|24
|
|t:|1730330527
|switch|p2a: Zapdos|Zapdos|82/100 tox
|move|p1a: For your Grandma|Toxic|p2a: Zapdos
|-fail|p2a: Zapdos|tox
|
|-weather|Sandstorm|[upkeep]
|-damage|p2a: Zapdos|76/100 tox|[from] Sandstorm
|-heal|p2a: Zapdos|82/100 tox|[from] item: Leftovers
|-damage|p2a: Zapdos|76/100 tox|[from] psn
|-heal|p1a: For your Grandma|50/100|[from] item: Leftovers
|upkeep
|turn|25
|
|t:|1730330536
|move|p1a: For your Grandma|Protect|p1a: For your Grandma
|-singleturn|p1a: For your Grandma|Protect
|move|p2a: Zapdos|Thunderbolt|p1a: For your Grandma
|-activate|p1a: For your Grandma|Protect
|
|-weather|Sandstorm|[upkeep]
|-damage|p2a: Zapdos|69/100 tox|[from] Sandstorm
|-heal|p2a: Zapdos|76/100 tox|[from] item: Leftovers
|-damage|p2a: Zapdos|63/100 tox|[from] psn
|-heal|p1a: For your Grandma|56/100|[from] item: Leftovers
|upkeep
|turn|26
|
|t:|1730330549
|switch|p2a: Kingdra|Kingdra, F|76/100
|switch|p1a: Trying to Learn it|Blissey, F|91/100
|
|-weather|Sandstorm|[upkeep]
|-damage|p2a: Kingdra|70/100|[from] Sandstorm
|-damage|p1a: Trying to Learn it|85/100|[from] Sandstorm
|-heal|p2a: Kingdra|76/100|[from] item: Leftovers
|-heal|p1a: Trying to Learn it|91/100|[from] item: Leftovers
|upkeep
|turn|27
|
|t:|1730330564
|move|p2a: Kingdra|Substitute|p2a: Kingdra
|-start|p2a: Kingdra|Substitute
|-damage|p2a: Kingdra|51/100
|move|p1a: Trying to Learn it|Ice Beam|p2a: Kingdra
|-end|p2a: Kingdra|Substitute
|
|-weather|Sandstorm|[upkeep]
|-damage|p2a: Kingdra|45/100|[from] Sandstorm
|-damage|p1a: Trying to Learn it|85/100|[from] Sandstorm
|-heal|p2a: Kingdra|51/100|[from] item: Leftovers
|-heal|p1a: Trying to Learn it|91/100|[from] item: Leftovers
|upkeep
|turn|28
|
|t:|1730330570
|move|p2a: Kingdra|Rain Dance|p2a: Kingdra
|-weather|RainDance
|move|p1a: Trying to Learn it|Ice Beam|p2a: Kingdra
|-damage|p2a: Kingdra|22/100
|
|-weather|RainDance|[upkeep]
|-heal|p2a: Kingdra|28/100|[from] item: Leftovers
|-heal|p1a: Trying to Learn it|97/100|[from] item: Leftovers
|upkeep
|turn|29
|
|t:|1730330577
|move|p2a: Kingdra|Surf|p1a: Trying to Learn it
|-damage|p1a: Trying to Learn it|72/100
|move|p1a: Trying to Learn it|Ice Beam|p2a: Kingdra
|-damage|p2a: Kingdra|2/100
|
|-weather|RainDance|[upkeep]
|-heal|p2a: Kingdra|8/100|[from] item: Leftovers
|-heal|p1a: Trying to Learn it|78/100|[from] item: Leftovers
|upkeep
|turn|30
|
|t:|1730330580
|move|p2a: Kingdra|Surf|p1a: Trying to Learn it
|-damage|p1a: Trying to Learn it|50/100
|move|p1a: Trying to Learn it|Soft-Boiled|p1a: Trying to Learn it
|-heal|p1a: Trying to Learn it|99/100
|
|-weather|RainDance|[upkeep]
|-heal|p2a: Kingdra|14/100|[from] item: Leftovers
|-heal|p1a: Trying to Learn it|100/100|[from] item: Leftovers
|upkeep
|turn|31
|
|t:|1730330582
|move|p2a: Kingdra|Ice Beam|p1a: Trying to Learn it
|-damage|p1a: Trying to Learn it|88/100
|move|p1a: Trying to Learn it|Ice Beam|p2a: Kingdra
|-damage|p2a: Kingdra|0 fnt
|faint|p2a: Kingdra
|
|t:|1730330584
|switch|p2a: Dugtrio|Dugtrio, F|41/100
|
|-weather|RainDance|[upkeep]
|-heal|p1a: Trying to Learn it|94/100|[from] item: Leftovers
|upkeep
|turn|32
|
|t:|1730330587
|move|p2a: Dugtrio|Earthquake|p1a: Trying to Learn it
|-damage|p1a: Trying to Learn it|32/100
|move|p1a: Trying to Learn it|Ice Beam|p2a: Dugtrio
|-supereffective|p2a: Dugtrio
|-damage|p2a: Dugtrio|0 fnt
|faint|p2a: Dugtrio
|
|t:|1730330590
|switch|p2a: Zapdos|Zapdos|63/100 tox
|
|-weather|none
|-heal|p2a: Zapdos|69/100 tox|[from] item: Leftovers
|-damage|p2a: Zapdos|63/100 tox|[from] psn
|-heal|p1a: Trying to Learn it|39/100|[from] item: Leftovers
|upkeep
|turn|33
|
|t:|1730330594
|move|p2a: Zapdos|Thunderbolt|p1a: Trying to Learn it
|-damage|p1a: Trying to Learn it|18/100
|move|p1a: Trying to Learn it|Ice Beam|p2a: Zapdos
|-supereffective|p2a: Zapdos
|-damage|p2a: Zapdos|15/100 tox
|
|-heal|p2a: Zapdos|22/100 tox|[from] item: Leftovers
|-damage|p2a: Zapdos|9/100 tox|[from] psn
|-heal|p1a: Trying to Learn it|25/100|[from] item: Leftovers
|upkeep
|turn|34
|
|t:|1730330597
|move|p2a: Zapdos|Thunderbolt|p1a: Trying to Learn it
|-damage|p1a: Trying to Learn it|2/100
|move|p1a: Trying to Learn it|Ice Beam|p2a: Zapdos
|-supereffective|p2a: Zapdos
|-damage|p2a: Zapdos|0 fnt
|faint|p2a: Zapdos
|
|win|Ooziegib
|c|☆Ooziegib|gg
|c|☆Cakeconnesseur|gg
|player|p2|

</script>
<script type="application/json" class="data" id="replaydata-smogtours-gen3ou-803510">
{"id":"smogtours-gen3ou-803510","format":"[Gen 3] OU","players":["Ooziegib","Cakeconnesseur"],"uploadtime":1730330597,"views":91,"formatid":"gen3ou","rating":null,"private":0,"password":null}
</script>

<script defer src="js/replays.js?9d40a366"></script>
