<!DOCTYPE html>
<meta charset="utf-8" />
<meta name="viewport" content="width=device-width" />

<title>[Gen 3] OU: SmoGonagall vs. kydreith33 - Replays - Pok&eacute;mon Showdown!</title>

<meta name="description" content="Watch a replay of a Pok&eacute;mon battle between SmoGonagall and kydreith33! Format: [Gen 3] OU; Date: Oct 14, 2024" />
<!--

Hey, you! Looking in the source for the replay log?

You can find them in JSON format, just add `.json` at the end of a replay URL.

https://replay.pokemonshowdown.com/gen7randomdoublesbattle-865046831.json

Or, if you only need the log itself, add `.log` instead:

https://replay.pokemonshowdown.com/gen7randomdoublesbattle-865046831.log

-->

<link rel="stylesheet" href="//pokemonshowdown.com/style/global.css?0.023195364461161105" />
<link rel="stylesheet" href="//play.pokemonshowdown.com/style/font-awesome.css?0.13261647063804238" />
<link rel="stylesheet" href="//play.pokemonshowdown.com/style/battle.css?0.8753245789963631" />
<link rel="stylesheet" href="//play.pokemonshowdown.com/style/utilichart.css?0.8627959624976733" />

<!-- Global site tag (gtag.js) - Google Analytics -->
<script async src="https://www.googletagmanager.com/gtag/js?id=UA-26211653-1"></script>
<script>
  window.dataLayer = window.dataLayer || [];
  function gtag(){dataLayer.push(arguments);}
  gtag('js', new Date());

  gtag('config', 'UA-26211653-1');
</script>
<!-- End Google Analytics -->
<!-- Venatus Ad Manager - Install in <HEAD> of page -->
	<script src="https://hb.vntsm.com/v3/live/ad-manager.min.js" type="text/javascript" data-site-id="642aba63ec9a7b11c3c9c1be" data-mode="scan" async></script>
<!-- / Venatus Ad Manager -->

<style>
	@media (max-width:820px) {
		.battle {
			margin: 0 auto;
		}
		.battle-log {
			margin: 7px auto 0;
			max-width: 640px;
			height: 300px;
			position: static;
		}
	}
	.optgroup {
		display: inline-block;
		line-height: 22px;
		font-size: 10pt;
	}
	.optgroup .button {
		height: 25px;
		padding-top: 0;
		padding-bottom: 0;
	}
	.optgroup button.button {
		padding-left: 12px;
		padding-right: 12px;
	}
	.linklist {
		list-style: none;
		margin: 0.5em 0;
		padding: 0;
	}
	.linklist li {
		padding: 2px 0;
	}
	.sidebar {
		float: left;
		width: 320px;
	}
	.bar-wrapper {
		max-width: 1100px;
		margin: 0 auto;
	}
	.bar-wrapper.has-sidebar {
		max-width: 1430px;
	}
	.mainbar {
		margin: 0;
		padding-right: 1px;
	}
	.mainbar.has-sidebar {
		margin-left: 330px;
	}
	@media (min-width: 1511px) {
		.sidebar {
			width: 400px;
		}
		.bar-wrapper.has-sidebar {
			max-width: 1510px;
		}
		.mainbar.has-sidebar {
			margin-left: 410px;
		}
	}
	.section.first-section {
		margin-top: 9px;
	}
	.blocklink small {
		white-space: normal;
	}
	.button {
		vertical-align: middle;
	}
	.replay-controls {
		padding-top: 10px;
	}
	.replay-controls h1 {
		font-size: 16pt;
		font-weight: normal;
		color: #CCC;
	}
	.pagelink {
		text-align: center;
	}
	.pagelink a {
		width: 150px;
	}
	.textbox, .button {
		font-size: 11pt;
		vertical-align: middle;
	}
	@media (max-width: 450px) {
		.button {
			font-size: 9pt;
		}
	}
</style>

<div>

	<header>
		<div class="nav-wrapper"><ul class="nav">
			<li><a class="button nav-first" href="//pokemonshowdown.com/"><img src="//pokemonshowdown.com/images/pokemonshowdownbeta.png" srcset="//pokemonshowdown.com/images/pokemonshowdownbeta.png 1x, //pokemonshowdown.com/images/pokemonshowdownbeta@2x.png 2x" alt="Pok&eacute;mon Showdown" width="146" height="44" /> Home</a></li>
			<li><a class="button" href="//pokemonshowdown.com/dex/">Pok&eacute;dex</a></li>
			<li><a class="button cur" href="/">Replays</a></li>
			<li><a class="button" href="//pokemonshowdown.com/ladder/">Ladder</a></li>
			<li><a class="button nav-last" href="//pokemonshowdown.com/forums/">Forum</a></li>
			<li><a class="button greenbutton nav-first nav-last" href="//play.pokemonshowdown.com/">Play</a></li>
		</ul></div>
	</header>

	<div class="main" id="main">

		<noscript><section class="section">You need to enable JavaScript to use this page; sorry!</section></noscript>

	</div>

</div>

<script defer nomodule src="//play.pokemonshowdown.com/js/lib/ps-polyfill.js"></script>
<script defer src="//play.pokemonshowdown.com/js/lib/preact.min.js"></script>

<script defer src="//play.pokemonshowdown.com/config/config.js?2bddbc15"></script>
<script defer src="//play.pokemonshowdown.com/js/lib/jquery-1.11.0.min.js"></script>
<script defer src="//play.pokemonshowdown.com/js/lib/html-sanitizer-minified.js"></script>
<script defer src="//play.pokemonshowdown.com/js/battle-sound.js"></script>
<script defer src="//play.pokemonshowdown.com/js/battledata.js?0.7209276989879541"></script>
<script defer src="//play.pokemonshowdown.com/data/pokedex-mini.js?0.6111056340867951"></script>
<script defer src="//play.pokemonshowdown.com/data/pokedex-mini-bw.js?0.3532142036491459"></script>
<script defer src="//play.pokemonshowdown.com/data/graphics.js?0.24223875632456182"></script>
<script defer src="//play.pokemonshowdown.com/data/pokedex.js?0.38839984266356864"></script>
<script defer src="//play.pokemonshowdown.com/data/moves.js?0.21866028504024015"></script>
<script defer src="//play.pokemonshowdown.com/data/abilities.js?0.2005157953846628"></script>
<script defer src="//play.pokemonshowdown.com/data/items.js?0.9894211263848525"></script>
<script defer src="//play.pokemonshowdown.com/data/teambuilder-tables.js?0.6008791140282215"></script>
<script defer src="//play.pokemonshowdown.com/js/battle-tooltips.js?0.7580118955022959"></script>
<script defer src="//play.pokemonshowdown.com/js/battle.js?0.6057722274234274"></script>

<script defer src="js/utils.js?e31f9a17"></script>
<script defer src="js/replays-battle.js?7008c182"></script>

<!-- don't scrape this data! just add .json or .log after the URL!
Full API docs: https://github.com/smogon/pokemon-showdown-client/blob/master/WEB-API.md -->
<script type="text/plain" class="log" id="replaylog-smogtours-gen3ou-798812">
|inactive|Battle timer is ON: inactive players will automatically lose when time's up.
|t:|1728944975
|gametype|singles
|player|p1|SmoGonagall|170|
|player|p2|kydreith33|clair|
|teamsize|p1|6
|teamsize|p2|6
|gen|3
|tier|[Gen 3] OU
|rule|Sleep Clause Mod: Limit one foe put to sleep
|rule|Switch Priority Clause Mod: Faster Pokémon switch first
|rule|Species Clause: Limit one of each Pokémon
|rule|OHKO Clause: OHKO moves are banned
|rule|Evasion Items Clause: Evasion items are banned
|rule|Evasion Moves Clause: Evasion moves are banned
|rule|Endless Battle Clause: Forcing endless battles is banned
|rule|HP Percentage Mod: HP is shown in percentages
|rule|One Boost Passer Clause: Limit one Baton Passer that has a way to boost its stats
|rule|Freeze Clause Mod: Limit one foe frozen
|
|t:|1728944975
|start
|switch|p1a: Tyranitar|Tyranitar, M|100/100
|switch|p2a: Hariyama|Hariyama, M|100/100
|-weather|Sandstorm|[from] ability: Sand Stream|[of] p1a: Tyranitar
|turn|1
|c|☆SmoGonagall|glhf
|c|☆kydreith33|glhf
|
|t:|1728944997
|switch|p1a: Gyarados|Gyarados, F|100/100
|-ability|p1a: Gyarados|Intimidate|boost
|-unboost|p2a: Hariyama|atk|1
|move|p2a: Hariyama|Knock Off|p1a: Gyarados
|-damage|p1a: Gyarados|99/100
|-enditem|p1a: Gyarados|Leftovers|[from] move: Knock Off|[of] p2a: Hariyama
|-hint|In Gens 3-4, Knock Off only makes the target's item unusable; it cannot obtain a new item.
|
|-weather|Sandstorm|[upkeep]
|-damage|p1a: Gyarados|92/100|[from] Sandstorm
|-damage|p2a: Hariyama|94/100|[from] Sandstorm
|-heal|p2a: Hariyama|100/100|[from] item: Leftovers
|upkeep
|turn|2
|
|t:|1728945023
|switch|p2a: Salamence|Salamence, F|100/100
|-ability|p2a: Salamence|Intimidate|boost
|-unboost|p1a: Gyarados|atk|1
|move|p1a: Gyarados|Dragon Dance|p1a: Gyarados
|-boost|p1a: Gyarados|atk|1
|-boost|p1a: Gyarados|spe|1
|
|-weather|Sandstorm|[upkeep]
|-damage|p1a: Gyarados|86/100|[from] Sandstorm
|-damage|p2a: Salamence|94/100|[from] Sandstorm
|upkeep
|turn|3
|inactive|SmoGonagall has 270 seconds left.
|
|t:|1728945043
|switch|p1a: Snorlax|Snorlax, F|100/100
|move|p2a: Salamence|Rock Slide|p1a: Snorlax
|-damage|p1a: Snorlax|64/100
|
|-weather|Sandstorm|[upkeep]
|-damage|p2a: Salamence|88/100|[from] Sandstorm
|-damage|p1a: Snorlax|58/100|[from] Sandstorm
|-heal|p1a: Snorlax|64/100|[from] item: Leftovers
|upkeep
|turn|4
|
|t:|1728945058
|switch|p2a: Hariyama|Hariyama, M|100/100
|move|p1a: Snorlax|Body Slam|p2a: Hariyama
|-crit|p2a: Hariyama
|-damage|p2a: Hariyama|23/100
|
|-weather|Sandstorm|[upkeep]
|-damage|p2a: Hariyama|17/100|[from] Sandstorm
|-damage|p1a: Snorlax|58/100|[from] Sandstorm
|-heal|p2a: Hariyama|23/100|[from] item: Leftovers
|-heal|p1a: Snorlax|64/100|[from] item: Leftovers
|upkeep
|turn|5
|
|t:|1728945072
|switch|p1a: Gyarados|Gyarados, F|86/100
|-ability|p1a: Gyarados|Intimidate|boost
|-unboost|p2a: Hariyama|atk|1
|move|p2a: Hariyama|Brick Break|p1a: Gyarados
|-resisted|p1a: Gyarados
|-damage|p1a: Gyarados|74/100
|
|-weather|Sandstorm|[upkeep]
|-damage|p1a: Gyarados|68/100|[from] Sandstorm
|-damage|p2a: Hariyama|17/100|[from] Sandstorm
|-heal|p2a: Hariyama|23/100|[from] item: Leftovers
|upkeep
|turn|6
|
|t:|1728945085
|switch|p2a: Salamence|Salamence, F|88/100
|-ability|p2a: Salamence|Intimidate|boost
|-unboost|p1a: Gyarados|atk|1
|move|p1a: Gyarados|Hidden Power|p2a: Salamence
|-damage|p2a: Salamence|62/100
|
|-weather|Sandstorm|[upkeep]
|-damage|p2a: Salamence|56/100|[from] Sandstorm
|-damage|p1a: Gyarados|61/100|[from] Sandstorm
|upkeep
|turn|7
|inactive|SmoGonagall has 270 seconds left.
|
|t:|1728945106
|switch|p1a: Steelix|Steelix, F|100/100
|move|p2a: Salamence|Rock Slide|p1a: Steelix
|-resisted|p1a: Steelix
|-damage|p1a: Steelix|96/100
|
|-weather|Sandstorm|[upkeep]
|-damage|p2a: Salamence|50/100|[from] Sandstorm
|-heal|p1a: Steelix|100/100|[from] item: Leftovers
|upkeep
|turn|8
|inactive|SmoGonagall has 270 seconds left.
|
|t:|1728945119
|switch|p2a: Claydol|Claydol|100/100
|move|p1a: Steelix|Hidden Power|p2a: Claydol
|-resisted|p2a: Claydol
|-damage|p2a: Claydol|91/100
|
|-weather|Sandstorm|[upkeep]
|-heal|p2a: Claydol|97/100|[from] item: Leftovers
|upkeep
|turn|9
|inactive|SmoGonagall has 270 seconds left.
|
|t:|1728945131
|switch|p1a: Tyranitar|Tyranitar, M|100/100
|move|p2a: Claydol|Earthquake|p1a: Tyranitar
|-supereffective|p1a: Tyranitar
|-damage|p1a: Tyranitar|45/100
|
|-weather|Sandstorm|[upkeep]
|-heal|p2a: Claydol|100/100|[from] item: Leftovers
|-heal|p1a: Tyranitar|51/100|[from] item: Leftovers
|upkeep
|turn|10
|
|t:|1728945139
|move|p2a: Claydol|Earthquake|p1a: Tyranitar
|-supereffective|p1a: Tyranitar
|-damage|p1a: Tyranitar|0 fnt
|faint|p1a: Tyranitar
|inactive|SmoGonagall has 270 seconds left.
|
|t:|1728945152
|switch|p1a: Snorlax|Snorlax, F|64/100
|
|-weather|Sandstorm|[upkeep]
|-damage|p1a: Snorlax|58/100|[from] Sandstorm
|-heal|p1a: Snorlax|64/100|[from] item: Leftovers
|upkeep
|turn|11
|inactive|SmoGonagall has 270 seconds left.
|
|t:|1728945174
|switch|p2a: Hariyama|Hariyama, M|23/100
|move|p1a: Snorlax|Body Slam|p2a: Hariyama
|-damage|p2a: Hariyama|0 fnt
|faint|p2a: Hariyama
|inactive|kydreith33 has 270 seconds left.
|
|t:|1728945191
|switch|p2a: Jirachi|Jirachi|100/100
|
|-weather|Sandstorm|[upkeep]
|-damage|p1a: Snorlax|58/100|[from] Sandstorm
|-heal|p1a: Snorlax|64/100|[from] item: Leftovers
|upkeep
|turn|12
|
|t:|1728945197
|move|p2a: Jirachi|Fire Punch|p1a: Snorlax
|-damage|p1a: Snorlax|54/100
|-status|p1a: Snorlax|brn
|move|p1a: Snorlax|Earthquake|p2a: Jirachi
|-supereffective|p2a: Jirachi
|-damage|p2a: Jirachi|79/100
|
|-weather|Sandstorm|[upkeep]
|-damage|p1a: Snorlax|48/100 brn|[from] Sandstorm
|-heal|p2a: Jirachi|85/100|[from] item: Leftovers
|-heal|p1a: Snorlax|54/100 brn|[from] item: Leftovers
|-damage|p1a: Snorlax|41/100 brn|[from] brn
|upkeep
|turn|13
|
|t:|1728945211
|move|p2a: Jirachi|Protect|p2a: Jirachi
|-singleturn|p2a: Jirachi|Protect
|move|p1a: Snorlax|Body Slam|p2a: Jirachi
|-activate|p2a: Jirachi|Protect
|
|-weather|Sandstorm|[upkeep]
|-damage|p1a: Snorlax|35/100 brn|[from] Sandstorm
|-heal|p2a: Jirachi|92/100|[from] item: Leftovers
|-heal|p1a: Snorlax|41/100 brn|[from] item: Leftovers
|-damage|p1a: Snorlax|29/100 brn|[from] brn
|upkeep
|turn|14
|c|☆SmoGonagall|not gunna lie that was a rough burn
|
|t:|1728945223
|move|p2a: Jirachi|Fire Punch|p1a: Snorlax
|-damage|p1a: Snorlax|18/100 brn
|move|p1a: Snorlax|Body Slam|p2a: Jirachi
|-resisted|p2a: Jirachi
|-damage|p2a: Jirachi|85/100
|
|-weather|Sandstorm|[upkeep]
|-damage|p1a: Snorlax|12/100 brn|[from] Sandstorm
|-heal|p2a: Jirachi|91/100|[from] item: Leftovers
|-heal|p1a: Snorlax|18/100 brn|[from] item: Leftovers
|-damage|p1a: Snorlax|5/100 brn|[from] brn
|upkeep
|turn|15
|
|t:|1728945236
|move|p2a: Jirachi|Protect|p2a: Jirachi
|-singleturn|p2a: Jirachi|Protect
|move|p1a: Snorlax|Self-Destruct|p2a: Jirachi
|-activate|p2a: Jirachi|Protect
|faint|p1a: Snorlax
|inactive|SmoGonagall has 270 seconds left.
|
|t:|1728945251
|switch|p1a: Magneton|Magneton|100/100
|
|-weather|Sandstorm|[upkeep]
|-heal|p2a: Jirachi|98/100|[from] item: Leftovers
|upkeep
|turn|16
|
|t:|1728945257
|move|p1a: Magneton|Thunderbolt|p2a: Jirachi
|-damage|p2a: Jirachi|59/100
|move|p2a: Jirachi|Fire Punch|p1a: Magneton
|-supereffective|p1a: Magneton
|-damage|p1a: Magneton|44/100
|-status|p1a: Magneton|brn
|
|-weather|Sandstorm|[upkeep]
|-damage|p1a: Magneton|32/100 brn|[from] brn
|-heal|p2a: Jirachi|65/100|[from] item: Leftovers
|upkeep
|turn|17
|
|t:|1728945269
|move|p1a: Magneton|Thunder Wave|p2a: Jirachi
|-status|p2a: Jirachi|par
|cant|p2a: Jirachi|par
|
|-weather|Sandstorm|[upkeep]
|-damage|p1a: Magneton|19/100 brn|[from] brn
|-heal|p2a: Jirachi|71/100 par|[from] item: Leftovers
|upkeep
|turn|18
|
|t:|1728945276
|move|p2a: Jirachi|Protect|p2a: Jirachi
|-singleturn|p2a: Jirachi|Protect
|move|p1a: Magneton|Thunderbolt|p2a: Jirachi
|-activate|p2a: Jirachi|Protect
|
|-weather|Sandstorm|[upkeep]
|-enditem|p1a: Magneton|Salac Berry|[eat]
|-boost|p1a: Magneton|spe|1|[from] item: Salac Berry
|-damage|p1a: Magneton|7/100 brn|[from] brn
|-heal|p2a: Jirachi|77/100 par|[from] item: Leftovers
|upkeep
|turn|19
|
|t:|1728945285
|move|p1a: Magneton|Thunderbolt|p2a: Jirachi
|-damage|p2a: Jirachi|40/100 par
|move|p2a: Jirachi|Wish|p2a: Jirachi
|
|-weather|Sandstorm|[upkeep]
|-damage|p1a: Magneton|0 fnt|[from] brn
|faint|p1a: Magneton
|-heal|p2a: Jirachi|46/100 par|[from] item: Leftovers
|upkeep
|
|t:|1728945294
|switch|p1a: Salamence|Salamence, F|100/100
|-ability|p1a: Salamence|Intimidate|boost
|-unboost|p2a: Jirachi|atk|1
|turn|20
|
|t:|1728945305
|move|p1a: Salamence|Dragon Dance|p1a: Salamence
|-boost|p1a: Salamence|atk|1
|-boost|p1a: Salamence|spe|1
|move|p2a: Jirachi|Toxic|p1a: Salamence|[miss]
|-miss|p2a: Jirachi|p1a: Salamence
|
|-heal|p2a: Jirachi|96/100 par|[from] move: Wish|[wisher] Jirachi
|-weather|Sandstorm|[upkeep]
|-damage|p1a: Salamence|94/100|[from] Sandstorm
|-heal|p1a: Salamence|100/100|[from] item: Leftovers
|-heal|p2a: Jirachi|100/100 par|[from] item: Leftovers
|upkeep
|turn|21
|
|t:|1728945330
|move|p1a: Salamence|Earthquake|p2a: Jirachi
|-supereffective|p2a: Jirachi
|-damage|p2a: Jirachi|31/100 par
|move|p2a: Jirachi|Toxic|p1a: Salamence
|-status|p1a: Salamence|tox
|
|-weather|Sandstorm|[upkeep]
|-damage|p1a: Salamence|94/100 tox|[from] Sandstorm
|-heal|p1a: Salamence|100/100 tox|[from] item: Leftovers
|-damage|p1a: Salamence|94/100 tox|[from] psn
|-heal|p2a: Jirachi|37/100 par|[from] item: Leftovers
|upkeep
|turn|22
|
|t:|1728945340
|move|p1a: Salamence|Dragon Dance|p1a: Salamence
|-boost|p1a: Salamence|atk|1
|-boost|p1a: Salamence|spe|1
|move|p2a: Jirachi|Wish|p2a: Jirachi
|
|-weather|Sandstorm|[upkeep]
|-damage|p1a: Salamence|88/100 tox|[from] Sandstorm
|-heal|p1a: Salamence|94/100 tox|[from] item: Leftovers
|-damage|p1a: Salamence|82/100 tox|[from] psn
|-heal|p2a: Jirachi|43/100 par|[from] item: Leftovers
|upkeep
|turn|23
|inactive|SmoGonagall has 270 seconds left.
|
|t:|1728945357
|move|p2a: Jirachi|Protect|p2a: Jirachi
|-singleturn|p2a: Jirachi|Protect
|move|p1a: Salamence|Earthquake|p2a: Jirachi
|-activate|p2a: Jirachi|Protect
|
|-heal|p2a: Jirachi|93/100 par|[from] move: Wish|[wisher] Jirachi
|-weather|Sandstorm|[upkeep]
|-damage|p1a: Salamence|76/100 tox|[from] Sandstorm
|-heal|p1a: Salamence|82/100 tox|[from] item: Leftovers
|-damage|p1a: Salamence|64/100 tox|[from] psn
|-heal|p2a: Jirachi|99/100 par|[from] item: Leftovers
|upkeep
|turn|24
|inactive|SmoGonagall has 270 seconds left.
|
|t:|1728945369
|move|p1a: Salamence|Earthquake|p2a: Jirachi
|-supereffective|p2a: Jirachi
|-damage|p2a: Jirachi|7/100 par
|move|p2a: Jirachi|Fire Punch|p1a: Salamence
|-resisted|p1a: Salamence
|-damage|p1a: Salamence|52/100 tox
|
|-weather|Sandstorm|[upkeep]
|-damage|p1a: Salamence|46/100 tox|[from] Sandstorm
|-heal|p1a: Salamence|52/100 tox|[from] item: Leftovers
|-damage|p1a: Salamence|28/100 tox|[from] psn
|-heal|p2a: Jirachi|13/100 par|[from] item: Leftovers
|upkeep
|turn|25
|inactive|SmoGonagall has 270 seconds left.
|
|t:|1728945389
|switch|p1a: Gyarados|Gyarados, F|61/100
|-ability|p1a: Gyarados|Intimidate|boost
|-unboost|p2a: Jirachi|atk|1
|move|p2a: Jirachi|Protect||[still]
|-fail|p2a: Jirachi
|
|-weather|Sandstorm|[upkeep]
|-damage|p1a: Gyarados|55/100|[from] Sandstorm
|-heal|p2a: Jirachi|20/100 par|[from] item: Leftovers
|upkeep
|turn|26
|inactive|SmoGonagall has 270 seconds left.
|
|t:|1728945397
|move|p1a: Gyarados|Earthquake|p2a: Jirachi
|-supereffective|p2a: Jirachi
|-damage|p2a: Jirachi|0 fnt
|faint|p2a: Jirachi
|
|t:|1728945402
|switch|p2a: Salamence|Salamence, F|50/100
|-ability|p2a: Salamence|Intimidate|boost
|-unboost|p1a: Gyarados|atk|1
|
|-weather|Sandstorm|[upkeep]
|-damage|p2a: Salamence|44/100|[from] Sandstorm
|-damage|p1a: Gyarados|49/100|[from] Sandstorm
|upkeep
|turn|27
|
|t:|1728945410
|switch|p1a: Salamence|Salamence, F|28/100 tox
|-ability|p1a: Salamence|Intimidate|boost
|-unboost|p2a: Salamence|atk|1
|move|p2a: Salamence|Rock Slide|p1a: Salamence
|-supereffective|p1a: Salamence
|-damage|p1a: Salamence|0 fnt
|faint|p1a: Salamence
|
|t:|1728945421
|switch|p1a: Steelix|Steelix, F|100/100
|
|-weather|Sandstorm|[upkeep]
|-damage|p2a: Salamence|38/100|[from] Sandstorm
|upkeep
|turn|28
|
|t:|1728945429
|switch|p2a: Claydol|Claydol|100/100
|move|p1a: Steelix|Explosion|p2a: Claydol
|-damage|p2a: Claydol|0 fnt
|faint|p1a: Steelix
|faint|p2a: Claydol
|
|t:|1728945442
|switch|p2a: Blissey|Blissey, F|100/100
|switch|p1a: Gyarados|Gyarados, F|49/100
|-ability|p1a: Gyarados|Intimidate|boost
|-unboost|p2a: Blissey|atk|1
|
|-weather|Sandstorm|[upkeep]
|-damage|p1a: Gyarados|43/100|[from] Sandstorm
|-damage|p2a: Blissey|94/100|[from] Sandstorm
|-heal|p2a: Blissey|100/100|[from] item: Leftovers
|upkeep
|turn|29
|
|t:|1728945451
|move|p1a: Gyarados|Dragon Dance|p1a: Gyarados
|-boost|p1a: Gyarados|atk|1
|-boost|p1a: Gyarados|spe|1
|move|p2a: Blissey|Thunderbolt|p1a: Gyarados
|-supereffective|p1a: Gyarados
|-damage|p1a: Gyarados|0 fnt
|faint|p1a: Gyarados
|
|win|kydreith33
|c|☆kydreith33|gg
|c|☆SmoGonagall|gg

</script>
<script type="application/json" class="data" id="replaydata-smogtours-gen3ou-798812">
{"id":"smogtours-gen3ou-798812","format":"[Gen 3] OU","players":["SmoGonagall","kydreith33"],"uploadtime":1728945451,"views":83,"formatid":"gen3ou","rating":null,"private":0,"password":null}
</script>

<script defer src="js/replays.js?9d40a366"></script>
