<!DOCTYPE html>
<meta charset="utf-8" />
<meta name="viewport" content="width=device-width" />

<title>[Gen 3] OU: sixofrobins vs. duckstroyer - Replays - Pok&eacute;mon Showdown!</title>

<meta name="description" content="Watch a replay of a Pok&eacute;mon battle between sixofrobins and duckstroyer! Format: [Gen 3] OU; Date: Oct 23, 2024" />
<!--

Hey, you! Looking in the source for the replay log?

You can find them in JSON format, just add `.json` at the end of a replay URL.

https://replay.pokemonshowdown.com/gen7randomdoublesbattle-865046831.json

Or, if you only need the log itself, add `.log` instead:

https://replay.pokemonshowdown.com/gen7randomdoublesbattle-865046831.log

-->

<link rel="stylesheet" href="//pokemonshowdown.com/style/global.css?0.023195364461161105" />
<link rel="stylesheet" href="//play.pokemonshowdown.com/style/font-awesome.css?0.13261647063804238" />
<link rel="stylesheet" href="//play.pokemonshowdown.com/style/battle.css?0.8753245789963631" />
<link rel="stylesheet" href="//play.pokemonshowdown.com/style/utilichart.css?0.8627959624976733" />

<!-- Global site tag (gtag.js) - Google Analytics -->
<script async src="https://www.googletagmanager.com/gtag/js?id=UA-26211653-1"></script>
<script>
  window.dataLayer = window.dataLayer || [];
  function gtag(){dataLayer.push(arguments);}
  gtag('js', new Date());

  gtag('config', 'UA-26211653-1');
</script>
<!-- End Google Analytics -->
<!-- Venatus Ad Manager - Install in <HEAD> of page -->
	<script src="https://hb.vntsm.com/v3/live/ad-manager.min.js" type="text/javascript" data-site-id="642aba63ec9a7b11c3c9c1be" data-mode="scan" async></script>
<!-- / Venatus Ad Manager -->

<style>
	@media (max-width:820px) {
		.battle {
			margin: 0 auto;
		}
		.battle-log {
			margin: 7px auto 0;
			max-width: 640px;
			height: 300px;
			position: static;
		}
	}
	.optgroup {
		display: inline-block;
		line-height: 22px;
		font-size: 10pt;
	}
	.optgroup .button {
		height: 25px;
		padding-top: 0;
		padding-bottom: 0;
	}
	.optgroup button.button {
		padding-left: 12px;
		padding-right: 12px;
	}
	.linklist {
		list-style: none;
		margin: 0.5em 0;
		padding: 0;
	}
	.linklist li {
		padding: 2px 0;
	}
	.sidebar {
		float: left;
		width: 320px;
	}
	.bar-wrapper {
		max-width: 1100px;
		margin: 0 auto;
	}
	.bar-wrapper.has-sidebar {
		max-width: 1430px;
	}
	.mainbar {
		margin: 0;
		padding-right: 1px;
	}
	.mainbar.has-sidebar {
		margin-left: 330px;
	}
	@media (min-width: 1511px) {
		.sidebar {
			width: 400px;
		}
		.bar-wrapper.has-sidebar {
			max-width: 1510px;
		}
		.mainbar.has-sidebar {
			margin-left: 410px;
		}
	}
	.section.first-section {
		margin-top: 9px;
	}
	.blocklink small {
		white-space: normal;
	}
	.button {
		vertical-align: middle;
	}
	.replay-controls {
		padding-top: 10px;
	}
	.replay-controls h1 {
		font-size: 16pt;
		font-weight: normal;
		color: #CCC;
	}
	.pagelink {
		text-align: center;
	}
	.pagelink a {
		width: 150px;
	}
	.textbox, .button {
		font-size: 11pt;
		vertical-align: middle;
	}
	@media (max-width: 450px) {
		.button {
			font-size: 9pt;
		}
	}
</style>

<div>

	<header>
		<div class="nav-wrapper"><ul class="nav">
			<li><a class="button nav-first" href="//pokemonshowdown.com/"><img src="//pokemonshowdown.com/images/pokemonshowdownbeta.png" srcset="//pokemonshowdown.com/images/pokemonshowdownbeta.png 1x, //pokemonshowdown.com/images/pokemonshowdownbeta@2x.png 2x" alt="Pok&eacute;mon Showdown" width="146" height="44" /> Home</a></li>
			<li><a class="button" href="//pokemonshowdown.com/dex/">Pok&eacute;dex</a></li>
			<li><a class="button cur" href="/">Replays</a></li>
			<li><a class="button" href="//pokemonshowdown.com/ladder/">Ladder</a></li>
			<li><a class="button nav-last" href="//pokemonshowdown.com/forums/">Forum</a></li>
			<li><a class="button greenbutton nav-first nav-last" href="//play.pokemonshowdown.com/">Play</a></li>
		</ul></div>
	</header>

	<div class="main" id="main">

		<noscript><section class="section">You need to enable JavaScript to use this page; sorry!</section></noscript>

	</div>

</div>

<script defer nomodule src="//play.pokemonshowdown.com/js/lib/ps-polyfill.js"></script>
<script defer src="//play.pokemonshowdown.com/js/lib/preact.min.js"></script>

<script defer src="//play.pokemonshowdown.com/config/config.js?2bddbc15"></script>
<script defer src="//play.pokemonshowdown.com/js/lib/jquery-1.11.0.min.js"></script>
<script defer src="//play.pokemonshowdown.com/js/lib/html-sanitizer-minified.js"></script>
<script defer src="//play.pokemonshowdown.com/js/battle-sound.js"></script>
<script defer src="//play.pokemonshowdown.com/js/battledata.js?0.7209276989879541"></script>
<script defer src="//play.pokemonshowdown.com/data/pokedex-mini.js?0.6111056340867951"></script>
<script defer src="//play.pokemonshowdown.com/data/pokedex-mini-bw.js?0.3532142036491459"></script>
<script defer src="//play.pokemonshowdown.com/data/graphics.js?0.24223875632456182"></script>
<script defer src="//play.pokemonshowdown.com/data/pokedex.js?0.38839984266356864"></script>
<script defer src="//play.pokemonshowdown.com/data/moves.js?0.21866028504024015"></script>
<script defer src="//play.pokemonshowdown.com/data/abilities.js?0.2005157953846628"></script>
<script defer src="//play.pokemonshowdown.com/data/items.js?0.9894211263848525"></script>
<script defer src="//play.pokemonshowdown.com/data/teambuilder-tables.js?0.6008791140282215"></script>
<script defer src="//play.pokemonshowdown.com/js/battle-tooltips.js?0.7580118955022959"></script>
<script defer src="//play.pokemonshowdown.com/js/battle.js?0.6057722274234274"></script>

<script defer src="js/utils.js?e31f9a17"></script>
<script defer src="js/replays-battle.js?7008c182"></script>

<!-- don't scrape this data! just add .json or .log after the URL!
Full API docs: https://github.com/smogon/pokemon-showdown-client/blob/master/WEB-API.md -->
<script type="text/plain" class="log" id="replaylog-smogtours-gen3ou-801390">
|inactive|Battle timer is ON: inactive players will automatically lose when time's up.
|t:|1729703281
|gametype|singles
|player|p1|sixofrobins|plasmagruntf|
|player|p2|duckstroyer|wallace|
|teamsize|p1|6
|teamsize|p2|6
|gen|3
|tier|[Gen 3] OU
|rule|Sleep Clause Mod: Limit one foe put to sleep
|rule|Switch Priority Clause Mod: Faster Pokémon switch first
|rule|Species Clause: Limit one of each Pokémon
|rule|OHKO Clause: OHKO moves are banned
|rule|Evasion Items Clause: Evasion items are banned
|rule|Evasion Moves Clause: Evasion moves are banned
|rule|Endless Battle Clause: Forcing endless battles is banned
|rule|HP Percentage Mod: HP is shown in percentages
|rule|One Boost Passer Clause: Limit one Baton Passer that has a way to boost its stats
|rule|Freeze Clause Mod: Limit one foe frozen
|
|t:|1729703281
|start
|switch|p1a: Aerodactyl|Aerodactyl, M|100/100
|switch|p2a: Skarmory|Skarmory, F|100/100
|turn|1
|
|t:|1729703300
|move|p1a: Aerodactyl|Rock Slide|p2a: Skarmory
|-damage|p2a: Skarmory|60/100
|move|p2a: Skarmory|Spikes|p1a: Aerodactyl
|-sidestart|p1: sixofrobins|Spikes
|
|-heal|p2a: Skarmory|66/100|[from] item: Leftovers
|upkeep
|turn|2
|
|t:|1729703319
|switch|p1a: Forretress|Forretress, F|100/100
|-damage|p1a: Forretress|88/100|[from] Spikes
|switch|p2a: Swampert|Swampert, F|100/100
|
|-heal|p1a: Forretress|94/100|[from] item: Leftovers
|upkeep
|turn|3
|
|t:|1729703347
|move|p2a: Swampert|Hydro Pump|p1a: Forretress|[miss]
|-miss|p2a: Swampert|p1a: Forretress
|move|p1a: Forretress|Spikes|p2a: Swampert
|-sidestart|p2: duckstroyer|Spikes
|
|-heal|p1a: Forretress|100/100|[from] item: Leftovers
|upkeep
|turn|4
|
|t:|1729703358
|move|p2a: Swampert|Hydro Pump|p1a: Forretress
|-damage|p1a: Forretress|67/100
|move|p1a: Forretress|Rapid Spin|p2a: Swampert
|-damage|p2a: Swampert|97/100
|-sideend|p1: sixofrobins|Spikes|[from] move: Rapid Spin|[of] p1a: Forretress
|
|-heal|p2a: Swampert|100/100|[from] item: Leftovers
|-heal|p1a: Forretress|73/100|[from] item: Leftovers
|upkeep
|turn|5
|
|t:|1729703366
|switch|p2a: Starmie|Starmie|100/100
|-damage|p2a: Starmie|88/100|[from] Spikes
|switch|p1a: Blissey|Blissey, F|100/100
|
|-heal|p2a: Starmie|94/100|[from] item: Leftovers
|upkeep
|turn|6
|
|t:|1729703376
|move|p2a: Starmie|Rapid Spin|p1a: Blissey
|-damage|p1a: Blissey|97/100
|-sideend|p2: duckstroyer|Spikes|[from] move: Rapid Spin|[of] p2a: Starmie
|move|p1a: Blissey|Wish|p1a: Blissey
|
|-heal|p2a: Starmie|100/100|[from] item: Leftovers
|-heal|p1a: Blissey|100/100|[from] item: Leftovers
|upkeep
|turn|7
|
|t:|1729703391
|switch|p1a: Forretress|Forretress, F|73/100
|move|p2a: Starmie|Hydro Pump|p1a: Forretress
|-damage|p1a: Forretress|19/100
|
|-heal|p1a: Forretress|69/100|[from] move: Wish|[wisher] Blissey
|-heal|p1a: Forretress|75/100|[from] item: Leftovers
|upkeep
|turn|8
|
|t:|1729703404
|switch|p1a: Zapdos|Zapdos|100/100
|move|p2a: Starmie|Hydro Pump|p1a: Zapdos
|-damage|p1a: Zapdos|64/100
|
|-heal|p1a: Zapdos|70/100|[from] item: Leftovers
|upkeep
|turn|9
|
|t:|1729703430
|switch|p2a: Swampert|Swampert, F|100/100
|switch|p1a: Blissey|Blissey, F|100/100
|
|upkeep
|turn|10
|
|t:|1729703437
|move|p2a: Swampert|Hydro Pump|p1a: Blissey|[miss]
|-miss|p2a: Swampert|p1a: Blissey
|move|p1a: Blissey|Toxic|p2a: Swampert
|-status|p2a: Swampert|tox
|
|-damage|p2a: Swampert|94/100 tox|[from] psn
|upkeep
|turn|11
|
|t:|1729703442
|move|p2a: Swampert|Hydro Pump|p1a: Blissey
|-damage|p1a: Blissey|85/100
|move|p1a: Blissey|Wish|p1a: Blissey
|
|-heal|p2a: Swampert|100/100 tox|[from] item: Leftovers
|-damage|p2a: Swampert|88/100 tox|[from] psn
|-heal|p1a: Blissey|91/100|[from] item: Leftovers
|upkeep
|turn|12
|
|t:|1729703449
|switch|p2a: Gengar|Gengar, F|100/100
|switch|p1a: Forretress|Forretress, F|75/100
|
|-heal|p1a: Forretress|100/100|[from] move: Wish|[wisher] Blissey
|upkeep
|turn|13
|
|t:|1729703457
|switch|p1a: Tyranitar|Tyranitar, F|100/100
|-weather|Sandstorm|[from] ability: Sand Stream|[of] p1a: Tyranitar
|move|p2a: Gengar|Taunt|p1a: Tyranitar
|-start|p1a: Tyranitar|move: Taunt
|
|-weather|Sandstorm|[upkeep]
|-damage|p2a: Gengar|95/100|[from] Sandstorm
|-heal|p2a: Gengar|100/100|[from] item: Leftovers
|upkeep
|turn|14
|
|t:|1729703478
|move|p2a: Gengar|Will-O-Wisp|p1a: Tyranitar|[miss]
|-miss|p2a: Gengar|p1a: Tyranitar
|move|p1a: Tyranitar|Pursuit|p2a: Gengar
|-supereffective|p2a: Gengar
|-damage|p2a: Gengar|53/100
|
|-weather|Sandstorm|[upkeep]
|-damage|p2a: Gengar|47/100|[from] Sandstorm
|-heal|p2a: Gengar|53/100|[from] item: Leftovers
|-end|p1a: Tyranitar|move: Taunt|[silent]
|upkeep
|turn|15
|
|t:|1729703489
|-activate|p2a: Gengar|move: Pursuit
|move|p1a: Tyranitar|Pursuit|p2a: Gengar|[from]Pursuit
|-supereffective|p2a: Gengar
|-damage|p2a: Gengar|0 fnt
|faint|p2a: Gengar
|-hint|Previously chosen switches continue in Gen 2-4 after a Pursuit target faints.
|switch|p2a: Blissey|Blissey, F|100/100
|
|-weather|Sandstorm|[upkeep]
|-damage|p2a: Blissey|94/100|[from] Sandstorm
|-heal|p2a: Blissey|100/100|[from] item: Leftovers
|upkeep
|turn|16
|
|t:|1729703505
|switch|p1a: Blissey|Blissey, F|91/100
|move|p2a: Blissey|Counter|p1a: Blissey
|
|-weather|Sandstorm|[upkeep]
|-damage|p1a: Blissey|85/100|[from] Sandstorm
|-damage|p2a: Blissey|94/100|[from] Sandstorm
|-heal|p1a: Blissey|91/100|[from] item: Leftovers
|-heal|p2a: Blissey|100/100|[from] item: Leftovers
|upkeep
|turn|17
|
|t:|1729703513
|move|p1a: Blissey|Wish|p1a: Blissey
|move|p2a: Blissey|Toxic|p1a: Blissey
|-status|p1a: Blissey|tox
|
|-weather|Sandstorm|[upkeep]
|-damage|p1a: Blissey|85/100 tox|[from] Sandstorm
|-damage|p2a: Blissey|94/100|[from] Sandstorm
|-heal|p1a: Blissey|91/100 tox|[from] item: Leftovers
|-damage|p1a: Blissey|85/100 tox|[from] psn
|-heal|p2a: Blissey|100/100|[from] item: Leftovers
|upkeep
|turn|18
|
|t:|1729703530
|-curestatus|p1a: Blissey|tox|[from] ability: Natural Cure
|switch|p1a: Zapdos|Zapdos|70/100
|switch|p2a: Skarmory|Skarmory, F|66/100
|
|-heal|p1a: Zapdos|100/100|[from] move: Wish|[wisher] Blissey
|-weather|Sandstorm|[upkeep]
|-damage|p1a: Zapdos|94/100|[from] Sandstorm
|-heal|p1a: Zapdos|100/100|[from] item: Leftovers
|-heal|p2a: Skarmory|72/100|[from] item: Leftovers
|upkeep
|turn|19
|
|t:|1729703542
|move|p1a: Zapdos|Thunderbolt|p2a: Skarmory
|-supereffective|p2a: Skarmory
|-damage|p2a: Skarmory|2/100
|move|p2a: Skarmory|Toxic|p1a: Zapdos
|-status|p1a: Zapdos|tox
|
|-weather|Sandstorm|[upkeep]
|-damage|p1a: Zapdos|94/100 tox|[from] Sandstorm
|-heal|p1a: Zapdos|100/100 tox|[from] item: Leftovers
|-damage|p1a: Zapdos|94/100 tox|[from] psn
|-heal|p2a: Skarmory|8/100|[from] item: Leftovers
|upkeep
|turn|20
|
|t:|1729703558
|switch|p1a: Tyranitar|Tyranitar, F|100/100
|switch|p2a: Tyranitar|Tyranitar, F|100/100
|
|-weather|Sandstorm|[upkeep]
|upkeep
|turn|21
|inactive|sixofrobins has 270 seconds left.
|
|t:|1729703583
|switch|p1a: Swampert|Swampert, M|100/100
|move|p2a: Tyranitar|Counter|p1a: Swampert
|
|-weather|Sandstorm|[upkeep]
|upkeep
|turn|22
|
|t:|1729703590
|switch|p2a: Blissey|Blissey, F|100/100
|move|p1a: Swampert|Toxic|p2a: Blissey
|-status|p2a: Blissey|tox
|
|-weather|Sandstorm|[upkeep]
|-damage|p2a: Blissey|94/100 tox|[from] Sandstorm
|-heal|p2a: Blissey|100/100 tox|[from] item: Leftovers
|-damage|p2a: Blissey|94/100 tox|[from] psn
|upkeep
|turn|23
|inactive|sixofrobins has 270 seconds left.
|
|t:|1729703606
|switch|p1a: Forretress|Forretress, F|100/100
|move|p2a: Blissey|Counter|p1a: Forretress
|
|-weather|Sandstorm|[upkeep]
|-damage|p2a: Blissey|88/100 tox|[from] Sandstorm
|-heal|p2a: Blissey|94/100 tox|[from] item: Leftovers
|-damage|p2a: Blissey|82/100 tox|[from] psn
|upkeep
|turn|24
|
|t:|1729703619
|-curestatus|p2a: Blissey|tox|[from] ability: Natural Cure
|switch|p2a: Skarmory|Skarmory, F|8/100
|move|p1a: Forretress|Hidden Power|p2a: Skarmory
|-resisted|p2a: Skarmory
|-damage|p2a: Skarmory|4/100
|
|-weather|Sandstorm|[upkeep]
|-heal|p2a: Skarmory|10/100|[from] item: Leftovers
|upkeep
|turn|25
|
|t:|1729703630
|move|p2a: Skarmory|Spikes|p1a: Forretress
|-sidestart|p1: sixofrobins|Spikes
|move|p1a: Forretress|Spikes|p2a: Skarmory
|-sidestart|p2: duckstroyer|Spikes
|
|-weather|Sandstorm|[upkeep]
|-heal|p2a: Skarmory|16/100|[from] item: Leftovers
|upkeep
|turn|26
|
|t:|1729703639
|move|p1a: Forretress|Spikes|p2a: Skarmory
|-sidestart|p2: duckstroyer|Spikes
|move|p2a: Skarmory|Roar|p1a: Forretress
|drag|p1a: Tyranitar|Tyranitar, F|100/100
|-damage|p1a: Tyranitar|88/100|[from] Spikes
|
|-weather|Sandstorm|[upkeep]
|-heal|p2a: Skarmory|22/100|[from] item: Leftovers
|-heal|p1a: Tyranitar|94/100|[from] item: Leftovers
|upkeep
|turn|27
|
|t:|1729703650
|move|p2a: Skarmory|Toxic|p1a: Tyranitar
|-status|p1a: Tyranitar|tox
|move|p1a: Tyranitar|Crunch|p2a: Skarmory
|-resisted|p2a: Skarmory
|-damage|p2a: Skarmory|6/100
|
|-weather|Sandstorm|[upkeep]
|-heal|p2a: Skarmory|12/100|[from] item: Leftovers
|-heal|p1a: Tyranitar|99/100 tox|[from] item: Leftovers
|-damage|p1a: Tyranitar|94/100 tox|[from] psn
|upkeep
|turn|28
|
|t:|1729703668
|move|p2a: Skarmory|Spikes|p1a: Tyranitar
|-sidestart|p1: sixofrobins|Spikes
|move|p1a: Tyranitar|Flamethrower|p2a: Skarmory
|-supereffective|p2a: Skarmory
|-damage|p2a: Skarmory|0 fnt
|faint|p2a: Skarmory
|
|t:|1729703676
|switch|p2a: Swampert|Swampert, F|88/100 tox
|-damage|p2a: Swampert|72/100 tox|[from] Spikes
|
|-weather|Sandstorm|[upkeep]
|-heal|p2a: Swampert|78/100 tox|[from] item: Leftovers
|-damage|p2a: Swampert|72/100 tox|[from] psn
|-heal|p1a: Tyranitar|99/100 tox|[from] item: Leftovers
|-damage|p1a: Tyranitar|88/100 tox|[from] psn
|upkeep
|turn|29
|
|t:|1729703691
|switch|p1a: Zapdos|Zapdos|94/100 tox
|move|p2a: Swampert|Hydro Pump|p1a: Zapdos
|-damage|p1a: Zapdos|70/100 tox
|
|-weather|Sandstorm|[upkeep]
|-damage|p1a: Zapdos|63/100 tox|[from] Sandstorm
|-heal|p1a: Zapdos|70/100 tox|[from] item: Leftovers
|-damage|p1a: Zapdos|63/100 tox|[from] psn
|-heal|p2a: Swampert|78/100 tox|[from] item: Leftovers
|-damage|p2a: Swampert|65/100 tox|[from] psn
|upkeep
|turn|30
|
|t:|1729703702
|move|p1a: Zapdos|Hidden Power|p2a: Swampert
|-supereffective|p2a: Swampert
|-damage|p2a: Swampert|0 fnt
|faint|p2a: Swampert
|c|☆duckstroyer|gs
|-message|duckstroyer forfeited.
|
|win|sixofrobins
|c|☆sixofrobins|ggs

</script>
<script type="application/json" class="data" id="replaydata-smogtours-gen3ou-801390">
{"id":"smogtours-gen3ou-801390","format":"[Gen 3] OU","players":["sixofrobins","duckstroyer"],"uploadtime":1729703717,"views":79,"formatid":"gen3ou","rating":null,"private":0,"password":null}
</script>

<script defer src="js/replays.js?9d40a366"></script>
