<!DOCTYPE html>
<meta charset="utf-8" />
<meta name="viewport" content="width=device-width" />

<title>[Gen 3] OU: Dhgss vs. BongMoodeus - Replays - Pok&eacute;mon Showdown!</title>

<meta name="description" content="Watch a replay of a Pok&eacute;mon battle between Dhgss and BongMoodeus! Format: [Gen 3] OU; Date: Nov 8, 2024" />
<!--

Hey, you! Looking in the source for the replay log?

You can find them in JSON format, just add `.json` at the end of a replay URL.

https://replay.pokemonshowdown.com/gen7randomdoublesbattle-865046831.json

Or, if you only need the log itself, add `.log` instead:

https://replay.pokemonshowdown.com/gen7randomdoublesbattle-865046831.log

-->

<link rel="stylesheet" href="//pokemonshowdown.com/style/global.css?0.023195364461161105" />
<link rel="stylesheet" href="//play.pokemonshowdown.com/style/font-awesome.css?0.13261647063804238" />
<link rel="stylesheet" href="//play.pokemonshowdown.com/style/battle.css?0.8753245789963631" />
<link rel="stylesheet" href="//play.pokemonshowdown.com/style/utilichart.css?0.8627959624976733" />

<!-- Global site tag (gtag.js) - Google Analytics -->
<script async src="https://www.googletagmanager.com/gtag/js?id=UA-26211653-1"></script>
<script>
  window.dataLayer = window.dataLayer || [];
  function gtag(){dataLayer.push(arguments);}
  gtag('js', new Date());

  gtag('config', 'UA-26211653-1');
</script>
<!-- End Google Analytics -->
<!-- Venatus Ad Manager - Install in <HEAD> of page -->
	<script src="https://hb.vntsm.com/v3/live/ad-manager.min.js" type="text/javascript" data-site-id="642aba63ec9a7b11c3c9c1be" data-mode="scan" async></script>
<!-- / Venatus Ad Manager -->

<style>
	@media (max-width:820px) {
		.battle {
			margin: 0 auto;
		}
		.battle-log {
			margin: 7px auto 0;
			max-width: 640px;
			height: 300px;
			position: static;
		}
	}
	.optgroup {
		display: inline-block;
		line-height: 22px;
		font-size: 10pt;
	}
	.optgroup .button {
		height: 25px;
		padding-top: 0;
		padding-bottom: 0;
	}
	.optgroup button.button {
		padding-left: 12px;
		padding-right: 12px;
	}
	.linklist {
		list-style: none;
		margin: 0.5em 0;
		padding: 0;
	}
	.linklist li {
		padding: 2px 0;
	}
	.sidebar {
		float: left;
		width: 320px;
	}
	.bar-wrapper {
		max-width: 1100px;
		margin: 0 auto;
	}
	.bar-wrapper.has-sidebar {
		max-width: 1430px;
	}
	.mainbar {
		margin: 0;
		padding-right: 1px;
	}
	.mainbar.has-sidebar {
		margin-left: 330px;
	}
	@media (min-width: 1511px) {
		.sidebar {
			width: 400px;
		}
		.bar-wrapper.has-sidebar {
			max-width: 1510px;
		}
		.mainbar.has-sidebar {
			margin-left: 410px;
		}
	}
	.section.first-section {
		margin-top: 9px;
	}
	.blocklink small {
		white-space: normal;
	}
	.button {
		vertical-align: middle;
	}
	.replay-controls {
		padding-top: 10px;
	}
	.replay-controls h1 {
		font-size: 16pt;
		font-weight: normal;
		color: #CCC;
	}
	.pagelink {
		text-align: center;
	}
	.pagelink a {
		width: 150px;
	}
	.textbox, .button {
		font-size: 11pt;
		vertical-align: middle;
	}
	@media (max-width: 450px) {
		.button {
			font-size: 9pt;
		}
	}
</style>

<div>

	<header>
		<div class="nav-wrapper"><ul class="nav">
			<li><a class="button nav-first" href="//pokemonshowdown.com/"><img src="//pokemonshowdown.com/images/pokemonshowdownbeta.png" srcset="//pokemonshowdown.com/images/pokemonshowdownbeta.png 1x, //pokemonshowdown.com/images/pokemonshowdownbeta@2x.png 2x" alt="Pok&eacute;mon Showdown" width="146" height="44" /> Home</a></li>
			<li><a class="button" href="//pokemonshowdown.com/dex/">Pok&eacute;dex</a></li>
			<li><a class="button cur" href="/">Replays</a></li>
			<li><a class="button" href="//pokemonshowdown.com/ladder/">Ladder</a></li>
			<li><a class="button nav-last" href="//pokemonshowdown.com/forums/">Forum</a></li>
			<li><a class="button greenbutton nav-first nav-last" href="//play.pokemonshowdown.com/">Play</a></li>
		</ul></div>
	</header>

	<div class="main" id="main">

		<noscript><section class="section">You need to enable JavaScript to use this page; sorry!</section></noscript>

	</div>

</div>

<script defer nomodule src="//play.pokemonshowdown.com/js/lib/ps-polyfill.js"></script>
<script defer src="//play.pokemonshowdown.com/js/lib/preact.min.js"></script>

<script defer src="//play.pokemonshowdown.com/config/config.js?2bddbc15"></script>
<script defer src="//play.pokemonshowdown.com/js/lib/jquery-1.11.0.min.js"></script>
<script defer src="//play.pokemonshowdown.com/js/lib/html-sanitizer-minified.js"></script>
<script defer src="//play.pokemonshowdown.com/js/battle-sound.js"></script>
<script defer src="//play.pokemonshowdown.com/js/battledata.js?0.7209276989879541"></script>
<script defer src="//play.pokemonshowdown.com/data/pokedex-mini.js?0.6111056340867951"></script>
<script defer src="//play.pokemonshowdown.com/data/pokedex-mini-bw.js?0.3532142036491459"></script>
<script defer src="//play.pokemonshowdown.com/data/graphics.js?0.24223875632456182"></script>
<script defer src="//play.pokemonshowdown.com/data/pokedex.js?0.38839984266356864"></script>
<script defer src="//play.pokemonshowdown.com/data/moves.js?0.21866028504024015"></script>
<script defer src="//play.pokemonshowdown.com/data/abilities.js?0.2005157953846628"></script>
<script defer src="//play.pokemonshowdown.com/data/items.js?0.9894211263848525"></script>
<script defer src="//play.pokemonshowdown.com/data/teambuilder-tables.js?0.6008791140282215"></script>
<script defer src="//play.pokemonshowdown.com/js/battle-tooltips.js?0.7580118955022959"></script>
<script defer src="//play.pokemonshowdown.com/js/battle.js?0.6057722274234274"></script>

<script defer src="js/utils.js?e31f9a17"></script>
<script defer src="js/replays-battle.js?7008c182"></script>

<!-- don't scrape this data! just add .json or .log after the URL!
Full API docs: https://github.com/smogon/pokemon-showdown-client/blob/master/WEB-API.md -->
<script type="text/plain" class="log" id="replaylog-smogtours-gen3ou-805311">
|inactive|Battle timer is ON: inactive players will automatically lose when time's up.
|t:|1731103671
|gametype|singles
|player|p1|Dhgss|ethan|
|player|p2|BongMoodeus|pokemonbreederf-gen4|
|teamsize|p1|6
|teamsize|p2|6
|gen|3
|tier|[Gen 3] OU
|rule|Sleep Clause Mod: Limit one foe put to sleep
|rule|Switch Priority Clause Mod: Faster Pokémon switch first
|rule|Species Clause: Limit one of each Pokémon
|rule|OHKO Clause: OHKO moves are banned
|rule|Evasion Items Clause: Evasion items are banned
|rule|Evasion Moves Clause: Evasion moves are banned
|rule|Endless Battle Clause: Forcing endless battles is banned
|rule|HP Percentage Mod: HP is shown in percentages
|rule|One Boost Passer Clause: Limit one Baton Passer that has a way to boost its stats
|rule|Freeze Clause Mod: Limit one foe frozen
|
|t:|1731103671
|start
|switch|p1a: Zapdos|Zapdos|100/100
|switch|p2a: Skarmoryiannus|Skarmory, F|100/100
|turn|1
|c|☆BongMoodeus|gl hf
|
|t:|1731103685
|switch|p2a: Jolteonicus|Jolteon, F|100/100
|move|p1a: Zapdos|Baton Pass|p1a: Zapdos
|c|☆Dhgss|HF!
|
|t:|1731103697
|switch|p1a: Celebi|Celebi|100/100|[from] Baton Pass
|
|upkeep
|turn|2
|
|t:|1731103702
|move|p2a: Jolteonicus|Substitute|p2a: Jolteonicus
|-start|p2a: Jolteonicus|Substitute
|-damage|p2a: Jolteonicus|76/100
|move|p1a: Celebi|Swords Dance|p1a: Celebi
|-boost|p1a: Celebi|atk|2
|
|-heal|p2a: Jolteonicus|82/100|[from] item: Leftovers
|upkeep
|turn|3
|
|t:|1731103723
|move|p2a: Jolteonicus|Baton Pass|p2a: Jolteonicus
|
|t:|1731103726
|switch|p2a: Skarmoryiannus|Skarmory, F|100/100|[from] Baton Pass
|move|p1a: Celebi|Baton Pass|p1a: Celebi
|inactive|Dhgss has 270 seconds left.
|
|t:|1731103751
|switch|p1a: Gyarados|Gyarados, F|100/100|[from] Baton Pass
|
|upkeep
|turn|4
|
|t:|1731103758
|move|p1a: Gyarados|Taunt|p2a: Skarmoryiannus
|-start|p2a: Skarmoryiannus|move: Taunt
|cant|p2a: Skarmoryiannus|move: Taunt|Roar
|
|upkeep
|turn|5
|
|t:|1731103767
|switch|p2a: Jolteonicus|Jolteon, F|82/100
|move|p1a: Gyarados|Hidden Power|p2a: Jolteonicus
|-resisted|p2a: Jolteonicus
|-damage|p2a: Jolteonicus|16/100
|
|-heal|p2a: Jolteonicus|22/100|[from] item: Leftovers
|upkeep
|turn|6
|
|t:|1731103778
|switch|p1a: Celebi|Celebi|100/100
|move|p2a: Jolteonicus|Thunderbolt|p1a: Celebi
|-resisted|p1a: Celebi
|-damage|p1a: Celebi|86/100
|-status|p1a: Celebi|par
|
|-heal|p2a: Jolteonicus|28/100|[from] item: Leftovers
|-heal|p1a: Celebi|92/100 par|[from] item: Leftovers
|upkeep
|turn|7
|
|t:|1731103791
|move|p2a: Jolteonicus|Substitute|p2a: Jolteonicus
|-start|p2a: Jolteonicus|Substitute
|-damage|p2a: Jolteonicus|4/100
|move|p1a: Celebi|Baton Pass|p1a: Celebi
|inactive|Dhgss has 270 seconds left.
|
|t:|1731103815
|-curestatus|p1a: Celebi|par|[from] ability: Natural Cure
|switch|p1a: Heracross|Heracross, M|100/100|[from] Baton Pass
|
|-heal|p2a: Jolteonicus|10/100|[from] item: Leftovers
|upkeep
|turn|8
|
|t:|1731103821
|move|p2a: Jolteonicus|Thunderbolt|p1a: Heracross
|-damage|p1a: Heracross|56/100
|move|p1a: Heracross|Rock Slide|p2a: Jolteonicus
|-end|p2a: Jolteonicus|Substitute
|
|-heal|p2a: Jolteonicus|16/100|[from] item: Leftovers
|upkeep
|turn|9
|inactive|Dhgss has 270 seconds left.
|
|t:|1731103842
|move|p2a: Jolteonicus|Baton Pass|p2a: Jolteonicus
|
|t:|1731103850
|switch|p2a: Skarmoryiannus|Skarmory, F|100/100|[from] Baton Pass
|move|p1a: Heracross|Rock Slide|p2a: Skarmoryiannus
|-damage|p2a: Skarmoryiannus|76/100
|
|-heal|p2a: Skarmoryiannus|82/100|[from] item: Leftovers
|upkeep
|turn|10
|
|t:|1731103859
|switch|p1a: Zapdos|Zapdos|100/100
|move|p2a: Skarmoryiannus|Spikes|p1a: Zapdos
|-sidestart|p1: Dhgss|Spikes
|
|-heal|p2a: Skarmoryiannus|88/100|[from] item: Leftovers
|upkeep
|turn|11
|
|t:|1731103870
|switch|p2a: Tyranitaritus|Tyranitar, M|100/100
|-weather|Sandstorm|[from] ability: Sand Stream|[of] p2a: Tyranitaritus
|move|p1a: Zapdos|Hidden Power|p2a: Tyranitaritus
|-supereffective|p2a: Tyranitaritus
|-damage|p2a: Tyranitaritus|53/100
|
|-weather|Sandstorm|[upkeep]
|-damage|p1a: Zapdos|94/100|[from] Sandstorm
|-heal|p1a: Zapdos|100/100|[from] item: Leftovers
|upkeep
|turn|12
|
|t:|1731103881
|move|p1a: Zapdos|Baton Pass|p1a: Zapdos
|
|t:|1731103884
|switch|p1a: Suicune|Suicune|100/100|[from] Baton Pass
|-damage|p1a: Suicune|88/100|[from] Spikes
|move|p2a: Tyranitaritus|Dragon Dance|p2a: Tyranitaritus
|-boost|p2a: Tyranitaritus|atk|1
|-boost|p2a: Tyranitaritus|spe|1
|
|-weather|Sandstorm|[upkeep]
|-damage|p1a: Suicune|82/100|[from] Sandstorm
|-heal|p1a: Suicune|88/100|[from] item: Leftovers
|upkeep
|turn|13
|
|t:|1731103889
|move|p2a: Tyranitaritus|Rock Slide|p1a: Suicune
|-damage|p1a: Suicune|54/100
|cant|p1a: Suicune|flinch
|
|-weather|Sandstorm|[upkeep]
|-damage|p1a: Suicune|48/100|[from] Sandstorm
|-heal|p1a: Suicune|54/100|[from] item: Leftovers
|upkeep
|turn|14
|
|t:|1731103900
|move|p2a: Tyranitaritus|Rock Slide|p1a: Suicune|[miss]
|-miss|p2a: Tyranitaritus|p1a: Suicune
|move|p1a: Suicune|Surf|p2a: Tyranitaritus
|-supereffective|p2a: Tyranitaritus
|-damage|p2a: Tyranitaritus|0 fnt
|faint|p2a: Tyranitaritus
|
|t:|1731103903
|switch|p2a: Jolteonicus|Jolteon, F|16/100
|
|-weather|Sandstorm|[upkeep]
|-damage|p2a: Jolteonicus|10/100|[from] Sandstorm
|-damage|p1a: Suicune|48/100|[from] Sandstorm
|-heal|p2a: Jolteonicus|16/100|[from] item: Leftovers
|-heal|p1a: Suicune|54/100|[from] item: Leftovers
|upkeep
|turn|15
|
|t:|1731103913
|switch|p1a: Celebi|Celebi|92/100
|-damage|p1a: Celebi|80/100|[from] Spikes
|move|p2a: Jolteonicus|Thunderbolt|p1a: Celebi
|-resisted|p1a: Celebi
|-damage|p1a: Celebi|67/100
|
|-weather|Sandstorm|[upkeep]
|-damage|p2a: Jolteonicus|10/100|[from] Sandstorm
|-damage|p1a: Celebi|61/100|[from] Sandstorm
|-heal|p2a: Jolteonicus|16/100|[from] item: Leftovers
|-heal|p1a: Celebi|67/100|[from] item: Leftovers
|upkeep
|turn|16
|
|t:|1731103924
|move|p2a: Jolteonicus|Baton Pass|p2a: Jolteonicus
|
|t:|1731103926
|switch|p2a: Moltreselina|Moltres|100/100|[from] Baton Pass
|move|p1a: Celebi|Recover|p1a: Celebi
|-heal|p1a: Celebi|100/100
|
|-weather|Sandstorm|[upkeep]
|-damage|p2a: Moltreselina|94/100|[from] Sandstorm
|-damage|p1a: Celebi|94/100|[from] Sandstorm
|-heal|p2a: Moltreselina|100/100|[from] item: Leftovers
|-heal|p1a: Celebi|100/100|[from] item: Leftovers
|upkeep
|turn|17
|
|t:|1731103938
|switch|p1a: Suicune|Suicune|54/100
|-damage|p1a: Suicune|42/100|[from] Spikes
|move|p2a: Moltreselina|Will-O-Wisp|p1a: Suicune
|-status|p1a: Suicune|brn
|
|-weather|Sandstorm|[upkeep]
|-damage|p2a: Moltreselina|94/100|[from] Sandstorm
|-damage|p1a: Suicune|36/100 brn|[from] Sandstorm
|-heal|p2a: Moltreselina|100/100|[from] item: Leftovers
|-heal|p1a: Suicune|42/100 brn|[from] item: Leftovers
|-damage|p1a: Suicune|30/100 brn|[from] brn
|upkeep
|turn|18
|
|t:|1731103944
|move|p2a: Moltreselina|Hidden Power|p1a: Suicune
|-supereffective|p1a: Suicune
|-crit|p1a: Suicune
|-damage|p1a: Suicune|0 fnt
|faint|p1a: Suicune
|
|t:|1731103949
|switch|p1a: Zapdos|Zapdos|100/100
|
|-weather|Sandstorm|[upkeep]
|-damage|p1a: Zapdos|94/100|[from] Sandstorm
|-damage|p2a: Moltreselina|94/100|[from] Sandstorm
|-heal|p1a: Zapdos|100/100|[from] item: Leftovers
|-heal|p2a: Moltreselina|100/100|[from] item: Leftovers
|upkeep
|turn|19
|
|t:|1731103962
|switch|p2a: Jolteonicus|Jolteon, F|16/100
|move|p1a: Zapdos|Rain Dance|p1a: Zapdos
|-weather|RainDance
|
|-weather|RainDance|[upkeep]
|-heal|p2a: Jolteonicus|22/100|[from] item: Leftovers
|upkeep
|turn|20
|
|t:|1731103967
|move|p2a: Jolteonicus|Thunderbolt|p1a: Zapdos
|-damage|p1a: Zapdos|50/100
|move|p1a: Zapdos|Hidden Power|p2a: Jolteonicus
|-damage|p2a: Jolteonicus|0 fnt
|faint|p2a: Jolteonicus
|
|t:|1731103970
|switch|p2a: Gengarus|Gengar, M|100/100
|
|-weather|RainDance|[upkeep]
|-heal|p1a: Zapdos|56/100|[from] item: Leftovers
|upkeep
|turn|21
|
|t:|1731103987
|move|p2a: Gengarus|Ice Punch|p1a: Zapdos
|-supereffective|p1a: Zapdos
|-damage|p1a: Zapdos|0 fnt
|faint|p1a: Zapdos
|
|t:|1731103993
|switch|p1a: Celebi|Celebi|100/100
|-damage|p1a: Celebi|88/100|[from] Spikes
|
|-weather|RainDance|[upkeep]
|-heal|p1a: Celebi|94/100|[from] item: Leftovers
|upkeep
|turn|22
|
|t:|1731104006
|switch|p2a: Skarmoryiannus|Skarmory, F|88/100
|move|p1a: Celebi|Ancient Power|p2a: Skarmoryiannus
|-damage|p2a: Skarmoryiannus|77/100
|
|-weather|RainDance|[upkeep]
|-heal|p1a: Celebi|100/100|[from] item: Leftovers
|-heal|p2a: Skarmoryiannus|83/100|[from] item: Leftovers
|upkeep
|turn|23
|
|t:|1731104020
|move|p1a: Celebi|Swords Dance|p1a: Celebi
|-boost|p1a: Celebi|atk|2
|move|p2a: Skarmoryiannus|Taunt|p1a: Celebi
|-start|p1a: Celebi|move: Taunt
|
|-weather|none
|-heal|p2a: Skarmoryiannus|89/100|[from] item: Leftovers
|upkeep
|turn|24
|
|t:|1731104029
|move|p1a: Celebi|Ancient Power|p2a: Skarmoryiannus
|-damage|p2a: Skarmoryiannus|66/100
|move|p2a: Skarmoryiannus|Roar|p1a: Celebi
|drag|p1a: Gyarados|Gyarados, F|100/100
|-ability|p1a: Gyarados|Intimidate|boost
|-unboost|p2a: Skarmoryiannus|atk|1
|
|-heal|p2a: Skarmoryiannus|72/100|[from] item: Leftovers
|upkeep
|turn|25
|
|t:|1731104043
|switch|p2a: Gengarus|Gengar, M|100/100
|move|p1a: Gyarados|Dragon Dance|p1a: Gyarados
|-boost|p1a: Gyarados|atk|1
|-boost|p1a: Gyarados|spe|1
|
|upkeep
|turn|26
|
|t:|1731104071
|switch|p1a: Celebi|Celebi|100/100
|-damage|p1a: Celebi|88/100|[from] Spikes
|move|p2a: Gengarus|Thunderbolt|p1a: Celebi
|-resisted|p1a: Celebi
|-damage|p1a: Celebi|77/100
|
|-heal|p1a: Celebi|84/100|[from] item: Leftovers
|upkeep
|turn|27
|
|t:|1731104083
|switch|p2a: Skarmoryiannus|Skarmory, F|72/100
|move|p1a: Celebi|Swords Dance|p1a: Celebi
|-boost|p1a: Celebi|atk|2
|
|-heal|p1a: Celebi|90/100|[from] item: Leftovers
|-heal|p2a: Skarmoryiannus|78/100|[from] item: Leftovers
|upkeep
|turn|28
|
|t:|1731104086
|move|p1a: Celebi|Ancient Power|p2a: Skarmoryiannus
|-damage|p2a: Skarmoryiannus|54/100
|move|p2a: Skarmoryiannus|Roar|p1a: Celebi
|drag|p1a: Heracross|Heracross, M|56/100
|-damage|p1a: Heracross|43/100|[from] Spikes
|
|-heal|p2a: Skarmoryiannus|60/100|[from] item: Leftovers
|upkeep
|turn|29
|
|t:|1731104098
|switch|p1a: Celebi|Celebi|90/100
|-damage|p1a: Celebi|77/100|[from] Spikes
|move|p2a: Skarmoryiannus|Drill Peck|p1a: Celebi
|-supereffective|p1a: Celebi
|-damage|p1a: Celebi|39/100
|
|-heal|p1a: Celebi|45/100|[from] item: Leftovers
|-heal|p2a: Skarmoryiannus|66/100|[from] item: Leftovers
|upkeep
|turn|30
|
|t:|1731104105
|move|p1a: Celebi|Ancient Power|p2a: Skarmoryiannus
|-damage|p2a: Skarmoryiannus|54/100
|move|p2a: Skarmoryiannus|Drill Peck|p1a: Celebi
|-supereffective|p1a: Celebi
|-damage|p1a: Celebi|7/100
|
|-heal|p1a: Celebi|13/100|[from] item: Leftovers
|-heal|p2a: Skarmoryiannus|60/100|[from] item: Leftovers
|upkeep
|turn|31
|
|t:|1731104112
|switch|p1a: Gyarados|Gyarados, F|100/100
|-ability|p1a: Gyarados|Intimidate|boost
|-unboost|p2a: Skarmoryiannus|atk|1
|switch|p2a: Gengarus|Gengar, M|100/100
|
|upkeep
|turn|32
|
|t:|1731104125
|switch|p1a: Dugtrio|Dugtrio, F|100/100
|-damage|p1a: Dugtrio|88/100|[from] Spikes
|move|p2a: Gengarus|Thunderbolt|p1a: Dugtrio
|-immune|p1a: Dugtrio
|
|upkeep
|turn|33
|
|t:|1731104140
|move|p2a: Gengarus|Ice Punch|p1a: Dugtrio
|-supereffective|p1a: Dugtrio
|-crit|p1a: Dugtrio
|-damage|p1a: Dugtrio|0 fnt
|faint|p1a: Dugtrio
|inactive|Dhgss has 270 seconds left.
|
|t:|1731104181
|switch|p1a: Heracross|Heracross, M|43/100
|-damage|p1a: Heracross|31/100|[from] Spikes
|
|upkeep
|turn|34
|
|t:|1731104190
|move|p1a: Heracross|Endure|p1a: Heracross
|-singleturn|p1a: Heracross|move: Endure
|move|p2a: Gengarus|Thunderbolt|p1a: Heracross
|-activate|p1a: Heracross|move: Endure
|-damage|p1a: Heracross|1/100
|
|-enditem|p1a: Heracross|Salac Berry|[eat]
|-boost|p1a: Heracross|spe|1|[from] item: Salac Berry
|upkeep
|turn|35
|inactive|Dhgss has 270 seconds left.
|
|t:|1731104200
|move|p1a: Heracross|Rock Slide|p2a: Gengarus
|-damage|p2a: Gengarus|50/100
|cant|p2a: Gengarus|flinch
|
|-heal|p2a: Gengarus|56/100|[from] item: Leftovers
|upkeep
|turn|36
|inactive|Dhgss has 270 seconds left.
|
|t:|1731104215
|move|p1a: Heracross|Rock Slide|p2a: Gengarus
|-damage|p2a: Gengarus|0 fnt
|faint|p2a: Gengarus
|c|☆Dhgss|sorry
|c|☆BongMoodeus|its mons
|c|☆Dhgss|yeah
|
|t:|1731104236
|switch|p2a: Swamperticus|Swampert, F|100/100
|
|upkeep
|turn|37
|inactive|Dhgss has 270 seconds left.
|
|t:|1731104259
|move|p1a: Heracross|Reversal|p2a: Swamperticus
|-damage|p2a: Swamperticus|26/100
|move|p2a: Swamperticus|Ice Beam|p1a: Heracross
|-damage|p1a: Heracross|0 fnt
|faint|p1a: Heracross
|
|t:|1731104270
|switch|p1a: Gyarados|Gyarados, F|100/100
|-ability|p1a: Gyarados|Intimidate|boost
|-unboost|p2a: Swamperticus|atk|1
|
|-heal|p2a: Swamperticus|32/100|[from] item: Leftovers
|upkeep
|turn|38
|
|t:|1731104280
|move|p1a: Gyarados|Dragon Dance|p1a: Gyarados
|-boost|p1a: Gyarados|atk|1
|-boost|p1a: Gyarados|spe|1
|move|p2a: Swamperticus|Ice Beam|p1a: Gyarados
|-damage|p1a: Gyarados|80/100
|
|-heal|p1a: Gyarados|86/100|[from] item: Leftovers
|-heal|p2a: Swamperticus|38/100|[from] item: Leftovers
|upkeep
|turn|39
|
|t:|1731104286
|move|p1a: Gyarados|Hidden Power|p2a: Swamperticus
|-damage|p2a: Swamperticus|0 fnt
|faint|p2a: Swamperticus
|
|t:|1731104289
|switch|p2a: Skarmoryiannus|Skarmory, F|60/100
|
|-heal|p1a: Gyarados|92/100|[from] item: Leftovers
|-heal|p2a: Skarmoryiannus|66/100|[from] item: Leftovers
|upkeep
|turn|40
|inactive|Dhgss has 270 seconds left.
|
|t:|1731104321
|move|p1a: Gyarados|Hidden Power|p2a: Skarmoryiannus
|-resisted|p2a: Skarmoryiannus
|-damage|p2a: Skarmoryiannus|41/100
|move|p2a: Skarmoryiannus|Drill Peck|p1a: Gyarados
|-damage|p1a: Gyarados|62/100
|
|-heal|p1a: Gyarados|68/100|[from] item: Leftovers
|-heal|p2a: Skarmoryiannus|47/100|[from] item: Leftovers
|upkeep
|turn|41
|
|t:|1731104332
|move|p1a: Gyarados|Hidden Power|p2a: Skarmoryiannus
|-resisted|p2a: Skarmoryiannus
|-damage|p2a: Skarmoryiannus|23/100
|move|p2a: Skarmoryiannus|Roar|p1a: Gyarados
|drag|p1a: Celebi|Celebi|13/100
|-damage|p1a: Celebi|1/100|[from] Spikes
|
|-heal|p1a: Celebi|7/100|[from] item: Leftovers
|-heal|p2a: Skarmoryiannus|29/100|[from] item: Leftovers
|upkeep
|turn|42
|
|t:|1731104340
|move|p1a: Celebi|Recover|p1a: Celebi
|-heal|p1a: Celebi|57/100
|move|p2a: Skarmoryiannus|Drill Peck|p1a: Celebi
|-supereffective|p1a: Celebi
|-damage|p1a: Celebi|21/100
|
|-heal|p1a: Celebi|27/100|[from] item: Leftovers
|-heal|p2a: Skarmoryiannus|35/100|[from] item: Leftovers
|upkeep
|turn|43
|
|t:|1731104350
|switch|p2a: Moltreselina|Moltres|100/100
|move|p1a: Celebi|Recover|p1a: Celebi
|-heal|p1a: Celebi|77/100
|
|-heal|p1a: Celebi|84/100|[from] item: Leftovers
|upkeep
|turn|44
|
|t:|1731104356
|move|p2a: Moltreselina|Flamethrower|p1a: Celebi
|-supereffective|p1a: Celebi
|-damage|p1a: Celebi|20/100
|move|p1a: Celebi|Ancient Power|p2a: Moltreselina
|-supereffective|p2a: Moltreselina
|-damage|p2a: Moltreselina|35/100
|
|-heal|p2a: Moltreselina|42/100|[from] item: Leftovers
|-heal|p1a: Celebi|26/100|[from] item: Leftovers
|upkeep
|turn|45
|inactive|Dhgss has 270 seconds left.
|
|t:|1731104369
|move|p2a: Moltreselina|Flamethrower|p1a: Celebi
|-supereffective|p1a: Celebi
|-damage|p1a: Celebi|0 fnt
|faint|p1a: Celebi
|
|t:|1731104372
|switch|p1a: Gyarados|Gyarados, F|68/100
|-ability|p1a: Gyarados|Intimidate|boost
|-unboost|p2a: Moltreselina|atk|1
|
|-heal|p2a: Moltreselina|48/100|[from] item: Leftovers
|-heal|p1a: Gyarados|74/100|[from] item: Leftovers
|upkeep
|turn|46
|inactive|Dhgss has 270 seconds left.
|
|t:|1731104386
|move|p2a: Moltreselina|Will-O-Wisp|p1a: Gyarados
|-status|p1a: Gyarados|brn
|move|p1a: Gyarados|Hidden Power|p2a: Moltreselina
|-crit|p2a: Moltreselina
|-damage|p2a: Moltreselina|3/100
|
|-heal|p2a: Moltreselina|10/100|[from] item: Leftovers
|-heal|p1a: Gyarados|81/100 brn|[from] item: Leftovers
|-damage|p1a: Gyarados|68/100 brn|[from] brn
|upkeep
|turn|47
|
|t:|1731104394
|move|p2a: Moltreselina|Flamethrower|p1a: Gyarados
|-resisted|p1a: Gyarados
|-damage|p1a: Gyarados|44/100 brn
|move|p1a: Gyarados|Dragon Dance|p1a: Gyarados
|-boost|p1a: Gyarados|atk|1
|-boost|p1a: Gyarados|spe|1
|
|-heal|p1a: Gyarados|50/100 brn|[from] item: Leftovers
|-damage|p1a: Gyarados|38/100 brn|[from] brn
|-heal|p2a: Moltreselina|16/100|[from] item: Leftovers
|upkeep
|turn|48
|
|t:|1731104397
|move|p1a: Gyarados|Hidden Power|p2a: Moltreselina
|-damage|p2a: Moltreselina|0 fnt
|faint|p2a: Moltreselina
|
|t:|1731104398
|switch|p2a: Skarmoryiannus|Skarmory, F|35/100
|
|-heal|p1a: Gyarados|44/100 brn|[from] item: Leftovers
|-damage|p1a: Gyarados|32/100 brn|[from] brn
|-heal|p2a: Skarmoryiannus|41/100|[from] item: Leftovers
|upkeep
|turn|49
|
|t:|1731104403
|move|p1a: Gyarados|Hidden Power|p2a: Skarmoryiannus
|-resisted|p2a: Skarmoryiannus
|-damage|p2a: Skarmoryiannus|29/100
|move|p2a: Skarmoryiannus|Drill Peck|p1a: Gyarados
|-damage|p1a: Gyarados|4/100 brn
|
|-heal|p1a: Gyarados|10/100 brn|[from] item: Leftovers
|-damage|p1a: Gyarados|0 fnt|[from] brn
|faint|p1a: Gyarados
|
|win|BongMoodeus
|upkeep
|c|☆Dhgss|GG
|c|☆BongMoodeus|GGs wp
|c|☆Dhgss|congrats!
|c|☆BongMoodeus|thx!!

</script>
<script type="application/json" class="data" id="replaydata-smogtours-gen3ou-805311">
{"id":"smogtours-gen3ou-805311","format":"[Gen 3] OU","players":["Dhgss","BongMoodeus"],"uploadtime":1731104403,"views":48,"formatid":"gen3ou","rating":null,"private":0,"password":null}
</script>

<script defer src="js/replays.js?9d40a366"></script>
