<!DOCTYPE html>
<meta charset="utf-8" />
<meta name="viewport" content="width=device-width" />

<title>[Gen 3] OU: Hykari vs. kydreith33 - Replays - Pok&eacute;mon Showdown!</title>

<meta name="description" content="Watch a replay of a Pok&eacute;mon battle between Hykari and kydreith33! Format: [Gen 3] OU; Date: Oct 18, 2024" />
<!--

Hey, you! Looking in the source for the replay log?

You can find them in JSON format, just add `.json` at the end of a replay URL.

https://replay.pokemonshowdown.com/gen7randomdoublesbattle-865046831.json

Or, if you only need the log itself, add `.log` instead:

https://replay.pokemonshowdown.com/gen7randomdoublesbattle-865046831.log

-->

<link rel="stylesheet" href="//pokemonshowdown.com/style/global.css?0.767286132409787" />
<link rel="stylesheet" href="//play.pokemonshowdown.com/style/font-awesome.css?0.9266228007934947" />
<link rel="stylesheet" href="//play.pokemonshowdown.com/style/battle.css?0.7924700842790926" />
<link rel="stylesheet" href="//play.pokemonshowdown.com/style/utilichart.css?0.8777417872839479" />

<!-- Global site tag (gtag.js) - Google Analytics -->
<script async src="https://www.googletagmanager.com/gtag/js?id=UA-26211653-1"></script>
<script>
  window.dataLayer = window.dataLayer || [];
  function gtag(){dataLayer.push(arguments);}
  gtag('js', new Date());

  gtag('config', 'UA-26211653-1');
</script>
<!-- End Google Analytics -->
<!-- Venatus Ad Manager - Install in <HEAD> of page -->
	<script src="https://hb.vntsm.com/v3/live/ad-manager.min.js" type="text/javascript" data-site-id="642aba63ec9a7b11c3c9c1be" data-mode="scan" async></script>
<!-- / Venatus Ad Manager -->

<style>
	@media (max-width:820px) {
		.battle {
			margin: 0 auto;
		}
		.battle-log {
			margin: 7px auto 0;
			max-width: 640px;
			height: 300px;
			position: static;
		}
	}
	.optgroup {
		display: inline-block;
		line-height: 22px;
		font-size: 10pt;
	}
	.optgroup .button {
		height: 25px;
		padding-top: 0;
		padding-bottom: 0;
	}
	.optgroup button.button {
		padding-left: 12px;
		padding-right: 12px;
	}
	.linklist {
		list-style: none;
		margin: 0.5em 0;
		padding: 0;
	}
	.linklist li {
		padding: 2px 0;
	}
	.sidebar {
		float: left;
		width: 320px;
	}
	.bar-wrapper {
		max-width: 1100px;
		margin: 0 auto;
	}
	.bar-wrapper.has-sidebar {
		max-width: 1430px;
	}
	.mainbar {
		margin: 0;
		padding-right: 1px;
	}
	.mainbar.has-sidebar {
		margin-left: 330px;
	}
	@media (min-width: 1511px) {
		.sidebar {
			width: 400px;
		}
		.bar-wrapper.has-sidebar {
			max-width: 1510px;
		}
		.mainbar.has-sidebar {
			margin-left: 410px;
		}
	}
	.section.first-section {
		margin-top: 9px;
	}
	.blocklink small {
		white-space: normal;
	}
	.button {
		vertical-align: middle;
	}
	.replay-controls {
		padding-top: 10px;
	}
	.replay-controls h1 {
		font-size: 16pt;
		font-weight: normal;
		color: #CCC;
	}
	.pagelink {
		text-align: center;
	}
	.pagelink a {
		width: 150px;
	}
	.textbox, .button {
		font-size: 11pt;
		vertical-align: middle;
	}
	@media (max-width: 450px) {
		.button {
			font-size: 9pt;
		}
	}
</style>

<div>

	<header>
		<div class="nav-wrapper"><ul class="nav">
			<li><a class="button nav-first" href="//pokemonshowdown.com/"><img src="//pokemonshowdown.com/images/pokemonshowdownbeta.png" srcset="//pokemonshowdown.com/images/pokemonshowdownbeta.png 1x, //pokemonshowdown.com/images/pokemonshowdownbeta@2x.png 2x" alt="Pok&eacute;mon Showdown" width="146" height="44" /> Home</a></li>
			<li><a class="button" href="//pokemonshowdown.com/dex/">Pok&eacute;dex</a></li>
			<li><a class="button cur" href="/">Replays</a></li>
			<li><a class="button" href="//pokemonshowdown.com/ladder/">Ladder</a></li>
			<li><a class="button nav-last" href="//pokemonshowdown.com/forums/">Forum</a></li>
			<li><a class="button greenbutton nav-first nav-last" href="//play.pokemonshowdown.com/">Play</a></li>
		</ul></div>
	</header>

	<div class="main" id="main">

		<noscript><section class="section">You need to enable JavaScript to use this page; sorry!</section></noscript>

	</div>

</div>

<script defer nomodule src="//play.pokemonshowdown.com/js/lib/ps-polyfill.js"></script>
<script defer src="//play.pokemonshowdown.com/js/lib/preact.min.js"></script>

<script defer src="//play.pokemonshowdown.com/config/config.js?6dec07f6"></script>
<script defer src="//play.pokemonshowdown.com/js/lib/jquery-1.11.0.min.js"></script>
<script defer src="//play.pokemonshowdown.com/js/lib/html-sanitizer-minified.js"></script>
<script defer src="//play.pokemonshowdown.com/js/battle-sound.js"></script>
<script defer src="//play.pokemonshowdown.com/js/battledata.js?0.6315294753075389"></script>
<script defer src="//play.pokemonshowdown.com/data/pokedex-mini.js?0.7603743185311358"></script>
<script defer src="//play.pokemonshowdown.com/data/pokedex-mini-bw.js?0.030888842834281283"></script>
<script defer src="//play.pokemonshowdown.com/data/graphics.js?0.05593094747507488"></script>
<script defer src="//play.pokemonshowdown.com/data/pokedex.js?0.47064822249611904"></script>
<script defer src="//play.pokemonshowdown.com/data/moves.js?0.8583693120512459"></script>
<script defer src="//play.pokemonshowdown.com/data/abilities.js?0.16017181182386842"></script>
<script defer src="//play.pokemonshowdown.com/data/items.js?0.4163379185673943"></script>
<script defer src="//play.pokemonshowdown.com/data/teambuilder-tables.js?0.31075597372830477"></script>
<script defer src="//play.pokemonshowdown.com/js/battle-tooltips.js?0.6536193500708172"></script>
<script defer src="//play.pokemonshowdown.com/js/battle.js?0.1916591943277901"></script>

<script defer src="js/utils.js?e31f9a17"></script>
<script defer src="js/replays-battle.js?7008c182"></script>

<!-- don't scrape this data! just add .json or .log after the URL!
Full API docs: https://github.com/smogon/pokemon-showdown-client/blob/master/WEB-API.md -->
<script type="text/plain" class="log" id="replaylog-smogtours-gen3ou-799537">
|inactive|Battle timer is ON: inactive players will automatically lose when time's up.
|t:|1729267546
|gametype|singles
|player|p1|Hykari|flannery|
|player|p2|kydreith33|clair|
|teamsize|p1|6
|teamsize|p2|6
|gen|3
|tier|[Gen 3] OU
|rule|Sleep Clause Mod: Limit one foe put to sleep
|rule|Switch Priority Clause Mod: Faster Pokémon switch first
|rule|Species Clause: Limit one of each Pokémon
|rule|OHKO Clause: OHKO moves are banned
|rule|Evasion Items Clause: Evasion items are banned
|rule|Evasion Moves Clause: Evasion moves are banned
|rule|Endless Battle Clause: Forcing endless battles is banned
|rule|HP Percentage Mod: HP is shown in percentages
|rule|One Boost Passer Clause: Limit one Baton Passer that has a way to boost its stats
|rule|Freeze Clause Mod: Limit one foe frozen
|
|t:|1729267546
|start
|switch|p1a: Tyranitar|Tyranitar, M|100/100
|switch|p2a: Vaporeon|Vaporeon, M|100/100
|-weather|Sandstorm|[from] ability: Sand Stream|[of] p1a: Tyranitar
|turn|1
|c|☆kydreith33|glhf
|c|☆Hykari|glhf
|
|t:|1729267558
|switch|p1a: Blissey|Blissey, F|100/100
|move|p2a: Vaporeon|Substitute|p2a: Vaporeon
|-start|p2a: Vaporeon|Substitute
|-damage|p2a: Vaporeon|76/100
|
|-weather|Sandstorm|[upkeep]
|-damage|p2a: Vaporeon|69/100|[from] Sandstorm
|-damage|p1a: Blissey|94/100|[from] Sandstorm
|-heal|p1a: Blissey|100/100|[from] item: Leftovers
|upkeep
|turn|2
|
|t:|1729267568
|move|p2a: Vaporeon|Baton Pass|p2a: Vaporeon
|
|t:|1729267573
|switch|p2a: Tyranitar|Tyranitar, F|100/100|[from] Baton Pass
|move|p1a: Blissey|Seismic Toss|p2a: Tyranitar
|-activate|p2a: Tyranitar|Substitute|[damage]
|
|-weather|Sandstorm|[upkeep]
|-damage|p1a: Blissey|94/100|[from] Sandstorm
|-heal|p1a: Blissey|100/100|[from] item: Leftovers
|upkeep
|turn|3
|
|t:|1729267600
|switch|p1a: Swampert|Swampert, F|100/100
|move|p2a: Tyranitar|Dragon Dance|p2a: Tyranitar
|-boost|p2a: Tyranitar|atk|1
|-boost|p2a: Tyranitar|spe|1
|
|-weather|Sandstorm|[upkeep]
|upkeep
|turn|4
|
|t:|1729267607
|move|p2a: Tyranitar|Hidden Power|p1a: Swampert
|-supereffective|p1a: Swampert
|-damage|p1a: Swampert|42/100
|move|p1a: Swampert|Roar|p2a: Tyranitar
|drag|p2a: Metagross|Metagross|100/100
|
|-weather|Sandstorm|[upkeep]
|-heal|p1a: Swampert|49/100|[from] item: Leftovers
|upkeep
|turn|5
|
|t:|1729267621
|switch|p1a: Forretress|Forretress, M|100/100
|move|p2a: Metagross|Earthquake|p1a: Forretress
|-damage|p1a: Forretress|60/100
|
|-weather|Sandstorm|[upkeep]
|-heal|p1a: Forretress|66/100|[from] item: Leftovers
|upkeep
|turn|6
|
|t:|1729267634
|move|p2a: Metagross|Earthquake|p1a: Forretress
|-damage|p1a: Forretress|27/100
|move|p1a: Forretress|Spikes|p2a: Metagross
|-sidestart|p2: kydreith33|Spikes
|
|-weather|Sandstorm|[upkeep]
|-heal|p1a: Forretress|34/100|[from] item: Leftovers
|upkeep
|turn|7
|
|t:|1729267641
|switch|p1a: Zapdos|Zapdos|100/100
|move|p2a: Metagross|Earthquake|p1a: Zapdos
|-immune|p1a: Zapdos
|
|-weather|Sandstorm|[upkeep]
|-damage|p1a: Zapdos|94/100|[from] Sandstorm
|-heal|p1a: Zapdos|100/100|[from] item: Leftovers
|upkeep
|turn|8
|inactive|Hykari has 270 seconds left.
|
|t:|1729267677
|switch|p2a: Swampert|Swampert, M|100/100
|-damage|p2a: Swampert|88/100|[from] Spikes
|move|p1a: Zapdos|Toxic|p2a: Swampert
|-status|p2a: Swampert|tox
|
|-weather|Sandstorm|[upkeep]
|-damage|p1a: Zapdos|94/100|[from] Sandstorm
|-heal|p1a: Zapdos|100/100|[from] item: Leftovers
|-damage|p2a: Swampert|82/100 tox|[from] psn
|upkeep
|turn|9
|inactive|Hykari has 270 seconds left.
|
|t:|1729267692
|switch|p1a: Blissey|Blissey, F|100/100
|move|p2a: Swampert|Ice Beam|p1a: Blissey
|-damage|p1a: Blissey|92/100
|
|-weather|Sandstorm|[upkeep]
|-damage|p1a: Blissey|85/100|[from] Sandstorm
|-damage|p2a: Swampert|70/100 tox|[from] psn
|-heal|p1a: Blissey|92/100|[from] item: Leftovers
|upkeep
|turn|10
|inactive|Hykari has 270 seconds left.
|inactive|Hykari has 240 seconds left.
|
|t:|1729267732
|switch|p2a: Tyranitar|Tyranitar, F|100/100
|-damage|p2a: Tyranitar|88/100|[from] Spikes
|move|p1a: Blissey|Seismic Toss|p2a: Tyranitar
|-damage|p2a: Tyranitar|59/100
|
|-weather|Sandstorm|[upkeep]
|-damage|p1a: Blissey|85/100|[from] Sandstorm
|-heal|p1a: Blissey|92/100|[from] item: Leftovers
|upkeep
|turn|11
|inactive|Hykari has 240 seconds left.
|
|t:|1729267749
|move|p2a: Tyranitar|Dragon Dance|p2a: Tyranitar
|-boost|p2a: Tyranitar|atk|1
|-boost|p2a: Tyranitar|spe|1
|move|p1a: Blissey|Seismic Toss|p2a: Tyranitar
|-damage|p2a: Tyranitar|30/100
|
|-weather|Sandstorm|[upkeep]
|-damage|p1a: Blissey|85/100|[from] Sandstorm
|-heal|p1a: Blissey|92/100|[from] item: Leftovers
|upkeep
|turn|12
|inactive|Hykari has 240 seconds left.
|
|t:|1729267758
|move|p2a: Tyranitar|Rock Slide|p1a: Blissey|[miss]
|-miss|p2a: Tyranitar|p1a: Blissey
|move|p1a: Blissey|Seismic Toss|p2a: Tyranitar
|-damage|p2a: Tyranitar|0 fnt
|faint|p2a: Tyranitar
|
|t:|1729267766
|switch|p2a: Vaporeon|Vaporeon, M|69/100
|-damage|p2a: Vaporeon|57/100|[from] Spikes
|
|-weather|Sandstorm|[upkeep]
|-damage|p2a: Vaporeon|51/100|[from] Sandstorm
|-damage|p1a: Blissey|85/100|[from] Sandstorm
|-heal|p1a: Blissey|92/100|[from] item: Leftovers
|upkeep
|turn|13
|c|☆Hykari|oh sorry
|
|t:|1729267775
|move|p2a: Vaporeon|Substitute|p2a: Vaporeon
|-start|p2a: Vaporeon|Substitute
|-damage|p2a: Vaporeon|26/100
|move|p1a: Blissey|Seismic Toss|p2a: Vaporeon
|-activate|p2a: Vaporeon|Substitute|[damage]
|
|-weather|Sandstorm|[upkeep]
|-damage|p2a: Vaporeon|20/100|[from] Sandstorm
|-damage|p1a: Blissey|85/100|[from] Sandstorm
|-enditem|p2a: Vaporeon|Salac Berry|[eat]
|-boost|p2a: Vaporeon|spe|1|[from] item: Salac Berry
|-heal|p1a: Blissey|92/100|[from] item: Leftovers
|upkeep
|turn|14
|
|t:|1729267786
|move|p2a: Vaporeon|Baton Pass|p2a: Vaporeon
|
|t:|1729267789
|switch|p2a: Salamence|Salamence, F|100/100|[from] Baton Pass
|-ability|p2a: Salamence|Intimidate|boost
|-unboost|p1a: Blissey|atk|1
|move|p1a: Blissey|Seismic Toss|p2a: Salamence
|-end|p2a: Salamence|Substitute
|
|-weather|Sandstorm|[upkeep]
|-damage|p2a: Salamence|94/100|[from] Sandstorm
|-damage|p1a: Blissey|85/100|[from] Sandstorm
|-heal|p2a: Salamence|100/100|[from] item: Leftovers
|-heal|p1a: Blissey|92/100|[from] item: Leftovers
|upkeep
|turn|15
|
|t:|1729267815
|move|p2a: Salamence|Dragon Dance|p2a: Salamence
|-boost|p2a: Salamence|atk|1
|-boost|p2a: Salamence|spe|1
|move|p1a: Blissey|Ice Beam|p2a: Salamence
|-supereffective|p2a: Salamence
|-damage|p2a: Salamence|28/100
|
|-weather|Sandstorm|[upkeep]
|-damage|p2a: Salamence|22/100|[from] Sandstorm
|-damage|p1a: Blissey|85/100|[from] Sandstorm
|-heal|p2a: Salamence|28/100|[from] item: Leftovers
|-heal|p1a: Blissey|92/100|[from] item: Leftovers
|upkeep
|turn|16
|inactive|kydreith33 has 270 seconds left.
|
|t:|1729267857
|move|p2a: Salamence|Rock Slide|p1a: Blissey
|-damage|p1a: Blissey|52/100
|move|p1a: Blissey|Ice Beam|p2a: Salamence
|-supereffective|p2a: Salamence
|-damage|p2a: Salamence|0 fnt
|faint|p2a: Salamence
|
|t:|1729267867
|switch|p2a: Metagross|Metagross|100/100
|-damage|p2a: Metagross|88/100|[from] Spikes
|
|-weather|Sandstorm|[upkeep]
|-damage|p1a: Blissey|46/100|[from] Sandstorm
|-heal|p1a: Blissey|52/100|[from] item: Leftovers
|upkeep
|turn|17
|
|t:|1729267877
|switch|p1a: Forretress|Forretress, M|34/100
|move|p2a: Metagross|Meteor Mash|p1a: Forretress
|-resisted|p1a: Forretress
|-crit|p1a: Forretress
|-damage|p1a: Forretress|0 fnt
|faint|p1a: Forretress
|
|t:|1729267886
|switch|p1a: Zapdos|Zapdos|100/100
|
|-weather|Sandstorm|[upkeep]
|-damage|p1a: Zapdos|94/100|[from] Sandstorm
|-heal|p1a: Zapdos|100/100|[from] item: Leftovers
|upkeep
|turn|18
|
|t:|1729267891
|move|p1a: Zapdos|Thunderbolt|p2a: Metagross
|-damage|p2a: Metagross|33/100
|-status|p2a: Metagross|par
|cant|p2a: Metagross|par
|
|-weather|Sandstorm|[upkeep]
|-damage|p1a: Zapdos|94/100|[from] Sandstorm
|-heal|p1a: Zapdos|100/100|[from] item: Leftovers
|upkeep
|turn|19
|
|t:|1729267903
|move|p1a: Zapdos|Thunderbolt|p2a: Metagross
|-damage|p2a: Metagross|0 fnt
|faint|p2a: Metagross
|
|t:|1729267908
|switch|p2a: Swampert|Swampert, M|70/100 tox
|-damage|p2a: Swampert|57/100 tox|[from] Spikes
|
|-weather|Sandstorm|[upkeep]
|-damage|p1a: Zapdos|94/100|[from] Sandstorm
|-heal|p1a: Zapdos|100/100|[from] item: Leftovers
|-damage|p2a: Swampert|51/100 tox|[from] psn
|upkeep
|turn|20
|
|t:|1729267916
|move|p1a: Zapdos|Protect|p1a: Zapdos
|-singleturn|p1a: Zapdos|Protect
|move|p2a: Swampert|Ice Beam|p1a: Zapdos
|-activate|p1a: Zapdos|Protect
|
|-weather|Sandstorm|[upkeep]
|-damage|p1a: Zapdos|94/100|[from] Sandstorm
|-heal|p1a: Zapdos|100/100|[from] item: Leftovers
|-damage|p2a: Swampert|39/100 tox|[from] psn
|upkeep
|turn|21
|
|t:|1729267931
|switch|p1a: Umbreon|Umbreon, F|100/100
|move|p2a: Swampert|Ice Beam|p1a: Umbreon
|-damage|p1a: Umbreon|86/100
|
|-weather|Sandstorm|[upkeep]
|-damage|p1a: Umbreon|80/100|[from] Sandstorm
|-damage|p2a: Swampert|20/100 tox|[from] psn
|-heal|p1a: Umbreon|86/100|[from] item: Leftovers
|upkeep
|turn|22
|
|t:|1729267940
|move|p2a: Swampert|Endeavor|p1a: Umbreon
|-damage|p1a: Umbreon|18/100
|move|p1a: Umbreon|Wish|p1a: Umbreon
|
|-weather|Sandstorm|[upkeep]
|-damage|p1a: Umbreon|12/100|[from] Sandstorm
|-enditem|p2a: Swampert|Salac Berry|[eat]
|-boost|p2a: Swampert|spe|1|[from] item: Salac Berry
|-damage|p2a: Swampert|0 fnt|[from] psn
|faint|p2a: Swampert
|-heal|p1a: Umbreon|18/100|[from] item: Leftovers
|upkeep
|
|t:|1729267953
|switch|p2a: Vaporeon|Vaporeon, M|20/100
|-damage|p2a: Vaporeon|7/100|[from] Spikes
|turn|23
|
|t:|1729267965
|move|p2a: Vaporeon|Hydro Pump|p1a: Umbreon
|-damage|p1a: Umbreon|0 fnt
|faint|p1a: Umbreon
|
|t:|1729267970
|switch|p1a: Blissey|Blissey, F|52/100
|
|-heal|p1a: Blissey|100/100|[from] move: Wish|[wisher] Umbreon
|-weather|Sandstorm|[upkeep]
|-damage|p2a: Vaporeon|1/100|[from] Sandstorm
|-damage|p1a: Blissey|94/100|[from] Sandstorm
|-heal|p1a: Blissey|100/100|[from] item: Leftovers
|upkeep
|turn|24
|
|t:|1729267977
|move|p2a: Vaporeon|Ice Beam|p1a: Blissey
|-damage|p1a: Blissey|89/100
|move|p1a: Blissey|Seismic Toss|p2a: Vaporeon
|-damage|p2a: Vaporeon|0 fnt
|faint|p2a: Vaporeon
|
|t:|1729267983
|switch|p2a: Heracross|Heracross, M|100/100
|-damage|p2a: Heracross|88/100|[from] Spikes
|
|-weather|Sandstorm|[upkeep]
|-damage|p2a: Heracross|82/100|[from] Sandstorm
|-damage|p1a: Blissey|83/100|[from] Sandstorm
|-heal|p1a: Blissey|89/100|[from] item: Leftovers
|upkeep
|turn|25
|
|t:|1729267990
|move|p2a: Heracross|Swords Dance|p2a: Heracross
|-boost|p2a: Heracross|atk|2
|move|p1a: Blissey|Seismic Toss|p2a: Heracross
|-damage|p2a: Heracross|49/100
|
|-weather|Sandstorm|[upkeep]
|-damage|p2a: Heracross|43/100|[from] Sandstorm
|-damage|p1a: Blissey|83/100|[from] Sandstorm
|-heal|p1a: Blissey|89/100|[from] item: Leftovers
|upkeep
|turn|26
|
|t:|1729268000
|move|p2a: Heracross|Megahorn|p1a: Blissey
|-crit|p1a: Blissey
|-damage|p1a: Blissey|0 fnt
|faint|p1a: Blissey
|
|t:|1729268003
|switch|p1a: Zapdos|Zapdos|100/100
|
|-weather|Sandstorm|[upkeep]
|-damage|p1a: Zapdos|94/100|[from] Sandstorm
|-damage|p2a: Heracross|37/100|[from] Sandstorm
|-heal|p1a: Zapdos|100/100|[from] item: Leftovers
|upkeep
|turn|27
|
|t:|1729268010
|move|p1a: Zapdos|Protect|p1a: Zapdos
|-singleturn|p1a: Zapdos|Protect
|move|p2a: Heracross|Megahorn|p1a: Zapdos
|-activate|p1a: Zapdos|Protect
|
|-weather|Sandstorm|[upkeep]
|-damage|p1a: Zapdos|94/100|[from] Sandstorm
|-damage|p2a: Heracross|31/100|[from] Sandstorm
|-heal|p1a: Zapdos|100/100|[from] item: Leftovers
|upkeep
|turn|28
|
|t:|1729268036
|move|p1a: Zapdos|Thunderbolt|p2a: Heracross
|-damage|p2a: Heracross|0 fnt
|faint|p2a: Heracross
|
|win|Hykari
|c|☆Hykari|gg
|c|☆kydreith33|gg
|player|p2|
|c|☆Hykari|Im going to need a few minutes to get my team on this server
|player|p2|kydreith33|clair|

</script>
<script type="application/json" class="data" id="replaydata-smogtours-gen3ou-799537">
{"id":"smogtours-gen3ou-799537","format":"[Gen 3] OU","players":["Hykari","kydreith33"],"uploadtime":1729268036,"views":111,"formatid":"gen3ou","rating":null,"private":0,"password":null}
</script>

<script defer src="js/replays.js?9d40a366"></script>
