<!DOCTYPE html>
<meta charset="utf-8" />
<meta name="viewport" content="width=device-width" />

<title>[Gen 3] OU: ccczzx vs. EhtishamEX - Replays - Pok&eacute;mon Showdown!</title>

<meta name="description" content="Watch a replay of a Pok&eacute;mon battle between ccczzx and EhtishamEX! Format: [Gen 3] OU; Date: Nov 4, 2024" />
<!--

Hey, you! Looking in the source for the replay log?

You can find them in JSON format, just add `.json` at the end of a replay URL.

https://replay.pokemonshowdown.com/gen7randomdoublesbattle-865046831.json

Or, if you only need the log itself, add `.log` instead:

https://replay.pokemonshowdown.com/gen7randomdoublesbattle-865046831.log

-->

<link rel="stylesheet" href="//pokemonshowdown.com/style/global.css?0.023195364461161105" />
<link rel="stylesheet" href="//play.pokemonshowdown.com/style/font-awesome.css?0.13261647063804238" />
<link rel="stylesheet" href="//play.pokemonshowdown.com/style/battle.css?0.8753245789963631" />
<link rel="stylesheet" href="//play.pokemonshowdown.com/style/utilichart.css?0.8627959624976733" />

<!-- Global site tag (gtag.js) - Google Analytics -->
<script async src="https://www.googletagmanager.com/gtag/js?id=UA-26211653-1"></script>
<script>
  window.dataLayer = window.dataLayer || [];
  function gtag(){dataLayer.push(arguments);}
  gtag('js', new Date());

  gtag('config', 'UA-26211653-1');
</script>
<!-- End Google Analytics -->
<!-- Venatus Ad Manager - Install in <HEAD> of page -->
	<script src="https://hb.vntsm.com/v3/live/ad-manager.min.js" type="text/javascript" data-site-id="642aba63ec9a7b11c3c9c1be" data-mode="scan" async></script>
<!-- / Venatus Ad Manager -->

<style>
	@media (max-width:820px) {
		.battle {
			margin: 0 auto;
		}
		.battle-log {
			margin: 7px auto 0;
			max-width: 640px;
			height: 300px;
			position: static;
		}
	}
	.optgroup {
		display: inline-block;
		line-height: 22px;
		font-size: 10pt;
	}
	.optgroup .button {
		height: 25px;
		padding-top: 0;
		padding-bottom: 0;
	}
	.optgroup button.button {
		padding-left: 12px;
		padding-right: 12px;
	}
	.linklist {
		list-style: none;
		margin: 0.5em 0;
		padding: 0;
	}
	.linklist li {
		padding: 2px 0;
	}
	.sidebar {
		float: left;
		width: 320px;
	}
	.bar-wrapper {
		max-width: 1100px;
		margin: 0 auto;
	}
	.bar-wrapper.has-sidebar {
		max-width: 1430px;
	}
	.mainbar {
		margin: 0;
		padding-right: 1px;
	}
	.mainbar.has-sidebar {
		margin-left: 330px;
	}
	@media (min-width: 1511px) {
		.sidebar {
			width: 400px;
		}
		.bar-wrapper.has-sidebar {
			max-width: 1510px;
		}
		.mainbar.has-sidebar {
			margin-left: 410px;
		}
	}
	.section.first-section {
		margin-top: 9px;
	}
	.blocklink small {
		white-space: normal;
	}
	.button {
		vertical-align: middle;
	}
	.replay-controls {
		padding-top: 10px;
	}
	.replay-controls h1 {
		font-size: 16pt;
		font-weight: normal;
		color: #CCC;
	}
	.pagelink {
		text-align: center;
	}
	.pagelink a {
		width: 150px;
	}
	.textbox, .button {
		font-size: 11pt;
		vertical-align: middle;
	}
	@media (max-width: 450px) {
		.button {
			font-size: 9pt;
		}
	}
</style>

<div>

	<header>
		<div class="nav-wrapper"><ul class="nav">
			<li><a class="button nav-first" href="//pokemonshowdown.com/"><img src="//pokemonshowdown.com/images/pokemonshowdownbeta.png" srcset="//pokemonshowdown.com/images/pokemonshowdownbeta.png 1x, //pokemonshowdown.com/images/pokemonshowdownbeta@2x.png 2x" alt="Pok&eacute;mon Showdown" width="146" height="44" /> Home</a></li>
			<li><a class="button" href="//pokemonshowdown.com/dex/">Pok&eacute;dex</a></li>
			<li><a class="button cur" href="/">Replays</a></li>
			<li><a class="button" href="//pokemonshowdown.com/ladder/">Ladder</a></li>
			<li><a class="button nav-last" href="//pokemonshowdown.com/forums/">Forum</a></li>
			<li><a class="button greenbutton nav-first nav-last" href="//play.pokemonshowdown.com/">Play</a></li>
		</ul></div>
	</header>

	<div class="main" id="main">

		<noscript><section class="section">You need to enable JavaScript to use this page; sorry!</section></noscript>

	</div>

</div>

<script defer nomodule src="//play.pokemonshowdown.com/js/lib/ps-polyfill.js"></script>
<script defer src="//play.pokemonshowdown.com/js/lib/preact.min.js"></script>

<script defer src="//play.pokemonshowdown.com/config/config.js?2bddbc15"></script>
<script defer src="//play.pokemonshowdown.com/js/lib/jquery-1.11.0.min.js"></script>
<script defer src="//play.pokemonshowdown.com/js/lib/html-sanitizer-minified.js"></script>
<script defer src="//play.pokemonshowdown.com/js/battle-sound.js"></script>
<script defer src="//play.pokemonshowdown.com/js/battledata.js?0.7209276989879541"></script>
<script defer src="//play.pokemonshowdown.com/data/pokedex-mini.js?0.6111056340867951"></script>
<script defer src="//play.pokemonshowdown.com/data/pokedex-mini-bw.js?0.3532142036491459"></script>
<script defer src="//play.pokemonshowdown.com/data/graphics.js?0.24223875632456182"></script>
<script defer src="//play.pokemonshowdown.com/data/pokedex.js?0.38839984266356864"></script>
<script defer src="//play.pokemonshowdown.com/data/moves.js?0.21866028504024015"></script>
<script defer src="//play.pokemonshowdown.com/data/abilities.js?0.2005157953846628"></script>
<script defer src="//play.pokemonshowdown.com/data/items.js?0.9894211263848525"></script>
<script defer src="//play.pokemonshowdown.com/data/teambuilder-tables.js?0.6008791140282215"></script>
<script defer src="//play.pokemonshowdown.com/js/battle-tooltips.js?0.7580118955022959"></script>
<script defer src="//play.pokemonshowdown.com/js/battle.js?0.6057722274234274"></script>

<script defer src="js/utils.js?e31f9a17"></script>
<script defer src="js/replays-battle.js?7008c182"></script>

<!-- don't scrape this data! just add .json or .log after the URL!
Full API docs: https://github.com/smogon/pokemon-showdown-client/blob/master/WEB-API.md -->
<script type="text/plain" class="log" id="replaylog-smogtours-gen3ou-804784">
|inactive|Battle timer is ON: inactive players will automatically lose when time's up.
|t:|1730750669
|gametype|singles
|player|p1|ccczzx|102|
|player|p2|EhtishamEX|az|
|teamsize|p1|6
|teamsize|p2|6
|gen|3
|tier|[Gen 3] OU
|rule|Sleep Clause Mod: Limit one foe put to sleep
|rule|Switch Priority Clause Mod: Faster Pokémon switch first
|rule|Species Clause: Limit one of each Pokémon
|rule|OHKO Clause: OHKO moves are banned
|rule|Evasion Items Clause: Evasion items are banned
|rule|Evasion Moves Clause: Evasion moves are banned
|rule|Endless Battle Clause: Forcing endless battles is banned
|rule|HP Percentage Mod: HP is shown in percentages
|rule|One Boost Passer Clause: Limit one Baton Passer that has a way to boost its stats
|rule|Freeze Clause Mod: Limit one foe frozen
|
|t:|1730750669
|start
|switch|p1a: Tyranitar|Tyranitar, M, shiny|100/100
|switch|p2a: ADV OU|Tyranitar, M, shiny|100/100
|-weather|Sandstorm|[from] ability: Sand Stream|[of] p2a: ADV OU
|turn|1
|c|☆EhtishamEX|glhf
|c|☆ccczzx|glhf
|inactive|EhtishamEX has 270 seconds left.
|c|☆ccczzx|im jolly
|c|☆ccczzx|jsyk
|c|☆EhtishamEX|I figured
|inactive|EhtishamEX has 240 seconds left.
|c|☆ccczzx|i meant the tar
|c|☆ccczzx|(you also figured)
|inactive|EhtishamEX has 210 seconds left.
|
|t:|1730750781
|move|p1a: Tyranitar|Brick Break|p2a: ADV OU
|-supereffective|p2a: ADV OU
|-damage|p2a: ADV OU|0 fnt
|faint|p2a: ADV OU
|c|☆ccczzx|i told ya
|inactive|EhtishamEX has 240 seconds left.
|
|t:|1730750808
|switch|p2a: Gecko|Sceptile, M, shiny|100/100
|
|-weather|Sandstorm|[upkeep]
|-damage|p2a: Gecko|94/100|[from] Sandstorm
|-heal|p2a: Gecko|100/100|[from] item: Leftovers
|upkeep
|turn|2
|inactive|EhtishamEX has 210 seconds left.
|
|t:|1730750874
|switch|p1a: Aerodactyl|Aerodactyl, M|100/100
|move|p2a: Gecko|Substitute|p2a: Gecko
|-start|p2a: Gecko|Substitute
|-damage|p2a: Gecko|76/100
|
|-weather|Sandstorm|[upkeep]
|-damage|p2a: Gecko|70/100|[from] Sandstorm
|-heal|p2a: Gecko|76/100|[from] item: Leftovers
|upkeep
|turn|3
|
|t:|1730750891
|move|p1a: Aerodactyl|Hidden Power|p2a: Gecko
|-supereffective|p2a: Gecko
|-end|p2a: Gecko|Substitute
|move|p2a: Gecko|Hidden Power|p1a: Aerodactyl
|-supereffective|p1a: Aerodactyl
|-damage|p1a: Aerodactyl|41/100
|
|-weather|Sandstorm|[upkeep]
|-damage|p2a: Gecko|70/100|[from] Sandstorm
|-heal|p2a: Gecko|76/100|[from] item: Leftovers
|upkeep
|turn|4
|
|t:|1730750899
|switch|p2a: Spikes|Skarmory, F, shiny|100/100
|move|p1a: Aerodactyl|Hidden Power|p2a: Spikes
|-resisted|p2a: Spikes
|-damage|p2a: Spikes|94/100
|
|-weather|Sandstorm|[upkeep]
|-heal|p2a: Spikes|99/100|[from] item: Leftovers
|upkeep
|turn|5
|inactive|EhtishamEX has 180 seconds left.
|inactive|EhtishamEX has 150 seconds left.
|
|t:|1730750963
|switch|p1a: Skarmory|Skarmory, M, shiny|100/100
|move|p2a: Spikes|Roar|p1a: Skarmory
|drag|p1a: Flygon|Flygon, M|100/100
|
|-weather|Sandstorm|[upkeep]
|-heal|p2a: Spikes|100/100|[from] item: Leftovers
|upkeep
|turn|6
|inactive|EhtishamEX has 120 seconds left.
|c|☆ccczzx|pleaseee dont be skarmmag
|
|t:|1730751009
|switch|p1a: Skarmory|Skarmory, M, shiny|100/100
|switch|p2a: Gegnar|Sableye, M, shiny|100/100
|
|-weather|Sandstorm|[upkeep]
|-damage|p2a: Gegnar|95/100|[from] Sandstorm
|-heal|p2a: Gegnar|100/100|[from] item: Leftovers
|upkeep
|turn|7
|
|t:|1730751024
|move|p1a: Skarmory|Taunt|p2a: Gegnar
|-start|p2a: Gegnar|move: Taunt
|move|p2a: Gegnar|Knock Off|p1a: Skarmory
|-resisted|p1a: Skarmory
|-damage|p1a: Skarmory|98/100
|-enditem|p1a: Skarmory|Leftovers|[from] move: Knock Off|[of] p2a: Gegnar
|-hint|In Gens 3-4, Knock Off only makes the target's item unusable; it cannot obtain a new item.
|
|-weather|Sandstorm|[upkeep]
|-damage|p2a: Gegnar|95/100|[from] Sandstorm
|-heal|p2a: Gegnar|100/100|[from] item: Leftovers
|upkeep
|turn|8
|
|t:|1730751046
|switch|p2a: Conduit|Starmie, shiny|100/100
|move|p1a: Skarmory|Spikes|p2a: Conduit
|-sidestart|p2: EhtishamEX|Spikes
|
|-weather|Sandstorm|[upkeep]
|-damage|p2a: Conduit|94/100|[from] Sandstorm
|-heal|p2a: Conduit|100/100|[from] item: Leftovers
|upkeep
|turn|9
|
|t:|1730751060
|switch|p1a: Blissey|Blissey, F, shiny|100/100
|move|p2a: Conduit|Rapid Spin|p1a: Blissey
|-crit|p1a: Blissey
|-damage|p1a: Blissey|95/100
|-sideend|p2: EhtishamEX|Spikes|[from] move: Rapid Spin|[of] p2a: Conduit
|
|-weather|Sandstorm|[upkeep]
|-damage|p2a: Conduit|94/100|[from] Sandstorm
|-damage|p1a: Blissey|89/100|[from] Sandstorm
|-heal|p2a: Conduit|100/100|[from] item: Leftovers
|-heal|p1a: Blissey|95/100|[from] item: Leftovers
|upkeep
|turn|10
|inactive|EhtishamEX has 90 seconds left.
|c|☆ccczzx|crit mattered /j
|c|☆EhtishamEX|real
|inactive|EhtishamEX has 60 seconds left.
|
|t:|1730751115
|switch|p2a: Gegnar|Sableye, M, shiny|100/100
|move|p1a: Blissey|Toxic|p2a: Gegnar
|-status|p2a: Gegnar|tox
|
|-weather|Sandstorm|[upkeep]
|-damage|p1a: Blissey|89/100|[from] Sandstorm
|-damage|p2a: Gegnar|95/100 tox|[from] Sandstorm
|-heal|p1a: Blissey|95/100|[from] item: Leftovers
|-heal|p2a: Gegnar|100/100 tox|[from] item: Leftovers
|-damage|p2a: Gegnar|95/100 tox|[from] psn
|upkeep
|turn|11
|c|☆ccczzx|i was so worried about getting taunted or willoed that i forgot sableye gets knock
|inactive|EhtishamEX has 60 seconds left.
|c|☆EhtishamEX|!learn sableye, willowisp
|c| EhtishamEX|/raw <div class="infobox">In [Gen 3] OU, Sableye <span class="message-learn-cannotlearn">can't<\/span> learn Will-O-Wisp because:<ul class="message-learn-list"><li>Sableye's move Will-O-Wisp can't be transferred from Gen 9 to 3.<\/li><\/ul><\/div>
|c|☆ccczzx|i guess i was worried for nothing
|c|☆ccczzx|the little guy just looks like it would know it
|inactive|EhtishamEX has 30 seconds left.
|
|t:|1730751160
|switch|p1a: Skarmory|Skarmory, M, shiny|98/100
|move|p2a: Gegnar|Knock Off|p1a: Skarmory
|-resisted|p1a: Skarmory
|-damage|p1a: Skarmory|95/100
|
|-weather|Sandstorm|[upkeep]
|-damage|p2a: Gegnar|89/100 tox|[from] Sandstorm
|-heal|p2a: Gegnar|95/100 tox|[from] item: Leftovers
|-damage|p2a: Gegnar|83/100 tox|[from] psn
|upkeep
|turn|12
|c|☆ccczzx|careful about your time
|inactive|EhtishamEX has 30 seconds left.
|inactive|EhtishamEX has 20 seconds left.
|
|t:|1730751178
|switch|p2a: Spikes|Skarmory, F, shiny|100/100
|move|p1a: Skarmory|Spikes|p2a: Spikes
|-sidestart|p2: EhtishamEX|Spikes
|
|-weather|Sandstorm|[upkeep]
|upkeep
|turn|13
|inactive|EhtishamEX has 30 seconds left this turn.
|
|t:|1730751183
|move|p1a: Skarmory|Taunt|p2a: Spikes
|-start|p2a: Spikes|move: Taunt
|cant|p2a: Spikes|move: Taunt|Spikes
|
|-weather|Sandstorm|[upkeep]
|upkeep
|turn|14
|
|t:|1730751192
|switch|p2a: Conduit|Starmie, shiny|100/100
|-damage|p2a: Conduit|88/100|[from] Spikes
|move|p1a: Skarmory|Roar|p2a: Conduit
|drag|p2a: Cinderachi|Jirachi, shiny|100/100
|-damage|p2a: Cinderachi|88/100|[from] Spikes
|
|-weather|Sandstorm|[upkeep]
|-heal|p2a: Cinderachi|94/100|[from] item: Leftovers
|upkeep
|turn|15
|c|☆ccczzx|oh no
|c|☆ccczzx|what set is this. . ., lemme thiink
|inactive|EhtishamEX has 30 seconds left.
|inactive|ccczzx has 270 seconds left.
|inactive|EhtishamEX has 20 seconds left.
|
|t:|1730751230
|switch|p1a: Blissey|Blissey, F, shiny|95/100
|move|p2a: Cinderachi|Fire Punch|p1a: Blissey
|-damage|p1a: Blissey|87/100
|
|-weather|Sandstorm|[upkeep]
|-damage|p1a: Blissey|81/100|[from] Sandstorm
|-heal|p2a: Cinderachi|100/100|[from] item: Leftovers
|-heal|p1a: Blissey|87/100|[from] item: Leftovers
|upkeep
|turn|16
|inactive|EhtishamEX has 30 seconds left this turn.
|inactive|EhtishamEX has 20 seconds left.
|inactive|EhtishamEX has 15 seconds left.
|c|☆ccczzx|the name waas accurate 
|
|t:|1730751246
|move|p2a: Cinderachi|Body Slam|p1a: Blissey
|-damage|p1a: Blissey|66/100
|-status|p1a: Blissey|par
|move|p1a: Blissey|Fire Blast|p2a: Cinderachi
|-supereffective|p2a: Cinderachi
|-damage|p2a: Cinderachi|57/100
|
|-weather|Sandstorm|[upkeep]
|-damage|p1a: Blissey|60/100 par|[from] Sandstorm
|-heal|p2a: Cinderachi|63/100|[from] item: Leftovers
|-heal|p1a: Blissey|66/100 par|[from] item: Leftovers
|upkeep
|turn|17
|inactive|EhtishamEX has 25 seconds left this turn.
|inactive|EhtishamEX has 20 seconds left.
|inactive|EhtishamEX has 15 seconds left.
|
|t:|1730751259
|switch|p2a: Conduit|Starmie, shiny|88/100
|-damage|p2a: Conduit|76/100|[from] Spikes
|move|p1a: Blissey|Soft-Boiled|p1a: Blissey
|-heal|p1a: Blissey|100/100 par
|
|-weather|Sandstorm|[upkeep]
|-damage|p2a: Conduit|70/100|[from] Sandstorm
|-damage|p1a: Blissey|94/100 par|[from] Sandstorm
|-heal|p2a: Conduit|76/100|[from] item: Leftovers
|-heal|p1a: Blissey|100/100 par|[from] item: Leftovers
|upkeep
|turn|18
|inactive|EhtishamEX has 25 seconds left this turn.
|inactive|EhtishamEX has 20 seconds left.
|
|t:|1730751267
|move|p2a: Conduit|Rapid Spin|p1a: Blissey
|-damage|p1a: Blissey|98/100 par
|-sideend|p2: EhtishamEX|Spikes|[from] move: Rapid Spin|[of] p2a: Conduit
|move|p1a: Blissey|Toxic|p2a: Conduit|[miss]
|-miss|p1a: Blissey|p2a: Conduit
|
|-weather|Sandstorm|[upkeep]
|-damage|p2a: Conduit|70/100|[from] Sandstorm
|-damage|p1a: Blissey|92/100 par|[from] Sandstorm
|-heal|p2a: Conduit|76/100|[from] item: Leftovers
|-heal|p1a: Blissey|98/100 par|[from] item: Leftovers
|upkeep
|turn|19
|inactive|EhtishamEX has 30 seconds left this turn.
|inactive|EhtishamEX has 20 seconds left.
|inactive|EhtishamEX has 15 seconds left.
|
|t:|1730751286
|move|p2a: Conduit|Surf|p1a: Blissey
|-damage|p1a: Blissey|83/100 par
|move|p1a: Blissey|Fire Blast|p2a: Conduit
|-resisted|p2a: Conduit
|-damage|p2a: Conduit|57/100
|
|-weather|Sandstorm|[upkeep]
|-damage|p2a: Conduit|50/100|[from] Sandstorm
|-damage|p1a: Blissey|77/100 par|[from] Sandstorm
|-heal|p2a: Conduit|57/100|[from] item: Leftovers
|-heal|p1a: Blissey|83/100 par|[from] item: Leftovers
|upkeep
|turn|20
|inactive|EhtishamEX has 25 seconds left this turn.
|inactive|EhtishamEX has 20 seconds left.
|inactive|EhtishamEX has 15 seconds left.
|
|t:|1730751299
|move|p2a: Conduit|Recover|p2a: Conduit
|-heal|p2a: Conduit|100/100
|move|p1a: Blissey|Toxic|p2a: Conduit
|-status|p2a: Conduit|tox
|
|-weather|Sandstorm|[upkeep]
|-damage|p2a: Conduit|94/100 tox|[from] Sandstorm
|-damage|p1a: Blissey|77/100 par|[from] Sandstorm
|-heal|p2a: Conduit|100/100 tox|[from] item: Leftovers
|-damage|p2a: Conduit|94/100 tox|[from] psn
|-heal|p1a: Blissey|83/100 par|[from] item: Leftovers
|upkeep
|turn|21
|inactive|EhtishamEX has 25 seconds left this turn.
|inactive|EhtishamEX has 20 seconds left.
|inactive|EhtishamEX has 15 seconds left.
|
|t:|1730751316
|-curestatus|p2a: Conduit|tox|[from] ability: Natural Cure
|switch|p2a: Cinderachi|Jirachi, shiny|63/100
|move|p1a: Blissey|Soft-Boiled|p1a: Blissey
|-heal|p1a: Blissey|100/100 par
|
|-weather|Sandstorm|[upkeep]
|-damage|p1a: Blissey|94/100 par|[from] Sandstorm
|-heal|p2a: Cinderachi|69/100|[from] item: Leftovers
|-heal|p1a: Blissey|100/100 par|[from] item: Leftovers
|upkeep
|turn|22
|inactive|EhtishamEX has 25 seconds left this turn.
|inactive|EhtishamEX has 20 seconds left.
|
|t:|1730751324
|move|p2a: Cinderachi|Wish|p2a: Cinderachi
|move|p1a: Blissey|Fire Blast|p2a: Cinderachi|[miss]
|-miss|p1a: Blissey|p2a: Cinderachi
|
|-weather|Sandstorm|[upkeep]
|-damage|p1a: Blissey|94/100 par|[from] Sandstorm
|-heal|p2a: Cinderachi|75/100|[from] item: Leftovers
|-heal|p1a: Blissey|100/100 par|[from] item: Leftovers
|upkeep
|turn|23
|inactive|EhtishamEX has 30 seconds left this turn.
|
|t:|1730751350
|-curestatus|p1a: Blissey|par|[from] ability: Natural Cure
|switch|p1a: Flygon|Flygon, M|100/100
|move|p2a: Cinderachi|Body Slam|p1a: Flygon
|-damage|p1a: Flygon|84/100
|-status|p1a: Flygon|par
|
|-heal|p2a: Cinderachi|100/100|[from] move: Wish|[wisher] Cinderachi
|-weather|Sandstorm|[upkeep]
|-heal|p1a: Flygon|90/100 par|[from] item: Leftovers
|upkeep
|turn|24
|inactive|EhtishamEX has 30 seconds left.
|
|t:|1730751365
|switch|p2a: Spikes|Skarmory, F, shiny|100/100
|move|p1a: Flygon|Earthquake|p2a: Spikes
|-immune|p2a: Spikes
|
|-weather|Sandstorm|[upkeep]
|-heal|p1a: Flygon|96/100 par|[from] item: Leftovers
|upkeep
|turn|25
|
|t:|1730751382
|switch|p1a: Skarmory|Skarmory, M, shiny|95/100
|move|p2a: Spikes|Spikes|p1a: Skarmory
|-sidestart|p1: ccczzx|Spikes
|
|-weather|Sandstorm|[upkeep]
|upkeep
|turn|26
|inactive|EhtishamEX has 30 seconds left.
|
|t:|1730751407
|switch|p2a: Cinderachi|Jirachi, shiny|100/100
|move|p1a: Skarmory|Spikes|p2a: Cinderachi
|-sidestart|p2: EhtishamEX|Spikes
|
|-weather|Sandstorm|[upkeep]
|upkeep
|turn|27
|inactive|EhtishamEX has 30 seconds left.
|
|t:|1730751417
|switch|p1a: Blissey|Blissey, F, shiny|100/100
|-damage|p1a: Blissey|88/100|[from] Spikes
|move|p2a: Cinderachi|Fire Punch|p1a: Blissey
|-damage|p1a: Blissey|81/100
|
|-weather|Sandstorm|[upkeep]
|-damage|p1a: Blissey|75/100|[from] Sandstorm
|-heal|p1a: Blissey|81/100|[from] item: Leftovers
|upkeep
|turn|28
|
|t:|1730751428
|move|p2a: Cinderachi|Wish|p2a: Cinderachi
|move|p1a: Blissey|Ice Beam|p2a: Cinderachi
|-resisted|p2a: Cinderachi
|-damage|p2a: Cinderachi|92/100
|
|-weather|Sandstorm|[upkeep]
|-damage|p1a: Blissey|75/100|[from] Sandstorm
|-heal|p2a: Cinderachi|98/100|[from] item: Leftovers
|-heal|p1a: Blissey|81/100|[from] item: Leftovers
|upkeep
|turn|29
|inactive|EhtishamEX has 30 seconds left.
|
|t:|1730751445
|switch|p1a: Flygon|Flygon, M|96/100 par
|move|p2a: Cinderachi|Body Slam|p1a: Flygon
|-damage|p1a: Flygon|79/100 par
|
|-heal|p2a: Cinderachi|100/100|[from] move: Wish|[wisher] Cinderachi
|-weather|Sandstorm|[upkeep]
|-heal|p1a: Flygon|85/100 par|[from] item: Leftovers
|upkeep
|turn|30
|inactive|EhtishamEX has 30 seconds left.
|
|t:|1730751458
|switch|p2a: Spikes|Skarmory, F, shiny|100/100
|move|p1a: Flygon|Protect||[still]
|-fail|p1a: Flygon
|
|-weather|Sandstorm|[upkeep]
|-heal|p1a: Flygon|91/100 par|[from] item: Leftovers
|upkeep
|turn|31
|inactive|EhtishamEX has 30 seconds left.
|
|t:|1730751468
|move|p2a: Spikes|Spikes|p1a: Flygon
|-sidestart|p1: ccczzx|Spikes
|move|p1a: Flygon|Rock Slide|p2a: Spikes
|-damage|p2a: Spikes|86/100
|
|-weather|Sandstorm|[upkeep]
|-heal|p2a: Spikes|92/100|[from] item: Leftovers
|-heal|p1a: Flygon|97/100 par|[from] item: Leftovers
|upkeep
|turn|32
|
|t:|1730751473
|switch|p1a: Zapdos|Zapdos|100/100
|move|p2a: Spikes|Spikes|p1a: Zapdos
|-sidestart|p1: ccczzx|Spikes
|
|-weather|Sandstorm|[upkeep]
|-damage|p1a: Zapdos|94/100|[from] Sandstorm
|-heal|p1a: Zapdos|100/100|[from] item: Leftovers
|-heal|p2a: Spikes|98/100|[from] item: Leftovers
|upkeep
|turn|33
|
|t:|1730751492
|move|p1a: Zapdos|Thunderbolt|p2a: Spikes
|-supereffective|p2a: Spikes
|-damage|p2a: Spikes|0 fnt
|faint|p2a: Spikes
|c|☆ccczzx|cinderachi is a big issue for me
|inactive|EhtishamEX has 30 seconds left.
|inactive|EhtishamEX has 20 seconds left.
|inactive|EhtishamEX has 15 seconds left.
|
|t:|1730751518
|switch|p2a: Cinderachi|Jirachi, shiny|100/100
|-damage|p2a: Cinderachi|88/100|[from] Spikes
|
|-weather|Sandstorm|[upkeep]
|-damage|p1a: Zapdos|94/100|[from] Sandstorm
|-heal|p1a: Zapdos|100/100|[from] item: Leftovers
|-heal|p2a: Cinderachi|94/100|[from] item: Leftovers
|upkeep
|turn|34
|inactive|EhtishamEX has 25 seconds left this turn.
|inactive|EhtishamEX has 20 seconds left.
|inactive|EhtishamEX has 15 seconds left.
|
|t:|1730751528
|move|p1a: Zapdos|Thunderbolt|p2a: Cinderachi
|-damage|p2a: Cinderachi|63/100
|move|p2a: Cinderachi|Wish|p2a: Cinderachi
|
|-weather|Sandstorm|[upkeep]
|-damage|p1a: Zapdos|94/100|[from] Sandstorm
|-heal|p1a: Zapdos|100/100|[from] item: Leftovers
|-heal|p2a: Cinderachi|69/100|[from] item: Leftovers
|upkeep
|turn|35
|inactive|EhtishamEX has 25 seconds left this turn.
|inactive|EhtishamEX has 20 seconds left.
|inactive|EhtishamEX has 15 seconds left.
|
|t:|1730751540
|move|p1a: Zapdos|Hidden Power|p2a: Cinderachi
|-resisted|p2a: Cinderachi
|-damage|p2a: Cinderachi|60/100
|move|p2a: Cinderachi|Body Slam|p1a: Zapdos
|-damage|p1a: Zapdos|79/100
|
|-heal|p2a: Cinderachi|100/100|[from] move: Wish|[wisher] Cinderachi
|-weather|Sandstorm|[upkeep]
|-damage|p1a: Zapdos|73/100|[from] Sandstorm
|-heal|p1a: Zapdos|79/100|[from] item: Leftovers
|upkeep
|turn|36
|inactive|EhtishamEX has 25 seconds left this turn.
|inactive|EhtishamEX has 20 seconds left.
|inactive|EhtishamEX has 15 seconds left.
|
|t:|1730751553
|switch|p1a: Blissey|Blissey, F, shiny|81/100
|-damage|p1a: Blissey|56/100|[from] Spikes
|move|p2a: Cinderachi|Body Slam|p1a: Blissey
|-damage|p1a: Blissey|37/100
|-status|p1a: Blissey|par
|
|-weather|Sandstorm|[upkeep]
|-damage|p1a: Blissey|31/100 par|[from] Sandstorm
|-heal|p1a: Blissey|37/100 par|[from] item: Leftovers
|upkeep
|turn|37
|inactive|EhtishamEX has 25 seconds left this turn.
|inactive|EhtishamEX has 20 seconds left.
|
|t:|1730751562
|move|p2a: Cinderachi|Body Slam|p1a: Blissey
|-crit|p1a: Blissey
|-damage|p1a: Blissey|0 fnt
|faint|p1a: Blissey
|inactive|EhtishamEX has 25 seconds left this turn.
|c|☆ccczzx|fuck
|
|t:|1730751583
|switch|p1a: Aerodactyl|Aerodactyl, M|41/100
|
|-weather|Sandstorm|[upkeep]
|upkeep
|turn|38
|inactive|EhtishamEX has 30 seconds left.
|
|t:|1730751592
|move|p2a: Cinderachi|Protect|p2a: Cinderachi
|-singleturn|p2a: Cinderachi|Protect
|move|p1a: Aerodactyl|Earthquake|p2a: Cinderachi
|-activate|p2a: Cinderachi|Protect
|
|-weather|Sandstorm|[upkeep]
|upkeep
|turn|39
|inactive|EhtishamEX has 30 seconds left.
|inactive|EhtishamEX has 20 seconds left.
|inactive|EhtishamEX has 15 seconds left.
|inactive|EhtishamEX has 10 seconds left.
|
|t:|1730751624
|switch|p2a: Gegnar|Sableye, M, shiny|83/100 tox
|-damage|p2a: Gegnar|70/100 tox|[from] Spikes
|move|p1a: Aerodactyl|Earthquake|p2a: Gegnar
|-damage|p2a: Gegnar|30/100 tox
|
|-weather|Sandstorm|[upkeep]
|-damage|p2a: Gegnar|24/100 tox|[from] Sandstorm
|-heal|p2a: Gegnar|30/100 tox|[from] item: Leftovers
|-damage|p2a: Gegnar|24/100 tox|[from] psn
|upkeep
|turn|40
|inactive|EhtishamEX has 20 seconds left this turn.
|inactive|EhtishamEX has 15 seconds left.
|
|t:|1730751633
|move|p1a: Aerodactyl|Earthquake|p2a: Gegnar
|-damage|p2a: Gegnar|0 fnt
|faint|p2a: Gegnar
|inactive|EhtishamEX has 20 seconds left this turn.
|inactive|EhtishamEX has 15 seconds left.
|
|t:|1730751638
|switch|p2a: Gecko|Sceptile, M, shiny|76/100
|-damage|p2a: Gecko|63/100|[from] Spikes
|
|-weather|Sandstorm|[upkeep]
|-damage|p2a: Gecko|57/100|[from] Sandstorm
|-heal|p2a: Gecko|63/100|[from] item: Leftovers
|upkeep
|turn|41
|inactive|EhtishamEX has 25 seconds left this turn.
|inactive|EhtishamEX has 20 seconds left.
|inactive|EhtishamEX has 15 seconds left.
|inactive|EhtishamEX has 10 seconds left.
|
|t:|1730751662
|switch|p1a: Skarmory|Skarmory, M, shiny|95/100
|move|p2a: Gecko|Hidden Power|p1a: Skarmory
|-damage|p1a: Skarmory|76/100
|
|-weather|Sandstorm|[upkeep]
|-damage|p2a: Gecko|57/100|[from] Sandstorm
|-heal|p2a: Gecko|63/100|[from] item: Leftovers
|upkeep
|turn|42
|inactive|EhtishamEX has 20 seconds left this turn.
|inactive|EhtishamEX has 15 seconds left.
|
|t:|1730751671
|move|p2a: Gecko|Leech Seed|p1a: Skarmory|[miss]
|-miss|p2a: Gecko|p1a: Skarmory
|move|p1a: Skarmory|Roar|p2a: Gecko
|drag|p2a: Conduit|Starmie, shiny|94/100
|-damage|p2a: Conduit|82/100|[from] Spikes
|
|-weather|Sandstorm|[upkeep]
|-damage|p2a: Conduit|76/100|[from] Sandstorm
|-heal|p2a: Conduit|82/100|[from] item: Leftovers
|upkeep
|turn|43
|inactive|EhtishamEX has 25 seconds left this turn.
|inactive|EhtishamEX has 20 seconds left.
|inactive|EhtishamEX has 15 seconds left.
|
|t:|1730751689
|move|p2a: Conduit|Thunder Wave|p1a: Skarmory
|-status|p1a: Skarmory|par
|move|p1a: Skarmory|Taunt|p2a: Conduit
|-start|p2a: Conduit|move: Taunt
|
|-weather|Sandstorm|[upkeep]
|-damage|p2a: Conduit|76/100|[from] Sandstorm
|-heal|p2a: Conduit|82/100|[from] item: Leftovers
|upkeep
|turn|44
|inactive|EhtishamEX has 25 seconds left this turn.
|
|t:|1730751694
|move|p2a: Conduit|Rapid Spin|p1a: Skarmory
|-resisted|p1a: Skarmory
|-damage|p1a: Skarmory|75/100 par
|-sideend|p2: EhtishamEX|Spikes|[from] move: Rapid Spin|[of] p2a: Conduit
|move|p1a: Skarmory|Drill Peck|p2a: Conduit
|-damage|p2a: Conduit|56/100
|
|-weather|Sandstorm|[upkeep]
|-damage|p2a: Conduit|50/100|[from] Sandstorm
|-heal|p2a: Conduit|56/100|[from] item: Leftovers
|-end|p2a: Conduit|move: Taunt|[silent]
|upkeep
|turn|45
|inactive|EhtishamEX has 30 seconds left.
|
|t:|1730751706
|switch|p1a: Zapdos|Zapdos|79/100
|move|p2a: Conduit|Recover|p2a: Conduit
|-heal|p2a: Conduit|100/100
|
|-weather|Sandstorm|[upkeep]
|-damage|p2a: Conduit|94/100|[from] Sandstorm
|-damage|p1a: Zapdos|73/100|[from] Sandstorm
|-heal|p2a: Conduit|100/100|[from] item: Leftovers
|-heal|p1a: Zapdos|79/100|[from] item: Leftovers
|upkeep
|turn|46
|inactive|EhtishamEX has 30 seconds left.
|
|t:|1730751717
|switch|p2a: Cinderachi|Jirachi, shiny|100/100
|move|p1a: Zapdos|Thunderbolt|p2a: Cinderachi
|-damage|p2a: Cinderachi|65/100
|
|-weather|Sandstorm|[upkeep]
|-damage|p1a: Zapdos|73/100|[from] Sandstorm
|-heal|p1a: Zapdos|79/100|[from] item: Leftovers
|-heal|p2a: Cinderachi|71/100|[from] item: Leftovers
|upkeep
|turn|47
|
|t:|1730751726
|move|p1a: Zapdos|Thunderbolt|p2a: Cinderachi
|-damage|p2a: Cinderachi|37/100
|move|p2a: Cinderachi|Wish|p2a: Cinderachi
|
|-weather|Sandstorm|[upkeep]
|-damage|p1a: Zapdos|73/100|[from] Sandstorm
|-heal|p1a: Zapdos|79/100|[from] item: Leftovers
|-heal|p2a: Cinderachi|44/100|[from] item: Leftovers
|upkeep
|turn|48
|
|t:|1730751732
|move|p2a: Cinderachi|Protect|p2a: Cinderachi
|-singleturn|p2a: Cinderachi|Protect
|move|p1a: Zapdos|Thunderbolt|p2a: Cinderachi
|-activate|p2a: Cinderachi|Protect
|
|-heal|p2a: Cinderachi|94/100|[from] move: Wish|[wisher] Cinderachi
|-weather|Sandstorm|[upkeep]
|-damage|p1a: Zapdos|73/100|[from] Sandstorm
|-heal|p1a: Zapdos|79/100|[from] item: Leftovers
|-heal|p2a: Cinderachi|99/100|[from] item: Leftovers
|upkeep
|turn|49
|
|t:|1730751748
|move|p1a: Zapdos|Protect|p1a: Zapdos
|-singleturn|p1a: Zapdos|Protect
|move|p2a: Cinderachi|Wish|p2a: Cinderachi
|
|-weather|Sandstorm|[upkeep]
|-damage|p1a: Zapdos|73/100|[from] Sandstorm
|-heal|p1a: Zapdos|79/100|[from] item: Leftovers
|-heal|p2a: Cinderachi|100/100|[from] item: Leftovers
|upkeep
|turn|50
|c|☆ccczzx|you probably won this, gg
|c|☆EhtishamEX|ggwp
|c|☆ccczzx|ill play it out still
|inactive|EhtishamEX has 30 seconds left.
|
|t:|1730751767
|move|p1a: Zapdos|Thunderbolt|p2a: Cinderachi
|-damage|p2a: Cinderachi|67/100
|move|p2a: Cinderachi|Body Slam|p1a: Zapdos
|-damage|p1a: Zapdos|58/100
|-status|p1a: Zapdos|par
|
|-heal|p2a: Cinderachi|100/100|[from] move: Wish|[wisher] Cinderachi
|-weather|Sandstorm|[upkeep]
|-damage|p1a: Zapdos|52/100 par|[from] Sandstorm
|-heal|p1a: Zapdos|58/100 par|[from] item: Leftovers
|upkeep
|turn|51
|
|t:|1730751778
|move|p2a: Cinderachi|Wish|p2a: Cinderachi
|move|p1a: Zapdos|Thunderbolt|p2a: Cinderachi
|-damage|p2a: Cinderachi|65/100
|
|-weather|Sandstorm|[upkeep]
|-damage|p1a: Zapdos|52/100 par|[from] Sandstorm
|-heal|p2a: Cinderachi|71/100|[from] item: Leftovers
|-heal|p1a: Zapdos|58/100 par|[from] item: Leftovers
|upkeep
|turn|52
|c|☆ccczzx|gotta fish for para
|
|t:|1730751793
|switch|p2a: Gecko|Sceptile, M, shiny|63/100
|move|p1a: Zapdos|Thunderbolt|p2a: Gecko
|-resisted|p2a: Gecko
|-damage|p2a: Gecko|26/100
|
|-heal|p2a: Gecko|76/100|[from] move: Wish|[wisher] Cinderachi
|-weather|Sandstorm|[upkeep]
|-damage|p2a: Gecko|70/100|[from] Sandstorm
|-damage|p1a: Zapdos|52/100 par|[from] Sandstorm
|-heal|p2a: Gecko|76/100|[from] item: Leftovers
|-heal|p1a: Zapdos|58/100 par|[from] item: Leftovers
|upkeep
|turn|53
|inactive|EhtishamEX has 30 seconds left.
|inactive|EhtishamEX has 20 seconds left.
|
|t:|1730751826
|move|p2a: Gecko|Leech Seed|p1a: Zapdos
|-start|p1a: Zapdos|move: Leech Seed
|move|p1a: Zapdos|Toxic|p2a: Gecko
|-status|p2a: Gecko|tox
|
|-weather|Sandstorm|[upkeep]
|-damage|p2a: Gecko|70/100 tox|[from] Sandstorm
|-damage|p1a: Zapdos|52/100 par|[from] Sandstorm
|-heal|p2a: Gecko|76/100 tox|[from] item: Leftovers
|-damage|p2a: Gecko|70/100 tox|[from] psn
|-heal|p1a: Zapdos|58/100 par|[from] item: Leftovers
|-damage|p1a: Zapdos|46/100 par|[from] Leech Seed|[of] p2a: Gecko
|-heal|p2a: Gecko|84/100 tox|[silent]
|upkeep
|turn|54
|inactive|EhtishamEX has 30 seconds left this turn.
|inactive|EhtishamEX has 20 seconds left.
|
|t:|1730751841
|switch|p1a: Skarmory|Skarmory, M, shiny|75/100 par
|move|p2a: Gecko|Hidden Power|p1a: Skarmory
|-damage|p1a: Skarmory|54/100 par
|
|-weather|Sandstorm|[upkeep]
|-damage|p2a: Gecko|78/100 tox|[from] Sandstorm
|-heal|p2a: Gecko|84/100 tox|[from] item: Leftovers
|-damage|p2a: Gecko|72/100 tox|[from] psn
|upkeep
|turn|55
|inactive|EhtishamEX has 30 seconds left this turn.
|
|t:|1730751852
|switch|p2a: Cinderachi|Jirachi, shiny|71/100
|move|p1a: Skarmory|Drill Peck|p2a: Cinderachi
|-resisted|p2a: Cinderachi
|-damage|p2a: Cinderachi|62/100
|
|-weather|Sandstorm|[upkeep]
|-heal|p2a: Cinderachi|68/100|[from] item: Leftovers
|upkeep
|turn|56
|inactive|EhtishamEX has 30 seconds left.
|inactive|EhtishamEX has 20 seconds left.
|inactive|EhtishamEX has 15 seconds left.
|
|t:|1730751880
|move|p2a: Cinderachi|Fire Punch|p1a: Skarmory
|-supereffective|p1a: Skarmory
|-damage|p1a: Skarmory|20/100 par
|move|p1a: Skarmory|Drill Peck|p2a: Cinderachi
|-resisted|p2a: Cinderachi
|-damage|p2a: Cinderachi|59/100
|
|-weather|Sandstorm|[upkeep]
|-heal|p2a: Cinderachi|65/100|[from] item: Leftovers
|upkeep
|turn|57
|inactive|EhtishamEX has 25 seconds left this turn.
|inactive|EhtishamEX has 20 seconds left.
|
|t:|1730751892
|move|p2a: Cinderachi|Wish|p2a: Cinderachi
|move|p1a: Skarmory|Spikes|p2a: Cinderachi
|-sidestart|p2: EhtishamEX|Spikes
|
|-weather|Sandstorm|[upkeep]
|-heal|p2a: Cinderachi|72/100|[from] item: Leftovers
|upkeep
|turn|58
|inactive|EhtishamEX has 30 seconds left this turn.
|
|t:|1730751902
|switch|p1a: Flygon|Flygon, M|97/100 par
|move|p2a: Cinderachi|Fire Punch|p1a: Flygon
|-resisted|p1a: Flygon
|-damage|p1a: Flygon|87/100 par
|
|-heal|p2a: Cinderachi|100/100|[from] move: Wish|[wisher] Cinderachi
|-weather|Sandstorm|[upkeep]
|-heal|p1a: Flygon|93/100 par|[from] item: Leftovers
|upkeep
|turn|59
|inactive|EhtishamEX has 30 seconds left.
|inactive|EhtishamEX has 20 seconds left.
|inactive|EhtishamEX has 15 seconds left.
|inactive|EhtishamEX has 10 seconds left.
|inactive|EhtishamEX has 5 seconds left.
|
|t:|1730751933
|switch|p2a: Gecko|Sceptile, M, shiny|72/100 tox
|-damage|p2a: Gecko|60/100 tox|[from] Spikes
|move|p1a: Flygon|Earthquake|p2a: Gecko
|-resisted|p2a: Gecko
|-damage|p2a: Gecko|33/100 tox
|
|-weather|Sandstorm|[upkeep]
|-damage|p2a: Gecko|27/100 tox|[from] Sandstorm
|-heal|p2a: Gecko|33/100 tox|[from] item: Leftovers
|-damage|p2a: Gecko|27/100 tox|[from] psn
|-heal|p1a: Flygon|99/100 par|[from] item: Leftovers
|upkeep
|turn|60
|inactive|EhtishamEX has 15 seconds left this turn.
|inactive|EhtishamEX has 10 seconds left.
|inactive|EhtishamEX has 5 seconds left.
|
|t:|1730751946
|switch|p2a: Cinderachi|Jirachi, shiny|100/100
|-damage|p2a: Cinderachi|88/100|[from] Spikes
|cant|p1a: Flygon|par
|
|-weather|Sandstorm|[upkeep]
|-heal|p2a: Cinderachi|94/100|[from] item: Leftovers
|-heal|p1a: Flygon|100/100 par|[from] item: Leftovers
|upkeep
|turn|61
|inactive|EhtishamEX has 15 seconds left this turn.
|inactive|EhtishamEX has 10 seconds left.
|inactive|ccczzx disconnected and has 300 seconds to reconnect!
|player|p1|
|inactive|ccczzx has 270 seconds to reconnect!
|inactive|ccczzx has 240 seconds to reconnect!
|inactive|ccczzx has 210 seconds to reconnect!
|inactive|ccczzx reconnected and has 280 seconds left.
|player|p1|ccczzx|102|
|inactive|ccczzx has 270 seconds left.
|
|t:|1730752075
|move|p2a: Cinderachi|Wish|p2a: Cinderachi
|move|p1a: Flygon|Earthquake|p2a: Cinderachi
|-supereffective|p2a: Cinderachi
|-damage|p2a: Cinderachi|45/100
|
|-weather|Sandstorm|[upkeep]
|-heal|p2a: Cinderachi|51/100|[from] item: Leftovers
|upkeep
|turn|62
|inactive|EhtishamEX has 20 seconds left this turn.
|inactive|EhtishamEX has 15 seconds left.
|inactive|EhtishamEX has 10 seconds left.
|
|t:|1730752093
|switch|p1a: Tyranitar|Tyranitar, M, shiny|100/100
|-damage|p1a: Tyranitar|76/100|[from] Spikes
|move|p2a: Cinderachi|Protect||[still]
|-fail|p2a: Cinderachi
|
|-heal|p2a: Cinderachi|100/100|[from] move: Wish|[wisher] Cinderachi
|-weather|Sandstorm|[upkeep]
|upkeep
|turn|63
|inactive|EhtishamEX has 20 seconds left this turn.
|inactive|EhtishamEX has 15 seconds left.
|inactive|EhtishamEX has 10 seconds left.
|inactive|EhtishamEX has 5 seconds left.
|
|t:|1730752109
|switch|p2a: Conduit|Starmie, shiny|100/100
|-damage|p2a: Conduit|88/100|[from] Spikes
|move|p1a: Tyranitar|Earthquake|p2a: Conduit
|-damage|p2a: Conduit|24/100
|
|-weather|Sandstorm|[upkeep]
|-damage|p2a: Conduit|17/100|[from] Sandstorm
|-heal|p2a: Conduit|24/100|[from] item: Leftovers
|upkeep
|turn|64
|inactive|EhtishamEX has 15 seconds left this turn.
|inactive|EhtishamEX has 10 seconds left.
|inactive|EhtishamEX has 5 seconds left.
|
|t:|1730752121
|switch|p1a: Skarmory|Skarmory, M, shiny|20/100 par
|move|p2a: Conduit|Surf|p1a: Skarmory
|-damage|p1a: Skarmory|0 fnt
|faint|p1a: Skarmory
|inactive|EhtishamEX has 10 seconds left this turn.
|
|t:|1730752133
|switch|p1a: Aerodactyl|Aerodactyl, M|41/100
|
|-weather|Sandstorm|[upkeep]
|-damage|p2a: Conduit|17/100|[from] Sandstorm
|-heal|p2a: Conduit|24/100|[from] item: Leftovers
|upkeep
|turn|65
|inactive|EhtishamEX has 20 seconds left this turn.
|inactive|EhtishamEX has 15 seconds left.
|
|t:|1730752139
|switch|p2a: Gecko|Sceptile, M, shiny|27/100 tox
|-damage|p2a: Gecko|14/100 tox|[from] Spikes
|move|p1a: Aerodactyl|Earthquake|p2a: Gecko
|-resisted|p2a: Gecko
|-damage|p2a: Gecko|0 fnt
|faint|p2a: Gecko
|inactive|EhtishamEX has 20 seconds left this turn.
|c|☆ccczzx|we clutch these!
|inactive|EhtishamEX has 15 seconds left.
|inactive|EhtishamEX has 10 seconds left.
|
|t:|1730752149
|switch|p2a: Cinderachi|Jirachi, shiny|100/100
|-damage|p2a: Cinderachi|88/100|[from] Spikes
|
|-weather|Sandstorm|[upkeep]
|-heal|p2a: Cinderachi|94/100|[from] item: Leftovers
|upkeep
|turn|66
|inactive|EhtishamEX has 20 seconds left this turn.
|inactive|EhtishamEX has 15 seconds left.
|inactive|EhtishamEX has 10 seconds left.
|
|t:|1730752164
|move|p1a: Aerodactyl|Earthquake|p2a: Cinderachi
|-supereffective|p2a: Cinderachi
|-damage|p2a: Cinderachi|18/100
|move|p2a: Cinderachi|Body Slam|p1a: Aerodactyl
|-resisted|p1a: Aerodactyl
|-damage|p1a: Aerodactyl|26/100
|
|-weather|Sandstorm|[upkeep]
|-heal|p2a: Cinderachi|24/100|[from] item: Leftovers
|upkeep
|turn|67
|inactive|EhtishamEX has 20 seconds left this turn.
|inactive|EhtishamEX has 15 seconds left.
|
|t:|1730752171
|move|p2a: Cinderachi|Protect|p2a: Cinderachi
|-singleturn|p2a: Cinderachi|Protect
|move|p1a: Aerodactyl|Earthquake|p2a: Cinderachi
|-activate|p2a: Cinderachi|Protect
|
|-weather|Sandstorm|[upkeep]
|-heal|p2a: Cinderachi|30/100|[from] item: Leftovers
|upkeep
|turn|68
|inactive|EhtishamEX has 25 seconds left this turn.
|c|☆ccczzx|ggwp
|c|☆EhtishamEX|ggwp
|inactive|EhtishamEX has 20 seconds left.
|
|t:|1730752177
|move|p2a: Cinderachi|Protect|p2a: Cinderachi
|-singleturn|p2a: Cinderachi|Protect
|move|p1a: Aerodactyl|Earthquake|p2a: Cinderachi
|-activate|p2a: Cinderachi|Protect
|
|-weather|Sandstorm|[upkeep]
|-heal|p2a: Cinderachi|37/100|[from] item: Leftovers
|upkeep
|turn|69
|inactive|EhtishamEX has 30 seconds left this turn.
|
|t:|1730752181
|move|p2a: Cinderachi|Protect||[still]
|-fail|p2a: Cinderachi
|move|p1a: Aerodactyl|Earthquake|p2a: Cinderachi
|-supereffective|p2a: Cinderachi
|-damage|p2a: Cinderachi|0 fnt
|faint|p2a: Cinderachi
|
|t:|1730752185
|switch|p2a: Conduit|Starmie, shiny|24/100
|-damage|p2a: Conduit|11/100|[from] Spikes
|
|-weather|Sandstorm|[upkeep]
|-damage|p2a: Conduit|5/100|[from] Sandstorm
|-heal|p2a: Conduit|11/100|[from] item: Leftovers
|upkeep
|turn|70
|
|t:|1730752188
|move|p1a: Aerodactyl|Earthquake|p2a: Conduit
|-damage|p2a: Conduit|0 fnt
|faint|p2a: Conduit
|
|win|ccczzx
|player|p2|
|player|p1|
|player|p1|ccczzx|102|
|player|p2|EhtishamEX|az|

</script>
<script type="application/json" class="data" id="replaydata-smogtours-gen3ou-804784">
{"id":"smogtours-gen3ou-804784","format":"[Gen 3] OU","players":["ccczzx","EhtishamEX"],"uploadtime":1730752188,"views":55,"formatid":"gen3ou","rating":null,"private":0,"password":null}
</script>

<script defer src="js/replays.js?9d40a366"></script>
