<!DOCTYPE html>
<meta charset="utf-8" />
<meta name="viewport" content="width=device-width" />

<title>[Gen 3] OU: RaskaPork vs. Msousagamer - Replays - Pok&eacute;mon Showdown!</title>

<meta name="description" content="Watch a replay of a Pok&eacute;mon battle between RaskaPork and Msousagamer! Format: [Gen 3] OU; Date: Oct 30, 2024" />
<!--

Hey, you! Looking in the source for the replay log?

You can find them in JSON format, just add `.json` at the end of a replay URL.

https://replay.pokemonshowdown.com/gen7randomdoublesbattle-865046831.json

Or, if you only need the log itself, add `.log` instead:

https://replay.pokemonshowdown.com/gen7randomdoublesbattle-865046831.log

-->

<link rel="stylesheet" href="//pokemonshowdown.com/style/global.css?0.023195364461161105" />
<link rel="stylesheet" href="//play.pokemonshowdown.com/style/font-awesome.css?0.13261647063804238" />
<link rel="stylesheet" href="//play.pokemonshowdown.com/style/battle.css?0.8753245789963631" />
<link rel="stylesheet" href="//play.pokemonshowdown.com/style/utilichart.css?0.8627959624976733" />

<!-- Global site tag (gtag.js) - Google Analytics -->
<script async src="https://www.googletagmanager.com/gtag/js?id=UA-26211653-1"></script>
<script>
  window.dataLayer = window.dataLayer || [];
  function gtag(){dataLayer.push(arguments);}
  gtag('js', new Date());

  gtag('config', 'UA-26211653-1');
</script>
<!-- End Google Analytics -->
<!-- Venatus Ad Manager - Install in <HEAD> of page -->
	<script src="https://hb.vntsm.com/v3/live/ad-manager.min.js" type="text/javascript" data-site-id="642aba63ec9a7b11c3c9c1be" data-mode="scan" async></script>
<!-- / Venatus Ad Manager -->

<style>
	@media (max-width:820px) {
		.battle {
			margin: 0 auto;
		}
		.battle-log {
			margin: 7px auto 0;
			max-width: 640px;
			height: 300px;
			position: static;
		}
	}
	.optgroup {
		display: inline-block;
		line-height: 22px;
		font-size: 10pt;
	}
	.optgroup .button {
		height: 25px;
		padding-top: 0;
		padding-bottom: 0;
	}
	.optgroup button.button {
		padding-left: 12px;
		padding-right: 12px;
	}
	.linklist {
		list-style: none;
		margin: 0.5em 0;
		padding: 0;
	}
	.linklist li {
		padding: 2px 0;
	}
	.sidebar {
		float: left;
		width: 320px;
	}
	.bar-wrapper {
		max-width: 1100px;
		margin: 0 auto;
	}
	.bar-wrapper.has-sidebar {
		max-width: 1430px;
	}
	.mainbar {
		margin: 0;
		padding-right: 1px;
	}
	.mainbar.has-sidebar {
		margin-left: 330px;
	}
	@media (min-width: 1511px) {
		.sidebar {
			width: 400px;
		}
		.bar-wrapper.has-sidebar {
			max-width: 1510px;
		}
		.mainbar.has-sidebar {
			margin-left: 410px;
		}
	}
	.section.first-section {
		margin-top: 9px;
	}
	.blocklink small {
		white-space: normal;
	}
	.button {
		vertical-align: middle;
	}
	.replay-controls {
		padding-top: 10px;
	}
	.replay-controls h1 {
		font-size: 16pt;
		font-weight: normal;
		color: #CCC;
	}
	.pagelink {
		text-align: center;
	}
	.pagelink a {
		width: 150px;
	}
	.textbox, .button {
		font-size: 11pt;
		vertical-align: middle;
	}
	@media (max-width: 450px) {
		.button {
			font-size: 9pt;
		}
	}
</style>

<div>

	<header>
		<div class="nav-wrapper"><ul class="nav">
			<li><a class="button nav-first" href="//pokemonshowdown.com/"><img src="//pokemonshowdown.com/images/pokemonshowdownbeta.png" srcset="//pokemonshowdown.com/images/pokemonshowdownbeta.png 1x, //pokemonshowdown.com/images/pokemonshowdownbeta@2x.png 2x" alt="Pok&eacute;mon Showdown" width="146" height="44" /> Home</a></li>
			<li><a class="button" href="//pokemonshowdown.com/dex/">Pok&eacute;dex</a></li>
			<li><a class="button cur" href="/">Replays</a></li>
			<li><a class="button" href="//pokemonshowdown.com/ladder/">Ladder</a></li>
			<li><a class="button nav-last" href="//pokemonshowdown.com/forums/">Forum</a></li>
			<li><a class="button greenbutton nav-first nav-last" href="//play.pokemonshowdown.com/">Play</a></li>
		</ul></div>
	</header>

	<div class="main" id="main">

		<noscript><section class="section">You need to enable JavaScript to use this page; sorry!</section></noscript>

	</div>

</div>

<script defer nomodule src="//play.pokemonshowdown.com/js/lib/ps-polyfill.js"></script>
<script defer src="//play.pokemonshowdown.com/js/lib/preact.min.js"></script>

<script defer src="//play.pokemonshowdown.com/config/config.js?2bddbc15"></script>
<script defer src="//play.pokemonshowdown.com/js/lib/jquery-1.11.0.min.js"></script>
<script defer src="//play.pokemonshowdown.com/js/lib/html-sanitizer-minified.js"></script>
<script defer src="//play.pokemonshowdown.com/js/battle-sound.js"></script>
<script defer src="//play.pokemonshowdown.com/js/battledata.js?0.7209276989879541"></script>
<script defer src="//play.pokemonshowdown.com/data/pokedex-mini.js?0.6111056340867951"></script>
<script defer src="//play.pokemonshowdown.com/data/pokedex-mini-bw.js?0.3532142036491459"></script>
<script defer src="//play.pokemonshowdown.com/data/graphics.js?0.24223875632456182"></script>
<script defer src="//play.pokemonshowdown.com/data/pokedex.js?0.38839984266356864"></script>
<script defer src="//play.pokemonshowdown.com/data/moves.js?0.21866028504024015"></script>
<script defer src="//play.pokemonshowdown.com/data/abilities.js?0.2005157953846628"></script>
<script defer src="//play.pokemonshowdown.com/data/items.js?0.9894211263848525"></script>
<script defer src="//play.pokemonshowdown.com/data/teambuilder-tables.js?0.6008791140282215"></script>
<script defer src="//play.pokemonshowdown.com/js/battle-tooltips.js?0.7580118955022959"></script>
<script defer src="//play.pokemonshowdown.com/js/battle.js?0.6057722274234274"></script>

<script defer src="js/utils.js?e31f9a17"></script>
<script defer src="js/replays-battle.js?7008c182"></script>

<!-- don't scrape this data! just add .json or .log after the URL!
Full API docs: https://github.com/smogon/pokemon-showdown-client/blob/master/WEB-API.md -->
<script type="text/plain" class="log" id="replaylog-smogtours-gen3ou-803515">
|inactive|Battle timer is ON: inactive players will automatically lose when time's up.
|t:|1730330759
|gametype|singles
|player|p1|RaskaPork|ingo|
|player|p2|Msousagamer|veteran|
|teamsize|p1|6
|teamsize|p2|6
|gen|3
|tier|[Gen 3] OU
|rule|Sleep Clause Mod: Limit one foe put to sleep
|rule|Switch Priority Clause Mod: Faster Pokémon switch first
|rule|Species Clause: Limit one of each Pokémon
|rule|OHKO Clause: OHKO moves are banned
|rule|Evasion Items Clause: Evasion items are banned
|rule|Evasion Moves Clause: Evasion moves are banned
|rule|Endless Battle Clause: Forcing endless battles is banned
|rule|HP Percentage Mod: HP is shown in percentages
|rule|One Boost Passer Clause: Limit one Baton Passer that has a way to boost its stats
|rule|Freeze Clause Mod: Limit one foe frozen
|
|t:|1730330759
|start
|switch|p1a: Skarmory|Skarmory, F|100/100
|switch|p2a: Zapdos|Zapdos|100/100
|turn|1
|
|t:|1730330786
|move|p2a: Zapdos|Thunderbolt|p1a: Skarmory
|-supereffective|p1a: Skarmory
|-damage|p1a: Skarmory|8/100
|-status|p1a: Skarmory|par
|move|p1a: Skarmory|Spikes|p2a: Zapdos
|-sidestart|p2: Msousagamer|Spikes
|
|-heal|p1a: Skarmory|14/100 par|[from] item: Leftovers
|upkeep
|turn|2
|
|t:|1730330789
|switch|p1a: Regice|Regice|100/100
|move|p2a: Zapdos|Hidden Power|p1a: Regice
|-resisted|p1a: Regice
|-damage|p1a: Regice|93/100
|
|-heal|p1a: Regice|99/100|[from] item: Leftovers
|upkeep
|turn|3
|
|t:|1730330796
|switch|p2a: Metagross|Metagross|100/100
|-damage|p2a: Metagross|88/100|[from] Spikes
|move|p1a: Regice|Thunder Wave|p2a: Metagross
|-status|p2a: Metagross|par
|
|-heal|p1a: Regice|100/100|[from] item: Leftovers
|-heal|p2a: Metagross|94/100 par|[from] item: Leftovers
|upkeep
|turn|4
|inactive|Msousagamer has 270 seconds left.
|
|t:|1730330831
|switch|p1a: Swampert|Swampert, F|100/100
|move|p2a: Metagross|Psychic|p1a: Swampert
|-damage|p1a: Swampert|66/100
|
|-heal|p1a: Swampert|72/100|[from] item: Leftovers
|-heal|p2a: Metagross|99/100 par|[from] item: Leftovers
|upkeep
|turn|5
|
|t:|1730330855
|switch|p1a: Zapdos|Zapdos|100/100
|switch|p2a: Celebi|Celebi|100/100
|-damage|p2a: Celebi|88/100|[from] Spikes
|
|-heal|p2a: Celebi|94/100|[from] item: Leftovers
|upkeep
|turn|6
|inactive|RaskaPork has 270 seconds left.
|
|t:|1730330876
|switch|p1a: Regice|Regice|100/100
|move|p2a: Celebi|Calm Mind|p2a: Celebi
|-boost|p2a: Celebi|spa|1
|-boost|p2a: Celebi|spd|1
|
|-heal|p2a: Celebi|100/100|[from] item: Leftovers
|upkeep
|turn|7
|inactive|RaskaPork has 270 seconds left.
|
|t:|1730330910
|move|p2a: Celebi|Calm Mind|p2a: Celebi
|-boost|p2a: Celebi|spa|1
|-boost|p2a: Celebi|spd|1
|move|p1a: Regice|Ice Beam|p2a: Celebi
|-supereffective|p2a: Celebi
|-damage|p2a: Celebi|63/100
|
|-heal|p2a: Celebi|69/100|[from] item: Leftovers
|upkeep
|turn|8
|
|t:|1730330921
|move|p2a: Celebi|Baton Pass|p2a: Celebi
|
|t:|1730330923
|switch|p2a: Metagross|Metagross|99/100 par|[from] Baton Pass
|-damage|p2a: Metagross|88/100 par|[from] Spikes
|move|p1a: Regice|Ice Beam|p2a: Metagross
|-resisted|p2a: Metagross
|-damage|p2a: Metagross|77/100 par
|
|-heal|p2a: Metagross|83/100 par|[from] item: Leftovers
|upkeep
|turn|9
|
|t:|1730330937
|switch|p1a: Tyranitar|Tyranitar, F|100/100
|-weather|Sandstorm|[from] ability: Sand Stream|[of] p1a: Tyranitar
|move|p2a: Metagross|Meteor Mash|p1a: Tyranitar
|-supereffective|p1a: Tyranitar
|-damage|p1a: Tyranitar|22/100
|
|-weather|Sandstorm|[upkeep]
|-heal|p2a: Metagross|89/100 par|[from] item: Leftovers
|upkeep
|turn|10
|
|t:|1730330959
|switch|p1a: Zapdos|Zapdos|100/100
|switch|p2a: Swampert|Swampert, F|100/100
|-damage|p2a: Swampert|88/100|[from] Spikes
|
|-weather|Sandstorm|[upkeep]
|-damage|p1a: Zapdos|94/100|[from] Sandstorm
|-heal|p1a: Zapdos|100/100|[from] item: Leftovers
|-heal|p2a: Swampert|94/100|[from] item: Leftovers
|upkeep
|turn|11
|
|t:|1730330967
|move|p2a: Swampert|Protect|p2a: Swampert
|-singleturn|p2a: Swampert|Protect
|move|p1a: Zapdos|Hidden Power|p2a: Swampert
|-activate|p2a: Swampert|Protect
|
|-weather|Sandstorm|[upkeep]
|-damage|p1a: Zapdos|94/100|[from] Sandstorm
|-heal|p1a: Zapdos|100/100|[from] item: Leftovers
|-heal|p2a: Swampert|100/100|[from] item: Leftovers
|upkeep
|turn|12
|
|t:|1730330975
|move|p1a: Zapdos|Toxic|p2a: Swampert
|-status|p2a: Swampert|tox
|move|p2a: Swampert|Surf|p1a: Zapdos
|-damage|p1a: Zapdos|65/100
|
|-weather|Sandstorm|[upkeep]
|-damage|p1a: Zapdos|59/100|[from] Sandstorm
|-heal|p1a: Zapdos|65/100|[from] item: Leftovers
|-damage|p2a: Swampert|94/100 tox|[from] psn
|upkeep
|turn|13
|
|t:|1730330981
|switch|p2a: Celebi|Celebi|69/100
|-damage|p2a: Celebi|57/100|[from] Spikes
|move|p1a: Zapdos|Hidden Power|p2a: Celebi
|-supereffective|p2a: Celebi
|-damage|p2a: Celebi|16/100
|
|-weather|Sandstorm|[upkeep]
|-damage|p1a: Zapdos|59/100|[from] Sandstorm
|-damage|p2a: Celebi|10/100|[from] Sandstorm
|-heal|p1a: Zapdos|65/100|[from] item: Leftovers
|-heal|p2a: Celebi|16/100|[from] item: Leftovers
|upkeep
|turn|14
|inactive|Msousagamer has 270 seconds left.
|inactive|RaskaPork has 270 seconds left.
|
|t:|1730331033
|move|p1a: Zapdos|Thunderbolt|p2a: Celebi
|-resisted|p2a: Celebi
|-damage|p2a: Celebi|0 fnt
|faint|p2a: Celebi
|inactive|Msousagamer has 240 seconds left.
|
|t:|1730331056
|switch|p2a: Tyranitar|Tyranitar, F|100/100
|-damage|p2a: Tyranitar|88/100|[from] Spikes
|
|-weather|Sandstorm|[upkeep]
|-damage|p1a: Zapdos|59/100|[from] Sandstorm
|-heal|p1a: Zapdos|65/100|[from] item: Leftovers
|-heal|p2a: Tyranitar|94/100|[from] item: Leftovers
|upkeep
|turn|15
|inactive|Msousagamer has 240 seconds left.
|inactive|RaskaPork has 270 seconds left.
|
|t:|1730331084
|switch|p1a: Skarmory|Skarmory, F|14/100 par
|move|p2a: Tyranitar|Hidden Power|p1a: Skarmory
|-resisted|p1a: Skarmory
|-damage|p1a: Skarmory|10/100 par
|
|-weather|Sandstorm|[upkeep]
|-heal|p2a: Tyranitar|100/100|[from] item: Leftovers
|-heal|p1a: Skarmory|16/100 par|[from] item: Leftovers
|upkeep
|turn|16
|inactive|RaskaPork has 270 seconds left.
|
|t:|1730331093
|move|p2a: Tyranitar|Rock Slide|p1a: Skarmory
|-damage|p1a: Skarmory|0 fnt
|faint|p1a: Skarmory
|inactive|RaskaPork has 270 seconds left.
|
|t:|1730331124
|switch|p1a: Tyranitar|Tyranitar, F|22/100
|
|-weather|Sandstorm|[upkeep]
|upkeep
|turn|17
|inactive|Msousagamer has 240 seconds left.
|
|t:|1730331163
|switch|p2a: Swampert|Swampert, F|94/100 tox
|-damage|p2a: Swampert|82/100 tox|[from] Spikes
|move|p1a: Tyranitar|Rock Slide|p2a: Swampert
|-resisted|p2a: Swampert
|-damage|p2a: Swampert|68/100 tox
|
|-weather|Sandstorm|[upkeep]
|-heal|p2a: Swampert|75/100 tox|[from] item: Leftovers
|-damage|p2a: Swampert|68/100 tox|[from] psn
|upkeep
|turn|18
|inactive|RaskaPork has 240 seconds left.
|
|t:|1730331191
|switch|p1a: Gengar|Gengar, F|100/100
|move|p2a: Swampert|Surf|p1a: Gengar
|-damage|p1a: Gengar|55/100
|
|-weather|Sandstorm|[upkeep]
|-damage|p1a: Gengar|50/100|[from] Sandstorm
|-heal|p1a: Gengar|55/100|[from] item: Leftovers
|-heal|p2a: Swampert|75/100 tox|[from] item: Leftovers
|-damage|p2a: Swampert|62/100 tox|[from] psn
|upkeep
|turn|19
|
|t:|1730331210
|switch|p2a: Zapdos|Zapdos|100/100
|move|p1a: Gengar|Giga Drain|p2a: Zapdos
|-resisted|p2a: Zapdos
|-damage|p2a: Zapdos|88/100
|-heal|p1a: Gengar|63/100|[from] drain|[of] p2a: Zapdos
|
|-weather|Sandstorm|[upkeep]
|-damage|p1a: Gengar|57/100|[from] Sandstorm
|-damage|p2a: Zapdos|82/100|[from] Sandstorm
|-heal|p1a: Gengar|63/100|[from] item: Leftovers
|-heal|p2a: Zapdos|88/100|[from] item: Leftovers
|upkeep
|turn|20
|inactive|RaskaPork has 210 seconds left.
|
|t:|1730331241
|switch|p1a: Regice|Regice|100/100
|move|p2a: Zapdos|Thunder Wave|p1a: Regice
|-status|p1a: Regice|par
|
|-weather|Sandstorm|[upkeep]
|-damage|p2a: Zapdos|82/100|[from] Sandstorm
|-damage|p1a: Regice|95/100 par|[from] Sandstorm
|-heal|p2a: Zapdos|88/100|[from] item: Leftovers
|-heal|p1a: Regice|100/100 par|[from] item: Leftovers
|upkeep
|turn|21
|inactive|RaskaPork has 210 seconds left.
|inactive|Msousagamer has 240 seconds left.
|
|t:|1730331259
|move|p2a: Zapdos|Protect|p2a: Zapdos
|-singleturn|p2a: Zapdos|Protect
|move|p1a: Regice|Ice Beam|p2a: Zapdos
|-activate|p2a: Zapdos|Protect
|
|-weather|Sandstorm|[upkeep]
|-damage|p2a: Zapdos|82/100|[from] Sandstorm
|-damage|p1a: Regice|95/100 par|[from] Sandstorm
|-heal|p2a: Zapdos|88/100|[from] item: Leftovers
|-heal|p1a: Regice|100/100 par|[from] item: Leftovers
|upkeep
|turn|22
|inactive|RaskaPork has 210 seconds left.
|
|t:|1730331270
|switch|p2a: Metagross|Metagross|89/100 par
|-damage|p2a: Metagross|77/100 par|[from] Spikes
|switch|p1a: Tyranitar|Tyranitar, F|22/100
|
|-weather|Sandstorm|[upkeep]
|-heal|p2a: Metagross|83/100 par|[from] item: Leftovers
|upkeep
|turn|23
|inactive|RaskaPork has 210 seconds left.
|
|t:|1730331288
|switch|p2a: Swampert|Swampert, F|62/100 tox
|-damage|p2a: Swampert|50/100 tox|[from] Spikes
|move|p1a: Tyranitar|Dragon Dance|p1a: Tyranitar
|-boost|p1a: Tyranitar|atk|1
|-boost|p1a: Tyranitar|spe|1
|
|-weather|Sandstorm|[upkeep]
|-heal|p2a: Swampert|56/100 tox|[from] item: Leftovers
|-damage|p2a: Swampert|50/100 tox|[from] psn
|upkeep
|turn|24
|inactive|RaskaPork has 180 seconds left.
|inactive|RaskaPork has 150 seconds left.
|
|t:|1730331365
|switch|p1a: Regice|Regice|100/100 par
|move|p2a: Swampert|Surf|p1a: Regice
|-damage|p1a: Regice|82/100 par
|
|-weather|Sandstorm|[upkeep]
|-damage|p1a: Regice|76/100 par|[from] Sandstorm
|-heal|p2a: Swampert|56/100 tox|[from] item: Leftovers
|-damage|p2a: Swampert|44/100 tox|[from] psn
|-heal|p1a: Regice|82/100 par|[from] item: Leftovers
|upkeep
|turn|25
|inactive|Msousagamer has 240 seconds left.
|inactive|Msousagamer has 210 seconds left.
|inactive|Msousagamer has 180 seconds left.
|
|t:|1730331461
|switch|p2a: Metagross|Metagross|83/100 par
|-damage|p2a: Metagross|70/100 par|[from] Spikes
|cant|p1a: Regice|par
|
|-weather|Sandstorm|[upkeep]
|-damage|p1a: Regice|76/100 par|[from] Sandstorm
|-heal|p2a: Metagross|76/100 par|[from] item: Leftovers
|-heal|p1a: Regice|82/100 par|[from] item: Leftovers
|upkeep
|turn|26
|
|t:|1730331486
|switch|p1a: Zapdos|Zapdos|65/100
|move|p2a: Metagross|Explosion|p1a: Zapdos
|-damage|p1a: Zapdos|0 fnt
|faint|p2a: Metagross
|faint|p1a: Zapdos
|inactive|Msousagamer has 150 seconds left.
|inactive|RaskaPork has 120 seconds left.
|
|t:|1730331514
|switch|p1a: Regice|Regice|82/100 par
|switch|p2a: Swampert|Swampert, F|44/100 tox
|-damage|p2a: Swampert|31/100 tox|[from] Spikes
|
|-weather|Sandstorm|[upkeep]
|-damage|p1a: Regice|76/100 par|[from] Sandstorm
|-heal|p2a: Swampert|37/100 tox|[from] item: Leftovers
|-damage|p2a: Swampert|31/100 tox|[from] psn
|-heal|p1a: Regice|82/100 par|[from] item: Leftovers
|upkeep
|turn|27
|inactive|RaskaPork has 120 seconds left.
|inactive|Msousagamer has 150 seconds left.
|
|t:|1730331543
|switch|p1a: Tyranitar|Tyranitar, F|22/100
|move|p2a: Swampert|Surf|p1a: Tyranitar
|-supereffective|p1a: Tyranitar
|-damage|p1a: Tyranitar|0 fnt
|faint|p1a: Tyranitar
|inactive|RaskaPork has 90 seconds left.
|inactive|RaskaPork has 60 seconds left.
|inactive|RaskaPork has 30 seconds left.
|inactive|RaskaPork has 20 seconds left.
|
|t:|1730331634
|switch|p1a: Gengar|Gengar, F|63/100
|
|-weather|Sandstorm|[upkeep]
|-damage|p1a: Gengar|57/100|[from] Sandstorm
|-heal|p1a: Gengar|63/100|[from] item: Leftovers
|-heal|p2a: Swampert|37/100 tox|[from] item: Leftovers
|-damage|p2a: Swampert|25/100 tox|[from] psn
|upkeep
|turn|28
|inactive|RaskaPork has 30 seconds left this turn.
|inactive|RaskaPork has 20 seconds left.
|inactive|Msousagamer has 150 seconds left.
|
|t:|1730331656
|move|p2a: Swampert|Protect|p2a: Swampert
|-singleturn|p2a: Swampert|Protect
|move|p1a: Gengar|Thunderbolt|p2a: Swampert
|-activate|p2a: Swampert|Protect
|
|-weather|Sandstorm|[upkeep]
|-damage|p1a: Gengar|57/100|[from] Sandstorm
|-heal|p1a: Gengar|63/100|[from] item: Leftovers
|-heal|p2a: Swampert|31/100 tox|[from] item: Leftovers
|-damage|p2a: Swampert|13/100 tox|[from] psn
|upkeep
|turn|29
|inactive|RaskaPork has 30 seconds left this turn.
|inactive|Msousagamer has 150 seconds left.
|
|t:|1730331673
|switch|p2a: Zapdos|Zapdos|88/100
|move|p1a: Gengar|Giga Drain|p2a: Zapdos
|-resisted|p2a: Zapdos
|-damage|p2a: Zapdos|77/100
|-heal|p1a: Gengar|70/100|[from] drain|[of] p2a: Zapdos
|
|-weather|Sandstorm|[upkeep]
|-damage|p1a: Gengar|64/100|[from] Sandstorm
|-damage|p2a: Zapdos|70/100|[from] Sandstorm
|-heal|p1a: Gengar|70/100|[from] item: Leftovers
|-heal|p2a: Zapdos|77/100|[from] item: Leftovers
|upkeep
|turn|30
|inactive|RaskaPork has 30 seconds left.
|
|t:|1730331688
|switch|p1a: Regice|Regice|82/100 par
|move|p2a: Zapdos|Thunderbolt|p1a: Regice
|-damage|p1a: Regice|53/100 par
|
|-weather|Sandstorm|[upkeep]
|-damage|p2a: Zapdos|70/100|[from] Sandstorm
|-damage|p1a: Regice|47/100 par|[from] Sandstorm
|-heal|p2a: Zapdos|77/100|[from] item: Leftovers
|-heal|p1a: Regice|53/100 par|[from] item: Leftovers
|upkeep
|turn|31
|inactive|RaskaPork has 30 seconds left.
|inactive|Msousagamer has 150 seconds left.
|
|t:|1730331695
|switch|p2a: Charizard|Charizard, F|100/100
|cant|p1a: Regice|par
|
|-weather|Sandstorm|[upkeep]
|-damage|p2a: Charizard|94/100|[from] Sandstorm
|-damage|p1a: Regice|47/100 par|[from] Sandstorm
|-heal|p2a: Charizard|100/100|[from] item: Leftovers
|-heal|p1a: Regice|53/100 par|[from] item: Leftovers
|upkeep
|turn|32
|inactive|RaskaPork has 30 seconds left.
|inactive|RaskaPork has 20 seconds left.
|
|t:|1730331716
|move|p2a: Charizard|Fire Blast|p1a: Regice
|-supereffective|p1a: Regice
|-damage|p1a: Regice|0 fnt
|faint|p1a: Regice
|inactive|RaskaPork has 25 seconds left this turn.
|
|t:|1730331718
|switch|p1a: Gengar|Gengar, F|70/100
|
|-weather|Sandstorm|[upkeep]
|-damage|p1a: Gengar|64/100|[from] Sandstorm
|-damage|p2a: Charizard|94/100|[from] Sandstorm
|-heal|p1a: Gengar|70/100|[from] item: Leftovers
|-heal|p2a: Charizard|100/100|[from] item: Leftovers
|upkeep
|turn|33
|
|t:|1730331721
|switch|p2a: Swampert|Swampert, F|13/100 tox
|-damage|p2a: Swampert|0 fnt|[from] Spikes
|faint|p2a: Swampert
|
|t:|1730331728
|switch|p2a: Zapdos|Zapdos|77/100
|
|-weather|Sandstorm|[upkeep]
|-damage|p1a: Gengar|64/100|[from] Sandstorm
|-damage|p2a: Zapdos|70/100|[from] Sandstorm
|-heal|p1a: Gengar|70/100|[from] item: Leftovers
|-heal|p2a: Zapdos|77/100|[from] item: Leftovers
|upkeep
|turn|34
|inactive|Msousagamer has 180 seconds left.
|
|t:|1730331736
|switch|p1a: Swampert|Swampert, F|72/100
|move|p2a: Zapdos|Thunderbolt|p1a: Swampert
|-immune|p1a: Swampert
|
|-weather|Sandstorm|[upkeep]
|-damage|p2a: Zapdos|70/100|[from] Sandstorm
|-heal|p2a: Zapdos|77/100|[from] item: Leftovers
|-heal|p1a: Swampert|78/100|[from] item: Leftovers
|upkeep
|turn|35
|inactive|Msousagamer has 180 seconds left.
|
|t:|1730331775
|move|p2a: Zapdos|Hidden Power|p1a: Swampert
|-damage|p1a: Swampert|59/100
|move|p1a: Swampert|Hydro Pump|p2a: Zapdos
|-damage|p2a: Zapdos|22/100
|
|-weather|Sandstorm|[upkeep]
|-damage|p2a: Zapdos|15/100|[from] Sandstorm
|-heal|p2a: Zapdos|22/100|[from] item: Leftovers
|-heal|p1a: Swampert|65/100|[from] item: Leftovers
|upkeep
|turn|36
|inactive|RaskaPork has 30 seconds left.
|
|t:|1730331806
|switch|p1a: Gengar|Gengar, F|70/100
|move|p2a: Zapdos|Hidden Power|p1a: Gengar
|-damage|p1a: Gengar|34/100
|
|-weather|Sandstorm|[upkeep]
|-damage|p1a: Gengar|29/100|[from] Sandstorm
|-damage|p2a: Zapdos|15/100|[from] Sandstorm
|-heal|p1a: Gengar|34/100|[from] item: Leftovers
|-heal|p2a: Zapdos|22/100|[from] item: Leftovers
|upkeep
|turn|37
|c|☆Msousagamer|I almost clicked tbolt lol
|inactive|Msousagamer has 150 seconds left.
|c|☆RaskaPork|Probably would have been the better click tbh
|
|t:|1730331856
|move|p1a: Gengar|Thunderbolt|p2a: Zapdos
|-damage|p2a: Zapdos|0 fnt
|faint|p2a: Zapdos
|c|☆RaskaPork|Zard has hp grass I assume
|
|t:|1730331857
|switch|p2a: Tyranitar|Tyranitar, F|100/100
|-damage|p2a: Tyranitar|88/100|[from] Spikes
|
|-weather|Sandstorm|[upkeep]
|-damage|p1a: Gengar|29/100|[from] Sandstorm
|-heal|p1a: Gengar|34/100|[from] item: Leftovers
|-heal|p2a: Tyranitar|94/100|[from] item: Leftovers
|upkeep
|turn|38
|c|☆Msousagamer|HIT HIT HIT HIT HITA
|inactive|RaskaPork has 30 seconds left.
|inactive|RaskaPork has 20 seconds left.
|inactive|RaskaPork has 15 seconds left.
|inactive|RaskaPork has 10 seconds left.
|
|t:|1730331911
|switch|p1a: Swampert|Swampert, F|65/100
|move|p2a: Tyranitar|Rock Slide|p1a: Swampert
|-resisted|p1a: Swampert
|-damage|p1a: Swampert|49/100
|
|-weather|Sandstorm|[upkeep]
|-heal|p2a: Tyranitar|100/100|[from] item: Leftovers
|-heal|p1a: Swampert|56/100|[from] item: Leftovers
|upkeep
|turn|39
|inactive|RaskaPork has 20 seconds left this turn.
|c|☆Msousagamer|gvk
|c|☆Msousagamer|fck
|inactive|RaskaPork has 15 seconds left.
|c|☆Msousagamer|so many 50/50's
|
|t:|1730331923
|move|p2a: Tyranitar|Hidden Power|p1a: Swampert
|-supereffective|p1a: Swampert
|-damage|p1a: Swampert|1/100
|move|p1a: Swampert|Hydro Pump|p2a: Tyranitar
|-supereffective|p2a: Tyranitar
|-damage|p2a: Tyranitar|0 fnt
|faint|p2a: Tyranitar
|inactive|RaskaPork has 20 seconds left this turn.
|c|☆Msousagamer|I didn't get the roll fuck
|c|☆Msousagamer|U can tie this now
|c|☆Msousagamer|Gl
|
|t:|1730331932
|switch|p2a: Charizard|Charizard, F|100/100
|
|-weather|Sandstorm|[upkeep]
|-damage|p2a: Charizard|94/100|[from] Sandstorm
|-heal|p2a: Charizard|100/100|[from] item: Leftovers
|-heal|p1a: Swampert|7/100|[from] item: Leftovers
|upkeep
|turn|40
|inactive|RaskaPork has 30 seconds left this turn.
|
|t:|1730331937
|move|p2a: Charizard|Dragon Claw|p1a: Swampert
|-damage|p1a: Swampert|0 fnt
|faint|p1a: Swampert
|
|t:|1730331939
|switch|p1a: Gengar|Gengar, F|34/100
|
|-weather|Sandstorm|[upkeep]
|-damage|p1a: Gengar|29/100|[from] Sandstorm
|-damage|p2a: Charizard|94/100|[from] Sandstorm
|-heal|p1a: Gengar|34/100|[from] item: Leftovers
|-heal|p2a: Charizard|100/100|[from] item: Leftovers
|upkeep
|turn|41
|c|☆Msousagamer|U just gotta get the roll
|
|t:|1730331946
|move|p1a: Gengar|Explosion|p2a: Charizard
|-damage|p2a: Charizard|1/100
|faint|p1a: Gengar
|
|win|Msousagamer
|c|☆Msousagamer|YASS
|c|☆Msousagamer|HOLY
|c|☆RaskaPork|Aw man
|c|☆Msousagamer|Gg
|c|☆Msousagamer|So close
|c|☆RaskaPork|Gg
|c|☆Msousagamer|What a fucking game

</script>
<script type="application/json" class="data" id="replaydata-smogtours-gen3ou-803515">
{"id":"smogtours-gen3ou-803515","format":"[Gen 3] OU","players":["RaskaPork","Msousagamer"],"uploadtime":1730331946,"views":51,"formatid":"gen3ou","rating":null,"private":0,"password":null}
</script>

<script defer src="js/replays.js?9d40a366"></script>
