<!DOCTYPE html>
<meta charset="utf-8" />
<meta name="viewport" content="width=device-width" />

<title>[Gen 3] OU: temrane vs. jozin457 - Replays - Pok&eacute;mon Showdown!</title>

<meta name="description" content="Watch a replay of a Pok&eacute;mon battle between temrane and jozin457! Format: [Gen 3] OU; Date: Oct 14, 2024" />
<!--

Hey, you! Looking in the source for the replay log?

You can find them in JSON format, just add `.json` at the end of a replay URL.

https://replay.pokemonshowdown.com/gen7randomdoublesbattle-865046831.json

Or, if you only need the log itself, add `.log` instead:

https://replay.pokemonshowdown.com/gen7randomdoublesbattle-865046831.log

-->

<link rel="stylesheet" href="//pokemonshowdown.com/style/global.css?0.023195364461161105" />
<link rel="stylesheet" href="//play.pokemonshowdown.com/style/font-awesome.css?0.13261647063804238" />
<link rel="stylesheet" href="//play.pokemonshowdown.com/style/battle.css?0.8753245789963631" />
<link rel="stylesheet" href="//play.pokemonshowdown.com/style/utilichart.css?0.8627959624976733" />

<!-- Global site tag (gtag.js) - Google Analytics -->
<script async src="https://www.googletagmanager.com/gtag/js?id=UA-26211653-1"></script>
<script>
  window.dataLayer = window.dataLayer || [];
  function gtag(){dataLayer.push(arguments);}
  gtag('js', new Date());

  gtag('config', 'UA-26211653-1');
</script>
<!-- End Google Analytics -->
<!-- Venatus Ad Manager - Install in <HEAD> of page -->
	<script src="https://hb.vntsm.com/v3/live/ad-manager.min.js" type="text/javascript" data-site-id="642aba63ec9a7b11c3c9c1be" data-mode="scan" async></script>
<!-- / Venatus Ad Manager -->

<style>
	@media (max-width:820px) {
		.battle {
			margin: 0 auto;
		}
		.battle-log {
			margin: 7px auto 0;
			max-width: 640px;
			height: 300px;
			position: static;
		}
	}
	.optgroup {
		display: inline-block;
		line-height: 22px;
		font-size: 10pt;
	}
	.optgroup .button {
		height: 25px;
		padding-top: 0;
		padding-bottom: 0;
	}
	.optgroup button.button {
		padding-left: 12px;
		padding-right: 12px;
	}
	.linklist {
		list-style: none;
		margin: 0.5em 0;
		padding: 0;
	}
	.linklist li {
		padding: 2px 0;
	}
	.sidebar {
		float: left;
		width: 320px;
	}
	.bar-wrapper {
		max-width: 1100px;
		margin: 0 auto;
	}
	.bar-wrapper.has-sidebar {
		max-width: 1430px;
	}
	.mainbar {
		margin: 0;
		padding-right: 1px;
	}
	.mainbar.has-sidebar {
		margin-left: 330px;
	}
	@media (min-width: 1511px) {
		.sidebar {
			width: 400px;
		}
		.bar-wrapper.has-sidebar {
			max-width: 1510px;
		}
		.mainbar.has-sidebar {
			margin-left: 410px;
		}
	}
	.section.first-section {
		margin-top: 9px;
	}
	.blocklink small {
		white-space: normal;
	}
	.button {
		vertical-align: middle;
	}
	.replay-controls {
		padding-top: 10px;
	}
	.replay-controls h1 {
		font-size: 16pt;
		font-weight: normal;
		color: #CCC;
	}
	.pagelink {
		text-align: center;
	}
	.pagelink a {
		width: 150px;
	}
	.textbox, .button {
		font-size: 11pt;
		vertical-align: middle;
	}
	@media (max-width: 450px) {
		.button {
			font-size: 9pt;
		}
	}
</style>

<div>

	<header>
		<div class="nav-wrapper"><ul class="nav">
			<li><a class="button nav-first" href="//pokemonshowdown.com/"><img src="//pokemonshowdown.com/images/pokemonshowdownbeta.png" srcset="//pokemonshowdown.com/images/pokemonshowdownbeta.png 1x, //pokemonshowdown.com/images/pokemonshowdownbeta@2x.png 2x" alt="Pok&eacute;mon Showdown" width="146" height="44" /> Home</a></li>
			<li><a class="button" href="//pokemonshowdown.com/dex/">Pok&eacute;dex</a></li>
			<li><a class="button cur" href="/">Replays</a></li>
			<li><a class="button" href="//pokemonshowdown.com/ladder/">Ladder</a></li>
			<li><a class="button nav-last" href="//pokemonshowdown.com/forums/">Forum</a></li>
			<li><a class="button greenbutton nav-first nav-last" href="//play.pokemonshowdown.com/">Play</a></li>
		</ul></div>
	</header>

	<div class="main" id="main">

		<noscript><section class="section">You need to enable JavaScript to use this page; sorry!</section></noscript>

	</div>

</div>

<script defer nomodule src="//play.pokemonshowdown.com/js/lib/ps-polyfill.js"></script>
<script defer src="//play.pokemonshowdown.com/js/lib/preact.min.js"></script>

<script defer src="//play.pokemonshowdown.com/config/config.js?2bddbc15"></script>
<script defer src="//play.pokemonshowdown.com/js/lib/jquery-1.11.0.min.js"></script>
<script defer src="//play.pokemonshowdown.com/js/lib/html-sanitizer-minified.js"></script>
<script defer src="//play.pokemonshowdown.com/js/battle-sound.js"></script>
<script defer src="//play.pokemonshowdown.com/js/battledata.js?0.7209276989879541"></script>
<script defer src="//play.pokemonshowdown.com/data/pokedex-mini.js?0.6111056340867951"></script>
<script defer src="//play.pokemonshowdown.com/data/pokedex-mini-bw.js?0.3532142036491459"></script>
<script defer src="//play.pokemonshowdown.com/data/graphics.js?0.24223875632456182"></script>
<script defer src="//play.pokemonshowdown.com/data/pokedex.js?0.38839984266356864"></script>
<script defer src="//play.pokemonshowdown.com/data/moves.js?0.21866028504024015"></script>
<script defer src="//play.pokemonshowdown.com/data/abilities.js?0.2005157953846628"></script>
<script defer src="//play.pokemonshowdown.com/data/items.js?0.9894211263848525"></script>
<script defer src="//play.pokemonshowdown.com/data/teambuilder-tables.js?0.6008791140282215"></script>
<script defer src="//play.pokemonshowdown.com/js/battle-tooltips.js?0.7580118955022959"></script>
<script defer src="//play.pokemonshowdown.com/js/battle.js?0.6057722274234274"></script>

<script defer src="js/utils.js?e31f9a17"></script>
<script defer src="js/replays-battle.js?7008c182"></script>

<!-- don't scrape this data! just add .json or .log after the URL!
Full API docs: https://github.com/smogon/pokemon-showdown-client/blob/master/WEB-API.md -->
<script type="text/plain" class="log" id="replaylog-smogtours-gen3ou-798672">
|inactive|Battle timer is ON: inactive players will automatically lose when time's up.
|t:|1728926144
|gametype|singles
|player|p1|temrane|1|
|player|p2|jozin457|infielder|
|teamsize|p1|6
|teamsize|p2|6
|gen|3
|tier|[Gen 3] OU
|rule|Sleep Clause Mod: Limit one foe put to sleep
|rule|Switch Priority Clause Mod: Faster Pokémon switch first
|rule|Species Clause: Limit one of each Pokémon
|rule|OHKO Clause: OHKO moves are banned
|rule|Evasion Items Clause: Evasion items are banned
|rule|Evasion Moves Clause: Evasion moves are banned
|rule|Endless Battle Clause: Forcing endless battles is banned
|rule|HP Percentage Mod: HP is shown in percentages
|rule|One Boost Passer Clause: Limit one Baton Passer that has a way to boost its stats
|rule|Freeze Clause Mod: Limit one foe frozen
|
|t:|1728926144
|start
|switch|p1a: Zapdos|Zapdos|100/100
|switch|p2a: Breloom|Breloom, F|100/100
|turn|1
|c|☆jozin457|hf
|
|t:|1728926165
|switch|p2a: Blissey|Blissey, F|100/100
|move|p1a: Zapdos|Thunderbolt|p2a: Blissey
|-damage|p2a: Blissey|85/100
|
|-heal|p2a: Blissey|91/100|[from] item: Leftovers
|upkeep
|turn|2
|
|t:|1728926174
|switch|p1a: Skarmory|Skarmory, F|100/100
|move|p2a: Blissey|Ice Beam|p1a: Skarmory
|-damage|p1a: Skarmory|76/100
|
|-heal|p1a: Skarmory|82/100|[from] item: Leftovers
|-heal|p2a: Blissey|97/100|[from] item: Leftovers
|upkeep
|turn|3
|
|t:|1728926179
|move|p1a: Skarmory|Spikes|p2a: Blissey
|-sidestart|p2: jozin457|Spikes
|move|p2a: Blissey|Thunderbolt|p1a: Skarmory
|-supereffective|p1a: Skarmory
|-damage|p1a: Skarmory|32/100
|
|-heal|p1a: Skarmory|38/100|[from] item: Leftovers
|-heal|p2a: Blissey|100/100|[from] item: Leftovers
|upkeep
|turn|4
|
|t:|1728926183
|move|p1a: Skarmory|Protect|p1a: Skarmory
|-singleturn|p1a: Skarmory|Protect
|move|p2a: Blissey|Thunderbolt|p1a: Skarmory
|-activate|p1a: Skarmory|Protect
|
|-heal|p1a: Skarmory|44/100|[from] item: Leftovers
|upkeep
|turn|5
|
|t:|1728926192
|switch|p1a: Zapdos|Zapdos|100/100
|move|p2a: Blissey|Thunderbolt|p1a: Zapdos
|-damage|p1a: Zapdos|81/100
|
|-heal|p1a: Zapdos|87/100|[from] item: Leftovers
|upkeep
|turn|6
|
|t:|1728926203
|move|p1a: Zapdos|Toxic|p2a: Blissey
|-status|p2a: Blissey|tox
|move|p2a: Blissey|Ice Beam|p1a: Zapdos
|-supereffective|p1a: Zapdos
|-damage|p1a: Zapdos|53/100
|
|-heal|p1a: Zapdos|59/100|[from] item: Leftovers
|-damage|p2a: Blissey|94/100 tox|[from] psn
|upkeep
|turn|7
|
|t:|1728926211
|-curestatus|p2a: Blissey|tox|[from] ability: Natural Cure
|switch|p2a: Jirachi|Jirachi|100/100
|-damage|p2a: Jirachi|88/100|[from] Spikes
|move|p1a: Zapdos|Thunderbolt|p2a: Jirachi
|-damage|p2a: Jirachi|47/100
|
|-heal|p2a: Jirachi|53/100|[from] item: Leftovers
|-heal|p1a: Zapdos|65/100|[from] item: Leftovers
|upkeep
|turn|8
|
|t:|1728926220
|move|p2a: Jirachi|Thunder|p1a: Zapdos|[miss]
|-miss|p2a: Jirachi|p1a: Zapdos
|move|p1a: Zapdos|Thunderbolt|p2a: Jirachi
|-damage|p2a: Jirachi|8/100
|
|-heal|p2a: Jirachi|14/100|[from] item: Leftovers
|-heal|p1a: Zapdos|71/100|[from] item: Leftovers
|upkeep
|turn|9
|
|t:|1728926223
|move|p2a: Jirachi|Thunder|p1a: Zapdos
|-crit|p1a: Zapdos
|-damage|p1a: Zapdos|18/100
|move|p1a: Zapdos|Thunderbolt|p2a: Jirachi
|-damage|p2a: Jirachi|0 fnt
|faint|p2a: Jirachi
|
|t:|1728926232
|switch|p2a: Starmie|Starmie|100/100
|-damage|p2a: Starmie|88/100|[from] Spikes
|
|-heal|p2a: Starmie|94/100|[from] item: Leftovers
|-heal|p1a: Zapdos|24/100|[from] item: Leftovers
|upkeep
|turn|10
|
|t:|1728926240
|switch|p1a: Jirachi|Jirachi|100/100
|move|p2a: Starmie|Ice Beam|p1a: Jirachi
|-resisted|p1a: Jirachi
|-damage|p1a: Jirachi|90/100
|-status|p1a: Jirachi|frz
|
|-heal|p2a: Starmie|100/100|[from] item: Leftovers
|-heal|p1a: Jirachi|96/100 frz|[from] item: Leftovers
|upkeep
|turn|11
|
|t:|1728926246
|move|p2a: Starmie|Hydro Pump|p1a: Jirachi
|-damage|p1a: Jirachi|59/100 frz
|-curestatus|p1a: Jirachi|frz|[msg]
|move|p1a: Jirachi|Fire Punch|p2a: Starmie
|-resisted|p2a: Starmie
|-damage|p2a: Starmie|87/100
|-status|p2a: Starmie|brn
|
|-heal|p2a: Starmie|93/100 brn|[from] item: Leftovers
|-damage|p2a: Starmie|81/100 brn|[from] brn
|-heal|p1a: Jirachi|65/100|[from] item: Leftovers
|upkeep
|turn|12
|
|t:|1728926257
|-curestatus|p2a: Starmie|brn|[from] ability: Natural Cure
|switch|p2a: Swampert|Swampert, F|100/100
|-damage|p2a: Swampert|88/100|[from] Spikes
|move|p1a: Jirachi|Wish|p1a: Jirachi
|
|-heal|p1a: Jirachi|71/100|[from] item: Leftovers
|-heal|p2a: Swampert|94/100|[from] item: Leftovers
|upkeep
|turn|13
|
|t:|1728926263
|switch|p1a: Skarmory|Skarmory, F|44/100
|move|p2a: Swampert|Hydro Pump|p1a: Skarmory|[miss]
|-miss|p2a: Swampert|p1a: Skarmory
|
|-heal|p1a: Skarmory|94/100|[from] move: Wish|[wisher] Jirachi
|-heal|p1a: Skarmory|99/100|[from] item: Leftovers
|-heal|p2a: Swampert|100/100|[from] item: Leftovers
|upkeep
|turn|14
|
|t:|1728926274
|switch|p2a: Breloom|Breloom, F|100/100
|-damage|p2a: Breloom|88/100|[from] Spikes
|move|p1a: Skarmory|Toxic|p2a: Breloom
|-status|p2a: Breloom|tox
|
|-heal|p2a: Breloom|94/100 tox|[from] item: Leftovers
|-damage|p2a: Breloom|88/100 tox|[from] psn
|-heal|p1a: Skarmory|100/100|[from] item: Leftovers
|upkeep
|turn|15
|
|t:|1728926279
|move|p1a: Skarmory|Protect|p1a: Skarmory
|-singleturn|p1a: Skarmory|Protect
|move|p2a: Breloom|Spore|p1a: Skarmory
|-activate|p1a: Skarmory|Protect
|
|-heal|p2a: Breloom|94/100 tox|[from] item: Leftovers
|-damage|p2a: Breloom|82/100 tox|[from] psn
|upkeep
|turn|16
|
|t:|1728926284
|move|p1a: Skarmory|Protect||[still]
|-fail|p1a: Skarmory
|move|p2a: Breloom|Spore|p1a: Skarmory
|-status|p1a: Skarmory|slp|[from] move: Spore
|
|-heal|p2a: Breloom|88/100 tox|[from] item: Leftovers
|-damage|p2a: Breloom|70/100 tox|[from] psn
|upkeep
|turn|17
|
|t:|1728926293
|-singleturn|p2a: Breloom|move: Focus Punch
|cant|p1a: Skarmory|slp
|move|p2a: Breloom|Focus Punch|p1a: Skarmory
|-damage|p1a: Skarmory|41/100 slp
|
|-heal|p2a: Breloom|76/100 tox|[from] item: Leftovers
|-damage|p2a: Breloom|51/100 tox|[from] psn
|-heal|p1a: Skarmory|47/100 slp|[from] item: Leftovers
|upkeep
|turn|18
|
|t:|1728926303
|-singleturn|p2a: Breloom|move: Focus Punch
|switch|p1a: Gengar|Gengar, M|100/100
|move|p2a: Breloom|Focus Punch|p1a: Gengar
|-immune|p1a: Gengar
|
|-heal|p2a: Breloom|58/100 tox|[from] item: Leftovers
|-damage|p2a: Breloom|27/100 tox|[from] psn
|upkeep
|turn|19
|
|t:|1728926310
|move|p1a: Gengar|Will-O-Wisp||[still]
|-fail|p1a: Gengar
|move|p2a: Breloom|Hidden Power|p1a: Gengar
|-supereffective|p1a: Gengar
|-damage|p1a: Gengar|32/100
|
|-heal|p1a: Gengar|39/100|[from] item: Leftovers
|-heal|p2a: Breloom|33/100 tox|[from] item: Leftovers
|-damage|p2a: Breloom|0 fnt|[from] psn
|faint|p2a: Breloom
|upkeep
|
|t:|1728926322
|switch|p2a: Starmie|Starmie|81/100
|-damage|p2a: Starmie|68/100|[from] Spikes
|turn|20
|
|t:|1728926328
|switch|p1a: Jirachi|Jirachi|71/100
|move|p2a: Starmie|Hydro Pump|p1a: Jirachi
|-damage|p1a: Jirachi|34/100
|
|-heal|p2a: Starmie|75/100|[from] item: Leftovers
|-heal|p1a: Jirachi|41/100|[from] item: Leftovers
|upkeep
|turn|21
|
|t:|1728926344
|switch|p2a: Blissey|Blissey, F|94/100
|-damage|p2a: Blissey|82/100|[from] Spikes
|move|p1a: Jirachi|Protect||[still]
|-fail|p1a: Jirachi
|
|-heal|p1a: Jirachi|47/100|[from] item: Leftovers
|-heal|p2a: Blissey|88/100|[from] item: Leftovers
|upkeep
|turn|22
|
|t:|1728926348
|move|p1a: Jirachi|Wish|p1a: Jirachi
|move|p2a: Blissey|Calm Mind|p2a: Blissey
|-boost|p2a: Blissey|spa|1
|-boost|p2a: Blissey|spd|1
|
|-heal|p1a: Jirachi|53/100|[from] item: Leftovers
|-heal|p2a: Blissey|94/100|[from] item: Leftovers
|upkeep
|turn|23
|
|t:|1728926356
|move|p1a: Jirachi|Body Slam|p2a: Blissey
|-damage|p2a: Blissey|73/100
|move|p2a: Blissey|Thunderbolt|p1a: Jirachi
|-damage|p1a: Jirachi|28/100
|
|-heal|p1a: Jirachi|78/100|[from] move: Wish|[wisher] Jirachi
|-heal|p1a: Jirachi|84/100|[from] item: Leftovers
|-heal|p2a: Blissey|79/100|[from] item: Leftovers
|upkeep
|turn|24
|
|t:|1728926362
|move|p1a: Jirachi|Body Slam|p2a: Blissey
|-damage|p2a: Blissey|59/100
|-status|p2a: Blissey|par
|cant|p2a: Blissey|par
|
|-heal|p1a: Jirachi|91/100|[from] item: Leftovers
|-heal|p2a: Blissey|65/100 par|[from] item: Leftovers
|upkeep
|turn|25
|
|t:|1728926365
|move|p1a: Jirachi|Wish|p1a: Jirachi
|cant|p2a: Blissey|par
|
|-heal|p1a: Jirachi|97/100|[from] item: Leftovers
|-heal|p2a: Blissey|71/100 par|[from] item: Leftovers
|upkeep
|turn|26
|
|t:|1728926377
|move|p1a: Jirachi|Body Slam|p2a: Blissey
|-damage|p2a: Blissey|53/100 par
|move|p2a: Blissey|Thunderbolt|p1a: Jirachi
|-damage|p1a: Jirachi|70/100
|
|-heal|p1a: Jirachi|100/100|[from] move: Wish|[wisher] Jirachi
|-heal|p2a: Blissey|59/100 par|[from] item: Leftovers
|upkeep
|turn|27
|
|t:|1728926382
|move|p1a: Jirachi|Body Slam|p2a: Blissey
|-damage|p2a: Blissey|38/100 par
|cant|p2a: Blissey|par
|
|-heal|p2a: Blissey|44/100 par|[from] item: Leftovers
|upkeep
|turn|28
|
|t:|1728926387
|move|p1a: Jirachi|Body Slam|p2a: Blissey
|-damage|p2a: Blissey|24/100 par
|move|p2a: Blissey|Soft-Boiled|p2a: Blissey
|-heal|p2a: Blissey|74/100 par
|
|-heal|p2a: Blissey|80/100 par|[from] item: Leftovers
|upkeep
|turn|29
|
|t:|1728926392
|move|p1a: Jirachi|Body Slam|p2a: Blissey
|-damage|p2a: Blissey|59/100 par
|cant|p2a: Blissey|par
|
|-heal|p2a: Blissey|65/100 par|[from] item: Leftovers
|upkeep
|turn|30
|
|t:|1728926396
|move|p1a: Jirachi|Body Slam|p2a: Blissey
|-crit|p2a: Blissey
|-damage|p2a: Blissey|24/100 par
|cant|p2a: Blissey|par
|
|-heal|p2a: Blissey|30/100 par|[from] item: Leftovers
|upkeep
|turn|31
|
|t:|1728926401
|move|p1a: Jirachi|Body Slam|p2a: Blissey
|-damage|p2a: Blissey|10/100 par
|move|p2a: Blissey|Soft-Boiled|p2a: Blissey
|-heal|p2a: Blissey|60/100 par
|
|-heal|p2a: Blissey|66/100 par|[from] item: Leftovers
|upkeep
|turn|32
|
|t:|1728926406
|move|p1a: Jirachi|Body Slam|p2a: Blissey
|-damage|p2a: Blissey|46/100 par
|move|p2a: Blissey|Soft-Boiled|p2a: Blissey
|-heal|p2a: Blissey|96/100 par
|
|-heal|p2a: Blissey|100/100 par|[from] item: Leftovers
|upkeep
|turn|33
|
|t:|1728926411
|move|p1a: Jirachi|Wish|p1a: Jirachi
|cant|p2a: Blissey|par
|
|upkeep
|turn|34
|
|t:|1728926416
|move|p1a: Jirachi|Body Slam|p2a: Blissey
|-damage|p2a: Blissey|81/100 par
|move|p2a: Blissey|Thunderbolt|p1a: Jirachi
|-damage|p1a: Jirachi|75/100
|
|-heal|p1a: Jirachi|100/100|[from] move: Wish|[wisher] Jirachi
|-heal|p2a: Blissey|87/100 par|[from] item: Leftovers
|upkeep
|turn|35
|
|t:|1728926425
|move|p1a: Jirachi|Body Slam|p2a: Blissey
|-damage|p2a: Blissey|67/100 par
|move|p2a: Blissey|Calm Mind|p2a: Blissey
|-boost|p2a: Blissey|spa|1
|-boost|p2a: Blissey|spd|1
|
|-heal|p2a: Blissey|73/100 par|[from] item: Leftovers
|upkeep
|turn|36
|
|t:|1728926430
|move|p1a: Jirachi|Body Slam|p2a: Blissey
|-damage|p2a: Blissey|51/100 par
|move|p2a: Blissey|Calm Mind|p2a: Blissey
|-boost|p2a: Blissey|spa|1
|-boost|p2a: Blissey|spd|1
|
|-heal|p2a: Blissey|57/100 par|[from] item: Leftovers
|upkeep
|turn|37
|
|t:|1728926433
|move|p1a: Jirachi|Body Slam|p2a: Blissey
|-damage|p2a: Blissey|38/100 par
|move|p2a: Blissey|Soft-Boiled|p2a: Blissey
|-heal|p2a: Blissey|88/100 par
|
|-heal|p2a: Blissey|94/100 par|[from] item: Leftovers
|upkeep
|turn|38
|
|t:|1728926437
|move|p1a: Jirachi|Body Slam|p2a: Blissey
|-damage|p2a: Blissey|73/100 par
|move|p2a: Blissey|Calm Mind|p2a: Blissey
|-boost|p2a: Blissey|spa|1
|-boost|p2a: Blissey|spd|1
|
|-heal|p2a: Blissey|79/100 par|[from] item: Leftovers
|upkeep
|turn|39
|
|t:|1728926440
|move|p1a: Jirachi|Body Slam|p2a: Blissey
|-damage|p2a: Blissey|61/100 par
|move|p2a: Blissey|Soft-Boiled|p2a: Blissey
|-heal|p2a: Blissey|100/100 par
|
|upkeep
|turn|40
|
|t:|1728926443
|move|p1a: Jirachi|Body Slam|p2a: Blissey
|-damage|p2a: Blissey|79/100 par
|move|p2a: Blissey|Calm Mind|p2a: Blissey
|-boost|p2a: Blissey|spa|1
|-boost|p2a: Blissey|spd|1
|
|-heal|p2a: Blissey|85/100 par|[from] item: Leftovers
|upkeep
|turn|41
|
|t:|1728926448
|move|p1a: Jirachi|Body Slam|p2a: Blissey
|-damage|p2a: Blissey|65/100 par
|move|p2a: Blissey|Calm Mind|p2a: Blissey
|-boost|p2a: Blissey|spa|1
|-boost|p2a: Blissey|spd|1
|
|-heal|p2a: Blissey|72/100 par|[from] item: Leftovers
|upkeep
|turn|42
|
|t:|1728926451
|move|p1a: Jirachi|Body Slam|p2a: Blissey
|-damage|p2a: Blissey|52/100 par
|move|p2a: Blissey|Soft-Boiled|p2a: Blissey
|-heal|p2a: Blissey|100/100 par
|
|upkeep
|turn|43
|
|t:|1728926456
|move|p1a: Jirachi|Body Slam|p2a: Blissey
|-damage|p2a: Blissey|80/100 par
|move|p2a: Blissey|Thunderbolt|p1a: Jirachi
|-damage|p1a: Jirachi|26/100
|
|-heal|p1a: Jirachi|33/100|[from] item: Leftovers
|-heal|p2a: Blissey|87/100 par|[from] item: Leftovers
|upkeep
|turn|44
|
|t:|1728926460
|move|p1a: Jirachi|Body Slam|p2a: Blissey
|-damage|p2a: Blissey|66/100 par
|move|p2a: Blissey|Thunderbolt|p1a: Jirachi
|-damage|p1a: Jirachi|0 fnt
|faint|p1a: Jirachi
|
|t:|1728926464
|switch|p1a: Gengar|Gengar, M|39/100
|
|-heal|p1a: Gengar|45/100|[from] item: Leftovers
|-heal|p2a: Blissey|72/100 par|[from] item: Leftovers
|upkeep
|turn|45
|
|t:|1728926477
|-curestatus|p2a: Blissey|par|[from] ability: Natural Cure
|switch|p2a: Starmie|Starmie|75/100
|-damage|p2a: Starmie|62/100|[from] Spikes
|move|p1a: Gengar|Explosion|p2a: Starmie
|-damage|p2a: Starmie|0 fnt
|faint|p1a: Gengar
|faint|p2a: Starmie
|
|t:|1728926487
|switch|p2a: Alakazam|Alakazam, M|100/100
|switch|p1a: Zapdos|Zapdos|24/100
|-damage|p2a: Alakazam|88/100|[from] Spikes
|
|-heal|p1a: Zapdos|30/100|[from] item: Leftovers
|upkeep
|turn|46
|
|t:|1728926493
|switch|p1a: Flygon|Flygon, M|100/100
|move|p2a: Alakazam|Psychic|p1a: Flygon
|-crit|p1a: Flygon
|-damage|p1a: Flygon|6/100
|
|-heal|p1a: Flygon|12/100|[from] item: Leftovers
|upkeep
|turn|47
|
|t:|1728926500
|move|p2a: Alakazam|Psychic|p1a: Flygon
|-damage|p1a: Flygon|0 fnt
|faint|p1a: Flygon
|
|t:|1728926501
|switch|p1a: Aerodactyl|Aerodactyl, F|100/100
|
|upkeep
|turn|48
|
|t:|1728926511
|switch|p2a: Swampert|Swampert, F|100/100
|-damage|p2a: Swampert|88/100|[from] Spikes
|move|p1a: Aerodactyl|Double-Edge|p2a: Swampert
|-damage|p2a: Swampert|49/100
|
|-heal|p2a: Swampert|55/100|[from] item: Leftovers
|upkeep
|turn|49
|
|t:|1728926516
|switch|p1a: Skarmory|Skarmory, F|47/100 slp
|move|p2a: Swampert|Hydro Pump|p1a: Skarmory
|-damage|p1a: Skarmory|13/100 slp
|
|-heal|p1a: Skarmory|19/100 slp|[from] item: Leftovers
|-heal|p2a: Swampert|61/100|[from] item: Leftovers
|upkeep
|turn|50
|
|t:|1728926525
|-curestatus|p1a: Skarmory|slp|[msg]
|move|p1a: Skarmory|Spikes|p2a: Swampert
|-sidestart|p2: jozin457|Spikes
|move|p2a: Swampert|Ice Beam|p1a: Skarmory
|-damage|p1a: Skarmory|0 fnt
|faint|p1a: Skarmory
|
|t:|1728926529
|switch|p1a: Zapdos|Zapdos|30/100
|
|-heal|p1a: Zapdos|36/100|[from] item: Leftovers
|-heal|p2a: Swampert|67/100|[from] item: Leftovers
|upkeep
|turn|51
|
|t:|1728926537
|switch|p2a: Blissey|Blissey, F|72/100
|-damage|p2a: Blissey|55/100|[from] Spikes
|move|p1a: Zapdos|Hidden Power|p2a: Blissey
|-damage|p2a: Blissey|48/100
|
|-heal|p1a: Zapdos|42/100|[from] item: Leftovers
|-heal|p2a: Blissey|54/100|[from] item: Leftovers
|upkeep
|turn|52
|
|t:|1728926542
|move|p1a: Zapdos|Toxic|p2a: Blissey|[miss]
|-miss|p1a: Zapdos|p2a: Blissey
|move|p2a: Blissey|Ice Beam|p1a: Zapdos
|-supereffective|p1a: Zapdos
|-damage|p1a: Zapdos|6/100
|
|-heal|p1a: Zapdos|12/100|[from] item: Leftovers
|-heal|p2a: Blissey|61/100|[from] item: Leftovers
|upkeep
|turn|53
|
|t:|1728926545
|move|p1a: Zapdos|Rest|p1a: Zapdos
|-status|p1a: Zapdos|slp|[from] move: Rest
|-heal|p1a: Zapdos|100/100 slp|[silent]
|move|p2a: Blissey|Ice Beam|p1a: Zapdos
|-supereffective|p1a: Zapdos
|-damage|p1a: Zapdos|68/100 slp
|
|-heal|p1a: Zapdos|74/100 slp|[from] item: Leftovers
|-heal|p2a: Blissey|67/100|[from] item: Leftovers
|upkeep
|turn|54
|
|t:|1728926564
|switch|p1a: Aerodactyl|Aerodactyl, F|100/100
|move|p2a: Blissey|Ice Beam|p1a: Aerodactyl
|-supereffective|p1a: Aerodactyl
|-damage|p1a: Aerodactyl|27/100
|
|-heal|p2a: Blissey|73/100|[from] item: Leftovers
|upkeep
|turn|55
|
|t:|1728926583
|move|p1a: Aerodactyl|Double-Edge|p2a: Blissey
|-damage|p2a: Blissey|13/100
|move|p2a: Blissey|Ice Beam|p1a: Aerodactyl
|-supereffective|p1a: Aerodactyl
|-damage|p1a: Aerodactyl|0 fnt
|faint|p1a: Aerodactyl
|
|t:|1728926587
|switch|p1a: Zapdos|Zapdos|74/100 slp
|
|-heal|p1a: Zapdos|80/100 slp|[from] item: Leftovers
|-heal|p2a: Blissey|19/100|[from] item: Leftovers
|upkeep
|turn|56
|
|t:|1728926594
|cant|p1a: Zapdos|slp
|move|p2a: Blissey|Ice Beam|p1a: Zapdos
|-supereffective|p1a: Zapdos
|-damage|p1a: Zapdos|45/100 slp
|
|-heal|p1a: Zapdos|51/100 slp|[from] item: Leftovers
|-heal|p2a: Blissey|25/100|[from] item: Leftovers
|upkeep
|turn|57
|
|t:|1728926596
|cant|p1a: Zapdos|slp
|move|p2a: Blissey|Soft-Boiled|p2a: Blissey
|-heal|p2a: Blissey|75/100
|
|-heal|p1a: Zapdos|57/100 slp|[from] item: Leftovers
|-heal|p2a: Blissey|81/100|[from] item: Leftovers
|upkeep
|turn|58
|
|t:|1728926599
|-curestatus|p1a: Zapdos|slp|[msg]
|move|p1a: Zapdos|Toxic|p2a: Blissey
|-status|p2a: Blissey|tox
|move|p2a: Blissey|Ice Beam|p1a: Zapdos
|-supereffective|p1a: Zapdos
|-damage|p1a: Zapdos|23/100
|
|-heal|p1a: Zapdos|29/100|[from] item: Leftovers
|-heal|p2a: Blissey|88/100 tox|[from] item: Leftovers
|-damage|p2a: Blissey|81/100 tox|[from] psn
|upkeep
|turn|59
|
|t:|1728926604
|-curestatus|p2a: Blissey|tox|[from] ability: Natural Cure
|switch|p2a: Alakazam|Alakazam, M|88/100
|-damage|p2a: Alakazam|72/100|[from] Spikes
|move|p1a: Zapdos|Rest|p1a: Zapdos
|-status|p1a: Zapdos|slp|[from] move: Rest
|-heal|p1a: Zapdos|100/100 slp|[silent]
|
|upkeep
|turn|60
|c|☆temrane|   gg
|
|t:|1728926611
|move|p2a: Alakazam|Psychic|p1a: Zapdos
|-damage|p1a: Zapdos|72/100 slp
|cant|p1a: Zapdos|slp
|
|-heal|p1a: Zapdos|78/100 slp|[from] item: Leftovers
|upkeep
|turn|61
|
|t:|1728926616
|switch|p2a: Blissey|Blissey, F|81/100
|-damage|p2a: Blissey|65/100|[from] Spikes
|cant|p1a: Zapdos|slp
|
|-heal|p1a: Zapdos|84/100 slp|[from] item: Leftovers
|-heal|p2a: Blissey|71/100|[from] item: Leftovers
|upkeep
|turn|62
|
|t:|1728926620
|-curestatus|p1a: Zapdos|slp|[msg]
|move|p1a: Zapdos|Toxic|p2a: Blissey
|-status|p2a: Blissey|tox
|move|p2a: Blissey|Ice Beam|p1a: Zapdos
|-supereffective|p1a: Zapdos
|-damage|p1a: Zapdos|50/100
|
|-heal|p1a: Zapdos|56/100|[from] item: Leftovers
|-heal|p2a: Blissey|77/100 tox|[from] item: Leftovers
|-damage|p2a: Blissey|71/100 tox|[from] psn
|upkeep
|turn|63
|
|t:|1728926624
|move|p1a: Zapdos|Thunderbolt|p2a: Blissey
|-damage|p2a: Blissey|56/100 tox
|move|p2a: Blissey|Soft-Boiled|p2a: Blissey
|-heal|p2a: Blissey|100/100 tox
|
|-heal|p1a: Zapdos|62/100|[from] item: Leftovers
|-damage|p2a: Blissey|88/100 tox|[from] psn
|upkeep
|turn|64
|
|t:|1728926628
|-curestatus|p2a: Blissey|tox|[from] ability: Natural Cure
|switch|p2a: Alakazam|Alakazam, M|72/100
|-damage|p2a: Alakazam|55/100|[from] Spikes
|move|p1a: Zapdos|Thunderbolt|p2a: Alakazam
|-damage|p2a: Alakazam|0 fnt
|faint|p2a: Alakazam
|c|☆jozin457|дьфщ Ш еркуц
|c|☆jozin457|lmao I threw
|
|t:|1728926637
|switch|p2a: Swampert|Swampert, F|67/100
|-damage|p2a: Swampert|51/100|[from] Spikes
|
|-heal|p1a: Zapdos|68/100|[from] item: Leftovers
|-heal|p2a: Swampert|57/100|[from] item: Leftovers
|upkeep
|turn|65
|
|t:|1728926640
|move|p1a: Zapdos|Hidden Power|p2a: Swampert
|-supereffective|p2a: Swampert
|-damage|p2a: Swampert|0 fnt
|faint|p2a: Swampert
|
|t:|1728926643
|switch|p2a: Blissey|Blissey, F|88/100
|-damage|p2a: Blissey|72/100|[from] Spikes
|
|-heal|p1a: Zapdos|74/100|[from] item: Leftovers
|-heal|p2a: Blissey|78/100|[from] item: Leftovers
|upkeep
|turn|66
|
|t:|1728926645
|move|p1a: Zapdos|Toxic|p2a: Blissey|[miss]
|-miss|p1a: Zapdos|p2a: Blissey
|move|p2a: Blissey|Thunderbolt|p1a: Zapdos
|-crit|p1a: Zapdos
|-damage|p1a: Zapdos|39/100
|
|-heal|p1a: Zapdos|45/100|[from] item: Leftovers
|-heal|p2a: Blissey|84/100|[from] item: Leftovers
|upkeep
|turn|67
|
|t:|1728926649
|move|p1a: Zapdos|Toxic|p2a: Blissey
|-status|p2a: Blissey|tox
|move|p2a: Blissey|Calm Mind|p2a: Blissey
|-boost|p2a: Blissey|spa|1
|-boost|p2a: Blissey|spd|1
|
|-heal|p1a: Zapdos|51/100|[from] item: Leftovers
|-heal|p2a: Blissey|90/100 tox|[from] item: Leftovers
|-damage|p2a: Blissey|84/100 tox|[from] psn
|upkeep
|turn|68
|
|t:|1728926656
|move|p1a: Zapdos|Thunderbolt|p2a: Blissey
|-damage|p2a: Blissey|73/100 tox
|move|p2a: Blissey|Calm Mind|p2a: Blissey
|-boost|p2a: Blissey|spa|1
|-boost|p2a: Blissey|spd|1
|
|-heal|p1a: Zapdos|57/100|[from] item: Leftovers
|-heal|p2a: Blissey|79/100 tox|[from] item: Leftovers
|-damage|p2a: Blissey|67/100 tox|[from] psn
|upkeep
|turn|69
|
|t:|1728926673
|move|p1a: Zapdos|Thunderbolt|p2a: Blissey
|-damage|p2a: Blissey|58/100 tox
|move|p2a: Blissey|Ice Beam|p1a: Zapdos
|-supereffective|p1a: Zapdos
|-damage|p1a: Zapdos|0 fnt
|faint|p1a: Zapdos
|
|win|jozin457
|c|☆jozin457|ggs
|c|☆temrane|ggs
|player|p1|

</script>
<script type="application/json" class="data" id="replaydata-smogtours-gen3ou-798672">
{"id":"smogtours-gen3ou-798672","format":"[Gen 3] OU","players":["temrane","jozin457"],"uploadtime":1728926673,"views":76,"formatid":"gen3ou","rating":null,"private":1,"password":null}
</script>

<script defer src="js/replays.js?9d40a366"></script>
