<!DOCTYPE html>
<meta charset="utf-8" />
<meta name="viewport" content="width=device-width" />

<title>[Gen 3] OU: zxgzxg vs. Lemon LC - Replays - Pok&eacute;mon Showdown!</title>

<meta name="description" content="Watch a replay of a Pok&eacute;mon battle between zxgzxg and Lemon LC! Format: [Gen 3] OU; Date: Oct 10, 2024" />
<!--

Hey, you! Looking in the source for the replay log?

You can find them in JSON format, just add `.json` at the end of a replay URL.

https://replay.pokemonshowdown.com/gen7randomdoublesbattle-865046831.json

Or, if you only need the log itself, add `.log` instead:

https://replay.pokemonshowdown.com/gen7randomdoublesbattle-865046831.log

-->

<link rel="stylesheet" href="//pokemonshowdown.com/style/global.css?0.023195364461161105" />
<link rel="stylesheet" href="//play.pokemonshowdown.com/style/font-awesome.css?0.13261647063804238" />
<link rel="stylesheet" href="//play.pokemonshowdown.com/style/battle.css?0.8753245789963631" />
<link rel="stylesheet" href="//play.pokemonshowdown.com/style/utilichart.css?0.8627959624976733" />

<!-- Global site tag (gtag.js) - Google Analytics -->
<script async src="https://www.googletagmanager.com/gtag/js?id=UA-26211653-1"></script>
<script>
  window.dataLayer = window.dataLayer || [];
  function gtag(){dataLayer.push(arguments);}
  gtag('js', new Date());

  gtag('config', 'UA-26211653-1');
</script>
<!-- End Google Analytics -->
<!-- Venatus Ad Manager - Install in <HEAD> of page -->
	<script src="https://hb.vntsm.com/v3/live/ad-manager.min.js" type="text/javascript" data-site-id="642aba63ec9a7b11c3c9c1be" data-mode="scan" async></script>
<!-- / Venatus Ad Manager -->

<style>
	@media (max-width:820px) {
		.battle {
			margin: 0 auto;
		}
		.battle-log {
			margin: 7px auto 0;
			max-width: 640px;
			height: 300px;
			position: static;
		}
	}
	.optgroup {
		display: inline-block;
		line-height: 22px;
		font-size: 10pt;
	}
	.optgroup .button {
		height: 25px;
		padding-top: 0;
		padding-bottom: 0;
	}
	.optgroup button.button {
		padding-left: 12px;
		padding-right: 12px;
	}
	.linklist {
		list-style: none;
		margin: 0.5em 0;
		padding: 0;
	}
	.linklist li {
		padding: 2px 0;
	}
	.sidebar {
		float: left;
		width: 320px;
	}
	.bar-wrapper {
		max-width: 1100px;
		margin: 0 auto;
	}
	.bar-wrapper.has-sidebar {
		max-width: 1430px;
	}
	.mainbar {
		margin: 0;
		padding-right: 1px;
	}
	.mainbar.has-sidebar {
		margin-left: 330px;
	}
	@media (min-width: 1511px) {
		.sidebar {
			width: 400px;
		}
		.bar-wrapper.has-sidebar {
			max-width: 1510px;
		}
		.mainbar.has-sidebar {
			margin-left: 410px;
		}
	}
	.section.first-section {
		margin-top: 9px;
	}
	.blocklink small {
		white-space: normal;
	}
	.button {
		vertical-align: middle;
	}
	.replay-controls {
		padding-top: 10px;
	}
	.replay-controls h1 {
		font-size: 16pt;
		font-weight: normal;
		color: #CCC;
	}
	.pagelink {
		text-align: center;
	}
	.pagelink a {
		width: 150px;
	}
	.textbox, .button {
		font-size: 11pt;
		vertical-align: middle;
	}
	@media (max-width: 450px) {
		.button {
			font-size: 9pt;
		}
	}
</style>

<div>

	<header>
		<div class="nav-wrapper"><ul class="nav">
			<li><a class="button nav-first" href="//pokemonshowdown.com/"><img src="//pokemonshowdown.com/images/pokemonshowdownbeta.png" srcset="//pokemonshowdown.com/images/pokemonshowdownbeta.png 1x, //pokemonshowdown.com/images/pokemonshowdownbeta@2x.png 2x" alt="Pok&eacute;mon Showdown" width="146" height="44" /> Home</a></li>
			<li><a class="button" href="//pokemonshowdown.com/dex/">Pok&eacute;dex</a></li>
			<li><a class="button cur" href="/">Replays</a></li>
			<li><a class="button" href="//pokemonshowdown.com/ladder/">Ladder</a></li>
			<li><a class="button nav-last" href="//pokemonshowdown.com/forums/">Forum</a></li>
			<li><a class="button greenbutton nav-first nav-last" href="//play.pokemonshowdown.com/">Play</a></li>
		</ul></div>
	</header>

	<div class="main" id="main">

		<noscript><section class="section">You need to enable JavaScript to use this page; sorry!</section></noscript>

	</div>

</div>

<script defer nomodule src="//play.pokemonshowdown.com/js/lib/ps-polyfill.js"></script>
<script defer src="//play.pokemonshowdown.com/js/lib/preact.min.js"></script>

<script defer src="//play.pokemonshowdown.com/config/config.js?2bddbc15"></script>
<script defer src="//play.pokemonshowdown.com/js/lib/jquery-1.11.0.min.js"></script>
<script defer src="//play.pokemonshowdown.com/js/lib/html-sanitizer-minified.js"></script>
<script defer src="//play.pokemonshowdown.com/js/battle-sound.js"></script>
<script defer src="//play.pokemonshowdown.com/js/battledata.js?0.7209276989879541"></script>
<script defer src="//play.pokemonshowdown.com/data/pokedex-mini.js?0.6111056340867951"></script>
<script defer src="//play.pokemonshowdown.com/data/pokedex-mini-bw.js?0.3532142036491459"></script>
<script defer src="//play.pokemonshowdown.com/data/graphics.js?0.24223875632456182"></script>
<script defer src="//play.pokemonshowdown.com/data/pokedex.js?0.38839984266356864"></script>
<script defer src="//play.pokemonshowdown.com/data/moves.js?0.21866028504024015"></script>
<script defer src="//play.pokemonshowdown.com/data/abilities.js?0.2005157953846628"></script>
<script defer src="//play.pokemonshowdown.com/data/items.js?0.9894211263848525"></script>
<script defer src="//play.pokemonshowdown.com/data/teambuilder-tables.js?0.6008791140282215"></script>
<script defer src="//play.pokemonshowdown.com/js/battle-tooltips.js?0.7580118955022959"></script>
<script defer src="//play.pokemonshowdown.com/js/battle.js?0.6057722274234274"></script>

<script defer src="js/utils.js?e31f9a17"></script>
<script defer src="js/replays-battle.js?7008c182"></script>

<!-- don't scrape this data! just add .json or .log after the URL!
Full API docs: https://github.com/smogon/pokemon-showdown-client/blob/master/WEB-API.md -->
<script type="text/plain" class="log" id="replaylog-smogtours-gen3ou-796863">
|inactive|Battle timer is ON: inactive players will automatically lose when time's up.
|t:|1728533016
|gametype|singles
|player|p1|zxgzxg|266|
|player|p2|Lemon LC|1|
|teamsize|p1|6
|teamsize|p2|6
|gen|3
|tier|[Gen 3] OU
|rule|Sleep Clause Mod: Limit one foe put to sleep
|rule|Switch Priority Clause Mod: Faster Pokémon switch first
|rule|Species Clause: Limit one of each Pokémon
|rule|OHKO Clause: OHKO moves are banned
|rule|Evasion Items Clause: Evasion items are banned
|rule|Evasion Moves Clause: Evasion moves are banned
|rule|Endless Battle Clause: Forcing endless battles is banned
|rule|HP Percentage Mod: HP is shown in percentages
|rule|One Boost Passer Clause: Limit one Baton Passer that has a way to boost its stats
|rule|Freeze Clause Mod: Limit one foe frozen
|
|t:|1728533016
|start
|switch|p1a: Man in the Mirror|Skarmory, F|100/100
|switch|p2a: Tyranitar|Tyranitar, F|100/100
|-weather|Sandstorm|[from] ability: Sand Stream|[of] p2a: Tyranitar
|turn|1
|
|t:|1728533025
|switch|p2a: Magneton|Magneton|100/100
|move|p1a: Man in the Mirror|Spikes|p2a: Magneton
|-sidestart|p2: Lemon LC|Spikes
|
|-weather|Sandstorm|[upkeep]
|upkeep
|turn|2
|
|t:|1728533028
|move|p2a: Magneton|Thunderbolt|p1a: Man in the Mirror
|-supereffective|p1a: Man in the Mirror
|-crit|p1a: Man in the Mirror
|-damage|p1a: Man in the Mirror|0 fnt
|faint|p1a: Man in the Mirror
|
|t:|1728533031
|switch|p1a: Baby Face|Snorlax, F|100/100
|
|-weather|Sandstorm|[upkeep]
|-damage|p1a: Baby Face|94/100|[from] Sandstorm
|-heal|p1a: Baby Face|100/100|[from] item: Leftovers
|upkeep
|turn|3
|inactive|Lemon LC has 270 seconds left.
|
|t:|1728533073
|switch|p2a: Metagross|Metagross|100/100
|-damage|p2a: Metagross|88/100|[from] Spikes
|move|p1a: Baby Face|Earthquake|p2a: Metagross
|-supereffective|p2a: Metagross
|-damage|p2a: Metagross|39/100
|
|-weather|Sandstorm|[upkeep]
|-damage|p1a: Baby Face|94/100|[from] Sandstorm
|-heal|p1a: Baby Face|100/100|[from] item: Leftovers
|upkeep
|turn|4
|
|t:|1728533080
|switch|p1a: Metallica|Metagross|100/100
|move|p2a: Metagross|Explosion|p1a: Metallica
|-resisted|p1a: Metallica
|-damage|p1a: Metallica|27/100
|faint|p2a: Metagross
|
|t:|1728533093
|switch|p2a: Magneton|Magneton|100/100
|-damage|p2a: Magneton|88/100|[from] Spikes
|
|-weather|Sandstorm|[upkeep]
|-heal|p1a: Metallica|33/100|[from] item: Leftovers
|upkeep
|turn|5
|
|t:|1728533096
|move|p2a: Magneton|Thunderbolt|p1a: Metallica
|-damage|p1a: Metallica|0 fnt
|faint|p1a: Metallica
|
|t:|1728533099
|switch|p1a: Baby Face|Snorlax, F|100/100
|
|-weather|Sandstorm|[upkeep]
|-damage|p1a: Baby Face|94/100|[from] Sandstorm
|-heal|p1a: Baby Face|100/100|[from] item: Leftovers
|upkeep
|turn|6
|
|t:|1728533103
|move|p2a: Magneton|Thunder Wave|p1a: Baby Face
|-status|p1a: Baby Face|par
|cant|p1a: Baby Face|par
|
|-weather|Sandstorm|[upkeep]
|-damage|p1a: Baby Face|94/100 par|[from] Sandstorm
|-heal|p1a: Baby Face|100/100 par|[from] item: Leftovers
|upkeep
|turn|7
|
|t:|1728533107
|move|p2a: Magneton|Substitute|p2a: Magneton
|-start|p2a: Magneton|Substitute
|-damage|p2a: Magneton|63/100
|cant|p1a: Baby Face|par
|
|-weather|Sandstorm|[upkeep]
|-damage|p1a: Baby Face|94/100 par|[from] Sandstorm
|-heal|p1a: Baby Face|100/100 par|[from] item: Leftovers
|upkeep
|turn|8
|
|t:|1728533110
|move|p2a: Magneton|Thunderbolt|p1a: Baby Face
|-damage|p1a: Baby Face|70/100 par
|move|p1a: Baby Face|Earthquake|p2a: Magneton
|-supereffective|p2a: Magneton
|-end|p2a: Magneton|Substitute
|
|-weather|Sandstorm|[upkeep]
|-damage|p1a: Baby Face|64/100 par|[from] Sandstorm
|-heal|p1a: Baby Face|70/100 par|[from] item: Leftovers
|upkeep
|turn|9
|
|t:|1728533114
|move|p2a: Magneton|Thunderbolt|p1a: Baby Face
|-damage|p1a: Baby Face|42/100 par
|cant|p1a: Baby Face|par
|
|-weather|Sandstorm|[upkeep]
|-damage|p1a: Baby Face|36/100 par|[from] Sandstorm
|-heal|p1a: Baby Face|42/100 par|[from] item: Leftovers
|upkeep
|turn|10
|
|t:|1728533116
|move|p2a: Magneton|Thunderbolt|p1a: Baby Face
|-damage|p1a: Baby Face|15/100 par
|cant|p1a: Baby Face|par
|
|-weather|Sandstorm|[upkeep]
|-damage|p1a: Baby Face|8/100 par|[from] Sandstorm
|-heal|p1a: Baby Face|15/100 par|[from] item: Leftovers
|upkeep
|turn|11
|
|t:|1728533121
|move|p2a: Magneton|Thunderbolt|p1a: Baby Face
|-damage|p1a: Baby Face|0 fnt
|faint|p1a: Baby Face
|c|☆Lemon LC|omg
|c|☆Lemon LC|my fault :(
|
|t:|1728533128
|switch|p1a: Greatful Dead|Aerodactyl, F|100/100
|
|-weather|Sandstorm|[upkeep]
|upkeep
|turn|12
|c|☆zxgzxg|nah
|c|☆zxgzxg|game will game
|
|t:|1728533138
|move|p1a: Greatful Dead|Earthquake|p2a: Magneton
|-supereffective|p2a: Magneton
|-damage|p2a: Magneton|0 fnt
|faint|p2a: Magneton
|
|t:|1728533142
|switch|p2a: Swampert|Swampert, F|100/100
|-damage|p2a: Swampert|88/100|[from] Spikes
|
|-weather|Sandstorm|[upkeep]
|-heal|p2a: Swampert|94/100|[from] item: Leftovers
|upkeep
|turn|13
|
|t:|1728533145
|switch|p1a: Beach Boy|Swampert, M|100/100
|move|p2a: Swampert|Hydro Pump|p1a: Beach Boy|[miss]
|-miss|p2a: Swampert|p1a: Beach Boy
|
|-weather|Sandstorm|[upkeep]
|-heal|p2a: Swampert|100/100|[from] item: Leftovers
|upkeep
|turn|14
|
|t:|1728533154
|move|p2a: Swampert|Hydro Pump|p1a: Beach Boy
|-damage|p1a: Beach Boy|32/100
|move|p1a: Beach Boy|Hydro Pump|p2a: Swampert|[miss]
|-miss|p1a: Beach Boy|p2a: Swampert
|
|-weather|Sandstorm|[upkeep]
|-heal|p1a: Beach Boy|39/100|[from] item: Leftovers
|upkeep
|turn|15
|inactive|zxgzxg has 270 seconds left.
|
|t:|1728533185
|switch|p2a: Celebi|Celebi|100/100
|-damage|p2a: Celebi|88/100|[from] Spikes
|move|p1a: Beach Boy|Hydro Pump|p2a: Celebi
|-resisted|p2a: Celebi
|-damage|p2a: Celebi|68/100
|
|-weather|Sandstorm|[upkeep]
|-damage|p2a: Celebi|62/100|[from] Sandstorm
|-heal|p2a: Celebi|68/100|[from] item: Leftovers
|-heal|p1a: Beach Boy|45/100|[from] item: Leftovers
|upkeep
|turn|16
|
|t:|1728533191
|switch|p1a: Greatful Dead|Aerodactyl, F|100/100
|move|p2a: Celebi|Leech Seed|p1a: Greatful Dead
|-start|p1a: Greatful Dead|move: Leech Seed
|
|-weather|Sandstorm|[upkeep]
|-damage|p2a: Celebi|62/100|[from] Sandstorm
|-damage|p1a: Greatful Dead|88/100|[from] Leech Seed|[of] p2a: Celebi
|-heal|p2a: Celebi|71/100|[silent]
|-heal|p2a: Celebi|77/100|[from] item: Leftovers
|upkeep
|turn|17
|
|t:|1728533197
|switch|p2a: Swampert|Swampert, F|100/100
|-damage|p2a: Swampert|88/100|[from] Spikes
|move|p1a: Greatful Dead|Hidden Power|p2a: Swampert
|-damage|p2a: Swampert|55/100
|
|-weather|Sandstorm|[upkeep]
|-damage|p1a: Greatful Dead|76/100|[from] Leech Seed|[of] p2a: Swampert
|-heal|p2a: Swampert|66/100|[silent]
|-heal|p2a: Swampert|72/100|[from] item: Leftovers
|upkeep
|turn|18
|
|t:|1728533204
|switch|p1a: Beach Boy|Swampert, M|45/100
|move|p2a: Swampert|Hydro Pump|p1a: Beach Boy|[miss]
|-miss|p2a: Swampert|p1a: Beach Boy
|
|-weather|Sandstorm|[upkeep]
|-heal|p2a: Swampert|78/100|[from] item: Leftovers
|-heal|p1a: Beach Boy|51/100|[from] item: Leftovers
|upkeep
|turn|19
|
|t:|1728533233
|switch|p2a: Celebi|Celebi|77/100
|-damage|p2a: Celebi|65/100|[from] Spikes
|move|p1a: Beach Boy|Ice Beam|p2a: Celebi
|-supereffective|p2a: Celebi
|-damage|p2a: Celebi|22/100
|
|-weather|Sandstorm|[upkeep]
|-damage|p2a: Celebi|15/100|[from] Sandstorm
|-heal|p2a: Celebi|22/100|[from] item: Leftovers
|-heal|p1a: Beach Boy|57/100|[from] item: Leftovers
|upkeep
|turn|20
|
|t:|1728533244
|switch|p1a: Greatful Dead|Aerodactyl, F|76/100
|move|p2a: Celebi|Recover|p2a: Celebi
|-heal|p2a: Celebi|72/100
|
|-weather|Sandstorm|[upkeep]
|-damage|p2a: Celebi|65/100|[from] Sandstorm
|-heal|p2a: Celebi|72/100|[from] item: Leftovers
|upkeep
|turn|21
|
|t:|1728533255
|switch|p2a: Swampert|Swampert, F|78/100
|-damage|p2a: Swampert|66/100|[from] Spikes
|move|p1a: Greatful Dead|Double-Edge|p2a: Swampert
|-damage|p2a: Swampert|4/100
|
|-weather|Sandstorm|[upkeep]
|-heal|p2a: Swampert|10/100|[from] item: Leftovers
|upkeep
|turn|22
|
|t:|1728533261
|move|p1a: Greatful Dead|Double-Edge|p2a: Swampert
|-damage|p2a: Swampert|0 fnt
|faint|p2a: Swampert
|
|t:|1728533267
|switch|p2a: Aerodactyl|Aerodactyl, F|100/100
|
|-weather|Sandstorm|[upkeep]
|upkeep
|turn|23
|
|t:|1728533270
|switch|p1a: Beach Boy|Swampert, M|57/100
|move|p2a: Aerodactyl|Substitute|p2a: Aerodactyl
|-start|p2a: Aerodactyl|Substitute
|-damage|p2a: Aerodactyl|75/100
|
|-weather|Sandstorm|[upkeep]
|-heal|p1a: Beach Boy|63/100|[from] item: Leftovers
|upkeep
|turn|24
|
|t:|1728533275
|move|p2a: Aerodactyl|Double-Edge|p1a: Beach Boy
|-damage|p1a: Beach Boy|29/100
|move|p1a: Beach Boy|Ice Beam|p2a: Aerodactyl
|-supereffective|p2a: Aerodactyl
|-end|p2a: Aerodactyl|Substitute
|
|-weather|Sandstorm|[upkeep]
|-heal|p1a: Beach Boy|35/100|[from] item: Leftovers
|upkeep
|turn|25
|
|t:|1728533283
|move|p2a: Aerodactyl|Substitute|p2a: Aerodactyl
|-start|p2a: Aerodactyl|Substitute
|-damage|p2a: Aerodactyl|50/100
|move|p1a: Beach Boy|Ice Beam|p2a: Aerodactyl
|-supereffective|p2a: Aerodactyl
|-end|p2a: Aerodactyl|Substitute
|
|-weather|Sandstorm|[upkeep]
|-heal|p1a: Beach Boy|41/100|[from] item: Leftovers
|upkeep
|turn|26
|
|t:|1728533285
|move|p2a: Aerodactyl|Substitute|p2a: Aerodactyl
|-start|p2a: Aerodactyl|Substitute
|-damage|p2a: Aerodactyl|25/100
|move|p1a: Beach Boy|Ice Beam|p2a: Aerodactyl
|-supereffective|p2a: Aerodactyl
|-end|p2a: Aerodactyl|Substitute
|
|-weather|Sandstorm|[upkeep]
|-enditem|p2a: Aerodactyl|Liechi Berry|[eat]
|-boost|p2a: Aerodactyl|atk|1|[from] item: Liechi Berry
|-heal|p1a: Beach Boy|47/100|[from] item: Leftovers
|upkeep
|turn|27
|
|t:|1728533288
|move|p2a: Aerodactyl|Double-Edge|p1a: Beach Boy
|-damage|p1a: Beach Boy|0 fnt
|faint|p1a: Beach Boy
|
|t:|1728533294
|switch|p1a: Greatful Dead|Aerodactyl, F|76/100
|
|-weather|Sandstorm|[upkeep]
|upkeep
|turn|28
|
|t:|1728533297
|move|p1a: Greatful Dead|Rock Slide|p2a: Aerodactyl
|-supereffective|p2a: Aerodactyl
|-crit|p2a: Aerodactyl
|-damage|p2a: Aerodactyl|0 fnt
|faint|p2a: Aerodactyl
|
|t:|1728533301
|switch|p2a: Tyranitar|Tyranitar, F|100/100
|-damage|p2a: Tyranitar|88/100|[from] Spikes
|
|-weather|Sandstorm|[upkeep]
|-heal|p2a: Tyranitar|94/100|[from] item: Leftovers
|upkeep
|turn|29
|
|t:|1728533308
|switch|p1a: Little Feet|Tyranitar, M|100/100
|move|p2a: Tyranitar|Ice Beam|p1a: Little Feet
|-damage|p1a: Little Feet|71/100
|
|-weather|Sandstorm|[upkeep]
|-heal|p2a: Tyranitar|100/100|[from] item: Leftovers
|upkeep
|turn|30
|
|t:|1728533314
|move|p1a: Little Feet|Dragon Dance|p1a: Little Feet
|-boost|p1a: Little Feet|atk|1
|-boost|p1a: Little Feet|spe|1
|move|p2a: Tyranitar|Brick Break|p1a: Little Feet
|-supereffective|p1a: Little Feet
|-damage|p1a: Little Feet|0 fnt
|faint|p1a: Little Feet
|
|t:|1728533315
|switch|p1a: Greatful Dead|Aerodactyl, F|76/100
|
|-weather|Sandstorm|[upkeep]
|upkeep
|turn|31
|
|t:|1728533318
|move|p1a: Greatful Dead|Hidden Power|p2a: Tyranitar
|-supereffective|p2a: Tyranitar
|-damage|p2a: Tyranitar|52/100
|move|p2a: Tyranitar|Ice Beam|p1a: Greatful Dead
|-supereffective|p1a: Greatful Dead
|-damage|p1a: Greatful Dead|0 fnt
|faint|p1a: Greatful Dead
|
|win|Lemon LC
|c|☆Lemon LC|gg
|c|☆zxgzxg|gg

</script>
<script type="application/json" class="data" id="replaydata-smogtours-gen3ou-796863">
{"id":"smogtours-gen3ou-796863","format":"[Gen 3] OU","players":["zxgzxg","Lemon LC"],"uploadtime":1728533318,"views":102,"formatid":"gen3ou","rating":null,"private":0,"password":null}
</script>

<script defer src="js/replays.js?9d40a366"></script>
