<!DOCTYPE html>
<meta charset="utf-8" />
<meta name="viewport" content="width=device-width" />

<title>[Gen 3] OU: Social Inclusion vs. bluesenergy00 - Replays - Pok&eacute;mon Showdown!</title>

<meta name="description" content="Watch a replay of a Pok&eacute;mon battle between Social Inclusion and bluesenergy00! Format: [Gen 3] OU; Date: Nov 3, 2024" />
<!--

Hey, you! Looking in the source for the replay log?

You can find them in JSON format, just add `.json` at the end of a replay URL.

https://replay.pokemonshowdown.com/gen7randomdoublesbattle-865046831.json

Or, if you only need the log itself, add `.log` instead:

https://replay.pokemonshowdown.com/gen7randomdoublesbattle-865046831.log

-->

<link rel="stylesheet" href="//pokemonshowdown.com/style/global.css?0.023195364461161105" />
<link rel="stylesheet" href="//play.pokemonshowdown.com/style/font-awesome.css?0.13261647063804238" />
<link rel="stylesheet" href="//play.pokemonshowdown.com/style/battle.css?0.8753245789963631" />
<link rel="stylesheet" href="//play.pokemonshowdown.com/style/utilichart.css?0.8627959624976733" />

<!-- Global site tag (gtag.js) - Google Analytics -->
<script async src="https://www.googletagmanager.com/gtag/js?id=UA-26211653-1"></script>
<script>
  window.dataLayer = window.dataLayer || [];
  function gtag(){dataLayer.push(arguments);}
  gtag('js', new Date());

  gtag('config', 'UA-26211653-1');
</script>
<!-- End Google Analytics -->
<!-- Venatus Ad Manager - Install in <HEAD> of page -->
	<script src="https://hb.vntsm.com/v3/live/ad-manager.min.js" type="text/javascript" data-site-id="642aba63ec9a7b11c3c9c1be" data-mode="scan" async></script>
<!-- / Venatus Ad Manager -->

<style>
	@media (max-width:820px) {
		.battle {
			margin: 0 auto;
		}
		.battle-log {
			margin: 7px auto 0;
			max-width: 640px;
			height: 300px;
			position: static;
		}
	}
	.optgroup {
		display: inline-block;
		line-height: 22px;
		font-size: 10pt;
	}
	.optgroup .button {
		height: 25px;
		padding-top: 0;
		padding-bottom: 0;
	}
	.optgroup button.button {
		padding-left: 12px;
		padding-right: 12px;
	}
	.linklist {
		list-style: none;
		margin: 0.5em 0;
		padding: 0;
	}
	.linklist li {
		padding: 2px 0;
	}
	.sidebar {
		float: left;
		width: 320px;
	}
	.bar-wrapper {
		max-width: 1100px;
		margin: 0 auto;
	}
	.bar-wrapper.has-sidebar {
		max-width: 1430px;
	}
	.mainbar {
		margin: 0;
		padding-right: 1px;
	}
	.mainbar.has-sidebar {
		margin-left: 330px;
	}
	@media (min-width: 1511px) {
		.sidebar {
			width: 400px;
		}
		.bar-wrapper.has-sidebar {
			max-width: 1510px;
		}
		.mainbar.has-sidebar {
			margin-left: 410px;
		}
	}
	.section.first-section {
		margin-top: 9px;
	}
	.blocklink small {
		white-space: normal;
	}
	.button {
		vertical-align: middle;
	}
	.replay-controls {
		padding-top: 10px;
	}
	.replay-controls h1 {
		font-size: 16pt;
		font-weight: normal;
		color: #CCC;
	}
	.pagelink {
		text-align: center;
	}
	.pagelink a {
		width: 150px;
	}
	.textbox, .button {
		font-size: 11pt;
		vertical-align: middle;
	}
	@media (max-width: 450px) {
		.button {
			font-size: 9pt;
		}
	}
</style>

<div>

	<header>
		<div class="nav-wrapper"><ul class="nav">
			<li><a class="button nav-first" href="//pokemonshowdown.com/"><img src="//pokemonshowdown.com/images/pokemonshowdownbeta.png" srcset="//pokemonshowdown.com/images/pokemonshowdownbeta.png 1x, //pokemonshowdown.com/images/pokemonshowdownbeta@2x.png 2x" alt="Pok&eacute;mon Showdown" width="146" height="44" /> Home</a></li>
			<li><a class="button" href="//pokemonshowdown.com/dex/">Pok&eacute;dex</a></li>
			<li><a class="button cur" href="/">Replays</a></li>
			<li><a class="button" href="//pokemonshowdown.com/ladder/">Ladder</a></li>
			<li><a class="button nav-last" href="//pokemonshowdown.com/forums/">Forum</a></li>
			<li><a class="button greenbutton nav-first nav-last" href="//play.pokemonshowdown.com/">Play</a></li>
		</ul></div>
	</header>

	<div class="main" id="main">

		<noscript><section class="section">You need to enable JavaScript to use this page; sorry!</section></noscript>

	</div>

</div>

<script defer nomodule src="//play.pokemonshowdown.com/js/lib/ps-polyfill.js"></script>
<script defer src="//play.pokemonshowdown.com/js/lib/preact.min.js"></script>

<script defer src="//play.pokemonshowdown.com/config/config.js?2bddbc15"></script>
<script defer src="//play.pokemonshowdown.com/js/lib/jquery-1.11.0.min.js"></script>
<script defer src="//play.pokemonshowdown.com/js/lib/html-sanitizer-minified.js"></script>
<script defer src="//play.pokemonshowdown.com/js/battle-sound.js"></script>
<script defer src="//play.pokemonshowdown.com/js/battledata.js?0.7209276989879541"></script>
<script defer src="//play.pokemonshowdown.com/data/pokedex-mini.js?0.6111056340867951"></script>
<script defer src="//play.pokemonshowdown.com/data/pokedex-mini-bw.js?0.3532142036491459"></script>
<script defer src="//play.pokemonshowdown.com/data/graphics.js?0.24223875632456182"></script>
<script defer src="//play.pokemonshowdown.com/data/pokedex.js?0.38839984266356864"></script>
<script defer src="//play.pokemonshowdown.com/data/moves.js?0.21866028504024015"></script>
<script defer src="//play.pokemonshowdown.com/data/abilities.js?0.2005157953846628"></script>
<script defer src="//play.pokemonshowdown.com/data/items.js?0.9894211263848525"></script>
<script defer src="//play.pokemonshowdown.com/data/teambuilder-tables.js?0.6008791140282215"></script>
<script defer src="//play.pokemonshowdown.com/js/battle-tooltips.js?0.7580118955022959"></script>
<script defer src="//play.pokemonshowdown.com/js/battle.js?0.6057722274234274"></script>

<script defer src="js/utils.js?e31f9a17"></script>
<script defer src="js/replays-battle.js?7008c182"></script>

<!-- don't scrape this data! just add .json or .log after the URL!
Full API docs: https://github.com/smogon/pokemon-showdown-client/blob/master/WEB-API.md -->
<script type="text/plain" class="log" id="replaylog-smogtours-gen3ou-804518">
|inactive|Battle timer is ON: inactive players will automatically lose when time's up.
|t:|1730663395
|gametype|singles
|player|p1|Social Inclusion|scientist|
|player|p2|bluesenergy00|red|
|teamsize|p1|6
|teamsize|p2|6
|gen|3
|tier|[Gen 3] OU
|rule|Sleep Clause Mod: Limit one foe put to sleep
|rule|Switch Priority Clause Mod: Faster Pokémon switch first
|rule|Species Clause: Limit one of each Pokémon
|rule|OHKO Clause: OHKO moves are banned
|rule|Evasion Items Clause: Evasion items are banned
|rule|Evasion Moves Clause: Evasion moves are banned
|rule|Endless Battle Clause: Forcing endless battles is banned
|rule|HP Percentage Mod: HP is shown in percentages
|rule|One Boost Passer Clause: Limit one Baton Passer that has a way to boost its stats
|rule|Freeze Clause Mod: Limit one foe frozen
|
|t:|1730663395
|start
|switch|p1a: Dugtrio|Dugtrio, F|100/100
|switch|p2a: Big Zapan|Zapdos|100/100
|turn|1
|c|☆bluesenergy00|Hf
|
|t:|1730663408
|switch|p1a: Blissey|Blissey, F|100/100
|move|p2a: Big Zapan|Toxic|p1a: Blissey
|-status|p1a: Blissey|tox
|
|-damage|p1a: Blissey|94/100 tox|[from] psn
|upkeep
|turn|2
|
|t:|1730663413
|switch|p2a: Terabyte²|Skarmory, F|100/100
|move|p1a: Blissey|Ice Beam|p2a: Terabyte²
|-damage|p2a: Terabyte²|76/100
|
|-heal|p2a: Terabyte²|82/100|[from] item: Leftovers
|-heal|p1a: Blissey|100/100 tox|[from] item: Leftovers
|-damage|p1a: Blissey|88/100 tox|[from] psn
|upkeep
|turn|3
|
|t:|1730663435
|-curestatus|p1a: Blissey|tox|[from] ability: Natural Cure
|switch|p1a: Charizard|Charizard, M|100/100
|move|p2a: Terabyte²|Spikes|p1a: Charizard
|-sidestart|p1: Social Inclusion|Spikes
|
|-heal|p2a: Terabyte²|88/100|[from] item: Leftovers
|upkeep
|turn|4
|
|t:|1730663442
|move|p2a: Terabyte²|Protect|p2a: Terabyte²
|-singleturn|p2a: Terabyte²|Protect
|move|p1a: Charizard|Substitute|p1a: Charizard
|-start|p1a: Charizard|Substitute
|-damage|p1a: Charizard|75/100
|
|-heal|p2a: Terabyte²|94/100|[from] item: Leftovers
|upkeep
|turn|5
|
|t:|1730663446
|switch|p2a: Sigmª|Suicune|100/100
|move|p1a: Charizard|Fire Blast|p2a: Sigmª|[miss]
|-miss|p1a: Charizard|p2a: Sigmª
|
|upkeep
|turn|6
|
|t:|1730663466
|switch|p1a: Blissey|Blissey, F|88/100
|-damage|p1a: Blissey|76/100|[from] Spikes
|move|p2a: Sigmª|Roar|p1a: Blissey
|drag|p1a: Charizard|Charizard, M|75/100
|
|upkeep
|turn|7
|
|t:|1730663474
|switch|p1a: Blissey|Blissey, F|76/100
|-damage|p1a: Blissey|63/100|[from] Spikes
|move|p2a: Sigmª|Calm Mind|p2a: Sigmª
|-boost|p2a: Sigmª|spa|1
|-boost|p2a: Sigmª|spd|1
|
|-heal|p1a: Blissey|69/100|[from] item: Leftovers
|upkeep
|turn|8
|
|t:|1730663478
|move|p2a: Sigmª|Calm Mind|p2a: Sigmª
|-boost|p2a: Sigmª|spa|1
|-boost|p2a: Sigmª|spd|1
|move|p1a: Blissey|Calm Mind|p1a: Blissey
|-boost|p1a: Blissey|spa|1
|-boost|p1a: Blissey|spd|1
|
|-heal|p1a: Blissey|76/100|[from] item: Leftovers
|upkeep
|turn|9
|
|t:|1730663482
|move|p2a: Sigmª|Calm Mind|p2a: Sigmª
|-boost|p2a: Sigmª|spa|1
|-boost|p2a: Sigmª|spd|1
|move|p1a: Blissey|Thunderbolt|p2a: Sigmª
|-supereffective|p2a: Sigmª
|-damage|p2a: Sigmª|79/100
|
|-heal|p2a: Sigmª|85/100|[from] item: Leftovers
|-heal|p1a: Blissey|82/100|[from] item: Leftovers
|upkeep
|turn|10
|
|t:|1730663489
|switch|p1a: Kingdra|Kingdra, M|100/100
|-damage|p1a: Kingdra|88/100|[from] Spikes
|move|p2a: Sigmª|Roar|p1a: Kingdra
|drag|p1a: Blissey|Blissey, F|82/100
|-damage|p1a: Blissey|69/100|[from] Spikes
|
|-heal|p2a: Sigmª|91/100|[from] item: Leftovers
|-heal|p1a: Blissey|75/100|[from] item: Leftovers
|upkeep
|turn|11
|
|t:|1730663495
|switch|p1a: Kingdra|Kingdra, M|88/100
|-damage|p1a: Kingdra|76/100|[from] Spikes
|move|p2a: Sigmª|Calm Mind|p2a: Sigmª
|-boost|p2a: Sigmª|spa|1
|-boost|p2a: Sigmª|spd|1
|
|-heal|p2a: Sigmª|97/100|[from] item: Leftovers
|upkeep
|turn|12
|
|t:|1730663507
|move|p2a: Sigmª|Surf|p1a: Kingdra
|-resisted|p1a: Kingdra
|-damage|p1a: Kingdra|51/100
|move|p1a: Kingdra|Toxic|p2a: Sigmª|[miss]
|-miss|p1a: Kingdra|p2a: Sigmª
|
|-heal|p2a: Sigmª|100/100|[from] item: Leftovers
|upkeep
|turn|13
|
|t:|1730663516
|move|p2a: Sigmª|Surf|p1a: Kingdra
|-resisted|p1a: Kingdra
|-damage|p1a: Kingdra|28/100
|move|p1a: Kingdra|Toxic|p2a: Sigmª
|-status|p2a: Sigmª|tox
|
|-damage|p2a: Sigmª|94/100 tox|[from] psn
|upkeep
|turn|14
|c|+Elian|bluesenergy00 fratello mio
|
|t:|1730663532
|move|p2a: Sigmª|Surf|p1a: Kingdra
|-resisted|p1a: Kingdra
|-damage|p1a: Kingdra|6/100
|move|p1a: Kingdra|Surf|p2a: Sigmª
|-resisted|p2a: Sigmª
|-damage|p2a: Sigmª|89/100 tox
|
|-heal|p2a: Sigmª|95/100 tox|[from] item: Leftovers
|-damage|p2a: Sigmª|82/100 tox|[from] psn
|upkeep
|turn|15
|c|☆bluesenergy00|Bella
|
|t:|1730663544
|move|p2a: Sigmª|Surf|p1a: Kingdra
|-resisted|p1a: Kingdra
|-damage|p1a: Kingdra|0 fnt
|faint|p1a: Kingdra
|
|t:|1730663547
|switch|p1a: Blissey|Blissey, F|75/100
|-damage|p1a: Blissey|63/100|[from] Spikes
|
|-heal|p2a: Sigmª|89/100 tox|[from] item: Leftovers
|-damage|p2a: Sigmª|70/100 tox|[from] psn
|-heal|p1a: Blissey|69/100|[from] item: Leftovers
|upkeep
|turn|16
|
|t:|1730663557
|move|p1a: Blissey|Soft-Boiled|p1a: Blissey
|-heal|p1a: Blissey|100/100
|move|p2a: Sigmª|Roar|p1a: Blissey
|drag|p1a: Charizard|Charizard, M|75/100
|
|-heal|p2a: Sigmª|76/100 tox|[from] item: Leftovers
|-damage|p2a: Sigmª|51/100 tox|[from] psn
|upkeep
|turn|17
|inactive|Social Inclusion has 270 seconds left.
|
|t:|1730663597
|switch|p1a: Blissey|Blissey, F|100/100
|-damage|p1a: Blissey|88/100|[from] Spikes
|move|p2a: Sigmª|Rest|p2a: Sigmª
|-status|p2a: Sigmª|slp|[from] move: Rest
|-heal|p2a: Sigmª|100/100 slp|[silent]
|
|-heal|p1a: Blissey|94/100|[from] item: Leftovers
|upkeep
|turn|18
|
|t:|1730663623
|switch|p1a: Charizard|Charizard, M|75/100
|cant|p2a: Sigmª|slp
|
|upkeep
|turn|19
|
|t:|1730663626
|move|p1a: Charizard|Belly Drum|p1a: Charizard
|-damage|p1a: Charizard|25/100
|-setboost|p1a: Charizard|atk|6|[from] move: Belly Drum
|cant|p2a: Sigmª|slp
|
|-enditem|p1a: Charizard|Salac Berry|[eat]
|-boost|p1a: Charizard|spe|1|[from] item: Salac Berry
|upkeep
|turn|20
|
|t:|1730663632
|move|p1a: Charizard|Hidden Power|p2a: Sigmª
|-damage|p2a: Sigmª|28/100 slp
|-curestatus|p2a: Sigmª|slp|[msg]
|move|p2a: Sigmª|Surf|p1a: Charizard
|-supereffective|p1a: Charizard
|-damage|p1a: Charizard|0 fnt
|faint|p1a: Charizard
|
|t:|1730663635
|switch|p1a: Dugtrio|Dugtrio, F|100/100
|-damage|p1a: Dugtrio|88/100|[from] Spikes
|
|-heal|p2a: Sigmª|34/100|[from] item: Leftovers
|upkeep
|turn|21
|
|t:|1730663638
|move|p1a: Dugtrio|Earthquake|p2a: Sigmª
|-crit|p2a: Sigmª
|-damage|p2a: Sigmª|0 fnt
|faint|p2a: Sigmª
|
|t:|1730663664
|switch|p2a: Big Zapan|Zapdos|100/100
|
|upkeep
|turn|22
|
|t:|1730663678
|switch|p1a: Blissey|Blissey, F|94/100
|-damage|p1a: Blissey|82/100|[from] Spikes
|move|p2a: Big Zapan|Toxic|p1a: Blissey
|-status|p1a: Blissey|tox
|
|-heal|p1a: Blissey|88/100 tox|[from] item: Leftovers
|-damage|p1a: Blissey|82/100 tox|[from] psn
|upkeep
|turn|23
|
|t:|1730663683
|move|p2a: Big Zapan|Thunderbolt|p1a: Blissey
|-damage|p1a: Blissey|66/100 tox
|move|p1a: Blissey|Calm Mind|p1a: Blissey
|-boost|p1a: Blissey|spa|1
|-boost|p1a: Blissey|spd|1
|
|-heal|p1a: Blissey|72/100 tox|[from] item: Leftovers
|-damage|p1a: Blissey|60/100 tox|[from] psn
|upkeep
|turn|24
|
|t:|1730663694
|switch|p2a: Terabyte²|Skarmory, F|94/100
|move|p1a: Blissey|Soft-Boiled|p1a: Blissey
|-heal|p1a: Blissey|100/100 tox
|
|-heal|p2a: Terabyte²|99/100|[from] item: Leftovers
|-damage|p1a: Blissey|82/100 tox|[from] psn
|upkeep
|turn|25
|
|t:|1730663710
|-curestatus|p1a: Blissey|tox|[from] ability: Natural Cure
|switch|p1a: Metagross|Metagross|100/100
|-damage|p1a: Metagross|88/100|[from] Spikes
|move|p2a: Terabyte²|Spikes|p1a: Metagross
|-sidestart|p1: Social Inclusion|Spikes
|
|-heal|p2a: Terabyte²|100/100|[from] item: Leftovers
|-heal|p1a: Metagross|94/100|[from] item: Leftovers
|upkeep
|turn|26
|
|t:|1730663716
|move|p2a: Terabyte²|Spikes|p1a: Metagross
|-sidestart|p1: Social Inclusion|Spikes
|move|p1a: Metagross|Hidden Power|p2a: Terabyte²
|-supereffective|p2a: Terabyte²
|-damage|p2a: Terabyte²|64/100
|
|-heal|p2a: Terabyte²|70/100|[from] item: Leftovers
|-heal|p1a: Metagross|99/100|[from] item: Leftovers
|upkeep
|turn|27
|
|t:|1730663720
|move|p2a: Terabyte²|Protect|p2a: Terabyte²
|-singleturn|p2a: Terabyte²|Protect
|move|p1a: Metagross|Hidden Power|p2a: Terabyte²
|-activate|p2a: Terabyte²|Protect
|
|-heal|p2a: Terabyte²|76/100|[from] item: Leftovers
|-heal|p1a: Metagross|100/100|[from] item: Leftovers
|upkeep
|turn|28
|
|t:|1730663733
|switch|p2a: "Il Clayblade"|Claydol|100/100
|move|p1a: Metagross|Hidden Power|p2a: "Il Clayblade"
|-damage|p2a: "Il Clayblade"|83/100
|
|-heal|p2a: "Il Clayblade"|89/100|[from] item: Leftovers
|upkeep
|turn|29
|
|t:|1730663746
|switch|p1a: Heracross|Heracross, M|100/100
|-damage|p1a: Heracross|76/100|[from] Spikes
|move|p2a: "Il Clayblade"|Earthquake|p1a: Heracross
|-resisted|p1a: Heracross
|-crit|p1a: Heracross
|-damage|p1a: Heracross|41/100
|
|-heal|p1a: Heracross|47/100|[from] item: Leftovers
|-heal|p2a: "Il Clayblade"|96/100|[from] item: Leftovers
|upkeep
|turn|30
|
|t:|1730663756
|move|p1a: Heracross|Substitute|p1a: Heracross
|-start|p1a: Heracross|Substitute
|-damage|p1a: Heracross|22/100
|move|p2a: "Il Clayblade"|Psychic|p1a: Heracross
|-supereffective|p1a: Heracross
|-end|p1a: Heracross|Substitute
|
|-heal|p1a: Heracross|28/100|[from] item: Leftovers
|-heal|p2a: "Il Clayblade"|100/100|[from] item: Leftovers
|upkeep
|turn|31
|
|t:|1730663763
|move|p1a: Heracross|Megahorn|p2a: "Il Clayblade"
|-supereffective|p2a: "Il Clayblade"
|-damage|p2a: "Il Clayblade"|4/100
|move|p2a: "Il Clayblade"|Psychic|p1a: Heracross
|-supereffective|p1a: Heracross
|-crit|p1a: Heracross
|-damage|p1a: Heracross|0 fnt
|faint|p1a: Heracross
|
|t:|1730663774
|switch|p1a: Metagross|Metagross|100/100
|-damage|p1a: Metagross|75/100|[from] Spikes
|
|-heal|p2a: "Il Clayblade"|10/100|[from] item: Leftovers
|-heal|p1a: Metagross|82/100|[from] item: Leftovers
|upkeep
|turn|32
|
|t:|1730663796
|move|p2a: "Il Clayblade"|Earthquake|p1a: Metagross
|-supereffective|p1a: Metagross
|-damage|p1a: Metagross|46/100
|move|p1a: Metagross|Pursuit|p2a: "Il Clayblade"
|-supereffective|p2a: "Il Clayblade"
|-damage|p2a: "Il Clayblade"|0 fnt
|faint|p2a: "Il Clayblade"
|
|t:|1730663803
|switch|p2a: Dawg Dodger|Dugtrio, M|100/100
|
|-heal|p1a: Metagross|52/100|[from] item: Leftovers
|upkeep
|turn|33
|
|t:|1730663809
|move|p2a: Dawg Dodger|Earthquake|p1a: Metagross
|-supereffective|p1a: Metagross
|-damage|p1a: Metagross|0 fnt
|faint|p1a: Metagross
|
|t:|1730663823
|switch|p1a: Dugtrio|Dugtrio, F|88/100
|-damage|p1a: Dugtrio|63/100|[from] Spikes
|
|upkeep
|turn|34
|
|t:|1730663824
|move|p2a: Dawg Dodger|Earthquake|p1a: Dugtrio
|-damage|p1a: Dugtrio|0 fnt
|faint|p1a: Dugtrio
|
|t:|1730663827
|switch|p1a: Blissey|Blissey, F|82/100
|-damage|p1a: Blissey|57/100|[from] Spikes
|
|-heal|p1a: Blissey|63/100|[from] item: Leftovers
|upkeep
|turn|35
|
|t:|1730663830
|move|p2a: Dawg Dodger|Earthquake|p1a: Blissey
|-damage|p1a: Blissey|3/100
|move|p1a: Blissey|Soft-Boiled|p1a: Blissey
|-heal|p1a: Blissey|53/100
|
|-heal|p1a: Blissey|59/100|[from] item: Leftovers
|upkeep
|turn|36
|
|t:|1730663838
|move|p2a: Dawg Dodger|Earthquake|p1a: Blissey
|-damage|p1a: Blissey|3/100
|move|p1a: Blissey|Soft-Boiled|p1a: Blissey
|-heal|p1a: Blissey|53/100
|
|-heal|p1a: Blissey|59/100|[from] item: Leftovers
|upkeep
|turn|37
|
|t:|1730663842
|move|p2a: Dawg Dodger|Earthquake|p1a: Blissey
|-damage|p1a: Blissey|0 fnt
|faint|p1a: Blissey
|
|win|bluesenergy00
|c|☆Social Inclusion|gg
|c|☆bluesenergy00|Gg
|player|p1|

</script>
<script type="application/json" class="data" id="replaydata-smogtours-gen3ou-804518">
{"id":"smogtours-gen3ou-804518","format":"[Gen 3] OU","players":["Social Inclusion","bluesenergy00"],"uploadtime":1730663842,"views":76,"formatid":"gen3ou","rating":null,"private":0,"password":null}
</script>

<script defer src="js/replays.js?9d40a366"></script>
