<!DOCTYPE html>
<meta charset="utf-8" />
<meta name="viewport" content="width=device-width" />

<title>[Gen 3] OU: GoldThe1andOnly vs. GreenCatKid - Replays - Pok&eacute;mon Showdown!</title>

<meta name="description" content="Watch a replay of a Pok&eacute;mon battle between GoldThe1andOnly and GreenCatKid! Format: [Gen 3] OU; Date: Oct 1, 2024" />
<!--

Hey, you! Looking in the source for the replay log?

You can find them in JSON format, just add `.json` at the end of a replay URL.

https://replay.pokemonshowdown.com/gen7randomdoublesbattle-865046831.json

Or, if you only need the log itself, add `.log` instead:

https://replay.pokemonshowdown.com/gen7randomdoublesbattle-865046831.log

-->

<link rel="stylesheet" href="//pokemonshowdown.com/style/global.css?0.023195364461161105" />
<link rel="stylesheet" href="//play.pokemonshowdown.com/style/font-awesome.css?0.13261647063804238" />
<link rel="stylesheet" href="//play.pokemonshowdown.com/style/battle.css?0.8753245789963631" />
<link rel="stylesheet" href="//play.pokemonshowdown.com/style/utilichart.css?0.8627959624976733" />

<!-- Global site tag (gtag.js) - Google Analytics -->
<script async src="https://www.googletagmanager.com/gtag/js?id=UA-26211653-1"></script>
<script>
  window.dataLayer = window.dataLayer || [];
  function gtag(){dataLayer.push(arguments);}
  gtag('js', new Date());

  gtag('config', 'UA-26211653-1');
</script>
<!-- End Google Analytics -->
<!-- Venatus Ad Manager - Install in <HEAD> of page -->
	<script src="https://hb.vntsm.com/v3/live/ad-manager.min.js" type="text/javascript" data-site-id="642aba63ec9a7b11c3c9c1be" data-mode="scan" async></script>
<!-- / Venatus Ad Manager -->

<style>
	@media (max-width:820px) {
		.battle {
			margin: 0 auto;
		}
		.battle-log {
			margin: 7px auto 0;
			max-width: 640px;
			height: 300px;
			position: static;
		}
	}
	.optgroup {
		display: inline-block;
		line-height: 22px;
		font-size: 10pt;
	}
	.optgroup .button {
		height: 25px;
		padding-top: 0;
		padding-bottom: 0;
	}
	.optgroup button.button {
		padding-left: 12px;
		padding-right: 12px;
	}
	.linklist {
		list-style: none;
		margin: 0.5em 0;
		padding: 0;
	}
	.linklist li {
		padding: 2px 0;
	}
	.sidebar {
		float: left;
		width: 320px;
	}
	.bar-wrapper {
		max-width: 1100px;
		margin: 0 auto;
	}
	.bar-wrapper.has-sidebar {
		max-width: 1430px;
	}
	.mainbar {
		margin: 0;
		padding-right: 1px;
	}
	.mainbar.has-sidebar {
		margin-left: 330px;
	}
	@media (min-width: 1511px) {
		.sidebar {
			width: 400px;
		}
		.bar-wrapper.has-sidebar {
			max-width: 1510px;
		}
		.mainbar.has-sidebar {
			margin-left: 410px;
		}
	}
	.section.first-section {
		margin-top: 9px;
	}
	.blocklink small {
		white-space: normal;
	}
	.button {
		vertical-align: middle;
	}
	.replay-controls {
		padding-top: 10px;
	}
	.replay-controls h1 {
		font-size: 16pt;
		font-weight: normal;
		color: #CCC;
	}
	.pagelink {
		text-align: center;
	}
	.pagelink a {
		width: 150px;
	}
	.textbox, .button {
		font-size: 11pt;
		vertical-align: middle;
	}
	@media (max-width: 450px) {
		.button {
			font-size: 9pt;
		}
	}
</style>

<div>

	<header>
		<div class="nav-wrapper"><ul class="nav">
			<li><a class="button nav-first" href="//pokemonshowdown.com/"><img src="//pokemonshowdown.com/images/pokemonshowdownbeta.png" srcset="//pokemonshowdown.com/images/pokemonshowdownbeta.png 1x, //pokemonshowdown.com/images/pokemonshowdownbeta@2x.png 2x" alt="Pok&eacute;mon Showdown" width="146" height="44" /> Home</a></li>
			<li><a class="button" href="//pokemonshowdown.com/dex/">Pok&eacute;dex</a></li>
			<li><a class="button cur" href="/">Replays</a></li>
			<li><a class="button" href="//pokemonshowdown.com/ladder/">Ladder</a></li>
			<li><a class="button nav-last" href="//pokemonshowdown.com/forums/">Forum</a></li>
			<li><a class="button greenbutton nav-first nav-last" href="//play.pokemonshowdown.com/">Play</a></li>
		</ul></div>
	</header>

	<div class="main" id="main">

		<noscript><section class="section">You need to enable JavaScript to use this page; sorry!</section></noscript>

	</div>

</div>

<script defer nomodule src="//play.pokemonshowdown.com/js/lib/ps-polyfill.js"></script>
<script defer src="//play.pokemonshowdown.com/js/lib/preact.min.js"></script>

<script defer src="//play.pokemonshowdown.com/config/config.js?2bddbc15"></script>
<script defer src="//play.pokemonshowdown.com/js/lib/jquery-1.11.0.min.js"></script>
<script defer src="//play.pokemonshowdown.com/js/lib/html-sanitizer-minified.js"></script>
<script defer src="//play.pokemonshowdown.com/js/battle-sound.js"></script>
<script defer src="//play.pokemonshowdown.com/js/battledata.js?0.7209276989879541"></script>
<script defer src="//play.pokemonshowdown.com/data/pokedex-mini.js?0.6111056340867951"></script>
<script defer src="//play.pokemonshowdown.com/data/pokedex-mini-bw.js?0.3532142036491459"></script>
<script defer src="//play.pokemonshowdown.com/data/graphics.js?0.24223875632456182"></script>
<script defer src="//play.pokemonshowdown.com/data/pokedex.js?0.38839984266356864"></script>
<script defer src="//play.pokemonshowdown.com/data/moves.js?0.21866028504024015"></script>
<script defer src="//play.pokemonshowdown.com/data/abilities.js?0.2005157953846628"></script>
<script defer src="//play.pokemonshowdown.com/data/items.js?0.9894211263848525"></script>
<script defer src="//play.pokemonshowdown.com/data/teambuilder-tables.js?0.6008791140282215"></script>
<script defer src="//play.pokemonshowdown.com/js/battle-tooltips.js?0.7580118955022959"></script>
<script defer src="//play.pokemonshowdown.com/js/battle.js?0.6057722274234274"></script>

<script defer src="js/utils.js?e31f9a17"></script>
<script defer src="js/replays-battle.js?7008c182"></script>

<!-- don't scrape this data! just add .json or .log after the URL!
Full API docs: https://github.com/smogon/pokemon-showdown-client/blob/master/WEB-API.md -->
<script type="text/plain" class="log" id="replaylog-smogtours-gen3ou-793785">
|inactive|Battle timer is ON: inactive players will automatically lose when time's up.
|t:|1727803431
|gametype|singles
|player|p1|GoldThe1andOnly|elesa-masters|
|player|p2|GreenCatKid|fisherman-gen4|
|teamsize|p1|6
|teamsize|p2|6
|gen|3
|tier|[Gen 3] OU
|rule|Sleep Clause Mod: Limit one foe put to sleep
|rule|Switch Priority Clause Mod: Faster Pokémon switch first
|rule|Species Clause: Limit one of each Pokémon
|rule|OHKO Clause: OHKO moves are banned
|rule|Evasion Items Clause: Evasion items are banned
|rule|Evasion Moves Clause: Evasion moves are banned
|rule|Endless Battle Clause: Forcing endless battles is banned
|rule|HP Percentage Mod: HP is shown in percentages
|rule|One Boost Passer Clause: Limit one Baton Passer that has a way to boost its stats
|rule|Freeze Clause Mod: Limit one foe frozen
|
|t:|1727803431
|start
|switch|p1a: You're Bald|Glalie, F, shiny|100/100
|switch|p2a: Serious Sam 2 HD|Skarmory, M|100/100
|turn|1
|inactive|GreenCatKid also wants the timer to be on.
|inactive|GreenCatKid has 270 seconds left.
|
|t:|1727803491
|move|p1a: You're Bald|Taunt|p2a: Serious Sam 2 HD
|-start|p2a: Serious Sam 2 HD|move: Taunt
|cant|p2a: Serious Sam 2 HD|move: Taunt|Spikes
|
|upkeep
|turn|2
|
|t:|1727803498
|switch|p2a: plznohpground|Magneton|100/100
|move|p1a: You're Bald|Spikes|p2a: plznohpground
|-sidestart|p2: GreenCatKid|Spikes
|
|upkeep
|turn|3
|
|t:|1727803512
|move|p1a: You're Bald|Taunt|p2a: plznohpground
|-start|p2a: plznohpground|move: Taunt
|move|p2a: plznohpground|Thunderbolt|p1a: You're Bald
|-damage|p1a: You're Bald|40/100
|
|upkeep
|turn|4
|
|t:|1727803527
|switch|p1a: Fairy Festival|Celebi|100/100
|move|p2a: plznohpground|Thunderbolt|p1a: Fairy Festival
|-resisted|p1a: Fairy Festival
|-damage|p1a: Fairy Festival|73/100
|
|-heal|p1a: Fairy Festival|79/100|[from] item: Leftovers
|-end|p2a: plznohpground|move: Taunt|[silent]
|upkeep
|turn|5
|
|t:|1727803545
|move|p1a: Fairy Festival|Hidden Power|p2a: plznohpground
|-supereffective|p2a: plznohpground
|-damage|p2a: plznohpground|21/100
|move|p2a: plznohpground|Toxic|p1a: Fairy Festival
|-status|p1a: Fairy Festival|tox
|
|-heal|p1a: Fairy Festival|85/100 tox|[from] item: Leftovers
|-damage|p1a: Fairy Festival|79/100 tox|[from] psn
|upkeep
|turn|6
|
|t:|1727803559
|switch|p2a: Momo|Blissey, F|100/100
|-damage|p2a: Momo|88/100|[from] Spikes
|move|p1a: Fairy Festival|Hidden Power|p2a: Momo
|-damage|p2a: Momo|80/100
|
|-heal|p1a: Fairy Festival|85/100 tox|[from] item: Leftovers
|-damage|p1a: Fairy Festival|73/100 tox|[from] psn
|-heal|p2a: Momo|86/100|[from] item: Leftovers
|upkeep
|turn|7
|
|t:|1727803569
|-curestatus|p1a: Fairy Festival|tox|[from] ability: Natural Cure
|switch|p1a: SODA!!|Swampert, F, shiny|100/100
|move|p2a: Momo|Seismic Toss|p1a: SODA!!
|-damage|p1a: SODA!!|71/100
|
|-heal|p1a: SODA!!|77/100|[from] item: Leftovers
|-heal|p2a: Momo|92/100|[from] item: Leftovers
|upkeep
|turn|8
|
|t:|1727803588
|switch|p2a: Serious Sam 2 HD|Skarmory, M|100/100
|move|p1a: SODA!!|Earthquake|p2a: Serious Sam 2 HD
|-immune|p2a: Serious Sam 2 HD
|
|-heal|p1a: SODA!!|83/100|[from] item: Leftovers
|upkeep
|turn|9
|
|t:|1727803593
|switch|p1a: The Firebird|Moltres|100/100
|move|p2a: Serious Sam 2 HD|Spikes|p1a: The Firebird
|-sidestart|p1: GoldThe1andOnly|Spikes
|
|upkeep
|turn|10
|
|t:|1727803606
|switch|p2a: plznohpground|Magneton|21/100
|-damage|p2a: plznohpground|8/100|[from] Spikes
|move|p1a: The Firebird|Will-O-Wisp|p2a: plznohpground
|-status|p2a: plznohpground|brn
|
|-damage|p2a: plznohpground|0 fnt|[from] brn
|faint|p2a: plznohpground
|upkeep
|
|t:|1727803612
|switch|p2a: Momo|Blissey, F|92/100
|-damage|p2a: Momo|80/100|[from] Spikes
|turn|11
|
|t:|1727803640
|switch|p1a: Pianist|Tyranitar, F|100/100
|-damage|p1a: Pianist|88/100|[from] Spikes
|-weather|Sandstorm|[from] ability: Sand Stream|[of] p1a: Pianist
|move|p2a: Momo|Seismic Toss|p1a: Pianist
|-damage|p1a: Pianist|61/100
|
|-weather|Sandstorm|[upkeep]
|-damage|p2a: Momo|73/100|[from] Sandstorm
|-heal|p2a: Momo|80/100|[from] item: Leftovers
|upkeep
|turn|12
|inactive|GreenCatKid has 270 seconds left.
|inactive|GoldThe1andOnly has 270 seconds left.
|
|t:|1727803683
|switch|p2a: Serious Sam 2 HD|Skarmory, M|100/100
|move|p1a: Pianist|Rock Slide|p2a: Serious Sam 2 HD
|-damage|p2a: Serious Sam 2 HD|65/100
|
|-weather|Sandstorm|[upkeep]
|-heal|p2a: Serious Sam 2 HD|71/100|[from] item: Leftovers
|upkeep
|turn|13
|
|t:|1727803697
|move|p1a: Pianist|Dragon Dance|p1a: Pianist
|-boost|p1a: Pianist|atk|1
|-boost|p1a: Pianist|spe|1
|move|p2a: Serious Sam 2 HD|Spikes|p1a: Pianist
|-sidestart|p1: GoldThe1andOnly|Spikes
|
|-weather|Sandstorm|[upkeep]
|-heal|p2a: Serious Sam 2 HD|77/100|[from] item: Leftovers
|upkeep
|turn|14
|
|t:|1727803721
|move|p1a: Pianist|Rock Slide|p2a: Serious Sam 2 HD
|-damage|p2a: Serious Sam 2 HD|30/100
|move|p2a: Serious Sam 2 HD|Spikes|p1a: Pianist
|-sidestart|p1: GoldThe1andOnly|Spikes
|
|-weather|Sandstorm|[upkeep]
|-heal|p2a: Serious Sam 2 HD|36/100|[from] item: Leftovers
|upkeep
|turn|15
|inactive|GreenCatKid has 240 seconds left.
|
|t:|1727803741
|switch|p2a: Wolverine|Swampert, M|100/100
|-damage|p2a: Wolverine|88/100|[from] Spikes
|move|p1a: Pianist|Dragon Dance|p1a: Pianist
|-boost|p1a: Pianist|atk|1
|-boost|p1a: Pianist|spe|1
|
|-weather|Sandstorm|[upkeep]
|-heal|p2a: Wolverine|94/100|[from] item: Leftovers
|upkeep
|turn|16
|inactive|GreenCatKid has 240 seconds left.
|
|t:|1727803756
|move|p1a: Pianist|Earthquake|p2a: Wolverine
|-damage|p2a: Wolverine|45/100
|move|p2a: Wolverine|Earthquake|p1a: Pianist
|-supereffective|p1a: Pianist
|-crit|p1a: Pianist
|-damage|p1a: Pianist|0 fnt
|faint|p1a: Pianist
|
|t:|1727803769
|switch|p1a: Fairy Festival|Celebi|73/100
|-damage|p1a: Fairy Festival|48/100|[from] Spikes
|
|-weather|Sandstorm|[upkeep]
|-damage|p1a: Fairy Festival|42/100|[from] Sandstorm
|-heal|p1a: Fairy Festival|48/100|[from] item: Leftovers
|-heal|p2a: Wolverine|51/100|[from] item: Leftovers
|upkeep
|turn|17
|inactive|GreenCatKid has 240 seconds left.
|
|t:|1727803804
|switch|p2a: Momo|Blissey, F|80/100
|-damage|p2a: Momo|67/100|[from] Spikes
|move|p1a: Fairy Festival|Giga Drain|p2a: Momo
|-damage|p2a: Momo|58/100
|-heal|p1a: Fairy Festival|57/100|[from] drain|[of] p2a: Momo
|
|-weather|Sandstorm|[upkeep]
|-damage|p1a: Fairy Festival|51/100|[from] Sandstorm
|-damage|p2a: Momo|52/100|[from] Sandstorm
|-heal|p1a: Fairy Festival|57/100|[from] item: Leftovers
|-heal|p2a: Momo|58/100|[from] item: Leftovers
|upkeep
|turn|18
|
|t:|1727803819
|switch|p1a: You're Bald|Glalie, F, shiny|40/100
|-damage|p1a: You're Bald|15/100|[from] Spikes
|move|p2a: Momo|Soft-Boiled|p2a: Momo
|-heal|p2a: Momo|100/100
|
|-weather|Sandstorm|[upkeep]
|-damage|p1a: You're Bald|9/100|[from] Sandstorm
|-damage|p2a: Momo|94/100|[from] Sandstorm
|-enditem|p1a: You're Bald|Salac Berry|[eat]
|-boost|p1a: You're Bald|spe|1|[from] item: Salac Berry
|-heal|p2a: Momo|100/100|[from] item: Leftovers
|upkeep
|turn|19
|
|t:|1727803836
|switch|p2a: Serious Sam 2 HD|Skarmory, M|36/100
|move|p1a: You're Bald|Spikes|p2a: Serious Sam 2 HD
|-sidestart|p2: GreenCatKid|Spikes
|
|-weather|Sandstorm|[upkeep]
|-damage|p1a: You're Bald|3/100|[from] Sandstorm
|-heal|p2a: Serious Sam 2 HD|42/100|[from] item: Leftovers
|upkeep
|turn|20
|
|t:|1727803847
|move|p1a: You're Bald|Spikes|p2a: Serious Sam 2 HD
|-sidestart|p2: GreenCatKid|Spikes
|move|p2a: Serious Sam 2 HD|Drill Peck|p1a: You're Bald
|-damage|p1a: You're Bald|0 fnt
|faint|p1a: You're Bald
|
|t:|1727803852
|switch|p1a: The Firebird|Moltres|100/100
|
|-weather|Sandstorm|[upkeep]
|-damage|p1a: The Firebird|94/100|[from] Sandstorm
|-heal|p1a: The Firebird|100/100|[from] item: Leftovers
|-heal|p2a: Serious Sam 2 HD|48/100|[from] item: Leftovers
|upkeep
|turn|21
|
|t:|1727803876
|move|p1a: The Firebird|Flamethrower|p2a: Serious Sam 2 HD
|-supereffective|p2a: Serious Sam 2 HD
|-damage|p2a: Serious Sam 2 HD|0 fnt
|faint|p2a: Serious Sam 2 HD
|
|t:|1727803881
|switch|p2a: Momo|Blissey, F|100/100
|-damage|p2a: Momo|76/100|[from] Spikes
|
|-weather|Sandstorm|[upkeep]
|-damage|p1a: The Firebird|94/100|[from] Sandstorm
|-damage|p2a: Momo|69/100|[from] Sandstorm
|-heal|p1a: The Firebird|100/100|[from] item: Leftovers
|-heal|p2a: Momo|76/100|[from] item: Leftovers
|upkeep
|turn|22
|
|t:|1727803891
|move|p1a: The Firebird|Will-O-Wisp|p2a: Momo
|-status|p2a: Momo|brn
|move|p2a: Momo|Seismic Toss|p1a: The Firebird
|-damage|p1a: The Firebird|69/100
|
|-weather|Sandstorm|[upkeep]
|-damage|p1a: The Firebird|63/100|[from] Sandstorm
|-damage|p2a: Momo|69/100 brn|[from] Sandstorm
|-heal|p1a: The Firebird|69/100|[from] item: Leftovers
|-heal|p2a: Momo|76/100 brn|[from] item: Leftovers
|-damage|p2a: Momo|63/100 brn|[from] brn
|upkeep
|turn|23
|inactive|GreenCatKid has 210 seconds left.
|
|t:|1727803921
|switch|p1a: SODA!!|Swampert, F, shiny|83/100
|-damage|p1a: SODA!!|59/100|[from] Spikes
|move|p2a: Momo|Thunder Wave|p1a: SODA!!
|-immune|p1a: SODA!!
|
|-weather|Sandstorm|[upkeep]
|-damage|p2a: Momo|57/100 brn|[from] Sandstorm
|-heal|p1a: SODA!!|65/100|[from] item: Leftovers
|-heal|p2a: Momo|63/100 brn|[from] item: Leftovers
|-damage|p2a: Momo|51/100 brn|[from] brn
|upkeep
|turn|24
|
|t:|1727803931
|-singleturn|p1a: SODA!!|move: Focus Punch
|move|p2a: Momo|Soft-Boiled|p2a: Momo
|-heal|p2a: Momo|100/100 brn
|move|p1a: SODA!!|Focus Punch|p2a: Momo
|-supereffective|p2a: Momo
|-damage|p2a: Momo|39/100 brn
|
|-weather|Sandstorm|[upkeep]
|-damage|p2a: Momo|33/100 brn|[from] Sandstorm
|-heal|p1a: SODA!!|71/100|[from] item: Leftovers
|-heal|p2a: Momo|39/100 brn|[from] item: Leftovers
|-damage|p2a: Momo|27/100 brn|[from] brn
|upkeep
|turn|25
|inactive|GreenCatKid has 210 seconds left.
|
|t:|1727803957
|-singleturn|p1a: SODA!!|move: Focus Punch
|move|p2a: Momo|Seismic Toss|p1a: SODA!!
|-damage|p1a: SODA!!|42/100
|move|p1a: SODA!!|Focus Punch||[still]
|cant|p1a: SODA!!|Focus Punch|Focus Punch
|
|-weather|Sandstorm|[upkeep]
|-damage|p2a: Momo|21/100 brn|[from] Sandstorm
|-heal|p1a: SODA!!|48/100|[from] item: Leftovers
|-heal|p2a: Momo|27/100 brn|[from] item: Leftovers
|-damage|p2a: Momo|15/100 brn|[from] brn
|upkeep
|turn|26
|
|t:|1727803976
|move|p1a: SODA!!|Earthquake|p2a: Momo
|-damage|p2a: Momo|0 fnt
|faint|p2a: Momo
|
|t:|1727803988
|switch|p2a: Dwayne|Aerodactyl, M|100/100
|
|-weather|Sandstorm|[upkeep]
|-heal|p1a: SODA!!|54/100|[from] item: Leftovers
|upkeep
|turn|27
|inactive|GreenCatKid has 180 seconds left.
|
|t:|1727804012
|switch|p2a: Tamanegi|Celebi|100/100
|-damage|p2a: Tamanegi|75/100|[from] Spikes
|move|p1a: SODA!!|Hydro Pump|p2a: Tamanegi
|-resisted|p2a: Tamanegi
|-damage|p2a: Tamanegi|55/100
|
|-weather|Sandstorm|[upkeep]
|-damage|p2a: Tamanegi|49/100|[from] Sandstorm
|-heal|p2a: Tamanegi|55/100|[from] item: Leftovers
|-heal|p1a: SODA!!|60/100|[from] item: Leftovers
|upkeep
|turn|28
|inactive|GreenCatKid has 180 seconds left.
|
|t:|1727804031
|switch|p1a: Fairy Festival|Celebi|57/100
|-damage|p1a: Fairy Festival|32/100|[from] Spikes
|move|p2a: Tamanegi|Recover|p2a: Tamanegi
|-heal|p2a: Tamanegi|100/100
|
|-weather|Sandstorm|[upkeep]
|-damage|p1a: Fairy Festival|26/100|[from] Sandstorm
|-damage|p2a: Tamanegi|94/100|[from] Sandstorm
|-heal|p1a: Fairy Festival|32/100|[from] item: Leftovers
|-heal|p2a: Tamanegi|100/100|[from] item: Leftovers
|upkeep
|turn|29
|inactive|GreenCatKid has 180 seconds left.
|
|t:|1727804039
|move|p1a: Fairy Festival|Recover|p1a: Fairy Festival
|-heal|p1a: Fairy Festival|82/100
|move|p2a: Tamanegi|Perish Song|p2a: Tamanegi
|-start|p1a: Fairy Festival|perish3|[silent]
|-start|p2a: Tamanegi|perish3|[silent]
|-fieldactivate|move: Perish Song
|
|-weather|Sandstorm|[upkeep]
|-damage|p1a: Fairy Festival|76/100|[from] Sandstorm
|-damage|p2a: Tamanegi|94/100|[from] Sandstorm
|-heal|p1a: Fairy Festival|82/100|[from] item: Leftovers
|-heal|p2a: Tamanegi|100/100|[from] item: Leftovers
|-start|p1a: Fairy Festival|perish3
|-start|p2a: Tamanegi|perish3
|upkeep
|turn|30
|inactive|GreenCatKid has 180 seconds left.
|
|t:|1727804064
|switch|p2a: Dwayne|Aerodactyl, M|100/100
|move|p1a: Fairy Festival|Hidden Power|p2a: Dwayne
|-resisted|p2a: Dwayne
|-damage|p2a: Dwayne|85/100
|
|-weather|Sandstorm|[upkeep]
|-damage|p1a: Fairy Festival|76/100|[from] Sandstorm
|-heal|p1a: Fairy Festival|82/100|[from] item: Leftovers
|-start|p1a: Fairy Festival|perish2
|upkeep
|turn|31
|
|t:|1727804078
|move|p2a: Dwayne|Hidden Power|p1a: Fairy Festival
|-supereffective|p1a: Fairy Festival
|-damage|p1a: Fairy Festival|0 fnt
|faint|p1a: Fairy Festival
|inactive|GoldThe1andOnly has 270 seconds left.
|
|t:|1727804120
|switch|p1a: Price of Silence|Gengar, M|100/100
|
|-weather|Sandstorm|[upkeep]
|-damage|p1a: Price of Silence|94/100|[from] Sandstorm
|-heal|p1a: Price of Silence|100/100|[from] item: Leftovers
|upkeep
|turn|32
|
|t:|1727804137
|switch|p2a: Tamanegi|Celebi|100/100
|-damage|p2a: Tamanegi|75/100|[from] Spikes
|move|p1a: Price of Silence|Ice Punch|p2a: Tamanegi
|-supereffective|p2a: Tamanegi
|-damage|p2a: Tamanegi|37/100
|
|-weather|Sandstorm|[upkeep]
|-damage|p1a: Price of Silence|94/100|[from] Sandstorm
|-damage|p2a: Tamanegi|31/100|[from] Sandstorm
|-heal|p1a: Price of Silence|100/100|[from] item: Leftovers
|-heal|p2a: Tamanegi|37/100|[from] item: Leftovers
|upkeep
|turn|33
|inactive|GoldThe1andOnly has 270 seconds left.
|
|t:|1727804153
|move|p1a: Price of Silence|Ice Punch|p2a: Tamanegi
|-supereffective|p2a: Tamanegi
|-damage|p2a: Tamanegi|0 fnt
|faint|p2a: Tamanegi
|inactive|GreenCatKid has 150 seconds left.
|
|t:|1727804181
|switch|p2a: Dwayne|Aerodactyl, M|85/100
|
|-weather|Sandstorm|[upkeep]
|-damage|p1a: Price of Silence|94/100|[from] Sandstorm
|-heal|p1a: Price of Silence|100/100|[from] item: Leftovers
|upkeep
|turn|34
|inactive|GoldThe1andOnly has 270 seconds left.
|
|t:|1727804211
|move|p2a: Dwayne|Rock Slide|p1a: Price of Silence|[miss]
|-miss|p2a: Dwayne|p1a: Price of Silence
|move|p1a: Price of Silence|Thunderbolt|p2a: Dwayne
|-supereffective|p2a: Dwayne
|-damage|p2a: Dwayne|0 fnt
|faint|p2a: Dwayne
|inactive|GreenCatKid has 150 seconds left.
|c|☆GreenCatKid|gg
|
|t:|1727804220
|switch|p2a: Wolverine|Swampert, M|51/100
|-damage|p2a: Wolverine|26/100|[from] Spikes
|
|-weather|Sandstorm|[upkeep]
|-damage|p1a: Price of Silence|94/100|[from] Sandstorm
|-heal|p1a: Price of Silence|100/100|[from] item: Leftovers
|-heal|p2a: Wolverine|32/100|[from] item: Leftovers
|upkeep
|turn|35
|c|☆GoldThe1andOnly|gg
|inactive|GoldThe1andOnly has 270 seconds left.
|
|t:|1727804226
|move|p1a: Price of Silence|Hidden Power|p2a: Wolverine
|-supereffective|p2a: Wolverine
|-damage|p2a: Wolverine|0 fnt
|faint|p2a: Wolverine
|
|win|GoldThe1andOnly

</script>
<script type="application/json" class="data" id="replaydata-smogtours-gen3ou-793785">
{"id":"smogtours-gen3ou-793785","format":"[Gen 3] OU","players":["GoldThe1andOnly","GreenCatKid"],"uploadtime":1727804226,"views":107,"formatid":"gen3ou","rating":null,"private":0,"password":null}
</script>

<script defer src="js/replays.js?9d40a366"></script>
