<!DOCTYPE html>
<meta charset="utf-8" />
<meta name="viewport" content="width=device-width" />

<title>[Gen 3] OU: ojr vs. Seradess - Replays - Pok&eacute;mon Showdown!</title>

<meta name="description" content="Watch a replay of a Pok&eacute;mon battle between ojr and Seradess! Format: [Gen 3] OU; Date: Nov 9, 2024" />
<!--

Hey, you! Looking in the source for the replay log?

You can find them in JSON format, just add `.json` at the end of a replay URL.

https://replay.pokemonshowdown.com/gen7randomdoublesbattle-865046831.json

Or, if you only need the log itself, add `.log` instead:

https://replay.pokemonshowdown.com/gen7randomdoublesbattle-865046831.log

-->

<link rel="stylesheet" href="//pokemonshowdown.com/style/global.css?0.023195364461161105" />
<link rel="stylesheet" href="//play.pokemonshowdown.com/style/font-awesome.css?0.13261647063804238" />
<link rel="stylesheet" href="//play.pokemonshowdown.com/style/battle.css?0.8753245789963631" />
<link rel="stylesheet" href="//play.pokemonshowdown.com/style/utilichart.css?0.8627959624976733" />

<!-- Global site tag (gtag.js) - Google Analytics -->
<script async src="https://www.googletagmanager.com/gtag/js?id=UA-26211653-1"></script>
<script>
  window.dataLayer = window.dataLayer || [];
  function gtag(){dataLayer.push(arguments);}
  gtag('js', new Date());

  gtag('config', 'UA-26211653-1');
</script>
<!-- End Google Analytics -->
<!-- Venatus Ad Manager - Install in <HEAD> of page -->
	<script src="https://hb.vntsm.com/v3/live/ad-manager.min.js" type="text/javascript" data-site-id="642aba63ec9a7b11c3c9c1be" data-mode="scan" async></script>
<!-- / Venatus Ad Manager -->

<style>
	@media (max-width:820px) {
		.battle {
			margin: 0 auto;
		}
		.battle-log {
			margin: 7px auto 0;
			max-width: 640px;
			height: 300px;
			position: static;
		}
	}
	.optgroup {
		display: inline-block;
		line-height: 22px;
		font-size: 10pt;
	}
	.optgroup .button {
		height: 25px;
		padding-top: 0;
		padding-bottom: 0;
	}
	.optgroup button.button {
		padding-left: 12px;
		padding-right: 12px;
	}
	.linklist {
		list-style: none;
		margin: 0.5em 0;
		padding: 0;
	}
	.linklist li {
		padding: 2px 0;
	}
	.sidebar {
		float: left;
		width: 320px;
	}
	.bar-wrapper {
		max-width: 1100px;
		margin: 0 auto;
	}
	.bar-wrapper.has-sidebar {
		max-width: 1430px;
	}
	.mainbar {
		margin: 0;
		padding-right: 1px;
	}
	.mainbar.has-sidebar {
		margin-left: 330px;
	}
	@media (min-width: 1511px) {
		.sidebar {
			width: 400px;
		}
		.bar-wrapper.has-sidebar {
			max-width: 1510px;
		}
		.mainbar.has-sidebar {
			margin-left: 410px;
		}
	}
	.section.first-section {
		margin-top: 9px;
	}
	.blocklink small {
		white-space: normal;
	}
	.button {
		vertical-align: middle;
	}
	.replay-controls {
		padding-top: 10px;
	}
	.replay-controls h1 {
		font-size: 16pt;
		font-weight: normal;
		color: #CCC;
	}
	.pagelink {
		text-align: center;
	}
	.pagelink a {
		width: 150px;
	}
	.textbox, .button {
		font-size: 11pt;
		vertical-align: middle;
	}
	@media (max-width: 450px) {
		.button {
			font-size: 9pt;
		}
	}
</style>

<div>

	<header>
		<div class="nav-wrapper"><ul class="nav">
			<li><a class="button nav-first" href="//pokemonshowdown.com/"><img src="//pokemonshowdown.com/images/pokemonshowdownbeta.png" srcset="//pokemonshowdown.com/images/pokemonshowdownbeta.png 1x, //pokemonshowdown.com/images/pokemonshowdownbeta@2x.png 2x" alt="Pok&eacute;mon Showdown" width="146" height="44" /> Home</a></li>
			<li><a class="button" href="//pokemonshowdown.com/dex/">Pok&eacute;dex</a></li>
			<li><a class="button cur" href="/">Replays</a></li>
			<li><a class="button" href="//pokemonshowdown.com/ladder/">Ladder</a></li>
			<li><a class="button nav-last" href="//pokemonshowdown.com/forums/">Forum</a></li>
			<li><a class="button greenbutton nav-first nav-last" href="//play.pokemonshowdown.com/">Play</a></li>
		</ul></div>
	</header>

	<div class="main" id="main">

		<noscript><section class="section">You need to enable JavaScript to use this page; sorry!</section></noscript>

	</div>

</div>

<script defer nomodule src="//play.pokemonshowdown.com/js/lib/ps-polyfill.js"></script>
<script defer src="//play.pokemonshowdown.com/js/lib/preact.min.js"></script>

<script defer src="//play.pokemonshowdown.com/config/config.js?2bddbc15"></script>
<script defer src="//play.pokemonshowdown.com/js/lib/jquery-1.11.0.min.js"></script>
<script defer src="//play.pokemonshowdown.com/js/lib/html-sanitizer-minified.js"></script>
<script defer src="//play.pokemonshowdown.com/js/battle-sound.js"></script>
<script defer src="//play.pokemonshowdown.com/js/battledata.js?0.7209276989879541"></script>
<script defer src="//play.pokemonshowdown.com/data/pokedex-mini.js?0.6111056340867951"></script>
<script defer src="//play.pokemonshowdown.com/data/pokedex-mini-bw.js?0.3532142036491459"></script>
<script defer src="//play.pokemonshowdown.com/data/graphics.js?0.24223875632456182"></script>
<script defer src="//play.pokemonshowdown.com/data/pokedex.js?0.38839984266356864"></script>
<script defer src="//play.pokemonshowdown.com/data/moves.js?0.21866028504024015"></script>
<script defer src="//play.pokemonshowdown.com/data/abilities.js?0.2005157953846628"></script>
<script defer src="//play.pokemonshowdown.com/data/items.js?0.9894211263848525"></script>
<script defer src="//play.pokemonshowdown.com/data/teambuilder-tables.js?0.6008791140282215"></script>
<script defer src="//play.pokemonshowdown.com/js/battle-tooltips.js?0.7580118955022959"></script>
<script defer src="//play.pokemonshowdown.com/js/battle.js?0.6057722274234274"></script>

<script defer src="js/utils.js?e31f9a17"></script>
<script defer src="js/replays-battle.js?7008c182"></script>

<!-- don't scrape this data! just add .json or .log after the URL!
Full API docs: https://github.com/smogon/pokemon-showdown-client/blob/master/WEB-API.md -->
<script type="text/plain" class="log" id="replaylog-smogtours-gen3ou-805552">
|inactive|Battle timer is ON: inactive players will automatically lose when time's up.
|t:|1731183210
|gametype|singles
|player|p1|ojr|#ptplvjirachis|
|player|p2|Seradess|265|
|teamsize|p1|6
|teamsize|p2|6
|gen|3
|tier|[Gen 3] OU
|rule|Sleep Clause Mod: Limit one foe put to sleep
|rule|Switch Priority Clause Mod: Faster Pokémon switch first
|rule|Species Clause: Limit one of each Pokémon
|rule|OHKO Clause: OHKO moves are banned
|rule|Evasion Items Clause: Evasion items are banned
|rule|Evasion Moves Clause: Evasion moves are banned
|rule|Endless Battle Clause: Forcing endless battles is banned
|rule|HP Percentage Mod: HP is shown in percentages
|rule|One Boost Passer Clause: Limit one Baton Passer that has a way to boost its stats
|rule|Freeze Clause Mod: Limit one foe frozen
|
|t:|1731183210
|start
|switch|p1a: Tyranitar|Tyranitar, F|100/100
|switch|p2a: Zapdos|Zapdos|100/100
|-weather|Sandstorm|[from] ability: Sand Stream|[of] p1a: Tyranitar
|turn|1
|c|☆ojr|hf
|c|☆Seradess|u2
|
|t:|1731183236
|switch|p2a: Skarmory|Skarmory, F|100/100
|move|p1a: Tyranitar|Fire Blast|p2a: Skarmory
|-supereffective|p2a: Skarmory
|-damage|p2a: Skarmory|31/100
|
|-weather|Sandstorm|[upkeep]
|-heal|p2a: Skarmory|37/100|[from] item: Leftovers
|upkeep
|turn|2
|inactive|ojr has 270 seconds left.
|inactive|Seradess has 270 seconds left.
|
|t:|1731183292
|switch|p2a: Blissey|Blissey, F|100/100
|move|p1a: Tyranitar|Ancient Power|p2a: Blissey
|-damage|p2a: Blissey|75/100
|
|-weather|Sandstorm|[upkeep]
|-damage|p2a: Blissey|69/100|[from] Sandstorm
|-heal|p2a: Blissey|75/100|[from] item: Leftovers
|upkeep
|turn|3
|inactive|ojr has 270 seconds left.
|
|t:|1731183304
|move|p1a: Tyranitar|Brick Break|p2a: Blissey
|-supereffective|p2a: Blissey
|-crit|p2a: Blissey
|-damage|p2a: Blissey|0 fnt
|faint|p2a: Blissey
|c|☆ojr|mb
|
|t:|1731183313
|switch|p2a: LeBron|Swampert, M, shiny|100/100
|
|-weather|Sandstorm|[upkeep]
|upkeep
|turn|4
|c|☆ojr|holy shit its lemickey
|inactive|ojr has 270 seconds left.
|inactive|ojr has 240 seconds left.
|
|t:|1731183362
|move|p1a: Tyranitar|Hidden Power|p2a: LeBron
|-supereffective|p2a: LeBron
|-damage|p2a: LeBron|23/100
|move|p2a: LeBron|Surf|p1a: Tyranitar
|-supereffective|p1a: Tyranitar
|-damage|p1a: Tyranitar|17/100
|
|-weather|Sandstorm|[upkeep]
|-heal|p2a: LeBron|29/100|[from] item: Leftovers
|upkeep
|turn|5
|inactive|ojr has 240 seconds left.
|
|t:|1731183387
|move|p2a: LeBron|Protect|p2a: LeBron
|-singleturn|p2a: LeBron|Protect
|move|p1a: Tyranitar|Hidden Power|p2a: LeBron
|-activate|p2a: LeBron|Protect
|
|-weather|Sandstorm|[upkeep]
|-heal|p2a: LeBron|35/100|[from] item: Leftovers
|upkeep
|turn|6
|
|t:|1731183399
|move|p1a: Tyranitar|Hidden Power|p2a: LeBron
|-supereffective|p2a: LeBron
|-damage|p2a: LeBron|0 fnt
|faint|p2a: LeBron
|
|t:|1731183401
|switch|p2a: Zapdos|Zapdos|100/100
|
|-weather|Sandstorm|[upkeep]
|-damage|p2a: Zapdos|94/100|[from] Sandstorm
|-heal|p2a: Zapdos|100/100|[from] item: Leftovers
|upkeep
|turn|7
|
|t:|1731183409
|switch|p1a: Blissey|Blissey, F|100/100
|move|p2a: Zapdos|Thunderbolt|p1a: Blissey
|-damage|p1a: Blissey|84/100
|
|-weather|Sandstorm|[upkeep]
|-damage|p2a: Zapdos|94/100|[from] Sandstorm
|-damage|p1a: Blissey|77/100|[from] Sandstorm
|-heal|p2a: Zapdos|100/100|[from] item: Leftovers
|-heal|p1a: Blissey|84/100|[from] item: Leftovers
|upkeep
|turn|8
|
|t:|1731183421
|switch|p2a: Whyrdam|Tyranitar, M, shiny|100/100
|move|p1a: Blissey|Thunder Wave|p2a: Whyrdam
|-status|p2a: Whyrdam|par
|
|-weather|Sandstorm|[upkeep]
|-damage|p1a: Blissey|77/100|[from] Sandstorm
|-heal|p1a: Blissey|84/100|[from] item: Leftovers
|upkeep
|turn|9
|
|t:|1731183435
|-singleturn|p2a: Whyrdam|move: Focus Punch
|switch|p1a: Skarmory|Skarmory, M|100/100
|cant|p2a: Whyrdam|par
|
|-weather|Sandstorm|[upkeep]
|upkeep
|turn|10
|
|t:|1731183444
|switch|p2a: Skarmory|Skarmory, F|37/100
|move|p1a: Skarmory|Spikes|p2a: Skarmory
|-sidestart|p2: Seradess|Spikes
|
|-weather|Sandstorm|[upkeep]
|-heal|p2a: Skarmory|43/100|[from] item: Leftovers
|upkeep
|turn|11
|
|t:|1731183452
|switch|p1a: Tyranitar|Tyranitar, F|17/100
|move|p2a: Skarmory|Taunt|p1a: Tyranitar
|-start|p1a: Tyranitar|move: Taunt
|
|-weather|Sandstorm|[upkeep]
|-heal|p2a: Skarmory|49/100|[from] item: Leftovers
|upkeep
|turn|12
|
|t:|1731183459
|move|p1a: Tyranitar|Ancient Power|p2a: Skarmory
|-damage|p2a: Skarmory|29/100
|move|p2a: Skarmory|Spikes|p1a: Tyranitar
|-sidestart|p1: ojr|Spikes
|
|-weather|Sandstorm|[upkeep]
|-end|p1a: Tyranitar|move: Taunt|[silent]
|-heal|p2a: Skarmory|35/100|[from] item: Leftovers
|upkeep
|turn|13
|inactive|ojr has 270 seconds left.
|
|t:|1731183469
|move|p1a: Tyranitar|Ancient Power|p2a: Skarmory
|-damage|p2a: Skarmory|15/100
|move|p2a: Skarmory|Roar|p1a: Tyranitar
|drag|p1a: Skarmory|Skarmory, M|100/100
|
|-weather|Sandstorm|[upkeep]
|-heal|p2a: Skarmory|21/100|[from] item: Leftovers
|upkeep
|turn|14
|inactive|ojr has 270 seconds left.
|
|t:|1731183478
|switch|p1a: Claydol|Claydol|100/100
|move|p2a: Skarmory|Spikes|p1a: Claydol
|-sidestart|p1: ojr|Spikes
|
|-weather|Sandstorm|[upkeep]
|-heal|p2a: Skarmory|27/100|[from] item: Leftovers
|upkeep
|turn|15
|
|t:|1731183492
|move|p2a: Skarmory|Drill Peck|p1a: Claydol
|-damage|p1a: Claydol|77/100
|move|p1a: Claydol|Rapid Spin|p2a: Skarmory
|-resisted|p2a: Skarmory
|-damage|p2a: Skarmory|26/100
|-sideend|p1: ojr|Spikes|[from] move: Rapid Spin|[of] p1a: Claydol
|
|-weather|Sandstorm|[upkeep]
|-heal|p2a: Skarmory|32/100|[from] item: Leftovers
|-heal|p1a: Claydol|83/100|[from] item: Leftovers
|upkeep
|turn|16
|inactive|ojr has 270 seconds left.
|
|t:|1731183520
|switch|p1a: Tyranitar|Tyranitar, F|17/100
|move|p2a: Skarmory|Spikes|p1a: Tyranitar
|-sidestart|p1: ojr|Spikes
|
|-weather|Sandstorm|[upkeep]
|-heal|p2a: Skarmory|38/100|[from] item: Leftovers
|upkeep
|turn|17
|inactive|ojr has 270 seconds left.
|
|t:|1731183531
|move|p1a: Tyranitar|Fire Blast|p2a: Skarmory
|-supereffective|p2a: Skarmory
|-damage|p2a: Skarmory|0 fnt
|faint|p2a: Skarmory
|
|t:|1731183535
|switch|p2a: Aleithilithos|Aerodactyl, M, shiny|100/100
|
|-weather|Sandstorm|[upkeep]
|upkeep
|turn|18
|inactive|ojr has 270 seconds left.
|
|t:|1731183560
|switch|p1a: Skarmory|Skarmory, M|100/100
|move|p2a: Aleithilithos|Double-Edge|p1a: Skarmory
|-resisted|p1a: Skarmory
|-damage|p1a: Skarmory|80/100
|
|-weather|Sandstorm|[upkeep]
|-heal|p1a: Skarmory|86/100|[from] item: Leftovers
|upkeep
|turn|19
|inactive|ojr has 270 seconds left.
|
|t:|1731183567
|switch|p2a: Whyrdam|Tyranitar, M, shiny|100/100 par
|-damage|p2a: Whyrdam|88/100 par|[from] Spikes
|move|p1a: Skarmory|Spikes|p2a: Whyrdam
|-sidestart|p2: Seradess|Spikes
|
|-weather|Sandstorm|[upkeep]
|-heal|p1a: Skarmory|92/100|[from] item: Leftovers
|-heal|p2a: Whyrdam|94/100 par|[from] item: Leftovers
|upkeep
|turn|20
|inactive|ojr has 270 seconds left.
|
|t:|1731183585
|-singleturn|p2a: Whyrdam|move: Focus Punch
|move|p1a: Skarmory|Protect|p1a: Skarmory
|-singleturn|p1a: Skarmory|Protect
|cant|p2a: Whyrdam|par
|
|-weather|Sandstorm|[upkeep]
|-heal|p1a: Skarmory|98/100|[from] item: Leftovers
|-heal|p2a: Whyrdam|100/100 par|[from] item: Leftovers
|upkeep
|turn|21
|
|t:|1731183592
|-singleturn|p2a: Whyrdam|move: Focus Punch
|move|p1a: Skarmory|Spikes|p2a: Whyrdam
|-sidestart|p2: Seradess|Spikes
|move|p2a: Whyrdam|Focus Punch|p1a: Skarmory
|-damage|p1a: Skarmory|51/100
|
|-weather|Sandstorm|[upkeep]
|-heal|p1a: Skarmory|57/100|[from] item: Leftovers
|upkeep
|turn|22
|
|t:|1731183599
|-singleturn|p2a: Whyrdam|move: Focus Punch
|move|p1a: Skarmory|Protect|p1a: Skarmory
|-singleturn|p1a: Skarmory|Protect
|cant|p2a: Whyrdam|par
|
|-weather|Sandstorm|[upkeep]
|-heal|p1a: Skarmory|63/100|[from] item: Leftovers
|upkeep
|turn|23
|
|t:|1731183611
|-singleturn|p2a: Whyrdam|move: Focus Punch
|switch|p1a: Claydol|Claydol|83/100
|move|p2a: Whyrdam|Focus Punch|p1a: Claydol
|-resisted|p1a: Claydol
|-damage|p1a: Claydol|53/100
|
|-weather|Sandstorm|[upkeep]
|-heal|p1a: Claydol|59/100|[from] item: Leftovers
|upkeep
|turn|24
|
|t:|1731183618
|move|p1a: Claydol|Earthquake|p2a: Whyrdam
|-supereffective|p2a: Whyrdam
|-damage|p2a: Whyrdam|44/100 par
|move|p2a: Whyrdam|Hidden Power|p1a: Claydol
|-supereffective|p1a: Claydol
|-damage|p1a: Claydol|0 fnt
|faint|p1a: Claydol
|inactive|ojr has 270 seconds left.
|inactive|ojr has 240 seconds left.
|
|t:|1731183681
|switch|p1a: Salamence|Salamence, M|100/100
|-ability|p1a: Salamence|Intimidate|boost
|-unboost|p2a: Whyrdam|atk|1
|
|-weather|Sandstorm|[upkeep]
|-damage|p1a: Salamence|94/100|[from] Sandstorm
|-heal|p1a: Salamence|100/100|[from] item: Leftovers
|-heal|p2a: Whyrdam|50/100 par|[from] item: Leftovers
|upkeep
|turn|25
|
|t:|1731183698
|move|p1a: Salamence|Dragon Dance|p1a: Salamence
|-boost|p1a: Salamence|atk|1
|-boost|p1a: Salamence|spe|1
|move|p2a: Whyrdam|Rock Slide|p1a: Salamence
|-supereffective|p1a: Salamence
|-damage|p1a: Salamence|21/100
|
|-weather|Sandstorm|[upkeep]
|-damage|p1a: Salamence|15/100|[from] Sandstorm
|-heal|p1a: Salamence|21/100|[from] item: Leftovers
|-heal|p2a: Whyrdam|57/100 par|[from] item: Leftovers
|upkeep
|turn|26
|
|t:|1731183702
|move|p1a: Salamence|Earthquake|p2a: Whyrdam
|-supereffective|p2a: Whyrdam
|-damage|p2a: Whyrdam|0 fnt
|faint|p2a: Whyrdam
|
|t:|1731183705
|switch|p2a: Zapdos|Zapdos|100/100
|
|-weather|Sandstorm|[upkeep]
|-damage|p1a: Salamence|15/100|[from] Sandstorm
|-damage|p2a: Zapdos|94/100|[from] Sandstorm
|-heal|p1a: Salamence|21/100|[from] item: Leftovers
|-heal|p2a: Zapdos|100/100|[from] item: Leftovers
|upkeep
|turn|27
|inactive|ojr has 240 seconds left.
|
|t:|1731183721
|move|p1a: Salamence|Rock Slide|p2a: Zapdos
|-supereffective|p2a: Zapdos
|-damage|p2a: Zapdos|15/100
|move|p2a: Zapdos|Thunderbolt|p1a: Salamence
|-damage|p1a: Salamence|0 fnt
|faint|p1a: Salamence
|
|t:|1731183728
|switch|p1a: Blissey|Blissey, F|84/100
|-damage|p1a: Blissey|71/100|[from] Spikes
|
|-weather|Sandstorm|[upkeep]
|-damage|p2a: Zapdos|9/100|[from] Sandstorm
|-damage|p1a: Blissey|65/100|[from] Sandstorm
|-heal|p2a: Zapdos|15/100|[from] item: Leftovers
|-heal|p1a: Blissey|71/100|[from] item: Leftovers
|upkeep
|turn|28
|inactive|ojr has 240 seconds left.
|
|t:|1731183740
|move|p1a: Blissey|Ice Beam|p2a: Zapdos
|-supereffective|p2a: Zapdos
|-damage|p2a: Zapdos|0 fnt
|faint|p2a: Zapdos
|
|t:|1731183741
|switch|p2a: Aleithilithos|Aerodactyl, M, shiny|100/100
|
|-weather|Sandstorm|[upkeep]
|-damage|p1a: Blissey|65/100|[from] Sandstorm
|-heal|p1a: Blissey|71/100|[from] item: Leftovers
|upkeep
|turn|29
|inactive|ojr has 240 seconds left.
|
|t:|1731183752
|move|p2a: Aleithilithos|Rock Slide|p1a: Blissey
|-damage|p1a: Blissey|21/100
|move|p1a: Blissey|Ice Beam|p2a: Aleithilithos
|-supereffective|p2a: Aleithilithos
|-damage|p2a: Aleithilithos|29/100
|
|-weather|Sandstorm|[upkeep]
|-damage|p1a: Blissey|14/100|[from] Sandstorm
|-heal|p1a: Blissey|21/100|[from] item: Leftovers
|upkeep
|turn|30
|
|t:|1731183760
|move|p2a: Aleithilithos|Rock Slide|p1a: Blissey
|-damage|p1a: Blissey|0 fnt
|faint|p1a: Blissey
|
|t:|1731183763
|switch|p1a: Metagross|Metagross|100/100
|-damage|p1a: Metagross|88/100|[from] Spikes
|
|-weather|Sandstorm|[upkeep]
|-heal|p1a: Metagross|94/100|[from] item: Leftovers
|upkeep
|turn|31
|
|t:|1731183772
|move|p1a: Metagross|Protect|p1a: Metagross
|-singleturn|p1a: Metagross|Protect
|move|p2a: Aleithilithos|Rock Slide|p1a: Metagross
|-activate|p1a: Metagross|Protect
|
|-weather|Sandstorm|[upkeep]
|-heal|p1a: Metagross|99/100|[from] item: Leftovers
|upkeep
|turn|32
|
|t:|1731183781
|move|p2a: Aleithilithos|Rock Slide|p1a: Metagross
|-resisted|p1a: Metagross
|-damage|p1a: Metagross|86/100
|cant|p1a: Metagross|flinch
|
|-weather|Sandstorm|[upkeep]
|-heal|p1a: Metagross|93/100|[from] item: Leftovers
|upkeep
|turn|33
|
|t:|1731183786
|move|p1a: Metagross|Protect|p1a: Metagross
|-singleturn|p1a: Metagross|Protect
|move|p2a: Aleithilithos|Rock Slide|p1a: Metagross
|-activate|p1a: Metagross|Protect
|
|-weather|Sandstorm|[upkeep]
|-heal|p1a: Metagross|99/100|[from] item: Leftovers
|upkeep
|turn|34
|
|t:|1731183790
|move|p2a: Aleithilithos|Rock Slide|p1a: Metagross
|-resisted|p1a: Metagross
|-damage|p1a: Metagross|83/100
|move|p1a: Metagross|Meteor Mash|p2a: Aleithilithos
|-supereffective|p2a: Aleithilithos
|-damage|p2a: Aleithilithos|0 fnt
|faint|p2a: Aleithilithos
|
|win|ojr
|c|☆ojr|gg
|player|p2|
|player|p1|
|player|p1|ojr|#ptplvjirachis|

</script>
<script type="application/json" class="data" id="replaydata-smogtours-gen3ou-805552">
{"id":"smogtours-gen3ou-805552","format":"[Gen 3] OU","players":["ojr","Seradess"],"uploadtime":1731183790,"views":53,"formatid":"gen3ou","rating":null,"private":0,"password":null}
</script>

<script defer src="js/replays.js?9d40a366"></script>
