<!DOCTYPE html>
<meta charset="utf-8" />
<meta name="viewport" content="width=device-width" />

<title>[Gen 3] OU: RodentCollector vs. thedolla - Replays - Pok&eacute;mon Showdown!</title>

<meta name="description" content="Watch a replay of a Pok&eacute;mon battle between RodentCollector and thedolla! Format: [Gen 3] OU; Date: Nov 3, 2024" />
<!--

Hey, you! Looking in the source for the replay log?

You can find them in JSON format, just add `.json` at the end of a replay URL.

https://replay.pokemonshowdown.com/gen7randomdoublesbattle-865046831.json

Or, if you only need the log itself, add `.log` instead:

https://replay.pokemonshowdown.com/gen7randomdoublesbattle-865046831.log

-->

<link rel="stylesheet" href="//pokemonshowdown.com/style/global.css?0.023195364461161105" />
<link rel="stylesheet" href="//play.pokemonshowdown.com/style/font-awesome.css?0.13261647063804238" />
<link rel="stylesheet" href="//play.pokemonshowdown.com/style/battle.css?0.8753245789963631" />
<link rel="stylesheet" href="//play.pokemonshowdown.com/style/utilichart.css?0.8627959624976733" />

<!-- Global site tag (gtag.js) - Google Analytics -->
<script async src="https://www.googletagmanager.com/gtag/js?id=UA-26211653-1"></script>
<script>
  window.dataLayer = window.dataLayer || [];
  function gtag(){dataLayer.push(arguments);}
  gtag('js', new Date());

  gtag('config', 'UA-26211653-1');
</script>
<!-- End Google Analytics -->
<!-- Venatus Ad Manager - Install in <HEAD> of page -->
	<script src="https://hb.vntsm.com/v3/live/ad-manager.min.js" type="text/javascript" data-site-id="642aba63ec9a7b11c3c9c1be" data-mode="scan" async></script>
<!-- / Venatus Ad Manager -->

<style>
	@media (max-width:820px) {
		.battle {
			margin: 0 auto;
		}
		.battle-log {
			margin: 7px auto 0;
			max-width: 640px;
			height: 300px;
			position: static;
		}
	}
	.optgroup {
		display: inline-block;
		line-height: 22px;
		font-size: 10pt;
	}
	.optgroup .button {
		height: 25px;
		padding-top: 0;
		padding-bottom: 0;
	}
	.optgroup button.button {
		padding-left: 12px;
		padding-right: 12px;
	}
	.linklist {
		list-style: none;
		margin: 0.5em 0;
		padding: 0;
	}
	.linklist li {
		padding: 2px 0;
	}
	.sidebar {
		float: left;
		width: 320px;
	}
	.bar-wrapper {
		max-width: 1100px;
		margin: 0 auto;
	}
	.bar-wrapper.has-sidebar {
		max-width: 1430px;
	}
	.mainbar {
		margin: 0;
		padding-right: 1px;
	}
	.mainbar.has-sidebar {
		margin-left: 330px;
	}
	@media (min-width: 1511px) {
		.sidebar {
			width: 400px;
		}
		.bar-wrapper.has-sidebar {
			max-width: 1510px;
		}
		.mainbar.has-sidebar {
			margin-left: 410px;
		}
	}
	.section.first-section {
		margin-top: 9px;
	}
	.blocklink small {
		white-space: normal;
	}
	.button {
		vertical-align: middle;
	}
	.replay-controls {
		padding-top: 10px;
	}
	.replay-controls h1 {
		font-size: 16pt;
		font-weight: normal;
		color: #CCC;
	}
	.pagelink {
		text-align: center;
	}
	.pagelink a {
		width: 150px;
	}
	.textbox, .button {
		font-size: 11pt;
		vertical-align: middle;
	}
	@media (max-width: 450px) {
		.button {
			font-size: 9pt;
		}
	}
</style>

<div>

	<header>
		<div class="nav-wrapper"><ul class="nav">
			<li><a class="button nav-first" href="//pokemonshowdown.com/"><img src="//pokemonshowdown.com/images/pokemonshowdownbeta.png" srcset="//pokemonshowdown.com/images/pokemonshowdownbeta.png 1x, //pokemonshowdown.com/images/pokemonshowdownbeta@2x.png 2x" alt="Pok&eacute;mon Showdown" width="146" height="44" /> Home</a></li>
			<li><a class="button" href="//pokemonshowdown.com/dex/">Pok&eacute;dex</a></li>
			<li><a class="button cur" href="/">Replays</a></li>
			<li><a class="button" href="//pokemonshowdown.com/ladder/">Ladder</a></li>
			<li><a class="button nav-last" href="//pokemonshowdown.com/forums/">Forum</a></li>
			<li><a class="button greenbutton nav-first nav-last" href="//play.pokemonshowdown.com/">Play</a></li>
		</ul></div>
	</header>

	<div class="main" id="main">

		<noscript><section class="section">You need to enable JavaScript to use this page; sorry!</section></noscript>

	</div>

</div>

<script defer nomodule src="//play.pokemonshowdown.com/js/lib/ps-polyfill.js"></script>
<script defer src="//play.pokemonshowdown.com/js/lib/preact.min.js"></script>

<script defer src="//play.pokemonshowdown.com/config/config.js?2bddbc15"></script>
<script defer src="//play.pokemonshowdown.com/js/lib/jquery-1.11.0.min.js"></script>
<script defer src="//play.pokemonshowdown.com/js/lib/html-sanitizer-minified.js"></script>
<script defer src="//play.pokemonshowdown.com/js/battle-sound.js"></script>
<script defer src="//play.pokemonshowdown.com/js/battledata.js?0.7209276989879541"></script>
<script defer src="//play.pokemonshowdown.com/data/pokedex-mini.js?0.6111056340867951"></script>
<script defer src="//play.pokemonshowdown.com/data/pokedex-mini-bw.js?0.3532142036491459"></script>
<script defer src="//play.pokemonshowdown.com/data/graphics.js?0.24223875632456182"></script>
<script defer src="//play.pokemonshowdown.com/data/pokedex.js?0.38839984266356864"></script>
<script defer src="//play.pokemonshowdown.com/data/moves.js?0.21866028504024015"></script>
<script defer src="//play.pokemonshowdown.com/data/abilities.js?0.2005157953846628"></script>
<script defer src="//play.pokemonshowdown.com/data/items.js?0.9894211263848525"></script>
<script defer src="//play.pokemonshowdown.com/data/teambuilder-tables.js?0.6008791140282215"></script>
<script defer src="//play.pokemonshowdown.com/js/battle-tooltips.js?0.7580118955022959"></script>
<script defer src="//play.pokemonshowdown.com/js/battle.js?0.6057722274234274"></script>

<script defer src="js/utils.js?e31f9a17"></script>
<script defer src="js/replays-battle.js?7008c182"></script>

<!-- don't scrape this data! just add .json or .log after the URL!
Full API docs: https://github.com/smogon/pokemon-showdown-client/blob/master/WEB-API.md -->
<script type="text/plain" class="log" id="replaylog-smogtours-gen3ou-804370">
|inactive|Battle timer is ON: inactive players will automatically lose when time's up.
|t:|1730650279
|gametype|singles
|player|p1|RodentCollector|bugcatcher-gen4dp|
|player|p2|thedolla|gambler|
|teamsize|p1|6
|teamsize|p2|6
|gen|3
|tier|[Gen 3] OU
|rule|Sleep Clause Mod: Limit one foe put to sleep
|rule|Switch Priority Clause Mod: Faster Pokémon switch first
|rule|Species Clause: Limit one of each Pokémon
|rule|OHKO Clause: OHKO moves are banned
|rule|Evasion Items Clause: Evasion items are banned
|rule|Evasion Moves Clause: Evasion moves are banned
|rule|Endless Battle Clause: Forcing endless battles is banned
|rule|HP Percentage Mod: HP is shown in percentages
|rule|One Boost Passer Clause: Limit one Baton Passer that has a way to boost its stats
|rule|Freeze Clause Mod: Limit one foe frozen
|
|t:|1730650279
|start
|switch|p1a: Metagross|Metagross|100/100
|switch|p2a: Hariyama|Hariyama, M|100/100
|turn|1
|
|t:|1730650305
|switch|p2a: Celebi|Celebi|100/100
|move|p1a: Metagross|Meteor Mash|p2a: Celebi|[miss]
|-miss|p1a: Metagross|p2a: Celebi
|
|upkeep
|turn|2
|
|t:|1730650317
|move|p2a: Celebi|Leech Seed|p1a: Metagross
|-start|p1a: Metagross|move: Leech Seed
|move|p1a: Metagross|Meteor Mash|p2a: Celebi
|-damage|p2a: Celebi|34/100
|
|-heal|p2a: Celebi|40/100|[from] item: Leftovers
|-damage|p1a: Metagross|88/100|[from] Leech Seed|[of] p2a: Celebi
|-heal|p2a: Celebi|50/100|[silent]
|upkeep
|turn|3
|
|t:|1730650342
|switch|p2a: Salamence|Salamence, M|100/100
|-ability|p2a: Salamence|Intimidate|boost
|-fail|p1a: Metagross|unboost|[from] ability: Clear Body|[of] p1a: Metagross
|move|p1a: Metagross|Meteor Mash|p2a: Salamence
|-damage|p2a: Salamence|33/100
|
|-heal|p2a: Salamence|39/100|[from] item: Leftovers
|-damage|p1a: Metagross|76/100|[from] Leech Seed|[of] p2a: Salamence
|-heal|p2a: Salamence|49/100|[silent]
|upkeep
|turn|4
|
|t:|1730650361
|switch|p1a: Camerupt|Camerupt, M|100/100
|move|p2a: Salamence|Protect||[still]
|-fail|p2a: Salamence
|
|-heal|p2a: Salamence|55/100|[from] item: Leftovers
|upkeep
|turn|5
|
|t:|1730650376
|move|p2a: Salamence|Protect|p2a: Salamence
|-singleturn|p2a: Salamence|Protect
|move|p1a: Camerupt|Fire Blast|p2a: Salamence
|-activate|p2a: Salamence|Protect
|
|-heal|p2a: Salamence|61/100|[from] item: Leftovers
|upkeep
|turn|6
|inactive|thedolla has 270 seconds left.
|
|t:|1730650395
|switch|p2a: Marowak|Marowak, M|100/100
|move|p1a: Camerupt|Explosion|p2a: Marowak
|-damage|p2a: Marowak|0 fnt
|faint|p1a: Camerupt
|faint|p2a: Marowak
|inactive|thedolla has 270 seconds left.
|
|t:|1730650421
|switch|p2a: Salamence|Salamence, M|61/100
|switch|p1a: Gyarados|Gyarados, F|100/100
|-ability|p1a: Gyarados|Intimidate|boost
|-unboost|p2a: Salamence|atk|1
|-ability|p2a: Salamence|Intimidate|boost
|-unboost|p1a: Gyarados|atk|1
|
|-heal|p2a: Salamence|68/100|[from] item: Leftovers
|upkeep
|turn|7
|
|t:|1730650432
|move|p1a: Gyarados|Dragon Dance|p1a: Gyarados
|-boost|p1a: Gyarados|atk|1
|-boost|p1a: Gyarados|spe|1
|move|p2a: Salamence|Toxic|p1a: Gyarados
|-status|p1a: Gyarados|tox
|
|-damage|p1a: Gyarados|95/100 tox|[from] psn
|-heal|p2a: Salamence|74/100|[from] item: Leftovers
|upkeep
|turn|8
|inactive|thedolla has 270 seconds left.
|
|t:|1730650466
|move|p1a: Gyarados|Dragon Dance|p1a: Gyarados
|-boost|p1a: Gyarados|atk|1
|-boost|p1a: Gyarados|spe|1
|move|p2a: Salamence|Wish|p2a: Salamence
|
|-heal|p1a: Gyarados|100/100 tox|[from] item: Leftovers
|-damage|p1a: Gyarados|89/100 tox|[from] psn
|-heal|p2a: Salamence|80/100|[from] item: Leftovers
|upkeep
|turn|9
|
|t:|1730650474
|switch|p2a: Jirachi|Jirachi|100/100
|move|p1a: Gyarados|Dragon Dance|p1a: Gyarados
|-boost|p1a: Gyarados|atk|1
|-boost|p1a: Gyarados|spe|1
|
|-heal|p1a: Gyarados|95/100 tox|[from] item: Leftovers
|-damage|p1a: Gyarados|77/100 tox|[from] psn
|upkeep
|turn|10
|
|t:|1730650481
|move|p2a: Jirachi|Protect|p2a: Jirachi
|-singleturn|p2a: Jirachi|Protect
|move|p1a: Gyarados|Earthquake|p2a: Jirachi
|-activate|p2a: Jirachi|Protect
|
|-heal|p1a: Gyarados|83/100 tox|[from] item: Leftovers
|-damage|p1a: Gyarados|59/100 tox|[from] psn
|upkeep
|turn|11
|inactive|thedolla has 270 seconds left.
|
|t:|1730650498
|switch|p2a: Celebi|Celebi|50/100
|move|p1a: Gyarados|Earthquake|p2a: Celebi
|-resisted|p2a: Celebi
|-damage|p2a: Celebi|26/100
|
|-heal|p1a: Gyarados|65/100 tox|[from] item: Leftovers
|-damage|p1a: Gyarados|35/100 tox|[from] psn
|-heal|p2a: Celebi|32/100|[from] item: Leftovers
|upkeep
|turn|12
|inactive|thedolla has 240 seconds left.
|
|t:|1730650528
|move|p1a: Gyarados|Double-Edge|p2a: Celebi
|-crit|p2a: Celebi
|-damage|p2a: Celebi|0 fnt
|-damage|p1a: Gyarados|23/100 tox|[from] Recoil|[of] p2a: Celebi
|faint|p2a: Celebi
|inactive|thedolla has 240 seconds left.
|
|t:|1730650544
|switch|p2a: Salamence|Salamence, M|80/100
|-ability|p2a: Salamence|Intimidate|boost
|-unboost|p1a: Gyarados|atk|1
|
|-heal|p1a: Gyarados|29/100 tox|[from] item: Leftovers
|-damage|p1a: Gyarados|0 fnt|[from] psn
|faint|p1a: Gyarados
|-heal|p2a: Salamence|86/100|[from] item: Leftovers
|upkeep
|
|t:|1730650559
|switch|p1a: Tyranitar|Tyranitar, M|100/100
|-weather|Sandstorm|[from] ability: Sand Stream|[of] p1a: Tyranitar
|turn|13
|inactive|thedolla has 240 seconds left.
|
|t:|1730650572
|switch|p2a: Hariyama|Hariyama, M|100/100
|move|p1a: Tyranitar|Rock Slide|p2a: Hariyama|[miss]
|-miss|p1a: Tyranitar|p2a: Hariyama
|
|-weather|Sandstorm|[upkeep]
|-damage|p2a: Hariyama|94/100|[from] Sandstorm
|-heal|p2a: Hariyama|100/100|[from] item: Leftovers
|upkeep
|turn|14
|inactive|thedolla has 240 seconds left.
|
|t:|1730650583
|switch|p1a: Metagross|Metagross|76/100
|move|p2a: Hariyama|Knock Off|p1a: Metagross
|-damage|p1a: Metagross|73/100
|-enditem|p1a: Metagross|Choice Band|[from] move: Knock Off|[of] p2a: Hariyama
|-hint|In Gens 3-4, Knock Off only makes the target's item unusable; it cannot obtain a new item.
|
|-weather|Sandstorm|[upkeep]
|-damage|p2a: Hariyama|94/100|[from] Sandstorm
|-heal|p2a: Hariyama|100/100|[from] item: Leftovers
|upkeep
|turn|15
|inactive|thedolla has 240 seconds left.
|
|t:|1730650600
|move|p1a: Metagross|Meteor Mash|p2a: Hariyama
|-damage|p2a: Hariyama|49/100
|-boost|p1a: Metagross|atk|1
|move|p2a: Hariyama|Brick Break|p1a: Metagross
|-damage|p1a: Metagross|39/100
|
|-weather|Sandstorm|[upkeep]
|-damage|p2a: Hariyama|43/100|[from] Sandstorm
|-heal|p2a: Hariyama|49/100|[from] item: Leftovers
|upkeep
|turn|16
|inactive|thedolla has 240 seconds left.
|
|t:|1730650633
|switch|p2a: Starmie|Starmie|100/100
|move|p1a: Metagross|Meteor Mash|p2a: Starmie
|-resisted|p2a: Starmie
|-damage|p2a: Starmie|46/100
|
|-weather|Sandstorm|[upkeep]
|-damage|p2a: Starmie|39/100|[from] Sandstorm
|-heal|p2a: Starmie|46/100|[from] item: Leftovers
|upkeep
|turn|17
|
|t:|1730650649
|move|p2a: Starmie|Surf|p1a: Metagross
|-damage|p1a: Metagross|0 fnt
|faint|p1a: Metagross
|
|t:|1730650656
|switch|p1a: Jolteon|Jolteon, M|100/100
|
|-weather|Sandstorm|[upkeep]
|-damage|p1a: Jolteon|94/100|[from] Sandstorm
|-damage|p2a: Starmie|39/100|[from] Sandstorm
|-heal|p1a: Jolteon|100/100|[from] item: Leftovers
|-heal|p2a: Starmie|46/100|[from] item: Leftovers
|upkeep
|turn|18
|
|t:|1730650669
|move|p1a: Jolteon|Thunderbolt|p2a: Starmie
|-supereffective|p2a: Starmie
|-damage|p2a: Starmie|0 fnt
|faint|p2a: Starmie
|
|t:|1730650670
|switch|p2a: Jirachi|Jirachi|100/100
|
|-weather|Sandstorm|[upkeep]
|-damage|p1a: Jolteon|94/100|[from] Sandstorm
|-heal|p1a: Jolteon|100/100|[from] item: Leftovers
|upkeep
|turn|19
|inactive|thedolla has 240 seconds left.
|
|t:|1730650687
|move|p2a: Jirachi|Protect|p2a: Jirachi
|-singleturn|p2a: Jirachi|Protect
|move|p1a: Jolteon|Thunderbolt|p2a: Jirachi
|-activate|p2a: Jirachi|Protect
|
|-weather|Sandstorm|[upkeep]
|-damage|p1a: Jolteon|94/100|[from] Sandstorm
|-heal|p1a: Jolteon|100/100|[from] item: Leftovers
|upkeep
|turn|20
|
|t:|1730650693
|move|p1a: Jolteon|Thunderbolt|p2a: Jirachi
|-crit|p2a: Jirachi
|-damage|p2a: Jirachi|40/100
|-status|p2a: Jirachi|par
|move|p2a: Jirachi|Body Slam|p1a: Jolteon
|-damage|p1a: Jolteon|65/100
|-status|p1a: Jolteon|par
|
|-weather|Sandstorm|[upkeep]
|-damage|p1a: Jolteon|59/100 par|[from] Sandstorm
|-heal|p1a: Jolteon|65/100 par|[from] item: Leftovers
|-heal|p2a: Jirachi|46/100 par|[from] item: Leftovers
|upkeep
|turn|21
|
|t:|1730650700
|cant|p1a: Jolteon|par
|cant|p2a: Jirachi|par
|
|-weather|Sandstorm|[upkeep]
|-damage|p1a: Jolteon|59/100 par|[from] Sandstorm
|-heal|p1a: Jolteon|65/100 par|[from] item: Leftovers
|-heal|p2a: Jirachi|52/100 par|[from] item: Leftovers
|upkeep
|turn|22
|
|t:|1730650706
|cant|p1a: Jolteon|par
|move|p2a: Jirachi|Wish|p2a: Jirachi
|
|-weather|Sandstorm|[upkeep]
|-damage|p1a: Jolteon|59/100 par|[from] Sandstorm
|-heal|p1a: Jolteon|65/100 par|[from] item: Leftovers
|-heal|p2a: Jirachi|58/100 par|[from] item: Leftovers
|upkeep
|turn|23
|
|t:|1730650711
|move|p1a: Jolteon|Baton Pass|p1a: Jolteon
|
|t:|1730650715
|switch|p1a: Tyranitar|Tyranitar, M|100/100|[from] Baton Pass
|move|p2a: Jirachi|Body Slam|p1a: Tyranitar
|-resisted|p1a: Tyranitar
|-damage|p1a: Tyranitar|93/100
|-status|p1a: Tyranitar|par
|
|-heal|p2a: Jirachi|100/100 par|[from] move: Wish|[wisher] Jirachi
|-weather|Sandstorm|[upkeep]
|-heal|p1a: Tyranitar|99/100 par|[from] item: Leftovers
|upkeep
|turn|24
|inactive|thedolla has 270 seconds left.
|
|t:|1730650730
|move|p2a: Jirachi|Protect|p2a: Jirachi
|-singleturn|p2a: Jirachi|Protect
|cant|p1a: Tyranitar|par
|
|-weather|Sandstorm|[upkeep]
|-heal|p1a: Tyranitar|100/100 par|[from] item: Leftovers
|upkeep
|turn|25
|
|t:|1730650736
|switch|p2a: Salamence|Salamence, M|86/100
|-ability|p2a: Salamence|Intimidate|boost
|-unboost|p1a: Tyranitar|atk|1
|move|p1a: Tyranitar|Earthquake|p2a: Salamence
|-immune|p2a: Salamence
|
|-weather|Sandstorm|[upkeep]
|-damage|p2a: Salamence|80/100|[from] Sandstorm
|-heal|p2a: Salamence|86/100|[from] item: Leftovers
|upkeep
|turn|26
|
|t:|1730650747
|switch|p1a: Salamence|Salamence, F|100/100
|-ability|p1a: Salamence|Intimidate|boost
|-unboost|p2a: Salamence|atk|1
|move|p2a: Salamence|Protect||[still]
|-fail|p2a: Salamence
|
|-weather|Sandstorm|[upkeep]
|-damage|p1a: Salamence|94/100|[from] Sandstorm
|-damage|p2a: Salamence|80/100|[from] Sandstorm
|-heal|p1a: Salamence|100/100|[from] item: Leftovers
|-heal|p2a: Salamence|86/100|[from] item: Leftovers
|upkeep
|turn|27
|
|t:|1730650753
|switch|p1a: Tyranitar|Tyranitar, M|100/100 par
|move|p2a: Salamence|Toxic||[still]
|-fail|p2a: Salamence
|
|-weather|Sandstorm|[upkeep]
|-damage|p2a: Salamence|80/100|[from] Sandstorm
|-heal|p2a: Salamence|86/100|[from] item: Leftovers
|upkeep
|turn|28
|
|t:|1730650758
|switch|p2a: Hariyama|Hariyama, M|49/100
|move|p1a: Tyranitar|Earthquake|p2a: Hariyama
|-damage|p2a: Hariyama|16/100
|
|-weather|Sandstorm|[upkeep]
|-damage|p2a: Hariyama|10/100|[from] Sandstorm
|-heal|p2a: Hariyama|16/100|[from] item: Leftovers
|upkeep
|turn|29
|
|t:|1730650772
|switch|p2a: Jirachi|Jirachi|100/100 par
|switch|p1a: Jolteon|Jolteon, M|65/100 par
|
|-weather|Sandstorm|[upkeep]
|-damage|p1a: Jolteon|59/100 par|[from] Sandstorm
|-heal|p1a: Jolteon|65/100 par|[from] item: Leftovers
|upkeep
|turn|30
|
|t:|1730650776
|move|p1a: Jolteon|Thunderbolt|p2a: Jirachi
|-damage|p2a: Jirachi|71/100 par
|move|p2a: Jirachi|Wish|p2a: Jirachi
|
|-weather|Sandstorm|[upkeep]
|-damage|p1a: Jolteon|59/100 par|[from] Sandstorm
|-heal|p1a: Jolteon|65/100 par|[from] item: Leftovers
|-heal|p2a: Jirachi|77/100 par|[from] item: Leftovers
|upkeep
|turn|31
|
|t:|1730650781
|move|p1a: Jolteon|Baton Pass|p1a: Jolteon
|
|t:|1730650783
|switch|p1a: Tyranitar|Tyranitar, M|100/100 par|[from] Baton Pass
|move|p2a: Jirachi|Body Slam|p1a: Tyranitar
|-resisted|p1a: Tyranitar
|-damage|p1a: Tyranitar|93/100 par
|
|-heal|p2a: Jirachi|100/100 par|[from] move: Wish|[wisher] Jirachi
|-weather|Sandstorm|[upkeep]
|-heal|p1a: Tyranitar|99/100 par|[from] item: Leftovers
|upkeep
|turn|32
|
|t:|1730650790
|switch|p2a: Salamence|Salamence, M|86/100
|-ability|p2a: Salamence|Intimidate|boost
|-unboost|p1a: Tyranitar|atk|1
|move|p1a: Tyranitar|Earthquake|p2a: Salamence
|-immune|p2a: Salamence
|
|-weather|Sandstorm|[upkeep]
|-damage|p2a: Salamence|80/100|[from] Sandstorm
|-heal|p2a: Salamence|86/100|[from] item: Leftovers
|-heal|p1a: Tyranitar|100/100 par|[from] item: Leftovers
|upkeep
|turn|33
|
|t:|1730650794
|move|p2a: Salamence|Wish|p2a: Salamence
|move|p1a: Tyranitar|Earthquake|p2a: Salamence
|-immune|p2a: Salamence
|
|-weather|Sandstorm|[upkeep]
|-damage|p2a: Salamence|80/100|[from] Sandstorm
|-heal|p2a: Salamence|86/100|[from] item: Leftovers
|upkeep
|turn|34
|
|t:|1730650802
|move|p2a: Salamence|Flamethrower|p1a: Tyranitar
|-resisted|p1a: Tyranitar
|-damage|p1a: Tyranitar|90/100 par
|move|p1a: Tyranitar|Earthquake|p2a: Salamence
|-immune|p2a: Salamence
|
|-heal|p2a: Salamence|100/100|[from] move: Wish|[wisher] Salamence
|-weather|Sandstorm|[upkeep]
|-damage|p2a: Salamence|94/100|[from] Sandstorm
|-heal|p2a: Salamence|100/100|[from] item: Leftovers
|-heal|p1a: Tyranitar|96/100 par|[from] item: Leftovers
|upkeep
|turn|35
|
|t:|1730650814
|move|p2a: Salamence|Wish|p2a: Salamence
|move|p1a: Tyranitar|Rock Slide|p2a: Salamence
|-supereffective|p2a: Salamence
|-damage|p2a: Salamence|64/100
|
|-weather|Sandstorm|[upkeep]
|-damage|p2a: Salamence|58/100|[from] Sandstorm
|-heal|p2a: Salamence|64/100|[from] item: Leftovers
|-heal|p1a: Tyranitar|100/100 par|[from] item: Leftovers
|upkeep
|turn|36
|
|t:|1730650819
|move|p2a: Salamence|Flamethrower|p1a: Tyranitar
|-resisted|p1a: Tyranitar
|-damage|p1a: Tyranitar|89/100 par
|cant|p1a: Tyranitar|par
|
|-heal|p2a: Salamence|100/100|[from] move: Wish|[wisher] Salamence
|-weather|Sandstorm|[upkeep]
|-damage|p2a: Salamence|94/100|[from] Sandstorm
|-heal|p2a: Salamence|100/100|[from] item: Leftovers
|-heal|p1a: Tyranitar|96/100 par|[from] item: Leftovers
|upkeep
|turn|37
|
|t:|1730650822
|move|p2a: Salamence|Flamethrower|p1a: Tyranitar
|-resisted|p1a: Tyranitar
|-crit|p1a: Tyranitar
|-damage|p1a: Tyranitar|74/100 par
|move|p1a: Tyranitar|Rock Slide|p2a: Salamence|[miss]
|-miss|p1a: Tyranitar|p2a: Salamence
|
|-weather|Sandstorm|[upkeep]
|-damage|p2a: Salamence|94/100|[from] Sandstorm
|-heal|p2a: Salamence|100/100|[from] item: Leftovers
|-heal|p1a: Tyranitar|80/100 par|[from] item: Leftovers
|upkeep
|turn|38
|
|t:|1730650827
|move|p2a: Salamence|Flamethrower|p1a: Tyranitar
|-resisted|p1a: Tyranitar
|-crit|p1a: Tyranitar
|-damage|p1a: Tyranitar|61/100 par
|move|p1a: Tyranitar|Rock Slide|p2a: Salamence
|-supereffective|p2a: Salamence
|-damage|p2a: Salamence|62/100
|
|-weather|Sandstorm|[upkeep]
|-damage|p2a: Salamence|56/100|[from] Sandstorm
|-heal|p2a: Salamence|62/100|[from] item: Leftovers
|-heal|p1a: Tyranitar|67/100 par|[from] item: Leftovers
|upkeep
|turn|39
|
|t:|1730650834
|move|p2a: Salamence|Wish|p2a: Salamence
|move|p1a: Tyranitar|Rock Slide|p2a: Salamence
|-supereffective|p2a: Salamence
|-damage|p2a: Salamence|21/100
|
|-weather|Sandstorm|[upkeep]
|-damage|p2a: Salamence|14/100|[from] Sandstorm
|-heal|p2a: Salamence|21/100|[from] item: Leftovers
|-heal|p1a: Tyranitar|74/100 par|[from] item: Leftovers
|upkeep
|turn|40
|
|t:|1730650838
|move|p2a: Salamence|Protect|p2a: Salamence
|-singleturn|p2a: Salamence|Protect
|move|p1a: Tyranitar|Rock Slide|p2a: Salamence|[miss]
|-miss|p1a: Tyranitar|p2a: Salamence
|
|-heal|p2a: Salamence|71/100|[from] move: Wish|[wisher] Salamence
|-weather|Sandstorm|[upkeep]
|-damage|p2a: Salamence|64/100|[from] Sandstorm
|-heal|p2a: Salamence|71/100|[from] item: Leftovers
|-heal|p1a: Tyranitar|80/100 par|[from] item: Leftovers
|upkeep
|turn|41
|
|t:|1730650842
|move|p2a: Salamence|Wish|p2a: Salamence
|cant|p1a: Tyranitar|par
|
|-weather|Sandstorm|[upkeep]
|-damage|p2a: Salamence|64/100|[from] Sandstorm
|-heal|p2a: Salamence|71/100|[from] item: Leftovers
|-heal|p1a: Tyranitar|86/100 par|[from] item: Leftovers
|upkeep
|turn|42
|
|t:|1730650845
|move|p2a: Salamence|Flamethrower|p1a: Tyranitar
|-resisted|p1a: Tyranitar
|-damage|p1a: Tyranitar|76/100 par
|move|p1a: Tyranitar|Rock Slide|p2a: Salamence
|-supereffective|p2a: Salamence
|-damage|p2a: Salamence|32/100
|
|-heal|p2a: Salamence|82/100|[from] move: Wish|[wisher] Salamence
|-weather|Sandstorm|[upkeep]
|-damage|p2a: Salamence|76/100|[from] Sandstorm
|-heal|p2a: Salamence|82/100|[from] item: Leftovers
|-heal|p1a: Tyranitar|82/100 par|[from] item: Leftovers
|upkeep
|turn|43
|
|t:|1730650851
|move|p2a: Salamence|Flamethrower|p1a: Tyranitar
|-resisted|p1a: Tyranitar
|-damage|p1a: Tyranitar|72/100 par
|move|p1a: Tyranitar|Rock Slide|p2a: Salamence
|-supereffective|p2a: Salamence
|-damage|p2a: Salamence|42/100
|
|-weather|Sandstorm|[upkeep]
|-damage|p2a: Salamence|36/100|[from] Sandstorm
|-heal|p2a: Salamence|42/100|[from] item: Leftovers
|-heal|p1a: Tyranitar|78/100 par|[from] item: Leftovers
|upkeep
|turn|44
|
|t:|1730650857
|switch|p1a: Jolteon|Jolteon, M|65/100 par
|move|p2a: Salamence|Protect||[still]
|-fail|p2a: Salamence
|
|-weather|Sandstorm|[upkeep]
|-damage|p2a: Salamence|36/100|[from] Sandstorm
|-damage|p1a: Jolteon|59/100 par|[from] Sandstorm
|-heal|p2a: Salamence|42/100|[from] item: Leftovers
|-heal|p1a: Jolteon|65/100 par|[from] item: Leftovers
|upkeep
|turn|45
|
|t:|1730650864
|move|p2a: Salamence|Protect|p2a: Salamence
|-singleturn|p2a: Salamence|Protect
|move|p1a: Jolteon|Thunderbolt|p2a: Salamence
|-activate|p2a: Salamence|Protect
|
|-weather|Sandstorm|[upkeep]
|-damage|p2a: Salamence|36/100|[from] Sandstorm
|-damage|p1a: Jolteon|59/100 par|[from] Sandstorm
|-heal|p2a: Salamence|42/100|[from] item: Leftovers
|-heal|p1a: Jolteon|65/100 par|[from] item: Leftovers
|upkeep
|turn|46
|
|t:|1730650872
|switch|p2a: Jirachi|Jirachi|100/100 par
|move|p1a: Jolteon|Baton Pass|p1a: Jolteon
|
|t:|1730650875
|switch|p1a: Tyranitar|Tyranitar, M|78/100 par|[from] Baton Pass
|
|-weather|Sandstorm|[upkeep]
|-heal|p1a: Tyranitar|85/100 par|[from] item: Leftovers
|upkeep
|turn|47
|
|t:|1730650880
|cant|p2a: Jirachi|par
|move|p1a: Tyranitar|Dragon Dance|p1a: Tyranitar
|-boost|p1a: Tyranitar|atk|1
|-boost|p1a: Tyranitar|spe|1
|
|-weather|Sandstorm|[upkeep]
|-heal|p1a: Tyranitar|91/100 par|[from] item: Leftovers
|upkeep
|turn|48
|
|t:|1730650885
|move|p1a: Tyranitar|Earthquake|p2a: Jirachi
|-supereffective|p2a: Jirachi
|-damage|p2a: Jirachi|26/100 par
|cant|p2a: Jirachi|par
|
|-weather|Sandstorm|[upkeep]
|-heal|p1a: Tyranitar|97/100 par|[from] item: Leftovers
|-heal|p2a: Jirachi|32/100 par|[from] item: Leftovers
|upkeep
|turn|49
|
|t:|1730650890
|cant|p2a: Jirachi|par
|move|p1a: Tyranitar|Rock Slide|p2a: Jirachi
|-resisted|p2a: Jirachi
|-damage|p2a: Jirachi|10/100 par
|
|-weather|Sandstorm|[upkeep]
|-heal|p1a: Tyranitar|100/100 par|[from] item: Leftovers
|-heal|p2a: Jirachi|16/100 par|[from] item: Leftovers
|upkeep
|turn|50
|
|t:|1730650895
|move|p1a: Tyranitar|Earthquake|p2a: Jirachi
|-supereffective|p2a: Jirachi
|-damage|p2a: Jirachi|0 fnt
|faint|p2a: Jirachi
|
|t:|1730650900
|switch|p2a: Salamence|Salamence, M|42/100
|-ability|p2a: Salamence|Intimidate|boost
|-unboost|p1a: Tyranitar|atk|1
|
|-weather|Sandstorm|[upkeep]
|-damage|p2a: Salamence|36/100|[from] Sandstorm
|-heal|p2a: Salamence|42/100|[from] item: Leftovers
|upkeep
|turn|51
|
|t:|1730650903
|move|p2a: Salamence|Wish|p2a: Salamence
|cant|p1a: Tyranitar|par
|
|-weather|Sandstorm|[upkeep]
|-damage|p2a: Salamence|36/100|[from] Sandstorm
|-heal|p2a: Salamence|42/100|[from] item: Leftovers
|upkeep
|turn|52
|
|t:|1730650907
|move|p2a: Salamence|Protect|p2a: Salamence
|-singleturn|p2a: Salamence|Protect
|move|p1a: Tyranitar|Earthquake|p2a: Salamence
|-activate|p2a: Salamence|Protect
|
|-heal|p2a: Salamence|92/100|[from] move: Wish|[wisher] Salamence
|-weather|Sandstorm|[upkeep]
|-damage|p2a: Salamence|86/100|[from] Sandstorm
|-heal|p2a: Salamence|92/100|[from] item: Leftovers
|upkeep
|turn|53
|
|t:|1730650910
|move|p2a: Salamence|Wish|p2a: Salamence
|cant|p1a: Tyranitar|par
|
|-weather|Sandstorm|[upkeep]
|-damage|p2a: Salamence|86/100|[from] Sandstorm
|-heal|p2a: Salamence|92/100|[from] item: Leftovers
|upkeep
|turn|54
|
|t:|1730650921
|move|p2a: Salamence|Flamethrower|p1a: Tyranitar
|-resisted|p1a: Tyranitar
|-damage|p1a: Tyranitar|91/100 par
|move|p1a: Tyranitar|Earthquake|p2a: Salamence
|-immune|p2a: Salamence
|
|-heal|p2a: Salamence|100/100|[from] move: Wish|[wisher] Salamence
|-weather|Sandstorm|[upkeep]
|-damage|p2a: Salamence|94/100|[from] Sandstorm
|-heal|p2a: Salamence|100/100|[from] item: Leftovers
|-heal|p1a: Tyranitar|97/100 par|[from] item: Leftovers
|upkeep
|turn|55
|
|t:|1730650925
|move|p2a: Salamence|Wish|p2a: Salamence
|move|p1a: Tyranitar|Rock Slide|p2a: Salamence
|-supereffective|p2a: Salamence
|-damage|p2a: Salamence|43/100
|
|-weather|Sandstorm|[upkeep]
|-damage|p2a: Salamence|37/100|[from] Sandstorm
|-heal|p2a: Salamence|43/100|[from] item: Leftovers
|-heal|p1a: Tyranitar|100/100 par|[from] item: Leftovers
|upkeep
|turn|56
|
|t:|1730650930
|switch|p2a: Hariyama|Hariyama, M|16/100
|cant|p1a: Tyranitar|par
|
|-heal|p2a: Hariyama|66/100|[from] move: Wish|[wisher] Salamence
|-weather|Sandstorm|[upkeep]
|-damage|p2a: Hariyama|59/100|[from] Sandstorm
|-heal|p2a: Hariyama|66/100|[from] item: Leftovers
|upkeep
|turn|57
|
|t:|1730650941
|-singleturn|p2a: Hariyama|move: Focus Punch
|switch|p1a: Jolteon|Jolteon, M|65/100 par
|move|p2a: Hariyama|Focus Punch|p1a: Jolteon
|-damage|p1a: Jolteon|0 fnt
|faint|p1a: Jolteon
|
|t:|1730650947
|switch|p1a: Salamence|Salamence, F|100/100
|-ability|p1a: Salamence|Intimidate|boost
|-unboost|p2a: Hariyama|atk|1
|
|-weather|Sandstorm|[upkeep]
|-damage|p1a: Salamence|94/100|[from] Sandstorm
|-damage|p2a: Hariyama|59/100|[from] Sandstorm
|-heal|p1a: Salamence|100/100|[from] item: Leftovers
|-heal|p2a: Hariyama|66/100|[from] item: Leftovers
|upkeep
|turn|58
|
|t:|1730650955
|move|p1a: Salamence|Dragon Dance|p1a: Salamence
|-boost|p1a: Salamence|atk|1
|-boost|p1a: Salamence|spe|1
|move|p2a: Hariyama|Knock Off|p1a: Salamence
|-damage|p1a: Salamence|98/100
|-enditem|p1a: Salamence|Leftovers|[from] move: Knock Off|[of] p2a: Hariyama
|
|-weather|Sandstorm|[upkeep]
|-damage|p1a: Salamence|92/100|[from] Sandstorm
|-damage|p2a: Hariyama|59/100|[from] Sandstorm
|-heal|p2a: Hariyama|66/100|[from] item: Leftovers
|upkeep
|turn|59
|
|t:|1730650960
|move|p1a: Salamence|Hidden Power|p2a: Hariyama
|-supereffective|p2a: Hariyama
|-damage|p2a: Hariyama|0 fnt
|faint|p2a: Hariyama
|
|t:|1730650962
|switch|p2a: Salamence|Salamence, M|43/100
|-ability|p2a: Salamence|Intimidate|boost
|-unboost|p1a: Salamence|atk|1
|
|-weather|Sandstorm|[upkeep]
|-damage|p1a: Salamence|86/100|[from] Sandstorm
|-damage|p2a: Salamence|37/100|[from] Sandstorm
|-heal|p2a: Salamence|43/100|[from] item: Leftovers
|upkeep
|turn|60
|
|t:|1730650967
|move|p2a: Salamence|Protect|p2a: Salamence
|-singleturn|p2a: Salamence|Protect
|move|p1a: Salamence|Rock Slide|p2a: Salamence|[miss]
|-miss|p1a: Salamence|p2a: Salamence
|
|-weather|Sandstorm|[upkeep]
|-damage|p1a: Salamence|80/100|[from] Sandstorm
|-damage|p2a: Salamence|37/100|[from] Sandstorm
|-heal|p2a: Salamence|43/100|[from] item: Leftovers
|upkeep
|turn|61
|
|t:|1730650973
|move|p1a: Salamence|Hidden Power|p2a: Salamence
|-damage|p2a: Salamence|12/100
|move|p2a: Salamence|Wish|p2a: Salamence
|
|-weather|Sandstorm|[upkeep]
|-damage|p1a: Salamence|74/100|[from] Sandstorm
|-damage|p2a: Salamence|6/100|[from] Sandstorm
|-heal|p2a: Salamence|12/100|[from] item: Leftovers
|upkeep
|turn|62
|
|t:|1730650983
|move|p1a: Salamence|Dragon Dance|p1a: Salamence
|-boost|p1a: Salamence|atk|1
|-boost|p1a: Salamence|spe|1
|move|p2a: Salamence|Toxic|p1a: Salamence
|-status|p1a: Salamence|tox
|
|-heal|p2a: Salamence|62/100|[from] move: Wish|[wisher] Salamence
|-weather|Sandstorm|[upkeep]
|-damage|p1a: Salamence|68/100 tox|[from] Sandstorm
|-damage|p2a: Salamence|56/100|[from] Sandstorm
|-damage|p1a: Salamence|62/100 tox|[from] psn
|-heal|p2a: Salamence|62/100|[from] item: Leftovers
|upkeep
|turn|63
|inactive|thedolla has 270 seconds left.
|
|t:|1730651037
|move|p1a: Salamence|Rock Slide|p2a: Salamence
|-supereffective|p2a: Salamence
|-damage|p2a: Salamence|0 fnt
|faint|p2a: Salamence
|
|win|RodentCollector
|c|☆thedolla|gg
|c|☆RodentCollector|ggs

</script>
<script type="application/json" class="data" id="replaydata-smogtours-gen3ou-804370">
{"id":"smogtours-gen3ou-804370","format":"[Gen 3] OU","players":["RodentCollector","thedolla"],"uploadtime":1730651037,"views":68,"formatid":"gen3ou","rating":null,"private":0,"password":null}
</script>

<script defer src="js/replays.js?9d40a366"></script>
