<!DOCTYPE html>
<meta charset="utf-8" />
<meta name="viewport" content="width=device-width" />

<title>[Gen 3] OU: Sheik vs. bydy2 - Replays - Pok&eacute;mon Showdown!</title>

<meta name="description" content="Watch a replay of a Pok&eacute;mon battle between Sheik and bydy2! Format: [Gen 3] OU; Date: Nov 14, 2024" />
<!--

Hey, you! Looking in the source for the replay log?

You can find them in JSON format, just add `.json` at the end of a replay URL.

https://replay.pokemonshowdown.com/gen7randomdoublesbattle-865046831.json

Or, if you only need the log itself, add `.log` instead:

https://replay.pokemonshowdown.com/gen7randomdoublesbattle-865046831.log

-->

<link rel="stylesheet" href="//pokemonshowdown.com/style/global.css?0.767286132409787" />
<link rel="stylesheet" href="//play.pokemonshowdown.com/style/font-awesome.css?0.9266228007934947" />
<link rel="stylesheet" href="//play.pokemonshowdown.com/style/battle.css?0.7924700842790926" />
<link rel="stylesheet" href="//play.pokemonshowdown.com/style/utilichart.css?0.8777417872839479" />

<!-- Global site tag (gtag.js) - Google Analytics -->
<script async src="https://www.googletagmanager.com/gtag/js?id=UA-26211653-1"></script>
<script>
  window.dataLayer = window.dataLayer || [];
  function gtag(){dataLayer.push(arguments);}
  gtag('js', new Date());

  gtag('config', 'UA-26211653-1');
</script>
<!-- End Google Analytics -->
<!-- Venatus Ad Manager - Install in <HEAD> of page -->
	<script src="https://hb.vntsm.com/v3/live/ad-manager.min.js" type="text/javascript" data-site-id="642aba63ec9a7b11c3c9c1be" data-mode="scan" async></script>
<!-- / Venatus Ad Manager -->

<style>
	@media (max-width:820px) {
		.battle {
			margin: 0 auto;
		}
		.battle-log {
			margin: 7px auto 0;
			max-width: 640px;
			height: 300px;
			position: static;
		}
	}
	.optgroup {
		display: inline-block;
		line-height: 22px;
		font-size: 10pt;
	}
	.optgroup .button {
		height: 25px;
		padding-top: 0;
		padding-bottom: 0;
	}
	.optgroup button.button {
		padding-left: 12px;
		padding-right: 12px;
	}
	.linklist {
		list-style: none;
		margin: 0.5em 0;
		padding: 0;
	}
	.linklist li {
		padding: 2px 0;
	}
	.sidebar {
		float: left;
		width: 320px;
	}
	.bar-wrapper {
		max-width: 1100px;
		margin: 0 auto;
	}
	.bar-wrapper.has-sidebar {
		max-width: 1430px;
	}
	.mainbar {
		margin: 0;
		padding-right: 1px;
	}
	.mainbar.has-sidebar {
		margin-left: 330px;
	}
	@media (min-width: 1511px) {
		.sidebar {
			width: 400px;
		}
		.bar-wrapper.has-sidebar {
			max-width: 1510px;
		}
		.mainbar.has-sidebar {
			margin-left: 410px;
		}
	}
	.section.first-section {
		margin-top: 9px;
	}
	.blocklink small {
		white-space: normal;
	}
	.button {
		vertical-align: middle;
	}
	.replay-controls {
		padding-top: 10px;
	}
	.replay-controls h1 {
		font-size: 16pt;
		font-weight: normal;
		color: #CCC;
	}
	.pagelink {
		text-align: center;
	}
	.pagelink a {
		width: 150px;
	}
	.textbox, .button {
		font-size: 11pt;
		vertical-align: middle;
	}
	@media (max-width: 450px) {
		.button {
			font-size: 9pt;
		}
	}
</style>

<div>

	<header>
		<div class="nav-wrapper"><ul class="nav">
			<li><a class="button nav-first" href="//pokemonshowdown.com/"><img src="//pokemonshowdown.com/images/pokemonshowdownbeta.png" srcset="//pokemonshowdown.com/images/pokemonshowdownbeta.png 1x, //pokemonshowdown.com/images/pokemonshowdownbeta@2x.png 2x" alt="Pok&eacute;mon Showdown" width="146" height="44" /> Home</a></li>
			<li><a class="button" href="//pokemonshowdown.com/dex/">Pok&eacute;dex</a></li>
			<li><a class="button cur" href="/">Replays</a></li>
			<li><a class="button" href="//pokemonshowdown.com/ladder/">Ladder</a></li>
			<li><a class="button nav-last" href="//pokemonshowdown.com/forums/">Forum</a></li>
			<li><a class="button greenbutton nav-first nav-last" href="//play.pokemonshowdown.com/">Play</a></li>
		</ul></div>
	</header>

	<div class="main" id="main">

		<noscript><section class="section">You need to enable JavaScript to use this page; sorry!</section></noscript>

	</div>

</div>

<script defer nomodule src="//play.pokemonshowdown.com/js/lib/ps-polyfill.js"></script>
<script defer src="//play.pokemonshowdown.com/js/lib/preact.min.js"></script>

<script defer src="//play.pokemonshowdown.com/config/config.js?6dec07f6"></script>
<script defer src="//play.pokemonshowdown.com/js/lib/jquery-1.11.0.min.js"></script>
<script defer src="//play.pokemonshowdown.com/js/lib/html-sanitizer-minified.js"></script>
<script defer src="//play.pokemonshowdown.com/js/battle-sound.js"></script>
<script defer src="//play.pokemonshowdown.com/js/battledata.js?0.6315294753075389"></script>
<script defer src="//play.pokemonshowdown.com/data/pokedex-mini.js?0.7603743185311358"></script>
<script defer src="//play.pokemonshowdown.com/data/pokedex-mini-bw.js?0.030888842834281283"></script>
<script defer src="//play.pokemonshowdown.com/data/graphics.js?0.05593094747507488"></script>
<script defer src="//play.pokemonshowdown.com/data/pokedex.js?0.47064822249611904"></script>
<script defer src="//play.pokemonshowdown.com/data/moves.js?0.8583693120512459"></script>
<script defer src="//play.pokemonshowdown.com/data/abilities.js?0.16017181182386842"></script>
<script defer src="//play.pokemonshowdown.com/data/items.js?0.4163379185673943"></script>
<script defer src="//play.pokemonshowdown.com/data/teambuilder-tables.js?0.31075597372830477"></script>
<script defer src="//play.pokemonshowdown.com/js/battle-tooltips.js?0.6536193500708172"></script>
<script defer src="//play.pokemonshowdown.com/js/battle.js?0.1916591943277901"></script>

<script defer src="js/utils.js?e31f9a17"></script>
<script defer src="js/replays-battle.js?7008c182"></script>

<!-- don't scrape this data! just add .json or .log after the URL!
Full API docs: https://github.com/smogon/pokemon-showdown-client/blob/master/WEB-API.md -->
<script type="text/plain" class="log" id="replaylog-smogtours-gen3ou-806233">
|inactive|Battle timer is ON: inactive players will automatically lose when time's up.
|t:|1731598723
|gametype|singles
|player|p1|Sheik|#roaplxyorknewyanma|
|player|p2|bydy2|barry|
|teamsize|p1|6
|teamsize|p2|6
|gen|3
|tier|[Gen 3] OU
|rule|Sleep Clause Mod: Limit one foe put to sleep
|rule|Switch Priority Clause Mod: Faster Pokémon switch first
|rule|Species Clause: Limit one of each Pokémon
|rule|OHKO Clause: OHKO moves are banned
|rule|Evasion Items Clause: Evasion items are banned
|rule|Evasion Moves Clause: Evasion moves are banned
|rule|Endless Battle Clause: Forcing endless battles is banned
|rule|HP Percentage Mod: HP is shown in percentages
|rule|One Boost Passer Clause: Limit one Baton Passer that has a way to boost its stats
|rule|Freeze Clause Mod: Limit one foe frozen
|
|t:|1731598723
|start
|switch|p1a: Metagross|Metagross|100/100
|switch|p2a: Tyranitar|Tyranitar, F|100/100
|-weather|Sandstorm|[from] ability: Sand Stream|[of] p2a: Tyranitar
|turn|1
|c|☆Sheik|hf
|c|☆Sheik|/log Sheik made the replay of this battle unlisted.
|c|☆bydy2|u2
|
|t:|1731598737
|switch|p2a: Salamence|Salamence, F|100/100
|-ability|p2a: Salamence|Intimidate|boost
|-fail|p1a: Metagross|unboost|[from] ability: Clear Body|[of] p1a: Metagross
|move|p1a: Metagross|Meteor Mash|p2a: Salamence
|-damage|p2a: Salamence|0 fnt
|faint|p2a: Salamence
|inactive|bydy2 has 270 seconds left.
|c|☆bydy2|whoops fatfingered that
|
|t:|1731598774
|switch|p2a: Skarmory|Skarmory, M|100/100
|
|-weather|Sandstorm|[upkeep]
|upkeep
|turn|2
|
|t:|1731598792
|switch|p1a: Magneton|Magneton, shiny|100/100
|move|p2a: Skarmory|Spikes|p1a: Magneton
|-sidestart|p1: Sheik|Spikes
|
|-weather|Sandstorm|[upkeep]
|upkeep
|turn|3
|
|t:|1731598796
|move|p1a: Magneton|Thunderbolt|p2a: Skarmory
|-supereffective|p2a: Skarmory
|-damage|p2a: Skarmory|0 fnt
|faint|p2a: Skarmory
|
|t:|1731598800
|switch|p2a: Tyranitar|Tyranitar, F|100/100
|
|-weather|Sandstorm|[upkeep]
|upkeep
|turn|4
|
|t:|1731598819
|-singleturn|p2a: Tyranitar|move: Focus Punch
|move|p1a: Magneton|Thunder Wave|p2a: Tyranitar
|-status|p2a: Tyranitar|par
|-enditem|p2a: Tyranitar|Lum Berry|[eat]
|-curestatus|p2a: Tyranitar|par|[msg]
|move|p2a: Tyranitar|Focus Punch|p1a: Magneton
|-supereffective|p1a: Magneton
|-damage|p1a: Magneton|0 fnt
|faint|p1a: Magneton
|
|t:|1731598823
|switch|p1a: Metagross|Metagross|100/100
|-damage|p1a: Metagross|88/100|[from] Spikes
|
|-weather|Sandstorm|[upkeep]
|upkeep
|turn|5
|
|t:|1731598833
|switch|p2a: Swampert|Swampert, M|100/100
|move|p1a: Metagross|Meteor Mash|p2a: Swampert
|-resisted|p2a: Swampert
|-damage|p2a: Swampert|70/100
|
|-weather|Sandstorm|[upkeep]
|-heal|p2a: Swampert|77/100|[from] item: Leftovers
|upkeep
|turn|6
|
|t:|1731598841
|switch|p1a: Celebi|Celebi|100/100
|-damage|p1a: Celebi|88/100|[from] Spikes
|move|p2a: Swampert|Ice Beam|p1a: Celebi
|-supereffective|p1a: Celebi
|-damage|p1a: Celebi|51/100
|
|-weather|Sandstorm|[upkeep]
|-damage|p1a: Celebi|45/100|[from] Sandstorm
|-heal|p1a: Celebi|51/100|[from] item: Leftovers
|-heal|p2a: Swampert|83/100|[from] item: Leftovers
|upkeep
|turn|7
|
|t:|1731598853
|switch|p2a: Blissey|Blissey, F|100/100
|move|p1a: Celebi|Leech Seed|p2a: Blissey
|-start|p2a: Blissey|move: Leech Seed
|
|-weather|Sandstorm|[upkeep]
|-damage|p1a: Celebi|45/100|[from] Sandstorm
|-damage|p2a: Blissey|94/100|[from] Sandstorm
|-heal|p1a: Celebi|51/100|[from] item: Leftovers
|-heal|p2a: Blissey|100/100|[from] item: Leftovers
|-damage|p2a: Blissey|88/100|[from] Leech Seed|[of] p1a: Celebi
|-heal|p1a: Celebi|75/100|[silent]
|upkeep
|turn|8
|
|t:|1731598863
|move|p1a: Celebi|Giga Drain|p2a: Blissey
|-damage|p2a: Blissey|77/100
|-heal|p1a: Celebi|86/100|[from] drain|[of] p2a: Blissey
|move|p2a: Blissey|Ice Beam|p1a: Celebi
|-supereffective|p1a: Celebi
|-damage|p1a: Celebi|44/100
|
|-weather|Sandstorm|[upkeep]
|-damage|p1a: Celebi|37/100|[from] Sandstorm
|-damage|p2a: Blissey|71/100|[from] Sandstorm
|-heal|p1a: Celebi|44/100|[from] item: Leftovers
|-heal|p2a: Blissey|77/100|[from] item: Leftovers
|-damage|p2a: Blissey|64/100|[from] Leech Seed|[of] p1a: Celebi
|-heal|p1a: Celebi|68/100|[silent]
|upkeep
|turn|9
|
|t:|1731598874
|switch|p1a: Heracross|Heracross, M|100/100
|-damage|p1a: Heracross|88/100|[from] Spikes
|move|p2a: Blissey|Thunder Wave|p1a: Heracross
|-status|p1a: Heracross|par
|
|-weather|Sandstorm|[upkeep]
|-damage|p2a: Blissey|58/100|[from] Sandstorm
|-damage|p1a: Heracross|82/100 par|[from] Sandstorm
|-heal|p2a: Blissey|64/100|[from] item: Leftovers
|-damage|p2a: Blissey|52/100|[from] Leech Seed|[of] p1a: Heracross
|-heal|p1a: Heracross|100/100 par|[silent]
|upkeep
|turn|10
|
|t:|1731598881
|switch|p2a: Swampert|Swampert, M|83/100
|move|p1a: Heracross|Megahorn|p2a: Swampert
|-damage|p2a: Swampert|37/100
|
|-weather|Sandstorm|[upkeep]
|-damage|p1a: Heracross|94/100 par|[from] Sandstorm
|-heal|p2a: Swampert|43/100|[from] item: Leftovers
|upkeep
|turn|11
|
|t:|1731598898
|move|p2a: Swampert|Protect|p2a: Swampert
|-singleturn|p2a: Swampert|Protect
|move|p1a: Heracross|Megahorn|p2a: Swampert
|-activate|p2a: Swampert|Protect
|
|-weather|Sandstorm|[upkeep]
|-damage|p1a: Heracross|88/100 par|[from] Sandstorm
|-heal|p2a: Swampert|50/100|[from] item: Leftovers
|upkeep
|turn|12
|
|t:|1731598925
|move|p2a: Swampert|Hydro Pump|p1a: Heracross|[miss]
|-miss|p2a: Swampert|p1a: Heracross
|move|p1a: Heracross|Megahorn|p2a: Swampert
|-damage|p2a: Swampert|5/100
|
|-weather|Sandstorm|[upkeep]
|-damage|p1a: Heracross|82/100 par|[from] Sandstorm
|-heal|p2a: Swampert|12/100|[from] item: Leftovers
|upkeep
|turn|13
|
|t:|1731598935
|move|p2a: Swampert|Protect|p2a: Swampert
|-singleturn|p2a: Swampert|Protect
|cant|p1a: Heracross|par
|
|-weather|Sandstorm|[upkeep]
|-damage|p1a: Heracross|76/100 par|[from] Sandstorm
|-heal|p2a: Swampert|18/100|[from] item: Leftovers
|upkeep
|turn|14
|
|t:|1731598937
|move|p2a: Swampert|Hydro Pump|p1a: Heracross
|-damage|p1a: Heracross|17/100 par
|cant|p1a: Heracross|par
|
|-weather|Sandstorm|[upkeep]
|-damage|p1a: Heracross|11/100 par|[from] Sandstorm
|-heal|p2a: Swampert|24/100|[from] item: Leftovers
|-enditem|p1a: Heracross|Salac Berry|[eat]
|-boost|p1a: Heracross|spe|1|[from] item: Salac Berry
|upkeep
|turn|15
|
|t:|1731598942
|move|p2a: Swampert|Ice Beam|p1a: Heracross
|-damage|p1a: Heracross|0 fnt
|faint|p1a: Heracross
|
|t:|1731598944
|switch|p1a: Celebi|Celebi|68/100
|-damage|p1a: Celebi|55/100|[from] Spikes
|
|-weather|Sandstorm|[upkeep]
|-damage|p1a: Celebi|49/100|[from] Sandstorm
|-heal|p1a: Celebi|55/100|[from] item: Leftovers
|-heal|p2a: Swampert|30/100|[from] item: Leftovers
|upkeep
|turn|16
|
|t:|1731598951
|switch|p2a: Blissey|Blissey, F|52/100
|move|p1a: Celebi|Leech Seed|p2a: Blissey
|-start|p2a: Blissey|move: Leech Seed
|
|-weather|Sandstorm|[upkeep]
|-damage|p1a: Celebi|49/100|[from] Sandstorm
|-damage|p2a: Blissey|46/100|[from] Sandstorm
|-heal|p1a: Celebi|55/100|[from] item: Leftovers
|-heal|p2a: Blissey|52/100|[from] item: Leftovers
|-damage|p2a: Blissey|40/100|[from] Leech Seed|[of] p1a: Celebi
|-heal|p1a: Celebi|79/100|[silent]
|upkeep
|turn|17
|
|t:|1731598956
|switch|p1a: Metagross|Metagross|88/100
|-damage|p1a: Metagross|76/100|[from] Spikes
|move|p2a: Blissey|Soft-Boiled|p2a: Blissey
|-heal|p2a: Blissey|90/100
|
|-weather|Sandstorm|[upkeep]
|-damage|p2a: Blissey|83/100|[from] Sandstorm
|-heal|p2a: Blissey|90/100|[from] item: Leftovers
|-damage|p2a: Blissey|77/100|[from] Leech Seed|[of] p1a: Metagross
|-heal|p1a: Metagross|100/100|[silent]
|upkeep
|turn|18
|
|t:|1731598964
|switch|p2a: Swampert|Swampert, M|30/100
|move|p1a: Metagross|Earthquake|p2a: Swampert
|-damage|p2a: Swampert|0 fnt
|faint|p2a: Swampert
|
|t:|1731598968
|switch|p2a: Starmie|Starmie|100/100
|
|-weather|Sandstorm|[upkeep]
|-damage|p2a: Starmie|94/100|[from] Sandstorm
|-heal|p2a: Starmie|100/100|[from] item: Leftovers
|upkeep
|turn|19
|
|t:|1731598980
|switch|p1a: Snorlax|Snorlax, F, shiny|100/100
|-damage|p1a: Snorlax|88/100|[from] Spikes
|move|p2a: Starmie|Hydro Pump|p1a: Snorlax
|-damage|p1a: Snorlax|64/100
|
|-weather|Sandstorm|[upkeep]
|-damage|p2a: Starmie|94/100|[from] Sandstorm
|-damage|p1a: Snorlax|58/100|[from] Sandstorm
|-heal|p2a: Starmie|100/100|[from] item: Leftovers
|-heal|p1a: Snorlax|64/100|[from] item: Leftovers
|upkeep
|turn|20
|
|t:|1731598991
|switch|p2a: Tyranitar|Tyranitar, F|100/100
|move|p1a: Snorlax|Body Slam|p2a: Tyranitar
|-resisted|p2a: Tyranitar
|-damage|p2a: Tyranitar|82/100
|
|-weather|Sandstorm|[upkeep]
|-damage|p1a: Snorlax|58/100|[from] Sandstorm
|-heal|p1a: Snorlax|64/100|[from] item: Leftovers
|upkeep
|turn|21
|
|t:|1731598999
|switch|p1a: Suicune|Suicune, shiny|100/100
|-damage|p1a: Suicune|88/100|[from] Spikes
|move|p2a: Tyranitar|Rock Slide|p1a: Suicune
|-damage|p1a: Suicune|70/100
|
|-weather|Sandstorm|[upkeep]
|-damage|p1a: Suicune|64/100|[from] Sandstorm
|-heal|p1a: Suicune|70/100|[from] item: Leftovers
|upkeep
|turn|22
|
|t:|1731599010
|switch|p2a: Starmie|Starmie|100/100
|move|p1a: Suicune|Surf|p2a: Starmie
|-resisted|p2a: Starmie
|-damage|p2a: Starmie|79/100
|
|-weather|Sandstorm|[upkeep]
|-damage|p2a: Starmie|73/100|[from] Sandstorm
|-damage|p1a: Suicune|64/100|[from] Sandstorm
|-heal|p2a: Starmie|79/100|[from] item: Leftovers
|-heal|p1a: Suicune|70/100|[from] item: Leftovers
|upkeep
|turn|23
|
|t:|1731599013
|switch|p1a: Snorlax|Snorlax, F, shiny|64/100
|-damage|p1a: Snorlax|51/100|[from] Spikes
|move|p2a: Starmie|Thunderbolt|p1a: Snorlax
|-damage|p1a: Snorlax|37/100
|
|-weather|Sandstorm|[upkeep]
|-damage|p2a: Starmie|73/100|[from] Sandstorm
|-damage|p1a: Snorlax|31/100|[from] Sandstorm
|-heal|p2a: Starmie|79/100|[from] item: Leftovers
|-heal|p1a: Snorlax|37/100|[from] item: Leftovers
|upkeep
|turn|24
|
|t:|1731599023
|switch|p2a: Tyranitar|Tyranitar, F|82/100
|move|p1a: Snorlax|Body Slam|p2a: Tyranitar
|-resisted|p2a: Tyranitar
|-damage|p2a: Tyranitar|64/100
|-status|p2a: Tyranitar|par
|
|-weather|Sandstorm|[upkeep]
|-damage|p1a: Snorlax|31/100|[from] Sandstorm
|-heal|p1a: Snorlax|37/100|[from] item: Leftovers
|upkeep
|turn|25
|
|t:|1731599033
|switch|p1a: Metagross|Metagross|100/100
|-damage|p1a: Metagross|88/100|[from] Spikes
|move|p2a: Tyranitar|Rock Slide|p1a: Metagross
|-resisted|p1a: Metagross
|-damage|p1a: Metagross|73/100
|
|-weather|Sandstorm|[upkeep]
|upkeep
|turn|26
|
|t:|1731599052
|-singleturn|p2a: Tyranitar|move: Focus Punch
|move|p1a: Metagross|Earthquake|p2a: Tyranitar
|-supereffective|p2a: Tyranitar
|-damage|p2a: Tyranitar|0 fnt
|faint|p2a: Tyranitar
|
|t:|1731599058
|switch|p2a: Starmie|Starmie|79/100
|
|-weather|Sandstorm|[upkeep]
|-damage|p2a: Starmie|73/100|[from] Sandstorm
|-heal|p2a: Starmie|79/100|[from] item: Leftovers
|upkeep
|turn|27
|
|t:|1731599070
|move|p2a: Starmie|Ice Beam|p1a: Metagross
|-resisted|p1a: Metagross
|-damage|p1a: Metagross|56/100
|move|p1a: Metagross|Earthquake|p2a: Starmie
|-damage|p2a: Starmie|0 fnt
|faint|p2a: Starmie
|
|t:|1731599072
|switch|p2a: Blissey|Blissey, F|77/100
|
|-weather|Sandstorm|[upkeep]
|-damage|p2a: Blissey|71/100|[from] Sandstorm
|-heal|p2a: Blissey|77/100|[from] item: Leftovers
|upkeep
|turn|28
|
|t:|1731599078
|switch|p1a: Snorlax|Snorlax, F, shiny|37/100
|-damage|p1a: Snorlax|24/100|[from] Spikes
|move|p2a: Blissey|Thunder Wave|p1a: Snorlax
|-status|p1a: Snorlax|par
|
|-weather|Sandstorm|[upkeep]
|-damage|p2a: Blissey|71/100|[from] Sandstorm
|-damage|p1a: Snorlax|18/100 par|[from] Sandstorm
|-heal|p2a: Blissey|77/100|[from] item: Leftovers
|-heal|p1a: Snorlax|24/100 par|[from] item: Leftovers
|upkeep
|turn|29
|
|t:|1731599083
|move|p2a: Blissey|Seismic Toss|p1a: Snorlax
|-damage|p1a: Snorlax|4/100 par
|move|p1a: Snorlax|Rest|p1a: Snorlax
|-status|p1a: Snorlax|slp|[from] move: Rest
|-heal|p1a: Snorlax|100/100 slp|[silent]
|
|-weather|Sandstorm|[upkeep]
|-damage|p2a: Blissey|71/100|[from] Sandstorm
|-damage|p1a: Snorlax|94/100 slp|[from] Sandstorm
|-heal|p2a: Blissey|77/100|[from] item: Leftovers
|-heal|p1a: Snorlax|100/100 slp|[from] item: Leftovers
|upkeep
|turn|30
|
|t:|1731599087
|move|p2a: Blissey|Seismic Toss|p1a: Snorlax
|-damage|p1a: Snorlax|81/100 slp
|cant|p1a: Snorlax|slp
|
|-weather|Sandstorm|[upkeep]
|-damage|p2a: Blissey|71/100|[from] Sandstorm
|-damage|p1a: Snorlax|74/100 slp|[from] Sandstorm
|-heal|p2a: Blissey|77/100|[from] item: Leftovers
|-heal|p1a: Snorlax|81/100 slp|[from] item: Leftovers
|upkeep
|turn|31
|
|t:|1731599089
|move|p2a: Blissey|Seismic Toss|p1a: Snorlax
|-damage|p1a: Snorlax|61/100 slp
|cant|p1a: Snorlax|slp
|
|-weather|Sandstorm|[upkeep]
|-damage|p2a: Blissey|71/100|[from] Sandstorm
|-damage|p1a: Snorlax|55/100 slp|[from] Sandstorm
|-heal|p2a: Blissey|77/100|[from] item: Leftovers
|-heal|p1a: Snorlax|61/100 slp|[from] item: Leftovers
|upkeep
|turn|32
|
|t:|1731599095
|move|p2a: Blissey|Seismic Toss|p1a: Snorlax
|-damage|p1a: Snorlax|41/100 slp
|-curestatus|p1a: Snorlax|slp|[msg]
|move|p1a: Snorlax|Curse|p1a: Snorlax
|-unboost|p1a: Snorlax|spe|1
|-boost|p1a: Snorlax|atk|1
|-boost|p1a: Snorlax|def|1
|
|-weather|Sandstorm|[upkeep]
|-damage|p2a: Blissey|71/100|[from] Sandstorm
|-damage|p1a: Snorlax|35/100|[from] Sandstorm
|-heal|p2a: Blissey|77/100|[from] item: Leftovers
|-heal|p1a: Snorlax|41/100|[from] item: Leftovers
|upkeep
|turn|33
|
|t:|1731599099
|move|p2a: Blissey|Ice Beam|p1a: Snorlax
|-damage|p1a: Snorlax|36/100
|move|p1a: Snorlax|Rest|p1a: Snorlax
|-status|p1a: Snorlax|slp|[from] move: Rest
|-heal|p1a: Snorlax|100/100 slp|[silent]
|
|-weather|Sandstorm|[upkeep]
|-damage|p2a: Blissey|71/100|[from] Sandstorm
|-damage|p1a: Snorlax|94/100 slp|[from] Sandstorm
|-heal|p2a: Blissey|77/100|[from] item: Leftovers
|-heal|p1a: Snorlax|100/100 slp|[from] item: Leftovers
|upkeep
|turn|34
|-message|bydy2 forfeited.
|
|win|Sheik
|c|☆bydy2|ggs
|c|☆Sheik|ggs

</script>
<script type="application/json" class="data" id="replaydata-smogtours-gen3ou-806233">
{"id":"smogtours-gen3ou-806233","format":"[Gen 3] OU","players":["Sheik","bydy2"],"uploadtime":1731599107,"views":32,"formatid":"gen3ou","rating":null,"private":1,"password":null}
</script>

<script defer src="js/replays.js?9d40a366"></script>
