<!DOCTYPE html>
<meta charset="utf-8" />
<meta name="viewport" content="width=device-width" />

<title>[Gen 3] OU: crustaceus vs. CCGeek - Replays - Pok&eacute;mon Showdown!</title>

<meta name="description" content="Watch a replay of a Pok&eacute;mon battle between crustaceus and CCGeek! Format: [Gen 3] OU; Date: Oct 30, 2024" />
<!--

Hey, you! Looking in the source for the replay log?

You can find them in JSON format, just add `.json` at the end of a replay URL.

https://replay.pokemonshowdown.com/gen7randomdoublesbattle-865046831.json

Or, if you only need the log itself, add `.log` instead:

https://replay.pokemonshowdown.com/gen7randomdoublesbattle-865046831.log

-->

<link rel="stylesheet" href="//pokemonshowdown.com/style/global.css?0.023195364461161105" />
<link rel="stylesheet" href="//play.pokemonshowdown.com/style/font-awesome.css?0.13261647063804238" />
<link rel="stylesheet" href="//play.pokemonshowdown.com/style/battle.css?0.8753245789963631" />
<link rel="stylesheet" href="//play.pokemonshowdown.com/style/utilichart.css?0.8627959624976733" />

<!-- Global site tag (gtag.js) - Google Analytics -->
<script async src="https://www.googletagmanager.com/gtag/js?id=UA-26211653-1"></script>
<script>
  window.dataLayer = window.dataLayer || [];
  function gtag(){dataLayer.push(arguments);}
  gtag('js', new Date());

  gtag('config', 'UA-26211653-1');
</script>
<!-- End Google Analytics -->
<!-- Venatus Ad Manager - Install in <HEAD> of page -->
	<script src="https://hb.vntsm.com/v3/live/ad-manager.min.js" type="text/javascript" data-site-id="642aba63ec9a7b11c3c9c1be" data-mode="scan" async></script>
<!-- / Venatus Ad Manager -->

<style>
	@media (max-width:820px) {
		.battle {
			margin: 0 auto;
		}
		.battle-log {
			margin: 7px auto 0;
			max-width: 640px;
			height: 300px;
			position: static;
		}
	}
	.optgroup {
		display: inline-block;
		line-height: 22px;
		font-size: 10pt;
	}
	.optgroup .button {
		height: 25px;
		padding-top: 0;
		padding-bottom: 0;
	}
	.optgroup button.button {
		padding-left: 12px;
		padding-right: 12px;
	}
	.linklist {
		list-style: none;
		margin: 0.5em 0;
		padding: 0;
	}
	.linklist li {
		padding: 2px 0;
	}
	.sidebar {
		float: left;
		width: 320px;
	}
	.bar-wrapper {
		max-width: 1100px;
		margin: 0 auto;
	}
	.bar-wrapper.has-sidebar {
		max-width: 1430px;
	}
	.mainbar {
		margin: 0;
		padding-right: 1px;
	}
	.mainbar.has-sidebar {
		margin-left: 330px;
	}
	@media (min-width: 1511px) {
		.sidebar {
			width: 400px;
		}
		.bar-wrapper.has-sidebar {
			max-width: 1510px;
		}
		.mainbar.has-sidebar {
			margin-left: 410px;
		}
	}
	.section.first-section {
		margin-top: 9px;
	}
	.blocklink small {
		white-space: normal;
	}
	.button {
		vertical-align: middle;
	}
	.replay-controls {
		padding-top: 10px;
	}
	.replay-controls h1 {
		font-size: 16pt;
		font-weight: normal;
		color: #CCC;
	}
	.pagelink {
		text-align: center;
	}
	.pagelink a {
		width: 150px;
	}
	.textbox, .button {
		font-size: 11pt;
		vertical-align: middle;
	}
	@media (max-width: 450px) {
		.button {
			font-size: 9pt;
		}
	}
</style>

<div>

	<header>
		<div class="nav-wrapper"><ul class="nav">
			<li><a class="button nav-first" href="//pokemonshowdown.com/"><img src="//pokemonshowdown.com/images/pokemonshowdownbeta.png" srcset="//pokemonshowdown.com/images/pokemonshowdownbeta.png 1x, //pokemonshowdown.com/images/pokemonshowdownbeta@2x.png 2x" alt="Pok&eacute;mon Showdown" width="146" height="44" /> Home</a></li>
			<li><a class="button" href="//pokemonshowdown.com/dex/">Pok&eacute;dex</a></li>
			<li><a class="button cur" href="/">Replays</a></li>
			<li><a class="button" href="//pokemonshowdown.com/ladder/">Ladder</a></li>
			<li><a class="button nav-last" href="//pokemonshowdown.com/forums/">Forum</a></li>
			<li><a class="button greenbutton nav-first nav-last" href="//play.pokemonshowdown.com/">Play</a></li>
		</ul></div>
	</header>

	<div class="main" id="main">

		<noscript><section class="section">You need to enable JavaScript to use this page; sorry!</section></noscript>

	</div>

</div>

<script defer nomodule src="//play.pokemonshowdown.com/js/lib/ps-polyfill.js"></script>
<script defer src="//play.pokemonshowdown.com/js/lib/preact.min.js"></script>

<script defer src="//play.pokemonshowdown.com/config/config.js?2bddbc15"></script>
<script defer src="//play.pokemonshowdown.com/js/lib/jquery-1.11.0.min.js"></script>
<script defer src="//play.pokemonshowdown.com/js/lib/html-sanitizer-minified.js"></script>
<script defer src="//play.pokemonshowdown.com/js/battle-sound.js"></script>
<script defer src="//play.pokemonshowdown.com/js/battledata.js?0.7209276989879541"></script>
<script defer src="//play.pokemonshowdown.com/data/pokedex-mini.js?0.6111056340867951"></script>
<script defer src="//play.pokemonshowdown.com/data/pokedex-mini-bw.js?0.3532142036491459"></script>
<script defer src="//play.pokemonshowdown.com/data/graphics.js?0.24223875632456182"></script>
<script defer src="//play.pokemonshowdown.com/data/pokedex.js?0.38839984266356864"></script>
<script defer src="//play.pokemonshowdown.com/data/moves.js?0.21866028504024015"></script>
<script defer src="//play.pokemonshowdown.com/data/abilities.js?0.2005157953846628"></script>
<script defer src="//play.pokemonshowdown.com/data/items.js?0.9894211263848525"></script>
<script defer src="//play.pokemonshowdown.com/data/teambuilder-tables.js?0.6008791140282215"></script>
<script defer src="//play.pokemonshowdown.com/js/battle-tooltips.js?0.7580118955022959"></script>
<script defer src="//play.pokemonshowdown.com/js/battle.js?0.6057722274234274"></script>

<script defer src="js/utils.js?e31f9a17"></script>
<script defer src="js/replays-battle.js?7008c182"></script>

<!-- don't scrape this data! just add .json or .log after the URL!
Full API docs: https://github.com/smogon/pokemon-showdown-client/blob/master/WEB-API.md -->
<script type="text/plain" class="log" id="replaylog-smogtours-gen3ou-803441">
|inactive|Battle timer is ON: inactive players will automatically lose when time's up.
|t:|1730313058
|gametype|singles
|player|p1|crustaceus|dawn|
|player|p2|CCGeek|102|
|teamsize|p1|6
|teamsize|p2|6
|gen|3
|tier|[Gen 3] OU
|rule|Sleep Clause Mod: Limit one foe put to sleep
|rule|Switch Priority Clause Mod: Faster Pokémon switch first
|rule|Species Clause: Limit one of each Pokémon
|rule|OHKO Clause: OHKO moves are banned
|rule|Evasion Items Clause: Evasion items are banned
|rule|Evasion Moves Clause: Evasion moves are banned
|rule|Endless Battle Clause: Forcing endless battles is banned
|rule|HP Percentage Mod: HP is shown in percentages
|rule|One Boost Passer Clause: Limit one Baton Passer that has a way to boost its stats
|rule|Freeze Clause Mod: Limit one foe frozen
|
|t:|1730313058
|start
|switch|p1a: Perkons|Zapdos|100/100
|switch|p2a: Suicune|Suicune|100/100
|turn|1
|c|☆CCGeek|glhf!
|c|☆crustaceus|u2!
|inactive|CCGeek has 270 seconds left.
|inactive|CCGeek has 240 seconds left.
|
|t:|1730313118
|switch|p2a: Tyranitar|Tyranitar, F|100/100
|-weather|Sandstorm|[from] ability: Sand Stream|[of] p2a: Tyranitar
|move|p1a: Perkons|Substitute|p1a: Perkons
|-start|p1a: Perkons|Substitute
|-damage|p1a: Perkons|76/100
|
|-weather|Sandstorm|[upkeep]
|-damage|p1a: Perkons|70/100|[from] Sandstorm
|-heal|p1a: Perkons|76/100|[from] item: Leftovers
|upkeep
|turn|2
|
|t:|1730313144
|move|p1a: Perkons|Baton Pass|p1a: Perkons
|
|t:|1730313147
|switch|p1a: Metagross|Metagross|100/100|[from] Baton Pass
|move|p2a: Tyranitar|Rock Slide|p1a: Metagross
|-resisted|p1a: Metagross
|-activate|p1a: Metagross|Substitute|[damage]
|
|-weather|Sandstorm|[upkeep]
|upkeep
|turn|3
|inactive|crustaceus has 270 seconds left.
|
|t:|1730313169
|switch|p2a: Swampert|Swampert, M|100/100
|move|p1a: Metagross|Meteor Mash|p2a: Swampert
|-resisted|p2a: Swampert
|-damage|p2a: Swampert|75/100
|
|-weather|Sandstorm|[upkeep]
|-heal|p2a: Swampert|81/100|[from] item: Leftovers
|upkeep
|turn|4
|
|t:|1730313178
|move|p1a: Metagross|Meteor Mash|p2a: Swampert
|-resisted|p2a: Swampert
|-damage|p2a: Swampert|56/100
|-boost|p1a: Metagross|atk|1
|move|p2a: Swampert|Earthquake|p1a: Metagross
|-supereffective|p1a: Metagross
|-end|p1a: Metagross|Substitute
|
|-weather|Sandstorm|[upkeep]
|-heal|p2a: Swampert|62/100|[from] item: Leftovers
|upkeep
|turn|5
|
|t:|1730313203
|switch|p1a: Spriditis|Celebi|100/100
|move|p2a: Swampert|Hydro Pump|p1a: Spriditis
|-resisted|p1a: Spriditis
|-damage|p1a: Spriditis|78/100
|
|-weather|Sandstorm|[upkeep]
|-damage|p1a: Spriditis|72/100|[from] Sandstorm
|-heal|p1a: Spriditis|78/100|[from] item: Leftovers
|-heal|p2a: Swampert|69/100|[from] item: Leftovers
|upkeep
|turn|6
|
|t:|1730313213
|switch|p2a: Charizard|Charizard, F|100/100
|move|p1a: Spriditis|Calm Mind|p1a: Spriditis
|-boost|p1a: Spriditis|spa|1
|-boost|p1a: Spriditis|spd|1
|
|-weather|Sandstorm|[upkeep]
|-damage|p2a: Charizard|94/100|[from] Sandstorm
|-damage|p1a: Spriditis|72/100|[from] Sandstorm
|-heal|p2a: Charizard|100/100|[from] item: Leftovers
|-heal|p1a: Spriditis|78/100|[from] item: Leftovers
|upkeep
|turn|7
|
|t:|1730313229
|switch|p1a: Daugava|Suicune|100/100
|move|p2a: Charizard|Flamethrower|p1a: Daugava
|-resisted|p1a: Daugava
|-damage|p1a: Daugava|82/100
|
|-weather|Sandstorm|[upkeep]
|-damage|p2a: Charizard|94/100|[from] Sandstorm
|-damage|p1a: Daugava|76/100|[from] Sandstorm
|-heal|p2a: Charizard|100/100|[from] item: Leftovers
|-heal|p1a: Daugava|82/100|[from] item: Leftovers
|upkeep
|turn|8
|inactive|crustaceus has 270 seconds left.
|
|t:|1730313246
|switch|p2a: Jolteon|Jolteon, F|100/100
|move|p1a: Daugava|Surf|p2a: Jolteon
|-damage|p2a: Jolteon|46/100
|
|-weather|Sandstorm|[upkeep]
|-damage|p2a: Jolteon|39/100|[from] Sandstorm
|-damage|p1a: Daugava|76/100|[from] Sandstorm
|-heal|p2a: Jolteon|46/100|[from] item: Leftovers
|-heal|p1a: Daugava|82/100|[from] item: Leftovers
|upkeep
|turn|9
|inactive|crustaceus has 270 seconds left.
|inactive|CCGeek has 270 seconds left.
|inactive|crustaceus has 240 seconds left.
|
|t:|1730313312
|switch|p1a: Spriditis|Celebi|78/100
|move|p2a: Jolteon|Baton Pass|p2a: Jolteon
|
|t:|1730313321
|switch|p2a: Charizard|Charizard, F|100/100|[from] Baton Pass
|
|-weather|Sandstorm|[upkeep]
|-damage|p2a: Charizard|94/100|[from] Sandstorm
|-damage|p1a: Spriditis|72/100|[from] Sandstorm
|-heal|p2a: Charizard|100/100|[from] item: Leftovers
|-heal|p1a: Spriditis|78/100|[from] item: Leftovers
|upkeep
|turn|10
|inactive|crustaceus has 240 seconds left.
|inactive|CCGeek has 270 seconds left.
|inactive|crustaceus has 210 seconds left.
|
|t:|1730313376
|move|p2a: Charizard|Hidden Power|p1a: Spriditis
|-resisted|p1a: Spriditis
|-damage|p1a: Spriditis|68/100
|move|p1a: Spriditis|Baton Pass|p1a: Spriditis
|
|t:|1730313380
|switch|p1a: Daugava|Suicune|82/100|[from] Baton Pass
|
|-weather|Sandstorm|[upkeep]
|-damage|p2a: Charizard|94/100|[from] Sandstorm
|-damage|p1a: Daugava|76/100|[from] Sandstorm
|-heal|p2a: Charizard|100/100|[from] item: Leftovers
|-heal|p1a: Daugava|82/100|[from] item: Leftovers
|upkeep
|turn|11
|
|t:|1730313386
|switch|p2a: Suicune|Suicune|100/100
|move|p1a: Daugava|Surf|p2a: Suicune
|-resisted|p2a: Suicune
|-damage|p2a: Suicune|85/100
|
|-weather|Sandstorm|[upkeep]
|-damage|p1a: Daugava|76/100|[from] Sandstorm
|-damage|p2a: Suicune|79/100|[from] Sandstorm
|-heal|p1a: Daugava|82/100|[from] item: Leftovers
|-heal|p2a: Suicune|85/100|[from] item: Leftovers
|upkeep
|turn|12
|inactive|crustaceus has 210 seconds left.
|
|t:|1730313404
|switch|p1a: Perkons|Zapdos|76/100
|move|p2a: Suicune|Substitute|p2a: Suicune
|-start|p2a: Suicune|Substitute
|-damage|p2a: Suicune|60/100
|
|-weather|Sandstorm|[upkeep]
|-damage|p1a: Perkons|70/100|[from] Sandstorm
|-damage|p2a: Suicune|54/100|[from] Sandstorm
|-heal|p1a: Perkons|76/100|[from] item: Leftovers
|-heal|p2a: Suicune|60/100|[from] item: Leftovers
|upkeep
|turn|13
|
|t:|1730313413
|move|p1a: Perkons|Thunderbolt|p2a: Suicune
|-supereffective|p2a: Suicune
|-end|p2a: Suicune|Substitute
|move|p2a: Suicune|Ice Beam|p1a: Perkons
|-supereffective|p1a: Perkons
|-damage|p1a: Perkons|27/100
|
|-weather|Sandstorm|[upkeep]
|-damage|p1a: Perkons|21/100|[from] Sandstorm
|-damage|p2a: Suicune|54/100|[from] Sandstorm
|-heal|p1a: Perkons|27/100|[from] item: Leftovers
|-heal|p2a: Suicune|60/100|[from] item: Leftovers
|upkeep
|turn|14
|inactive|crustaceus has 210 seconds left.
|inactive|crustaceus has 180 seconds left.
|
|t:|1730313448
|switch|p2a: Jolteon|Jolteon, F|46/100
|move|p1a: Perkons|Baton Pass|p1a: Perkons
|inactive|crustaceus has 180 seconds left.
|
|t:|1730313481
|switch|p1a: Metagross|Metagross|100/100|[from] Baton Pass
|
|-weather|Sandstorm|[upkeep]
|-damage|p2a: Jolteon|39/100|[from] Sandstorm
|-heal|p2a: Jolteon|46/100|[from] item: Leftovers
|upkeep
|turn|15
|
|t:|1730313492
|move|p2a: Jolteon|Substitute|p2a: Jolteon
|-start|p2a: Jolteon|Substitute
|-damage|p2a: Jolteon|21/100
|move|p1a: Metagross|Meteor Mash|p2a: Jolteon
|-resisted|p2a: Jolteon
|-end|p2a: Jolteon|Substitute
|-boost|p1a: Metagross|atk|1
|
|-weather|Sandstorm|[upkeep]
|-damage|p2a: Jolteon|14/100|[from] Sandstorm
|-heal|p2a: Jolteon|21/100|[from] item: Leftovers
|upkeep
|turn|16
|
|t:|1730313502
|move|p2a: Jolteon|Baton Pass|p2a: Jolteon
|
|t:|1730313503
|switch|p2a: Swampert|Swampert, M|69/100|[from] Baton Pass
|move|p1a: Metagross|Meteor Mash|p2a: Swampert
|-resisted|p2a: Swampert
|-damage|p2a: Swampert|33/100
|
|-weather|Sandstorm|[upkeep]
|-heal|p2a: Swampert|39/100|[from] item: Leftovers
|upkeep
|turn|17
|inactive|crustaceus has 150 seconds left.
|
|t:|1730313562
|move|p1a: Metagross|Agility|p1a: Metagross
|-boost|p1a: Metagross|spe|2
|move|p2a: Swampert|Ice Beam|p1a: Metagross
|-resisted|p1a: Metagross
|-damage|p1a: Metagross|88/100
|-status|p1a: Metagross|frz
|
|-weather|Sandstorm|[upkeep]
|-heal|p1a: Metagross|94/100 frz|[from] item: Leftovers
|-heal|p2a: Swampert|46/100|[from] item: Leftovers
|upkeep
|turn|18
|c|☆crustaceus|ow
|c|☆CCGeek|MY BAD
|c|☆crustaceus|np
|inactive|CCGeek has 270 seconds left.
|c|☆crustaceus|happens
|
|t:|1730313585
|cant|p1a: Metagross|frz
|move|p2a: Swampert|Hydro Pump|p1a: Metagross
|-damage|p1a: Metagross|46/100 frz
|
|-weather|Sandstorm|[upkeep]
|-heal|p1a: Metagross|52/100 frz|[from] item: Leftovers
|-heal|p2a: Swampert|52/100|[from] item: Leftovers
|upkeep
|turn|19
|inactive|CCGeek has 270 seconds left.
|
|t:|1730313597
|-curestatus|p1a: Metagross|frz|[msg]
|move|p1a: Metagross|Explosion|p2a: Swampert
|-damage|p2a: Swampert|0 fnt
|faint|p1a: Metagross
|faint|p2a: Swampert
|inactive|crustaceus has 120 seconds left.
|inactive|crustaceus has 90 seconds left.
|
|t:|1730313660
|switch|p1a: Saule|Jirachi|100/100
|switch|p2a: Jolteon|Jolteon, F|21/100
|
|-weather|Sandstorm|[upkeep]
|-damage|p2a: Jolteon|14/100|[from] Sandstorm
|-heal|p2a: Jolteon|21/100|[from] item: Leftovers
|upkeep
|turn|20
|inactive|crustaceus has 90 seconds left.
|inactive|CCGeek has 270 seconds left.
|
|t:|1730313680
|move|p2a: Jolteon|Baton Pass|p2a: Jolteon
|
|t:|1730313681
|switch|p2a: Tyranitar|Tyranitar, F|100/100|[from] Baton Pass
|move|p1a: Saule|Psychic|p2a: Tyranitar
|-immune|p2a: Tyranitar
|
|-weather|Sandstorm|[upkeep]
|upkeep
|turn|21
|inactive|crustaceus has 90 seconds left.
|
|t:|1730313695
|switch|p1a: Spriditis|Celebi|68/100
|move|p2a: Tyranitar|Dragon Dance|p2a: Tyranitar
|-boost|p2a: Tyranitar|atk|1
|-boost|p2a: Tyranitar|spe|1
|
|-weather|Sandstorm|[upkeep]
|-damage|p1a: Spriditis|62/100|[from] Sandstorm
|-heal|p1a: Spriditis|68/100|[from] item: Leftovers
|upkeep
|turn|22
|inactive|crustaceus has 90 seconds left.
|
|t:|1730313708
|move|p2a: Tyranitar|Dragon Dance|p2a: Tyranitar
|-boost|p2a: Tyranitar|atk|1
|-boost|p2a: Tyranitar|spe|1
|move|p1a: Spriditis|Giga Drain|p2a: Tyranitar
|-supereffective|p2a: Tyranitar
|-damage|p2a: Tyranitar|55/100
|-heal|p1a: Spriditis|90/100|[from] drain|[of] p2a: Tyranitar
|
|-weather|Sandstorm|[upkeep]
|-damage|p1a: Spriditis|83/100|[from] Sandstorm
|-heal|p2a: Tyranitar|61/100|[from] item: Leftovers
|-heal|p1a: Spriditis|90/100|[from] item: Leftovers
|upkeep
|turn|23
|inactive|crustaceus has 90 seconds left.
|
|t:|1730313723
|move|p2a: Tyranitar|Hidden Power|p1a: Spriditis
|-supereffective|p1a: Spriditis
|-damage|p1a: Spriditis|0 fnt
|faint|p1a: Spriditis
|inactive|crustaceus has 90 seconds left.
|
|t:|1730313754
|switch|p1a: Daugava|Suicune|82/100
|
|-weather|Sandstorm|[upkeep]
|-damage|p1a: Daugava|76/100|[from] Sandstorm
|-heal|p2a: Tyranitar|67/100|[from] item: Leftovers
|-heal|p1a: Daugava|82/100|[from] item: Leftovers
|upkeep
|turn|24
|
|t:|1730313766
|move|p2a: Tyranitar|Rock Slide|p1a: Daugava|[miss]
|-miss|p2a: Tyranitar|p1a: Daugava
|move|p1a: Daugava|Surf|p2a: Tyranitar
|-supereffective|p2a: Tyranitar
|-damage|p2a: Tyranitar|0 fnt
|faint|p2a: Tyranitar
|c|☆CCGeek|welps
|c|☆crustaceus|phew
|inactive|CCGeek has 270 seconds left.
|c|☆CCGeek|guess that made up for the freeze
|
|t:|1730313785
|switch|p2a: Jolteon|Jolteon, F|21/100
|
|-weather|Sandstorm|[upkeep]
|-damage|p2a: Jolteon|14/100|[from] Sandstorm
|-damage|p1a: Daugava|76/100|[from] Sandstorm
|-heal|p2a: Jolteon|21/100|[from] item: Leftovers
|-heal|p1a: Daugava|82/100|[from] item: Leftovers
|upkeep
|turn|25
|
|t:|1730313792
|switch|p1a: Dugtrio|Dugtrio, M|100/100
|move|p2a: Jolteon|Thunderbolt|p1a: Dugtrio
|-immune|p1a: Dugtrio
|
|-weather|Sandstorm|[upkeep]
|-damage|p2a: Jolteon|14/100|[from] Sandstorm
|-heal|p2a: Jolteon|21/100|[from] item: Leftovers
|upkeep
|turn|26
|inactive|crustaceus has 90 seconds left.
|
|t:|1730313810
|switch|p1a: Daugava|Suicune|82/100
|move|p2a: Jolteon|Baton Pass|p2a: Jolteon
|
|t:|1730313818
|switch|p2a: Suicune|Suicune|60/100|[from] Baton Pass
|
|-weather|Sandstorm|[upkeep]
|-damage|p1a: Daugava|76/100|[from] Sandstorm
|-damage|p2a: Suicune|54/100|[from] Sandstorm
|-heal|p1a: Daugava|82/100|[from] item: Leftovers
|-heal|p2a: Suicune|60/100|[from] item: Leftovers
|upkeep
|turn|27
|inactive|crustaceus has 90 seconds left.
|
|t:|1730313828
|move|p1a: Daugava|Calm Mind|p1a: Daugava
|-boost|p1a: Daugava|spa|1
|-boost|p1a: Daugava|spd|1
|move|p2a: Suicune|Calm Mind|p2a: Suicune
|-boost|p2a: Suicune|spa|1
|-boost|p2a: Suicune|spd|1
|
|-weather|Sandstorm|[upkeep]
|-damage|p1a: Daugava|76/100|[from] Sandstorm
|-damage|p2a: Suicune|54/100|[from] Sandstorm
|-heal|p1a: Daugava|82/100|[from] item: Leftovers
|-heal|p2a: Suicune|60/100|[from] item: Leftovers
|upkeep
|turn|28
|inactive|crustaceus has 90 seconds left.
|
|t:|1730313843
|move|p2a: Suicune|Calm Mind|p2a: Suicune
|-boost|p2a: Suicune|spa|1
|-boost|p2a: Suicune|spd|1
|move|p1a: Daugava|Roar|p2a: Suicune
|drag|p2a: Metagross|Metagross|100/100
|
|-weather|Sandstorm|[upkeep]
|-damage|p1a: Daugava|76/100|[from] Sandstorm
|-heal|p1a: Daugava|82/100|[from] item: Leftovers
|upkeep
|turn|29
|inactive|crustaceus has 90 seconds left.
|inactive|CCGeek has 270 seconds left.
|
|t:|1730313899
|switch|p1a: Perkons|Zapdos|27/100
|move|p2a: Metagross|Meteor Mash|p1a: Perkons
|-resisted|p1a: Perkons
|-damage|p1a: Perkons|5/100
|
|-weather|Sandstorm|[upkeep]
|-damage|p1a: Perkons|0 fnt|[from] Sandstorm
|faint|p1a: Perkons
|upkeep
|
|t:|1730313913
|switch|p1a: Dugtrio|Dugtrio, M|100/100
|turn|30
|
|t:|1730313918
|move|p1a: Dugtrio|Earthquake|p2a: Metagross
|-supereffective|p2a: Metagross
|-damage|p2a: Metagross|13/100
|move|p2a: Metagross|Psychic|p1a: Dugtrio
|-damage|p1a: Dugtrio|32/100
|
|-weather|Sandstorm|[upkeep]
|-heal|p2a: Metagross|19/100|[from] item: Leftovers
|upkeep
|turn|31
|
|t:|1730313929
|move|p1a: Dugtrio|Earthquake|p2a: Metagross
|-supereffective|p2a: Metagross
|-damage|p2a: Metagross|0 fnt
|faint|p2a: Metagross
|
|t:|1730313931
|switch|p2a: Jolteon|Jolteon, F|21/100
|
|-weather|Sandstorm|[upkeep]
|-damage|p2a: Jolteon|14/100|[from] Sandstorm
|-heal|p2a: Jolteon|21/100|[from] item: Leftovers
|upkeep
|turn|32
|inactive|CCGeek has 270 seconds left.
|inactive|crustaceus has 90 seconds left.
|
|t:|1730313947
|move|p2a: Jolteon|Hidden Power|p1a: Dugtrio
|-supereffective|p1a: Dugtrio
|-damage|p1a: Dugtrio|0 fnt
|faint|p1a: Dugtrio
|
|t:|1730313951
|switch|p1a: Saule|Jirachi|100/100
|
|-weather|Sandstorm|[upkeep]
|-damage|p2a: Jolteon|14/100|[from] Sandstorm
|-heal|p2a: Jolteon|21/100|[from] item: Leftovers
|upkeep
|turn|33
|inactive|crustaceus has 90 seconds left.
|
|t:|1730313974
|switch|p2a: Suicune|Suicune|60/100
|move|p1a: Saule|Calm Mind|p1a: Saule
|-boost|p1a: Saule|spa|1
|-boost|p1a: Saule|spd|1
|
|-weather|Sandstorm|[upkeep]
|-damage|p2a: Suicune|54/100|[from] Sandstorm
|-heal|p2a: Suicune|60/100|[from] item: Leftovers
|upkeep
|turn|34
|inactive|crustaceus has 90 seconds left.
|
|t:|1730313982
|move|p1a: Saule|Hidden Power|p2a: Suicune
|-supereffective|p2a: Suicune
|-damage|p2a: Suicune|15/100
|move|p2a: Suicune|Calm Mind|p2a: Suicune
|-boost|p2a: Suicune|spa|1
|-boost|p2a: Suicune|spd|1
|
|-weather|Sandstorm|[upkeep]
|-damage|p2a: Suicune|9/100|[from] Sandstorm
|-heal|p2a: Suicune|15/100|[from] item: Leftovers
|upkeep
|turn|35
|
|t:|1730313988
|move|p1a: Saule|Psychic|p2a: Suicune
|-damage|p2a: Suicune|0 fnt
|faint|p2a: Suicune
|
|t:|1730313990
|switch|p2a: Charizard|Charizard, F|100/100
|
|-weather|Sandstorm|[upkeep]
|-damage|p2a: Charizard|94/100|[from] Sandstorm
|-heal|p2a: Charizard|100/100|[from] item: Leftovers
|upkeep
|turn|36
|
|t:|1730314002
|move|p2a: Charizard|Flamethrower|p1a: Saule
|-supereffective|p1a: Saule
|-damage|p1a: Saule|47/100
|move|p1a: Saule|Psychic|p2a: Charizard
|-damage|p2a: Charizard|21/100
|
|-weather|Sandstorm|[upkeep]
|-damage|p2a: Charizard|15/100|[from] Sandstorm
|-heal|p2a: Charizard|21/100|[from] item: Leftovers
|-heal|p1a: Saule|53/100|[from] item: Leftovers
|upkeep
|turn|37
|
|t:|1730314008
|move|p2a: Charizard|Flamethrower|p1a: Saule
|-supereffective|p1a: Saule
|-damage|p1a: Saule|0 fnt
|faint|p1a: Saule
|
|t:|1730314013
|switch|p1a: Daugava|Suicune|82/100
|
|-weather|Sandstorm|[upkeep]
|-damage|p2a: Charizard|15/100|[from] Sandstorm
|-damage|p1a: Daugava|76/100|[from] Sandstorm
|-heal|p2a: Charizard|21/100|[from] item: Leftovers
|-heal|p1a: Daugava|82/100|[from] item: Leftovers
|upkeep
|turn|38
|
|t:|1730314016
|move|p2a: Charizard|Hidden Power|p1a: Daugava
|-supereffective|p1a: Daugava
|-damage|p1a: Daugava|44/100
|move|p1a: Daugava|Surf|p2a: Charizard
|-supereffective|p2a: Charizard
|-damage|p2a: Charizard|0 fnt
|faint|p2a: Charizard
|
|t:|1730314019
|switch|p2a: Jolteon|Jolteon, F|21/100
|
|-weather|Sandstorm|[upkeep]
|-damage|p2a: Jolteon|14/100|[from] Sandstorm
|-damage|p1a: Daugava|38/100|[from] Sandstorm
|-heal|p2a: Jolteon|21/100|[from] item: Leftovers
|-heal|p1a: Daugava|44/100|[from] item: Leftovers
|upkeep
|turn|39
|
|t:|1730314029
|move|p2a: Jolteon|Thunderbolt|p1a: Daugava
|-supereffective|p1a: Daugava
|-damage|p1a: Daugava|0 fnt
|faint|p1a: Daugava
|
|win|CCGeek
|c|☆crustaceus|gg
|c|☆CCGeek|gg
|c|☆crustaceus|was that a speed tie
|c|☆CCGeek|for whom
|c|☆crustaceus|char and rachi
|c|☆CCGeek|possible
|c|☆CCGeek|im 328
|c|☆crustaceus|ah nvm then
|c|☆crustaceus|gg
|c|☆CCGeek|yeh gg
|player|p2|
|player|p2|CCGeek|102|

</script>
<script type="application/json" class="data" id="replaydata-smogtours-gen3ou-803441">
{"id":"smogtours-gen3ou-803441","format":"[Gen 3] OU","players":["crustaceus","CCGeek"],"uploadtime":1730314029,"views":52,"formatid":"gen3ou","rating":null,"private":0,"password":null}
</script>

<script defer src="js/replays.js?9d40a366"></script>
