<!DOCTYPE html>
<meta charset="utf-8" />
<meta name="viewport" content="width=device-width" />

<title>[Gen 3] OU: no more bad dreams vs. Xamvius - Replays - Pok&eacute;mon Showdown!</title>

<meta name="description" content="Watch a replay of a Pok&eacute;mon battle between no more bad dreams and Xamvius! Format: [Gen 3] OU; Date: Oct 4, 2024" />
<!--

Hey, you! Looking in the source for the replay log?

You can find them in JSON format, just add `.json` at the end of a replay URL.

https://replay.pokemonshowdown.com/gen7randomdoublesbattle-865046831.json

Or, if you only need the log itself, add `.log` instead:

https://replay.pokemonshowdown.com/gen7randomdoublesbattle-865046831.log

-->

<link rel="stylesheet" href="//pokemonshowdown.com/style/global.css?0.023195364461161105" />
<link rel="stylesheet" href="//play.pokemonshowdown.com/style/font-awesome.css?0.13261647063804238" />
<link rel="stylesheet" href="//play.pokemonshowdown.com/style/battle.css?0.8753245789963631" />
<link rel="stylesheet" href="//play.pokemonshowdown.com/style/utilichart.css?0.8627959624976733" />

<!-- Global site tag (gtag.js) - Google Analytics -->
<script async src="https://www.googletagmanager.com/gtag/js?id=UA-26211653-1"></script>
<script>
  window.dataLayer = window.dataLayer || [];
  function gtag(){dataLayer.push(arguments);}
  gtag('js', new Date());

  gtag('config', 'UA-26211653-1');
</script>
<!-- End Google Analytics -->
<!-- Venatus Ad Manager - Install in <HEAD> of page -->
	<script src="https://hb.vntsm.com/v3/live/ad-manager.min.js" type="text/javascript" data-site-id="642aba63ec9a7b11c3c9c1be" data-mode="scan" async></script>
<!-- / Venatus Ad Manager -->

<style>
	@media (max-width:820px) {
		.battle {
			margin: 0 auto;
		}
		.battle-log {
			margin: 7px auto 0;
			max-width: 640px;
			height: 300px;
			position: static;
		}
	}
	.optgroup {
		display: inline-block;
		line-height: 22px;
		font-size: 10pt;
	}
	.optgroup .button {
		height: 25px;
		padding-top: 0;
		padding-bottom: 0;
	}
	.optgroup button.button {
		padding-left: 12px;
		padding-right: 12px;
	}
	.linklist {
		list-style: none;
		margin: 0.5em 0;
		padding: 0;
	}
	.linklist li {
		padding: 2px 0;
	}
	.sidebar {
		float: left;
		width: 320px;
	}
	.bar-wrapper {
		max-width: 1100px;
		margin: 0 auto;
	}
	.bar-wrapper.has-sidebar {
		max-width: 1430px;
	}
	.mainbar {
		margin: 0;
		padding-right: 1px;
	}
	.mainbar.has-sidebar {
		margin-left: 330px;
	}
	@media (min-width: 1511px) {
		.sidebar {
			width: 400px;
		}
		.bar-wrapper.has-sidebar {
			max-width: 1510px;
		}
		.mainbar.has-sidebar {
			margin-left: 410px;
		}
	}
	.section.first-section {
		margin-top: 9px;
	}
	.blocklink small {
		white-space: normal;
	}
	.button {
		vertical-align: middle;
	}
	.replay-controls {
		padding-top: 10px;
	}
	.replay-controls h1 {
		font-size: 16pt;
		font-weight: normal;
		color: #CCC;
	}
	.pagelink {
		text-align: center;
	}
	.pagelink a {
		width: 150px;
	}
	.textbox, .button {
		font-size: 11pt;
		vertical-align: middle;
	}
	@media (max-width: 450px) {
		.button {
			font-size: 9pt;
		}
	}
</style>

<div>

	<header>
		<div class="nav-wrapper"><ul class="nav">
			<li><a class="button nav-first" href="//pokemonshowdown.com/"><img src="//pokemonshowdown.com/images/pokemonshowdownbeta.png" srcset="//pokemonshowdown.com/images/pokemonshowdownbeta.png 1x, //pokemonshowdown.com/images/pokemonshowdownbeta@2x.png 2x" alt="Pok&eacute;mon Showdown" width="146" height="44" /> Home</a></li>
			<li><a class="button" href="//pokemonshowdown.com/dex/">Pok&eacute;dex</a></li>
			<li><a class="button cur" href="/">Replays</a></li>
			<li><a class="button" href="//pokemonshowdown.com/ladder/">Ladder</a></li>
			<li><a class="button nav-last" href="//pokemonshowdown.com/forums/">Forum</a></li>
			<li><a class="button greenbutton nav-first nav-last" href="//play.pokemonshowdown.com/">Play</a></li>
		</ul></div>
	</header>

	<div class="main" id="main">

		<noscript><section class="section">You need to enable JavaScript to use this page; sorry!</section></noscript>

	</div>

</div>

<script defer nomodule src="//play.pokemonshowdown.com/js/lib/ps-polyfill.js"></script>
<script defer src="//play.pokemonshowdown.com/js/lib/preact.min.js"></script>

<script defer src="//play.pokemonshowdown.com/config/config.js?2bddbc15"></script>
<script defer src="//play.pokemonshowdown.com/js/lib/jquery-1.11.0.min.js"></script>
<script defer src="//play.pokemonshowdown.com/js/lib/html-sanitizer-minified.js"></script>
<script defer src="//play.pokemonshowdown.com/js/battle-sound.js"></script>
<script defer src="//play.pokemonshowdown.com/js/battledata.js?0.7209276989879541"></script>
<script defer src="//play.pokemonshowdown.com/data/pokedex-mini.js?0.6111056340867951"></script>
<script defer src="//play.pokemonshowdown.com/data/pokedex-mini-bw.js?0.3532142036491459"></script>
<script defer src="//play.pokemonshowdown.com/data/graphics.js?0.24223875632456182"></script>
<script defer src="//play.pokemonshowdown.com/data/pokedex.js?0.38839984266356864"></script>
<script defer src="//play.pokemonshowdown.com/data/moves.js?0.21866028504024015"></script>
<script defer src="//play.pokemonshowdown.com/data/abilities.js?0.2005157953846628"></script>
<script defer src="//play.pokemonshowdown.com/data/items.js?0.9894211263848525"></script>
<script defer src="//play.pokemonshowdown.com/data/teambuilder-tables.js?0.6008791140282215"></script>
<script defer src="//play.pokemonshowdown.com/js/battle-tooltips.js?0.7580118955022959"></script>
<script defer src="//play.pokemonshowdown.com/js/battle.js?0.6057722274234274"></script>

<script defer src="js/utils.js?e31f9a17"></script>
<script defer src="js/replays-battle.js?7008c182"></script>

<!-- don't scrape this data! just add .json or .log after the URL!
Full API docs: https://github.com/smogon/pokemon-showdown-client/blob/master/WEB-API.md -->
<script type="text/plain" class="log" id="replaylog-smogtours-gen3ou-794536">
|inactive|Battle timer is ON: inactive players will automatically lose when time's up.
|t:|1728047297
|gametype|singles
|player|p1|no more bad dreams|265|
|player|p2|Xamvius|265|
|teamsize|p1|6
|teamsize|p2|6
|gen|3
|tier|[Gen 3] OU
|rule|Sleep Clause Mod: Limit one foe put to sleep
|rule|Switch Priority Clause Mod: Faster Pokémon switch first
|rule|Species Clause: Limit one of each Pokémon
|rule|OHKO Clause: OHKO moves are banned
|rule|Evasion Items Clause: Evasion items are banned
|rule|Evasion Moves Clause: Evasion moves are banned
|rule|Endless Battle Clause: Forcing endless battles is banned
|rule|HP Percentage Mod: HP is shown in percentages
|rule|One Boost Passer Clause: Limit one Baton Passer that has a way to boost its stats
|rule|Freeze Clause Mod: Limit one foe frozen
|
|t:|1728047297
|start
|switch|p1a: Zapdos|Zapdos|100/100
|switch|p2a: Zapdos|Zapdos|100/100
|turn|1
|
|t:|1728047303
|move|p2a: Zapdos|Agility|p2a: Zapdos
|-boost|p2a: Zapdos|spe|2
|move|p1a: Zapdos|Toxic|p2a: Zapdos
|-status|p2a: Zapdos|tox
|
|-damage|p2a: Zapdos|94/100 tox|[from] psn
|upkeep
|turn|2
|c|☆no more bad dreams|glhf
|
|t:|1728047310
|move|p2a: Zapdos|Thunder|p1a: Zapdos
|-damage|p1a: Zapdos|52/100
|move|p1a: Zapdos|Roar|p2a: Zapdos
|drag|p2a: Skarmory|Skarmory, F|100/100
|
|-heal|p1a: Zapdos|58/100|[from] item: Leftovers
|upkeep
|turn|3
|
|t:|1728047318
|move|p1a: Zapdos|Thunderbolt|p2a: Skarmory
|-supereffective|p2a: Skarmory
|-damage|p2a: Skarmory|23/100
|move|p2a: Skarmory|Toxic|p1a: Zapdos
|-status|p1a: Zapdos|tox
|
|-heal|p1a: Zapdos|65/100 tox|[from] item: Leftovers
|-damage|p1a: Zapdos|58/100 tox|[from] psn
|-heal|p2a: Skarmory|29/100|[from] item: Leftovers
|upkeep
|turn|4
|
|t:|1728047322
|switch|p2a: Lanturn|Lanturn, F|100/100
|move|p1a: Zapdos|Thunderbolt|p2a: Lanturn
|-immune|p2a: Lanturn|[from] ability: Volt Absorb
|
|-heal|p1a: Zapdos|65/100 tox|[from] item: Leftovers
|-damage|p1a: Zapdos|52/100 tox|[from] psn
|upkeep
|turn|5
|
|t:|1728047330
|move|p1a: Zapdos|Toxic|p2a: Lanturn
|-status|p2a: Lanturn|tox
|move|p2a: Lanturn|Surf|p1a: Zapdos
|-damage|p1a: Zapdos|26/100 tox
|
|-heal|p1a: Zapdos|33/100 tox|[from] item: Leftovers
|-damage|p1a: Zapdos|14/100 tox|[from] psn
|-damage|p2a: Lanturn|94/100 tox|[from] psn
|upkeep
|turn|6
|
|t:|1728047336
|move|p1a: Zapdos|Rest|p1a: Zapdos
|-status|p1a: Zapdos|slp|[from] move: Rest
|-heal|p1a: Zapdos|100/100 slp|[silent]
|move|p2a: Lanturn|Ice Beam|p1a: Zapdos
|-supereffective|p1a: Zapdos
|-crit|p1a: Zapdos
|-damage|p1a: Zapdos|36/100 slp
|
|-heal|p1a: Zapdos|42/100 slp|[from] item: Leftovers
|-heal|p2a: Lanturn|100/100 tox|[from] item: Leftovers
|-damage|p2a: Lanturn|88/100 tox|[from] psn
|upkeep
|turn|7
|
|t:|1728047343
|switch|p1a: Blissey|Blissey, F|100/100
|move|p2a: Lanturn|Ice Beam|p1a: Blissey
|-damage|p1a: Blissey|91/100
|-status|p1a: Blissey|frz
|
|-heal|p2a: Lanturn|94/100 tox|[from] item: Leftovers
|-damage|p2a: Lanturn|76/100 tox|[from] psn
|-heal|p1a: Blissey|97/100 frz|[from] item: Leftovers
|upkeep
|turn|8
|
|t:|1728047349
|switch|p2a: Dugtrio|Dugtrio, M|100/100
|-curestatus|p1a: Blissey|frz|[from] ability: Natural Cure
|switch|p1a: Suicune|Suicune|100/100
|
|upkeep
|turn|9
|
|t:|1728047356
|switch|p2a: Zapdos|Zapdos|94/100 tox
|move|p1a: Suicune|Surf|p2a: Zapdos
|-damage|p2a: Zapdos|65/100 tox
|
|-heal|p2a: Zapdos|72/100 tox|[from] item: Leftovers
|-damage|p2a: Zapdos|65/100 tox|[from] psn
|upkeep
|turn|10
|
|t:|1728047359
|switch|p1a: Blissey|Blissey, F|97/100
|move|p2a: Zapdos|Thunder|p1a: Blissey|[miss]
|-miss|p2a: Zapdos|p1a: Blissey
|
|-heal|p2a: Zapdos|72/100 tox|[from] item: Leftovers
|-damage|p2a: Zapdos|59/100 tox|[from] psn
|-heal|p1a: Blissey|100/100|[from] item: Leftovers
|upkeep
|turn|11
|
|t:|1728047363
|move|p2a: Zapdos|Baton Pass|p2a: Zapdos
|
|t:|1728047375
|switch|p2a: Blaziken|Blaziken, F|100/100|[from] Baton Pass
|move|p1a: Blissey|Ice Beam|p2a: Blaziken
|-resisted|p2a: Blaziken
|-damage|p2a: Blaziken|83/100
|-status|p2a: Blaziken|frz
|
|-heal|p2a: Blaziken|89/100 frz|[from] item: Leftovers
|upkeep
|turn|12
|
|t:|1728047385
|switch|p1a: Suicune|Suicune|100/100
|cant|p2a: Blaziken|frz
|
|-heal|p2a: Blaziken|95/100 frz|[from] item: Leftovers
|upkeep
|turn|13
|
|t:|1728047388
|switch|p2a: Zapdos|Zapdos|59/100 tox
|move|p1a: Suicune|Surf|p2a: Zapdos
|-damage|p2a: Zapdos|28/100 tox
|
|-heal|p2a: Zapdos|34/100 tox|[from] item: Leftovers
|-damage|p2a: Zapdos|28/100 tox|[from] psn
|upkeep
|turn|14
|
|t:|1728047391
|switch|p2a: Claydol|Claydol|100/100
|switch|p1a: Blissey|Blissey, F|100/100
|
|upkeep
|turn|15
|
|t:|1728047395
|switch|p1a: Skarmory|Skarmory, M|100/100
|move|p2a: Claydol|Earthquake|p1a: Skarmory
|-immune|p1a: Skarmory
|
|upkeep
|turn|16
|
|t:|1728047402
|switch|p2a: Blaziken|Blaziken, F|95/100 frz
|move|p1a: Skarmory|Spikes|p2a: Blaziken
|-sidestart|p2: Xamvius|Spikes
|
|-heal|p2a: Blaziken|100/100 frz|[from] item: Leftovers
|upkeep
|turn|17
|
|t:|1728047404
|cant|p2a: Blaziken|frz
|move|p1a: Skarmory|Drill Peck|p2a: Blaziken
|-supereffective|p2a: Blaziken
|-damage|p2a: Blaziken|19/100 frz
|
|-heal|p2a: Blaziken|25/100 frz|[from] item: Leftovers
|upkeep
|turn|18
|
|t:|1728047418
|switch|p1a: Suicune|Suicune|100/100
|-curestatus|p2a: Blaziken|frz|[msg]
|move|p2a: Blaziken|Overheat|p1a: Suicune
|-resisted|p1a: Suicune
|-damage|p1a: Suicune|66/100
|-unboost|p2a: Blaziken|spa|2
|
|-heal|p2a: Blaziken|31/100|[from] item: Leftovers
|-heal|p1a: Suicune|72/100|[from] item: Leftovers
|upkeep
|turn|19
|
|t:|1728047433
|switch|p2a: Claydol|Claydol|100/100
|move|p1a: Suicune|Surf|p2a: Claydol
|-supereffective|p2a: Claydol
|-damage|p2a: Claydol|47/100
|
|-heal|p1a: Suicune|78/100|[from] item: Leftovers
|-heal|p2a: Claydol|54/100|[from] item: Leftovers
|upkeep
|turn|20
|
|t:|1728047438
|switch|p2a: Blaziken|Blaziken, F|31/100
|-damage|p2a: Blaziken|18/100|[from] Spikes
|move|p1a: Suicune|Surf|p2a: Blaziken
|-supereffective|p2a: Blaziken
|-damage|p2a: Blaziken|0 fnt
|faint|p2a: Blaziken
|
|t:|1728047447
|switch|p2a: Zapdos|Zapdos|28/100 tox
|
|-heal|p2a: Zapdos|34/100 tox|[from] item: Leftovers
|-damage|p2a: Zapdos|28/100 tox|[from] psn
|-heal|p1a: Suicune|85/100|[from] item: Leftovers
|upkeep
|turn|21
|
|t:|1728047451
|switch|p1a: Blissey|Blissey, F|100/100
|move|p2a: Zapdos|Baton Pass|p2a: Zapdos
|
|t:|1728047453
|switch|p2a: Dugtrio|Dugtrio, M|100/100|[from] Baton Pass
|-damage|p2a: Dugtrio|88/100|[from] Spikes
|
|upkeep
|turn|22
|
|t:|1728047455
|move|p2a: Dugtrio|Earthquake|p1a: Blissey
|-damage|p1a: Blissey|37/100
|move|p1a: Blissey|Ice Beam|p2a: Dugtrio
|-supereffective|p2a: Dugtrio
|-damage|p2a: Dugtrio|13/100
|
|-heal|p1a: Blissey|43/100|[from] item: Leftovers
|upkeep
|turn|23
|
|t:|1728047462
|move|p2a: Dugtrio|Earthquake|p1a: Blissey
|-damage|p1a: Blissey|0 fnt
|faint|p1a: Blissey
|
|t:|1728047466
|switch|p1a: Zapdos|Zapdos|42/100 slp
|
|-heal|p1a: Zapdos|48/100 slp|[from] item: Leftovers
|upkeep
|turn|24
|
|t:|1728047474
|switch|p2a: Skarmory|Skarmory, F|29/100
|cant|p1a: Zapdos|slp
|
|-heal|p1a: Zapdos|55/100 slp|[from] item: Leftovers
|-heal|p2a: Skarmory|35/100|[from] item: Leftovers
|upkeep
|turn|25
|
|t:|1728047477
|cant|p1a: Zapdos|slp
|move|p2a: Skarmory|Spikes|p1a: Zapdos
|-sidestart|p1: no more bad dreams|Spikes
|
|-heal|p1a: Zapdos|61/100 slp|[from] item: Leftovers
|-heal|p2a: Skarmory|41/100|[from] item: Leftovers
|upkeep
|turn|26
|
|t:|1728047481
|-curestatus|p1a: Zapdos|slp|[msg]
|move|p1a: Zapdos|Rest|p1a: Zapdos
|-status|p1a: Zapdos|slp|[from] move: Rest
|-heal|p1a: Zapdos|100/100 slp|[silent]
|move|p2a: Skarmory|Toxic||[still]
|-fail|p2a: Skarmory
|
|-heal|p2a: Skarmory|47/100|[from] item: Leftovers
|upkeep
|turn|27
|
|t:|1728047487
|cant|p1a: Zapdos|slp
|move|p2a: Skarmory|Spikes|p1a: Zapdos
|-sidestart|p1: no more bad dreams|Spikes
|
|-heal|p2a: Skarmory|53/100|[from] item: Leftovers
|upkeep
|turn|28
|
|t:|1728047490
|cant|p1a: Zapdos|slp
|move|p2a: Skarmory|Roar|p1a: Zapdos
|drag|p1a: Tyranitar|Tyranitar, M|100/100
|-damage|p1a: Tyranitar|84/100|[from] Spikes
|-weather|Sandstorm|[from] ability: Sand Stream|[of] p1a: Tyranitar
|
|-weather|Sandstorm|[upkeep]
|-heal|p2a: Skarmory|59/100|[from] item: Leftovers
|-heal|p1a: Tyranitar|90/100|[from] item: Leftovers
|upkeep
|turn|29
|
|t:|1728047493
|move|p2a: Skarmory|Toxic|p1a: Tyranitar
|-status|p1a: Tyranitar|tox
|move|p1a: Tyranitar|Fire Blast|p2a: Skarmory
|-supereffective|p2a: Skarmory
|-damage|p2a: Skarmory|0 fnt
|faint|p2a: Skarmory
|
|t:|1728047502
|switch|p2a: Claydol|Claydol|54/100
|
|-weather|Sandstorm|[upkeep]
|-heal|p2a: Claydol|60/100|[from] item: Leftovers
|-heal|p1a: Tyranitar|96/100 tox|[from] item: Leftovers
|-damage|p1a: Tyranitar|90/100 tox|[from] psn
|upkeep
|turn|30
|
|t:|1728047505
|move|p2a: Claydol|Rapid Spin|p1a: Tyranitar
|-resisted|p1a: Tyranitar
|-crit|p1a: Tyranitar
|-damage|p1a: Tyranitar|86/100 tox
|-sideend|p2: Xamvius|Spikes|[from] move: Rapid Spin|[of] p2a: Claydol
|move|p1a: Tyranitar|Crunch|p2a: Claydol
|-supereffective|p2a: Claydol
|-damage|p2a: Claydol|0 fnt
|faint|p2a: Claydol
|
|t:|1728047509
|switch|p2a: Dugtrio|Dugtrio, M|13/100
|
|-weather|Sandstorm|[upkeep]
|-heal|p1a: Tyranitar|92/100 tox|[from] item: Leftovers
|-damage|p1a: Tyranitar|80/100 tox|[from] psn
|upkeep
|turn|31
|
|t:|1728047512
|move|p2a: Dugtrio|Earthquake|p1a: Tyranitar
|-supereffective|p1a: Tyranitar
|-damage|p1a: Tyranitar|0 fnt
|faint|p1a: Tyranitar
|
|t:|1728047516
|switch|p1a: Skarmory|Skarmory, M|100/100
|
|-weather|Sandstorm|[upkeep]
|upkeep
|turn|32
|
|t:|1728047522
|move|p2a: Dugtrio|Earthquake|p1a: Skarmory
|-immune|p1a: Skarmory
|move|p1a: Skarmory|Spikes|p2a: Dugtrio
|-sidestart|p2: Xamvius|Spikes
|
|-weather|Sandstorm|[upkeep]
|upkeep
|turn|33
|
|t:|1728047529
|switch|p2a: Zapdos|Zapdos|28/100 tox
|move|p1a: Skarmory|Spikes|p2a: Zapdos
|-sidestart|p2: Xamvius|Spikes
|
|-weather|Sandstorm|[upkeep]
|-damage|p2a: Zapdos|22/100 tox|[from] Sandstorm
|-heal|p2a: Zapdos|28/100 tox|[from] item: Leftovers
|-damage|p2a: Zapdos|22/100 tox|[from] psn
|upkeep
|turn|34
|
|t:|1728047533
|switch|p1a: Donphan|Donphan, F|100/100
|-damage|p1a: Donphan|84/100|[from] Spikes
|move|p2a: Zapdos|Agility|p2a: Zapdos
|-boost|p2a: Zapdos|spe|2
|
|-weather|Sandstorm|[upkeep]
|-damage|p2a: Zapdos|15/100 tox|[from] Sandstorm
|-heal|p2a: Zapdos|22/100 tox|[from] item: Leftovers
|-damage|p2a: Zapdos|9/100 tox|[from] psn
|-heal|p1a: Donphan|90/100|[from] item: Leftovers
|upkeep
|turn|35
|
|t:|1728047539
|move|p2a: Zapdos|Hidden Power|p1a: Donphan
|-supereffective|p1a: Donphan
|-crit|p1a: Donphan
|-damage|p1a: Donphan|0 fnt
|faint|p1a: Donphan
|
|t:|1728047543
|switch|p1a: Zapdos|Zapdos|100/100 slp
|
|-weather|Sandstorm|[upkeep]
|-damage|p2a: Zapdos|3/100 tox|[from] Sandstorm
|-damage|p1a: Zapdos|94/100 slp|[from] Sandstorm
|-heal|p2a: Zapdos|9/100 tox|[from] item: Leftovers
|-damage|p2a: Zapdos|0 fnt|[from] psn
|faint|p2a: Zapdos
|-heal|p1a: Zapdos|100/100 slp|[from] item: Leftovers
|upkeep
|
|t:|1728047546
|switch|p2a: Lanturn|Lanturn, F|76/100 tox
|-damage|p2a: Lanturn|59/100 tox|[from] Spikes
|turn|36
|
|t:|1728047550
|switch|p1a: Skarmory|Skarmory, M|100/100
|move|p2a: Lanturn|Ice Beam|p1a: Skarmory
|-damage|p1a: Skarmory|78/100
|
|-weather|Sandstorm|[upkeep]
|-damage|p2a: Lanturn|53/100 tox|[from] Sandstorm
|-heal|p1a: Skarmory|84/100|[from] item: Leftovers
|-heal|p2a: Lanturn|59/100 tox|[from] item: Leftovers
|-damage|p2a: Lanturn|53/100 tox|[from] psn
|upkeep
|turn|37
|
|t:|1728047556
|move|p1a: Skarmory|Protect|p1a: Skarmory
|-singleturn|p1a: Skarmory|Protect
|move|p2a: Lanturn|Thunderbolt|p1a: Skarmory
|-activate|p1a: Skarmory|Protect
|
|-weather|Sandstorm|[upkeep]
|-damage|p2a: Lanturn|47/100 tox|[from] Sandstorm
|-heal|p1a: Skarmory|90/100|[from] item: Leftovers
|-heal|p2a: Lanturn|53/100 tox|[from] item: Leftovers
|-damage|p2a: Lanturn|40/100 tox|[from] psn
|upkeep
|turn|38
|
|t:|1728047559
|move|p1a: Skarmory|Spikes|p2a: Lanturn
|-sidestart|p2: Xamvius|Spikes
|move|p2a: Lanturn|Thunderbolt|p1a: Skarmory
|-supereffective|p1a: Skarmory
|-damage|p1a: Skarmory|16/100
|
|-weather|Sandstorm|[upkeep]
|-damage|p2a: Lanturn|34/100 tox|[from] Sandstorm
|-heal|p1a: Skarmory|22/100|[from] item: Leftovers
|-heal|p2a: Lanturn|40/100 tox|[from] item: Leftovers
|-damage|p2a: Lanturn|22/100 tox|[from] psn
|upkeep
|turn|39
|
|t:|1728047564
|switch|p2a: Dugtrio|Dugtrio, M|13/100
|-damage|p2a: Dugtrio|0 fnt|[from] Spikes
|faint|p2a: Dugtrio
|
|t:|1728047565
|switch|p2a: Lanturn|Lanturn, F|22/100 tox
|-damage|p2a: Lanturn|0 fnt|[from] Spikes
|faint|p2a: Lanturn
|
|win|no more bad dreams
|c|☆no more bad dreams|gg
|c|☆Xamvius|G
|c|☆Xamvius|GG
|player|p2|

</script>
<script type="application/json" class="data" id="replaydata-smogtours-gen3ou-794536">
{"id":"smogtours-gen3ou-794536","format":"[Gen 3] OU","players":["no more bad dreams","Xamvius"],"uploadtime":1728047565,"views":94,"formatid":"gen3ou","rating":null,"private":0,"password":null}
</script>

<script defer src="js/replays.js?9d40a366"></script>
