<!DOCTYPE html>
<meta charset="utf-8" />
<meta name="viewport" content="width=device-width" />

<title>[Gen 3] OU: ali.gnome vs. AnotherAshenSoul - Replays - Pok&eacute;mon Showdown!</title>

<meta name="description" content="Watch a replay of a Pok&eacute;mon battle between ali.gnome and AnotherAshenSoul! Format: [Gen 3] OU; Date: Oct 10, 2024" />
<!--

Hey, you! Looking in the source for the replay log?

You can find them in JSON format, just add `.json` at the end of a replay URL.

https://replay.pokemonshowdown.com/gen7randomdoublesbattle-865046831.json

Or, if you only need the log itself, add `.log` instead:

https://replay.pokemonshowdown.com/gen7randomdoublesbattle-865046831.log

-->

<link rel="stylesheet" href="//pokemonshowdown.com/style/global.css?0.023195364461161105" />
<link rel="stylesheet" href="//play.pokemonshowdown.com/style/font-awesome.css?0.13261647063804238" />
<link rel="stylesheet" href="//play.pokemonshowdown.com/style/battle.css?0.8753245789963631" />
<link rel="stylesheet" href="//play.pokemonshowdown.com/style/utilichart.css?0.8627959624976733" />

<!-- Global site tag (gtag.js) - Google Analytics -->
<script async src="https://www.googletagmanager.com/gtag/js?id=UA-26211653-1"></script>
<script>
  window.dataLayer = window.dataLayer || [];
  function gtag(){dataLayer.push(arguments);}
  gtag('js', new Date());

  gtag('config', 'UA-26211653-1');
</script>
<!-- End Google Analytics -->
<!-- Venatus Ad Manager - Install in <HEAD> of page -->
	<script src="https://hb.vntsm.com/v3/live/ad-manager.min.js" type="text/javascript" data-site-id="642aba63ec9a7b11c3c9c1be" data-mode="scan" async></script>
<!-- / Venatus Ad Manager -->

<style>
	@media (max-width:820px) {
		.battle {
			margin: 0 auto;
		}
		.battle-log {
			margin: 7px auto 0;
			max-width: 640px;
			height: 300px;
			position: static;
		}
	}
	.optgroup {
		display: inline-block;
		line-height: 22px;
		font-size: 10pt;
	}
	.optgroup .button {
		height: 25px;
		padding-top: 0;
		padding-bottom: 0;
	}
	.optgroup button.button {
		padding-left: 12px;
		padding-right: 12px;
	}
	.linklist {
		list-style: none;
		margin: 0.5em 0;
		padding: 0;
	}
	.linklist li {
		padding: 2px 0;
	}
	.sidebar {
		float: left;
		width: 320px;
	}
	.bar-wrapper {
		max-width: 1100px;
		margin: 0 auto;
	}
	.bar-wrapper.has-sidebar {
		max-width: 1430px;
	}
	.mainbar {
		margin: 0;
		padding-right: 1px;
	}
	.mainbar.has-sidebar {
		margin-left: 330px;
	}
	@media (min-width: 1511px) {
		.sidebar {
			width: 400px;
		}
		.bar-wrapper.has-sidebar {
			max-width: 1510px;
		}
		.mainbar.has-sidebar {
			margin-left: 410px;
		}
	}
	.section.first-section {
		margin-top: 9px;
	}
	.blocklink small {
		white-space: normal;
	}
	.button {
		vertical-align: middle;
	}
	.replay-controls {
		padding-top: 10px;
	}
	.replay-controls h1 {
		font-size: 16pt;
		font-weight: normal;
		color: #CCC;
	}
	.pagelink {
		text-align: center;
	}
	.pagelink a {
		width: 150px;
	}
	.textbox, .button {
		font-size: 11pt;
		vertical-align: middle;
	}
	@media (max-width: 450px) {
		.button {
			font-size: 9pt;
		}
	}
</style>

<div>

	<header>
		<div class="nav-wrapper"><ul class="nav">
			<li><a class="button nav-first" href="//pokemonshowdown.com/"><img src="//pokemonshowdown.com/images/pokemonshowdownbeta.png" srcset="//pokemonshowdown.com/images/pokemonshowdownbeta.png 1x, //pokemonshowdown.com/images/pokemonshowdownbeta@2x.png 2x" alt="Pok&eacute;mon Showdown" width="146" height="44" /> Home</a></li>
			<li><a class="button" href="//pokemonshowdown.com/dex/">Pok&eacute;dex</a></li>
			<li><a class="button cur" href="/">Replays</a></li>
			<li><a class="button" href="//pokemonshowdown.com/ladder/">Ladder</a></li>
			<li><a class="button nav-last" href="//pokemonshowdown.com/forums/">Forum</a></li>
			<li><a class="button greenbutton nav-first nav-last" href="//play.pokemonshowdown.com/">Play</a></li>
		</ul></div>
	</header>

	<div class="main" id="main">

		<noscript><section class="section">You need to enable JavaScript to use this page; sorry!</section></noscript>

	</div>

</div>

<script defer nomodule src="//play.pokemonshowdown.com/js/lib/ps-polyfill.js"></script>
<script defer src="//play.pokemonshowdown.com/js/lib/preact.min.js"></script>

<script defer src="//play.pokemonshowdown.com/config/config.js?2bddbc15"></script>
<script defer src="//play.pokemonshowdown.com/js/lib/jquery-1.11.0.min.js"></script>
<script defer src="//play.pokemonshowdown.com/js/lib/html-sanitizer-minified.js"></script>
<script defer src="//play.pokemonshowdown.com/js/battle-sound.js"></script>
<script defer src="//play.pokemonshowdown.com/js/battledata.js?0.7209276989879541"></script>
<script defer src="//play.pokemonshowdown.com/data/pokedex-mini.js?0.6111056340867951"></script>
<script defer src="//play.pokemonshowdown.com/data/pokedex-mini-bw.js?0.3532142036491459"></script>
<script defer src="//play.pokemonshowdown.com/data/graphics.js?0.24223875632456182"></script>
<script defer src="//play.pokemonshowdown.com/data/pokedex.js?0.38839984266356864"></script>
<script defer src="//play.pokemonshowdown.com/data/moves.js?0.21866028504024015"></script>
<script defer src="//play.pokemonshowdown.com/data/abilities.js?0.2005157953846628"></script>
<script defer src="//play.pokemonshowdown.com/data/items.js?0.9894211263848525"></script>
<script defer src="//play.pokemonshowdown.com/data/teambuilder-tables.js?0.6008791140282215"></script>
<script defer src="//play.pokemonshowdown.com/js/battle-tooltips.js?0.7580118955022959"></script>
<script defer src="//play.pokemonshowdown.com/js/battle.js?0.6057722274234274"></script>

<script defer src="js/utils.js?e31f9a17"></script>
<script defer src="js/replays-battle.js?7008c182"></script>

<!-- don't scrape this data! just add .json or .log after the URL!
Full API docs: https://github.com/smogon/pokemon-showdown-client/blob/master/WEB-API.md -->
<script type="text/plain" class="log" id="replaylog-smogtours-gen3ou-796930">
|inactive|Battle timer is ON: inactive players will automatically lose when time's up.
|t:|1728581646
|gametype|singles
|player|p1|ali.gnome|sage|
|player|p2|AnotherAshenSoul|lady-gen4|
|teamsize|p1|6
|teamsize|p2|6
|gen|3
|tier|[Gen 3] OU
|rule|Sleep Clause Mod: Limit one foe put to sleep
|rule|Switch Priority Clause Mod: Faster Pokémon switch first
|rule|Species Clause: Limit one of each Pokémon
|rule|OHKO Clause: OHKO moves are banned
|rule|Evasion Items Clause: Evasion items are banned
|rule|Evasion Moves Clause: Evasion moves are banned
|rule|Endless Battle Clause: Forcing endless battles is banned
|rule|HP Percentage Mod: HP is shown in percentages
|rule|One Boost Passer Clause: Limit one Baton Passer that has a way to boost its stats
|rule|Freeze Clause Mod: Limit one foe frozen
|
|t:|1728581646
|start
|switch|p1a: Tyranitar|Tyranitar, F|100/100
|switch|p2a: Hot Fuzz|Jolteon, M|100/100
|-weather|Sandstorm|[from] ability: Sand Stream|[of] p1a: Tyranitar
|turn|1
|c|☆ali.gnome|glhf!
|c|☆AnotherAshenSoul|u2 <3
|
|t:|1728581659
|move|p2a: Hot Fuzz|Substitute|p2a: Hot Fuzz
|-start|p2a: Hot Fuzz|Substitute
|-damage|p2a: Hot Fuzz|76/100
|move|p1a: Tyranitar|Pursuit|p2a: Hot Fuzz
|-end|p2a: Hot Fuzz|Substitute
|
|-weather|Sandstorm|[upkeep]
|-damage|p2a: Hot Fuzz|70/100|[from] Sandstorm
|-heal|p2a: Hot Fuzz|76/100|[from] item: Leftovers
|upkeep
|turn|2
|
|t:|1728581679
|move|p2a: Hot Fuzz|Baton Pass|p2a: Hot Fuzz
|
|t:|1728581686
|switch|p2a: The World's End|Suicune|100/100|[from] Baton Pass
|move|p1a: Tyranitar|Pursuit|p2a: The World's End
|-crit|p2a: The World's End
|-damage|p2a: The World's End|68/100
|
|-weather|Sandstorm|[upkeep]
|-damage|p2a: The World's End|62/100|[from] Sandstorm
|-heal|p2a: The World's End|68/100|[from] item: Leftovers
|upkeep
|turn|3
|
|t:|1728581708
|switch|p1a: Skarmory|Skarmory, F, shiny|100/100
|move|p2a: The World's End|Calm Mind|p2a: The World's End
|-boost|p2a: The World's End|spa|1
|-boost|p2a: The World's End|spd|1
|
|-weather|Sandstorm|[upkeep]
|-damage|p2a: The World's End|62/100|[from] Sandstorm
|-heal|p2a: The World's End|68/100|[from] item: Leftovers
|upkeep
|turn|4
|
|t:|1728581715
|move|p2a: The World's End|Hydro Pump|p1a: Skarmory|[miss]
|-miss|p2a: The World's End|p1a: Skarmory
|move|p1a: Skarmory|Roar|p2a: The World's End
|drag|p2a: Scott Pilgrim|Skarmory, F|100/100
|
|-weather|Sandstorm|[upkeep]
|upkeep
|turn|5
|
|t:|1728581729
|switch|p2a: Hot Fuzz|Jolteon, M|76/100
|move|p1a: Skarmory|Spikes|p2a: Hot Fuzz
|-sidestart|p2: AnotherAshenSoul|Spikes
|
|-weather|Sandstorm|[upkeep]
|-damage|p2a: Hot Fuzz|70/100|[from] Sandstorm
|-heal|p2a: Hot Fuzz|76/100|[from] item: Leftovers
|upkeep
|turn|6
|
|t:|1728581739
|switch|p1a: Flygon|Flygon, M, shiny|100/100
|move|p2a: Hot Fuzz|Thunderbolt|p1a: Flygon
|-immune|p1a: Flygon
|
|-weather|Sandstorm|[upkeep]
|-damage|p2a: Hot Fuzz|70/100|[from] Sandstorm
|-heal|p2a: Hot Fuzz|76/100|[from] item: Leftovers
|upkeep
|turn|7
|
|t:|1728581762
|switch|p1a: Skarmory|Skarmory, F, shiny|100/100
|move|p2a: Hot Fuzz|Substitute|p2a: Hot Fuzz
|-start|p2a: Hot Fuzz|Substitute
|-damage|p2a: Hot Fuzz|51/100
|
|-weather|Sandstorm|[upkeep]
|-damage|p2a: Hot Fuzz|45/100|[from] Sandstorm
|-heal|p2a: Hot Fuzz|51/100|[from] item: Leftovers
|upkeep
|turn|8
|
|t:|1728581777
|move|p2a: Hot Fuzz|Thunderbolt|p1a: Skarmory
|-supereffective|p1a: Skarmory
|-damage|p1a: Skarmory|21/100
|move|p1a: Skarmory|Roar|p2a: Hot Fuzz
|drag|p2a: Shaun of the Dead|Aerodactyl, F|100/100
|
|-weather|Sandstorm|[upkeep]
|-heal|p1a: Skarmory|27/100|[from] item: Leftovers
|upkeep
|turn|9
|
|t:|1728581786
|move|p1a: Skarmory|Protect|p1a: Skarmory
|-singleturn|p1a: Skarmory|Protect
|move|p2a: Shaun of the Dead|Rock Slide|p1a: Skarmory
|-activate|p1a: Skarmory|Protect
|
|-weather|Sandstorm|[upkeep]
|-heal|p1a: Skarmory|33/100|[from] item: Leftovers
|upkeep
|turn|10
|
|t:|1728581790
|switch|p1a: Jirachi|Jirachi|100/100
|move|p2a: Shaun of the Dead|Rock Slide|p1a: Jirachi
|-resisted|p1a: Jirachi
|-damage|p1a: Jirachi|82/100
|
|-weather|Sandstorm|[upkeep]
|-heal|p1a: Jirachi|88/100|[from] item: Leftovers
|upkeep
|turn|11
|
|t:|1728581801
|switch|p2a: Scott Pilgrim|Skarmory, F|100/100
|move|p1a: Jirachi|Body Slam|p2a: Scott Pilgrim
|-resisted|p2a: Scott Pilgrim
|-damage|p2a: Scott Pilgrim|94/100
|-status|p2a: Scott Pilgrim|par
|
|-weather|Sandstorm|[upkeep]
|-heal|p1a: Jirachi|94/100|[from] item: Leftovers
|-heal|p2a: Scott Pilgrim|99/100 par|[from] item: Leftovers
|upkeep
|turn|12
|
|t:|1728581809
|switch|p1a: Skarmory|Skarmory, F, shiny|33/100
|move|p2a: Scott Pilgrim|Spikes|p1a: Skarmory
|-sidestart|p1: ali.gnome|Spikes
|
|-weather|Sandstorm|[upkeep]
|-heal|p1a: Skarmory|39/100|[from] item: Leftovers
|-heal|p2a: Scott Pilgrim|100/100 par|[from] item: Leftovers
|upkeep
|turn|13
|
|t:|1728581813
|switch|p2a: Hot Fuzz|Jolteon, M|51/100
|-damage|p2a: Hot Fuzz|39/100|[from] Spikes
|move|p1a: Skarmory|Spikes|p2a: Hot Fuzz
|-sidestart|p2: AnotherAshenSoul|Spikes
|
|-weather|Sandstorm|[upkeep]
|-damage|p2a: Hot Fuzz|33/100|[from] Sandstorm
|-heal|p2a: Hot Fuzz|39/100|[from] item: Leftovers
|-heal|p1a: Skarmory|45/100|[from] item: Leftovers
|upkeep
|turn|14
|
|t:|1728581821
|move|p2a: Hot Fuzz|Substitute|p2a: Hot Fuzz
|-start|p2a: Hot Fuzz|Substitute
|-damage|p2a: Hot Fuzz|14/100
|move|p1a: Skarmory|Roar|p2a: Hot Fuzz
|drag|p2a: Last Night in Soho|Claydol|100/100
|
|-weather|Sandstorm|[upkeep]
|-heal|p1a: Skarmory|51/100|[from] item: Leftovers
|upkeep
|turn|15
|
|t:|1728581827
|move|p2a: Last Night in Soho|Rapid Spin|p1a: Skarmory
|-resisted|p1a: Skarmory
|-damage|p1a: Skarmory|50/100
|-sideend|p2: AnotherAshenSoul|Spikes|[from] move: Rapid Spin|[of] p2a: Last Night in Soho
|move|p1a: Skarmory|Toxic|p2a: Last Night in Soho|[miss]
|-miss|p1a: Skarmory|p2a: Last Night in Soho
|
|-weather|Sandstorm|[upkeep]
|-heal|p1a: Skarmory|56/100|[from] item: Leftovers
|upkeep
|turn|16
|
|t:|1728581840
|switch|p2a: The World's End|Suicune|68/100
|move|p1a: Skarmory|Spikes|p2a: The World's End
|-sidestart|p2: AnotherAshenSoul|Spikes
|
|-weather|Sandstorm|[upkeep]
|-damage|p2a: The World's End|62/100|[from] Sandstorm
|-heal|p2a: The World's End|68/100|[from] item: Leftovers
|-heal|p1a: Skarmory|62/100|[from] item: Leftovers
|upkeep
|turn|17
|
|t:|1728581844
|move|p2a: The World's End|Hydro Pump|p1a: Skarmory
|-crit|p1a: Skarmory
|-damage|p1a: Skarmory|0 fnt
|faint|p1a: Skarmory
|
|t:|1728581857
|switch|p1a: Gengar|Gengar, M, shiny|100/100
|
|-weather|Sandstorm|[upkeep]
|-damage|p1a: Gengar|94/100|[from] Sandstorm
|-damage|p2a: The World's End|62/100|[from] Sandstorm
|-heal|p1a: Gengar|100/100|[from] item: Leftovers
|-heal|p2a: The World's End|68/100|[from] item: Leftovers
|upkeep
|turn|18
|
|t:|1728581864
|switch|p2a: Hot Fuzz|Jolteon, M|14/100
|-damage|p2a: Hot Fuzz|2/100|[from] Spikes
|move|p1a: Gengar|Thunderbolt|p2a: Hot Fuzz
|-heal|p2a: Hot Fuzz|27/100|[from] ability: Volt Absorb|[of] p1a: Gengar
|
|-weather|Sandstorm|[upkeep]
|-damage|p2a: Hot Fuzz|21/100|[from] Sandstorm
|-damage|p1a: Gengar|94/100|[from] Sandstorm
|-heal|p2a: Hot Fuzz|27/100|[from] item: Leftovers
|-heal|p1a: Gengar|100/100|[from] item: Leftovers
|upkeep
|turn|19
|
|t:|1728581870
|move|p2a: Hot Fuzz|Thunderbolt|p1a: Gengar
|-damage|p1a: Gengar|48/100
|move|p1a: Gengar|Ice Punch|p2a: Hot Fuzz
|-damage|p2a: Hot Fuzz|0 fnt
|faint|p2a: Hot Fuzz
|
|t:|1728581876
|switch|p2a: Shaun of the Dead|Aerodactyl, F|100/100
|
|-weather|Sandstorm|[upkeep]
|-damage|p1a: Gengar|41/100|[from] Sandstorm
|-heal|p1a: Gengar|48/100|[from] item: Leftovers
|upkeep
|turn|20
|
|t:|1728581888
|switch|p1a: Flygon|Flygon, M, shiny|100/100
|move|p2a: Shaun of the Dead|Rock Slide|p1a: Flygon
|-resisted|p1a: Flygon
|-damage|p1a: Flygon|80/100
|
|-weather|Sandstorm|[upkeep]
|-heal|p1a: Flygon|86/100|[from] item: Leftovers
|upkeep
|turn|21
|
|t:|1728581903
|switch|p2a: Scott Pilgrim|Skarmory, F|100/100 par
|switch|p1a: Moltres|Moltres|100/100
|
|-weather|Sandstorm|[upkeep]
|-damage|p1a: Moltres|94/100|[from] Sandstorm
|-heal|p1a: Moltres|100/100|[from] item: Leftovers
|upkeep
|turn|22
|
|t:|1728581916
|move|p1a: Moltres|Fire Blast|p2a: Scott Pilgrim
|-supereffective|p2a: Scott Pilgrim
|-damage|p2a: Scott Pilgrim|0 fnt
|faint|p2a: Scott Pilgrim
|
|t:|1728581925
|switch|p2a: The World's End|Suicune|68/100
|-damage|p2a: The World's End|56/100|[from] Spikes
|
|-weather|Sandstorm|[upkeep]
|-damage|p1a: Moltres|94/100|[from] Sandstorm
|-damage|p2a: The World's End|50/100|[from] Sandstorm
|-heal|p1a: Moltres|100/100|[from] item: Leftovers
|-heal|p2a: The World's End|56/100|[from] item: Leftovers
|upkeep
|turn|23
|
|t:|1728581937
|move|p1a: Moltres|Hidden Power|p2a: The World's End
|-supereffective|p2a: The World's End
|-damage|p2a: The World's End|12/100
|move|p2a: The World's End|Hydro Pump|p1a: Moltres
|-supereffective|p1a: Moltres
|-crit|p1a: Moltres
|-damage|p1a: Moltres|0 fnt
|faint|p1a: Moltres
|
|t:|1728581948
|switch|p1a: Gengar|Gengar, M, shiny|48/100
|
|-weather|Sandstorm|[upkeep]
|-damage|p1a: Gengar|41/100|[from] Sandstorm
|-damage|p2a: The World's End|6/100|[from] Sandstorm
|-heal|p1a: Gengar|48/100|[from] item: Leftovers
|-heal|p2a: The World's End|12/100|[from] item: Leftovers
|upkeep
|turn|24
|
|t:|1728581956
|switch|p2a: Last Night in Soho|Claydol|100/100
|move|p1a: Gengar|Thunderbolt|p2a: Last Night in Soho
|-immune|p2a: Last Night in Soho
|
|-weather|Sandstorm|[upkeep]
|-damage|p1a: Gengar|41/100|[from] Sandstorm
|-heal|p1a: Gengar|48/100|[from] item: Leftovers
|upkeep
|turn|25
|
|t:|1728581976
|switch|p1a: Flygon|Flygon, M, shiny|86/100
|move|p2a: Last Night in Soho|Psychic|p1a: Flygon
|-crit|p1a: Flygon
|-damage|p1a: Flygon|41/100
|
|-weather|Sandstorm|[upkeep]
|-heal|p1a: Flygon|47/100|[from] item: Leftovers
|upkeep
|turn|26
|
|t:|1728581988
|move|p1a: Flygon|Protect|p1a: Flygon
|-singleturn|p1a: Flygon|Protect
|move|p2a: Last Night in Soho|Rapid Spin|p1a: Flygon
|-activate|p1a: Flygon|Protect
|
|-weather|Sandstorm|[upkeep]
|-heal|p1a: Flygon|53/100|[from] item: Leftovers
|upkeep
|turn|27
|
|t:|1728582004
|move|p1a: Flygon|Toxic|p2a: Last Night in Soho
|-status|p2a: Last Night in Soho|tox
|move|p2a: Last Night in Soho|Rapid Spin|p1a: Flygon
|-damage|p1a: Flygon|49/100
|-sideend|p2: AnotherAshenSoul|Spikes|[from] move: Rapid Spin|[of] p2a: Last Night in Soho
|
|-weather|Sandstorm|[upkeep]
|-heal|p1a: Flygon|55/100|[from] item: Leftovers
|-damage|p2a: Last Night in Soho|94/100 tox|[from] psn
|upkeep
|turn|28
|
|t:|1728582009
|switch|p1a: Gengar|Gengar, M, shiny|48/100
|move|p2a: Last Night in Soho|Explosion|p1a: Gengar
|-immune|p1a: Gengar
|faint|p2a: Last Night in Soho
|
|t:|1728582011
|switch|p2a: Shaun of the Dead|Aerodactyl, F|100/100
|
|-weather|Sandstorm|[upkeep]
|-damage|p1a: Gengar|41/100|[from] Sandstorm
|-heal|p1a: Gengar|48/100|[from] item: Leftovers
|upkeep
|turn|29
|
|t:|1728582020
|switch|p1a: Flygon|Flygon, M, shiny|55/100
|move|p2a: Shaun of the Dead|Rock Slide|p1a: Flygon
|-resisted|p1a: Flygon
|-damage|p1a: Flygon|33/100
|
|-weather|Sandstorm|[upkeep]
|-heal|p1a: Flygon|39/100|[from] item: Leftovers
|upkeep
|turn|30
|
|t:|1728582028
|move|p2a: Shaun of the Dead|Rock Slide|p1a: Flygon
|-resisted|p1a: Flygon
|-damage|p1a: Flygon|19/100
|cant|p1a: Flygon|flinch
|
|-weather|Sandstorm|[upkeep]
|-heal|p1a: Flygon|25/100|[from] item: Leftovers
|upkeep
|turn|31
|
|t:|1728582034
|move|p1a: Flygon|Protect|p1a: Flygon
|-singleturn|p1a: Flygon|Protect
|move|p2a: Shaun of the Dead|Rock Slide|p1a: Flygon
|-activate|p1a: Flygon|Protect
|
|-weather|Sandstorm|[upkeep]
|-heal|p1a: Flygon|31/100|[from] item: Leftovers
|upkeep
|turn|32
|
|t:|1728582038
|move|p2a: Shaun of the Dead|Rock Slide|p1a: Flygon
|-resisted|p1a: Flygon
|-damage|p1a: Flygon|11/100
|move|p1a: Flygon|Toxic|p2a: Shaun of the Dead
|-status|p2a: Shaun of the Dead|tox
|
|-weather|Sandstorm|[upkeep]
|-damage|p2a: Shaun of the Dead|95/100 tox|[from] psn
|-heal|p1a: Flygon|17/100|[from] item: Leftovers
|upkeep
|turn|33
|
|t:|1728582044
|switch|p2a: The World's End|Suicune|12/100
|move|p1a: Flygon|Protect||[still]
|-fail|p1a: Flygon
|
|-weather|Sandstorm|[upkeep]
|-damage|p2a: The World's End|6/100|[from] Sandstorm
|-heal|p2a: The World's End|12/100|[from] item: Leftovers
|-heal|p1a: Flygon|23/100|[from] item: Leftovers
|upkeep
|turn|34
|
|t:|1728582050
|move|p2a: The World's End|Ice Beam|p1a: Flygon
|-supereffective|p1a: Flygon
|-damage|p1a: Flygon|0 fnt
|faint|p1a: Flygon
|
|t:|1728582053
|switch|p1a: Gengar|Gengar, M, shiny|48/100
|
|-weather|Sandstorm|[upkeep]
|-damage|p1a: Gengar|41/100|[from] Sandstorm
|-damage|p2a: The World's End|6/100|[from] Sandstorm
|-heal|p1a: Gengar|48/100|[from] item: Leftovers
|-heal|p2a: The World's End|12/100|[from] item: Leftovers
|upkeep
|turn|35
|
|t:|1728582061
|move|p1a: Gengar|Thunderbolt|p2a: The World's End
|-supereffective|p2a: The World's End
|-damage|p2a: The World's End|0 fnt
|faint|p2a: The World's End
|
|t:|1728582064
|switch|p2a: Baby Driver|Tyranitar, M|100/100
|
|-weather|Sandstorm|[upkeep]
|-damage|p1a: Gengar|41/100|[from] Sandstorm
|-heal|p1a: Gengar|48/100|[from] item: Leftovers
|upkeep
|turn|36
|
|t:|1728582068
|move|p1a: Gengar|Taunt|p2a: Baby Driver
|-start|p2a: Baby Driver|move: Taunt
|cant|p2a: Baby Driver|move: Taunt|Dragon Dance
|
|-weather|Sandstorm|[upkeep]
|-damage|p1a: Gengar|41/100|[from] Sandstorm
|-heal|p1a: Gengar|48/100|[from] item: Leftovers
|upkeep
|turn|37
|
|t:|1728582073
|move|p1a: Gengar|Will-O-Wisp|p2a: Baby Driver
|-status|p2a: Baby Driver|brn
|-enditem|p2a: Baby Driver|Lum Berry|[eat]
|-curestatus|p2a: Baby Driver|brn|[msg]
|move|p2a: Baby Driver|Rock Slide|p1a: Gengar
|-damage|p1a: Gengar|0 fnt
|faint|p1a: Gengar
|
|t:|1728582083
|switch|p1a: Tyranitar|Tyranitar, F|100/100
|-damage|p1a: Tyranitar|88/100|[from] Spikes
|
|-weather|Sandstorm|[upkeep]
|-end|p2a: Baby Driver|move: Taunt|[silent]
|-heal|p1a: Tyranitar|94/100|[from] item: Leftovers
|upkeep
|turn|38
|
|t:|1728582086
|move|p2a: Baby Driver|Earthquake|p1a: Tyranitar
|-supereffective|p1a: Tyranitar
|-damage|p1a: Tyranitar|40/100
|move|p1a: Tyranitar|Earthquake|p2a: Baby Driver
|-supereffective|p2a: Baby Driver
|-damage|p2a: Baby Driver|47/100
|
|-weather|Sandstorm|[upkeep]
|-heal|p1a: Tyranitar|46/100|[from] item: Leftovers
|upkeep
|turn|39
|
|t:|1728582093
|move|p2a: Baby Driver|Earthquake|p1a: Tyranitar
|-supereffective|p1a: Tyranitar
|-damage|p1a: Tyranitar|0 fnt
|faint|p1a: Tyranitar
|
|t:|1728582095
|switch|p1a: Jirachi|Jirachi|94/100
|-damage|p1a: Jirachi|82/100|[from] Spikes
|
|-weather|Sandstorm|[upkeep]
|-heal|p1a: Jirachi|88/100|[from] item: Leftovers
|upkeep
|turn|40
|
|t:|1728582101
|move|p2a: Baby Driver|Earthquake|p1a: Jirachi
|-supereffective|p1a: Jirachi
|-damage|p1a: Jirachi|30/100
|move|p1a: Jirachi|Body Slam|p2a: Baby Driver
|-resisted|p2a: Baby Driver
|-damage|p2a: Baby Driver|38/100
|-status|p2a: Baby Driver|par
|
|-weather|Sandstorm|[upkeep]
|-heal|p1a: Jirachi|36/100|[from] item: Leftovers
|upkeep
|turn|41
|
|t:|1728582108
|move|p1a: Jirachi|Protect|p1a: Jirachi
|-singleturn|p1a: Jirachi|Protect
|cant|p2a: Baby Driver|par
|
|-weather|Sandstorm|[upkeep]
|-heal|p1a: Jirachi|42/100|[from] item: Leftovers
|upkeep
|turn|42
|
|t:|1728582111
|move|p1a: Jirachi|Wish|p1a: Jirachi
|move|p2a: Baby Driver|Dragon Dance|p2a: Baby Driver
|-boost|p2a: Baby Driver|atk|1
|-boost|p2a: Baby Driver|spe|1
|
|-weather|Sandstorm|[upkeep]
|-heal|p1a: Jirachi|49/100|[from] item: Leftovers
|upkeep
|turn|43
|
|t:|1728582116
|move|p1a: Jirachi|Protect|p1a: Jirachi
|-singleturn|p1a: Jirachi|Protect
|move|p2a: Baby Driver|Earthquake|p1a: Jirachi
|-activate|p1a: Jirachi|Protect
|
|-heal|p1a: Jirachi|99/100|[from] move: Wish|[wisher] Jirachi
|-weather|Sandstorm|[upkeep]
|-heal|p1a: Jirachi|100/100|[from] item: Leftovers
|upkeep
|turn|44
|
|t:|1728582120
|move|p1a: Jirachi|Body Slam|p2a: Baby Driver
|-resisted|p2a: Baby Driver
|-damage|p2a: Baby Driver|27/100 par
|move|p2a: Baby Driver|Earthquake|p1a: Jirachi
|-supereffective|p1a: Jirachi
|-damage|p1a: Jirachi|15/100
|
|-weather|Sandstorm|[upkeep]
|-heal|p1a: Jirachi|21/100|[from] item: Leftovers
|upkeep
|turn|45
|
|t:|1728582127
|move|p1a: Jirachi|Body Slam|p2a: Baby Driver
|-resisted|p2a: Baby Driver
|-damage|p2a: Baby Driver|17/100 par
|cant|p2a: Baby Driver|par
|
|-weather|Sandstorm|[upkeep]
|-heal|p1a: Jirachi|27/100|[from] item: Leftovers
|upkeep
|turn|46
|
|t:|1728582131
|move|p1a: Jirachi|Protect|p1a: Jirachi
|-singleturn|p1a: Jirachi|Protect
|move|p2a: Baby Driver|Earthquake|p1a: Jirachi
|-activate|p1a: Jirachi|Protect
|
|-weather|Sandstorm|[upkeep]
|-heal|p1a: Jirachi|34/100|[from] item: Leftovers
|upkeep
|turn|47
|
|t:|1728582133
|move|p1a: Jirachi|Body Slam|p2a: Baby Driver
|-resisted|p2a: Baby Driver
|-damage|p2a: Baby Driver|8/100 par
|cant|p2a: Baby Driver|par
|
|-weather|Sandstorm|[upkeep]
|-heal|p1a: Jirachi|40/100|[from] item: Leftovers
|upkeep
|turn|48
|
|t:|1728582140
|move|p1a: Jirachi|Protect|p1a: Jirachi
|-singleturn|p1a: Jirachi|Protect
|move|p2a: Baby Driver|Earthquake|p1a: Jirachi
|-activate|p1a: Jirachi|Protect
|
|-weather|Sandstorm|[upkeep]
|-heal|p1a: Jirachi|46/100|[from] item: Leftovers
|upkeep
|turn|49
|
|t:|1728582145
|move|p1a: Jirachi|Body Slam|p2a: Baby Driver
|-resisted|p2a: Baby Driver
|-damage|p2a: Baby Driver|0 fnt
|faint|p2a: Baby Driver
|
|t:|1728582148
|switch|p2a: Shaun of the Dead|Aerodactyl, F|95/100 tox
|
|-weather|Sandstorm|[upkeep]
|-damage|p2a: Shaun of the Dead|89/100 tox|[from] psn
|-heal|p1a: Jirachi|52/100|[from] item: Leftovers
|upkeep
|turn|50
|
|t:|1728582150
|move|p1a: Jirachi|Protect|p1a: Jirachi
|-singleturn|p1a: Jirachi|Protect
|move|p2a: Shaun of the Dead|Earthquake|p1a: Jirachi
|-activate|p1a: Jirachi|Protect
|
|-weather|Sandstorm|[upkeep]
|-damage|p2a: Shaun of the Dead|77/100 tox|[from] psn
|-heal|p1a: Jirachi|58/100|[from] item: Leftovers
|upkeep
|turn|51
|
|t:|1728582159
|move|p2a: Shaun of the Dead|Earthquake|p1a: Jirachi
|-supereffective|p1a: Jirachi
|-damage|p1a: Jirachi|0 fnt
|faint|p1a: Jirachi
|
|win|AnotherAshenSoul
|c|☆AnotherAshenSoul|gr
|c|☆ali.gnome|what do we do with the upload

</script>
<script type="application/json" class="data" id="replaydata-smogtours-gen3ou-796930">
{"id":"smogtours-gen3ou-796930","format":"[Gen 3] OU","players":["ali.gnome","AnotherAshenSoul"],"uploadtime":1728582159,"views":106,"formatid":"gen3ou","rating":null,"private":0,"password":null}
</script>

<script defer src="js/replays.js?9d40a366"></script>
