<!DOCTYPE html>
<meta charset="utf-8" />
<meta name="viewport" content="width=device-width" />

<title>[Gen 3] OU: dustyfans vs. Justblamehax - Replays - Pok&eacute;mon Showdown!</title>

<meta name="description" content="Watch a replay of a Pok&eacute;mon battle between dustyfans and Justblamehax! Format: [Gen 3] OU; Date: Oct 2, 2024" />
<!--

Hey, you! Looking in the source for the replay log?

You can find them in JSON format, just add `.json` at the end of a replay URL.

https://replay.pokemonshowdown.com/gen7randomdoublesbattle-865046831.json

Or, if you only need the log itself, add `.log` instead:

https://replay.pokemonshowdown.com/gen7randomdoublesbattle-865046831.log

-->

<link rel="stylesheet" href="//pokemonshowdown.com/style/global.css?0.023195364461161105" />
<link rel="stylesheet" href="//play.pokemonshowdown.com/style/font-awesome.css?0.13261647063804238" />
<link rel="stylesheet" href="//play.pokemonshowdown.com/style/battle.css?0.8753245789963631" />
<link rel="stylesheet" href="//play.pokemonshowdown.com/style/utilichart.css?0.8627959624976733" />

<!-- Global site tag (gtag.js) - Google Analytics -->
<script async src="https://www.googletagmanager.com/gtag/js?id=UA-26211653-1"></script>
<script>
  window.dataLayer = window.dataLayer || [];
  function gtag(){dataLayer.push(arguments);}
  gtag('js', new Date());

  gtag('config', 'UA-26211653-1');
</script>
<!-- End Google Analytics -->
<!-- Venatus Ad Manager - Install in <HEAD> of page -->
	<script src="https://hb.vntsm.com/v3/live/ad-manager.min.js" type="text/javascript" data-site-id="642aba63ec9a7b11c3c9c1be" data-mode="scan" async></script>
<!-- / Venatus Ad Manager -->

<style>
	@media (max-width:820px) {
		.battle {
			margin: 0 auto;
		}
		.battle-log {
			margin: 7px auto 0;
			max-width: 640px;
			height: 300px;
			position: static;
		}
	}
	.optgroup {
		display: inline-block;
		line-height: 22px;
		font-size: 10pt;
	}
	.optgroup .button {
		height: 25px;
		padding-top: 0;
		padding-bottom: 0;
	}
	.optgroup button.button {
		padding-left: 12px;
		padding-right: 12px;
	}
	.linklist {
		list-style: none;
		margin: 0.5em 0;
		padding: 0;
	}
	.linklist li {
		padding: 2px 0;
	}
	.sidebar {
		float: left;
		width: 320px;
	}
	.bar-wrapper {
		max-width: 1100px;
		margin: 0 auto;
	}
	.bar-wrapper.has-sidebar {
		max-width: 1430px;
	}
	.mainbar {
		margin: 0;
		padding-right: 1px;
	}
	.mainbar.has-sidebar {
		margin-left: 330px;
	}
	@media (min-width: 1511px) {
		.sidebar {
			width: 400px;
		}
		.bar-wrapper.has-sidebar {
			max-width: 1510px;
		}
		.mainbar.has-sidebar {
			margin-left: 410px;
		}
	}
	.section.first-section {
		margin-top: 9px;
	}
	.blocklink small {
		white-space: normal;
	}
	.button {
		vertical-align: middle;
	}
	.replay-controls {
		padding-top: 10px;
	}
	.replay-controls h1 {
		font-size: 16pt;
		font-weight: normal;
		color: #CCC;
	}
	.pagelink {
		text-align: center;
	}
	.pagelink a {
		width: 150px;
	}
	.textbox, .button {
		font-size: 11pt;
		vertical-align: middle;
	}
	@media (max-width: 450px) {
		.button {
			font-size: 9pt;
		}
	}
</style>

<div>

	<header>
		<div class="nav-wrapper"><ul class="nav">
			<li><a class="button nav-first" href="//pokemonshowdown.com/"><img src="//pokemonshowdown.com/images/pokemonshowdownbeta.png" srcset="//pokemonshowdown.com/images/pokemonshowdownbeta.png 1x, //pokemonshowdown.com/images/pokemonshowdownbeta@2x.png 2x" alt="Pok&eacute;mon Showdown" width="146" height="44" /> Home</a></li>
			<li><a class="button" href="//pokemonshowdown.com/dex/">Pok&eacute;dex</a></li>
			<li><a class="button cur" href="/">Replays</a></li>
			<li><a class="button" href="//pokemonshowdown.com/ladder/">Ladder</a></li>
			<li><a class="button nav-last" href="//pokemonshowdown.com/forums/">Forum</a></li>
			<li><a class="button greenbutton nav-first nav-last" href="//play.pokemonshowdown.com/">Play</a></li>
		</ul></div>
	</header>

	<div class="main" id="main">

		<noscript><section class="section">You need to enable JavaScript to use this page; sorry!</section></noscript>

	</div>

</div>

<script defer nomodule src="//play.pokemonshowdown.com/js/lib/ps-polyfill.js"></script>
<script defer src="//play.pokemonshowdown.com/js/lib/preact.min.js"></script>

<script defer src="//play.pokemonshowdown.com/config/config.js?2bddbc15"></script>
<script defer src="//play.pokemonshowdown.com/js/lib/jquery-1.11.0.min.js"></script>
<script defer src="//play.pokemonshowdown.com/js/lib/html-sanitizer-minified.js"></script>
<script defer src="//play.pokemonshowdown.com/js/battle-sound.js"></script>
<script defer src="//play.pokemonshowdown.com/js/battledata.js?0.7209276989879541"></script>
<script defer src="//play.pokemonshowdown.com/data/pokedex-mini.js?0.6111056340867951"></script>
<script defer src="//play.pokemonshowdown.com/data/pokedex-mini-bw.js?0.3532142036491459"></script>
<script defer src="//play.pokemonshowdown.com/data/graphics.js?0.24223875632456182"></script>
<script defer src="//play.pokemonshowdown.com/data/pokedex.js?0.38839984266356864"></script>
<script defer src="//play.pokemonshowdown.com/data/moves.js?0.21866028504024015"></script>
<script defer src="//play.pokemonshowdown.com/data/abilities.js?0.2005157953846628"></script>
<script defer src="//play.pokemonshowdown.com/data/items.js?0.9894211263848525"></script>
<script defer src="//play.pokemonshowdown.com/data/teambuilder-tables.js?0.6008791140282215"></script>
<script defer src="//play.pokemonshowdown.com/js/battle-tooltips.js?0.7580118955022959"></script>
<script defer src="//play.pokemonshowdown.com/js/battle.js?0.6057722274234274"></script>

<script defer src="js/utils.js?e31f9a17"></script>
<script defer src="js/replays-battle.js?7008c182"></script>

<!-- don't scrape this data! just add .json or .log after the URL!
Full API docs: https://github.com/smogon/pokemon-showdown-client/blob/master/WEB-API.md -->
<script type="text/plain" class="log" id="replaylog-smogtours-gen3ou-793887">
|inactive|Battle timer is ON: inactive players will automatically lose when time's up.
|t:|1727832773
|gametype|singles
|player|p1|dustyfans|2|
|player|p2|Justblamehax|102|
|teamsize|p1|6
|teamsize|p2|6
|gen|3
|tier|[Gen 3] OU
|rule|Sleep Clause Mod: Limit one foe put to sleep
|rule|Switch Priority Clause Mod: Faster Pokémon switch first
|rule|Species Clause: Limit one of each Pokémon
|rule|OHKO Clause: OHKO moves are banned
|rule|Evasion Items Clause: Evasion items are banned
|rule|Evasion Moves Clause: Evasion moves are banned
|rule|Endless Battle Clause: Forcing endless battles is banned
|rule|HP Percentage Mod: HP is shown in percentages
|rule|One Boost Passer Clause: Limit one Baton Passer that has a way to boost its stats
|rule|Freeze Clause Mod: Limit one foe frozen
|
|t:|1727832773
|start
|switch|p1a: Celebi|Celebi|100/100
|switch|p2a: Zapdos|Zapdos|100/100
|turn|1
|
|t:|1727832781
|move|p1a: Celebi|Swords Dance|p1a: Celebi
|-boost|p1a: Celebi|atk|2
|move|p2a: Zapdos|Toxic|p1a: Celebi
|-status|p1a: Celebi|tox
|
|-damage|p1a: Celebi|94/100 tox|[from] psn
|upkeep
|turn|2
|
|t:|1727832788
|switch|p2a: Skarmory|Skarmory, F|100/100
|move|p1a: Celebi|Baton Pass|p1a: Celebi
|
|t:|1727832806
|-curestatus|p1a: Celebi|tox|[from] ability: Natural Cure
|switch|p1a: Tauros|Tauros, M|100/100|[from] Baton Pass
|-ability|p1a: Tauros|Intimidate|boost
|-unboost|p2a: Skarmory|atk|1
|
|upkeep
|turn|3
|
|t:|1727832814
|move|p2a: Skarmory|Protect|p2a: Skarmory
|-singleturn|p2a: Skarmory|Protect
|move|p1a: Tauros|Double-Edge|p2a: Skarmory
|-activate|p2a: Skarmory|Protect
|
|upkeep
|turn|4
|
|t:|1727832828
|move|p1a: Tauros|Double-Edge|p2a: Skarmory
|-resisted|p2a: Skarmory
|-damage|p2a: Skarmory|48/100
|-damage|p1a: Tauros|82/100|[from] Recoil|[of] p2a: Skarmory
|move|p2a: Skarmory|Spikes|p1a: Tauros
|-sidestart|p1: dustyfans|Spikes
|
|-heal|p2a: Skarmory|54/100|[from] item: Leftovers
|upkeep
|turn|5
|
|t:|1727832836
|move|p2a: Skarmory|Protect|p2a: Skarmory
|-singleturn|p2a: Skarmory|Protect
|move|p1a: Tauros|Double-Edge|p2a: Skarmory
|-activate|p2a: Skarmory|Protect
|
|-heal|p2a: Skarmory|60/100|[from] item: Leftovers
|upkeep
|turn|6
|
|t:|1727832842
|switch|p2a: Gengar|Gengar, M|100/100
|move|p1a: Tauros|Double-Edge|p2a: Gengar
|-immune|p2a: Gengar
|
|upkeep
|turn|7
|inactive|dustyfans has 270 seconds left.
|inactive|Justblamehax has 270 seconds left.
|
|t:|1727832884
|switch|p1a: Celebi|Celebi|94/100
|-damage|p1a: Celebi|82/100|[from] Spikes
|move|p2a: Gengar|Ice Punch|p1a: Celebi
|-supereffective|p1a: Celebi
|-damage|p1a: Celebi|36/100
|
|-heal|p1a: Celebi|43/100|[from] item: Leftovers
|upkeep
|turn|8
|inactive|dustyfans has 270 seconds left.
|inactive|dustyfans has 240 seconds left.
|
|t:|1727832930
|switch|p1a: Metagross|Metagross|100/100
|-damage|p1a: Metagross|88/100|[from] Spikes
|move|p2a: Gengar|Ice Punch|p1a: Metagross
|-resisted|p1a: Metagross
|-damage|p1a: Metagross|75/100
|
|-heal|p1a: Metagross|81/100|[from] item: Leftovers
|upkeep
|turn|9
|
|t:|1727832950
|switch|p2a: Claydol|Claydol|100/100
|move|p1a: Metagross|Agility|p1a: Metagross
|-boost|p1a: Metagross|spe|2
|
|-heal|p1a: Metagross|87/100|[from] item: Leftovers
|upkeep
|turn|10
|inactive|dustyfans has 240 seconds left.
|
|t:|1727832957
|move|p1a: Metagross|Meteor Mash|p2a: Claydol|[miss]
|-miss|p1a: Metagross|p2a: Claydol
|move|p2a: Claydol|Earthquake|p1a: Metagross
|-supereffective|p1a: Metagross
|-damage|p1a: Metagross|55/100
|
|-heal|p1a: Metagross|61/100|[from] item: Leftovers
|upkeep
|turn|11
|
|t:|1727832974
|move|p1a: Metagross|Meteor Mash|p2a: Claydol
|-damage|p2a: Claydol|65/100
|move|p2a: Claydol|Earthquake|p1a: Metagross
|-supereffective|p1a: Metagross
|-damage|p1a: Metagross|30/100
|
|-heal|p1a: Metagross|36/100|[from] item: Leftovers
|-heal|p2a: Claydol|71/100|[from] item: Leftovers
|upkeep
|turn|12
|inactive|Justblamehax has 240 seconds left.
|
|t:|1727832997
|move|p1a: Metagross|Meteor Mash|p2a: Claydol
|-damage|p2a: Claydol|36/100
|move|p2a: Claydol|Earthquake|p1a: Metagross
|-supereffective|p1a: Metagross
|-damage|p1a: Metagross|5/100
|
|-heal|p1a: Metagross|11/100|[from] item: Leftovers
|-heal|p2a: Claydol|42/100|[from] item: Leftovers
|upkeep
|turn|13
|inactive|Justblamehax has 240 seconds left.
|inactive|dustyfans has 240 seconds left.
|
|t:|1727833020
|move|p1a: Metagross|Explosion|p2a: Claydol
|-crit|p2a: Claydol
|-damage|p2a: Claydol|0 fnt
|faint|p1a: Metagross
|faint|p2a: Claydol
|inactive|dustyfans has 240 seconds left.
|
|t:|1727833040
|switch|p1a: Starmie|Starmie|100/100
|switch|p2a: Gengar|Gengar, M|100/100
|-damage|p1a: Starmie|88/100|[from] Spikes
|
|-heal|p1a: Starmie|94/100|[from] item: Leftovers
|upkeep
|turn|14
|inactive|Justblamehax has 240 seconds left.
|inactive|dustyfans has 210 seconds left.
|
|t:|1727833078
|switch|p2a: Zapdos|Zapdos|100/100
|move|p1a: Starmie|Thunder Wave|p2a: Zapdos
|-status|p2a: Zapdos|par
|
|-heal|p1a: Starmie|100/100|[from] item: Leftovers
|upkeep
|turn|15
|
|t:|1727833086
|move|p1a: Starmie|Ice Beam|p2a: Zapdos
|-supereffective|p2a: Zapdos
|-damage|p2a: Zapdos|54/100 par
|move|p2a: Zapdos|Thunderbolt|p1a: Starmie
|-supereffective|p1a: Starmie
|-damage|p1a: Starmie|0 fnt
|faint|p1a: Starmie
|inactive|dustyfans has 210 seconds left.
|
|t:|1727833101
|switch|p1a: Celebi|Celebi|43/100
|-damage|p1a: Celebi|30/100|[from] Spikes
|
|-heal|p1a: Celebi|36/100|[from] item: Leftovers
|-heal|p2a: Zapdos|61/100 par|[from] item: Leftovers
|upkeep
|turn|16
|inactive|dustyfans has 210 seconds left.
|
|t:|1727833112
|switch|p2a: Gengar|Gengar, M|100/100
|move|p1a: Celebi|Ancient Power|p2a: Gengar
|-damage|p2a: Gengar|74/100
|-boost|p1a: Celebi|atk|1
|-boost|p1a: Celebi|def|1
|-boost|p1a: Celebi|spa|1
|-boost|p1a: Celebi|spd|1
|-boost|p1a: Celebi|spe|1
|
|-heal|p1a: Celebi|43/100|[from] item: Leftovers
|-heal|p2a: Gengar|80/100|[from] item: Leftovers
|upkeep
|turn|17
|inactive|dustyfans has 210 seconds left.
|
|t:|1727833133
|move|p1a: Celebi|Recover|p1a: Celebi
|-heal|p1a: Celebi|93/100
|move|p2a: Gengar|Will-O-Wisp|p1a: Celebi|[miss]
|-miss|p2a: Gengar|p1a: Celebi
|
|-heal|p1a: Celebi|99/100|[from] item: Leftovers
|-heal|p2a: Gengar|86/100|[from] item: Leftovers
|upkeep
|turn|18
|
|t:|1727833142
|move|p1a: Celebi|Ancient Power|p2a: Gengar
|-damage|p2a: Gengar|46/100
|move|p2a: Gengar|Ice Punch|p1a: Celebi
|-supereffective|p1a: Celebi
|-damage|p1a: Celebi|71/100
|
|-heal|p1a: Celebi|77/100|[from] item: Leftovers
|-heal|p2a: Gengar|52/100|[from] item: Leftovers
|upkeep
|turn|19
|
|t:|1727833155
|switch|p2a: Flygon|Flygon, M|100/100
|move|p1a: Celebi|Swords Dance|p1a: Celebi
|-boost|p1a: Celebi|atk|2
|
|-heal|p1a: Celebi|83/100|[from] item: Leftovers
|upkeep
|turn|20
|inactive|dustyfans has 210 seconds left.
|
|t:|1727833177
|move|p1a: Celebi|Ancient Power|p2a: Flygon
|-resisted|p2a: Flygon
|-damage|p2a: Flygon|74/100
|move|p2a: Flygon|Earthquake|p1a: Celebi
|-resisted|p1a: Celebi
|-damage|p1a: Celebi|65/100
|
|-heal|p1a: Celebi|71/100|[from] item: Leftovers
|upkeep
|turn|21
|
|t:|1727833186
|switch|p2a: Zapdos|Zapdos|61/100 par
|move|p1a: Celebi|Recover|p1a: Celebi
|-heal|p1a: Celebi|100/100
|
|-heal|p2a: Zapdos|67/100 par|[from] item: Leftovers
|upkeep
|turn|22
|inactive|dustyfans has 210 seconds left.
|
|t:|1727833203
|move|p1a: Celebi|Ancient Power|p2a: Zapdos
|-supereffective|p2a: Zapdos
|-damage|p2a: Zapdos|3/100 par
|-boost|p1a: Celebi|atk|1
|-boost|p1a: Celebi|def|1
|-boost|p1a: Celebi|spa|1
|-boost|p1a: Celebi|spd|1
|-boost|p1a: Celebi|spe|1
|cant|p2a: Zapdos|par
|
|-heal|p2a: Zapdos|9/100 par|[from] item: Leftovers
|upkeep
|turn|23
|inactive|dustyfans has 210 seconds left.
|
|t:|1727833216
|switch|p2a: Skarmory|Skarmory, F|60/100
|move|p1a: Celebi|Ancient Power|p2a: Skarmory
|-damage|p2a: Skarmory|32/100
|
|-heal|p2a: Skarmory|39/100|[from] item: Leftovers
|upkeep
|turn|24
|
|t:|1727833224
|move|p1a: Celebi|Ancient Power|p2a: Skarmory
|-damage|p2a: Skarmory|11/100
|move|p2a: Skarmory|Roar|p1a: Celebi
|drag|p1a: Snorlax|Snorlax, F, shiny|100/100
|-damage|p1a: Snorlax|88/100|[from] Spikes
|
|-heal|p2a: Skarmory|18/100|[from] item: Leftovers
|-heal|p1a: Snorlax|94/100|[from] item: Leftovers
|upkeep
|turn|25
|
|t:|1727833237
|move|p2a: Skarmory|Spikes|p1a: Snorlax
|-sidestart|p1: dustyfans|Spikes
|move|p1a: Snorlax|Body Slam|p2a: Skarmory
|-resisted|p2a: Skarmory
|-damage|p2a: Skarmory|5/100
|-status|p2a: Skarmory|par
|
|-heal|p1a: Snorlax|99/100|[from] item: Leftovers
|-heal|p2a: Skarmory|11/100 par|[from] item: Leftovers
|upkeep
|turn|26
|inactive|dustyfans has 210 seconds left.
|
|t:|1727833255
|switch|p1a: Zapdos|Zapdos|100/100
|move|p2a: Skarmory|Spikes|p1a: Zapdos
|-sidestart|p1: dustyfans|Spikes
|
|-heal|p2a: Skarmory|18/100 par|[from] item: Leftovers
|upkeep
|turn|27
|
|t:|1727833262
|switch|p2a: Zapdos|Zapdos|9/100 par
|move|p1a: Zapdos|Thunderbolt|p2a: Zapdos
|-damage|p2a: Zapdos|0 fnt
|faint|p2a: Zapdos
|
|t:|1727833269
|switch|p2a: Flygon|Flygon, M|74/100
|
|upkeep
|turn|28
|
|t:|1727833278
|move|p2a: Flygon|Rock Slide|p1a: Zapdos|[miss]
|-miss|p2a: Flygon|p1a: Zapdos
|move|p1a: Zapdos|Substitute|p1a: Zapdos
|-start|p1a: Zapdos|Substitute
|-damage|p1a: Zapdos|76/100
|
|-heal|p1a: Zapdos|82/100|[from] item: Leftovers
|upkeep
|turn|29
|
|t:|1727833285
|move|p1a: Zapdos|Hidden Power|p2a: Flygon
|-damage|p2a: Flygon|44/100
|move|p2a: Flygon|Rock Slide|p1a: Zapdos
|-supereffective|p1a: Zapdos
|-end|p1a: Zapdos|Substitute
|
|-heal|p1a: Zapdos|88/100|[from] item: Leftovers
|upkeep
|turn|30
|
|t:|1727833300
|move|p2a: Flygon|Rock Slide|p1a: Zapdos
|-supereffective|p1a: Zapdos
|-damage|p1a: Zapdos|13/100
|move|p1a: Zapdos|Hidden Power|p2a: Flygon
|-damage|p2a: Flygon|13/100
|
|-heal|p1a: Zapdos|19/100|[from] item: Leftovers
|upkeep
|turn|31
|
|t:|1727833317
|move|p2a: Flygon|Rock Slide|p1a: Zapdos
|-supereffective|p1a: Zapdos
|-damage|p1a: Zapdos|0 fnt
|faint|p1a: Zapdos
|
|t:|1727833327
|switch|p1a: Celebi|Celebi|100/100
|-damage|p1a: Celebi|76/100|[from] Spikes
|
|-heal|p1a: Celebi|82/100|[from] item: Leftovers
|upkeep
|turn|32
|
|t:|1727833343
|switch|p2a: Moltres|Moltres|100/100
|move|p1a: Celebi|Swords Dance|p1a: Celebi
|-boost|p1a: Celebi|atk|2
|
|-heal|p1a: Celebi|88/100|[from] item: Leftovers
|upkeep
|turn|33
|
|t:|1727833359
|switch|p2a: Skarmory|Skarmory, F|18/100 par
|move|p1a: Celebi|Swords Dance|p1a: Celebi
|-boost|p1a: Celebi|atk|2
|
|-heal|p1a: Celebi|94/100|[from] item: Leftovers
|-heal|p2a: Skarmory|24/100 par|[from] item: Leftovers
|upkeep
|turn|34
|
|t:|1727833367
|move|p1a: Celebi|Swords Dance|p1a: Celebi
|-boost|p1a: Celebi|atk|2
|cant|p2a: Skarmory|par
|
|-heal|p1a: Celebi|100/100|[from] item: Leftovers
|-heal|p2a: Skarmory|30/100 par|[from] item: Leftovers
|upkeep
|turn|35
|
|t:|1727833374
|move|p1a: Celebi|Ancient Power|p2a: Skarmory
|-damage|p2a: Skarmory|0 fnt
|faint|p2a: Skarmory
|
|t:|1727833381
|switch|p2a: Flygon|Flygon, M|13/100
|
|upkeep
|turn|36
|inactive|dustyfans has 240 seconds left.
|
|t:|1727833399
|move|p2a: Flygon|Hidden Power|p1a: Celebi
|-supereffective|p1a: Celebi
|-damage|p1a: Celebi|0 fnt
|faint|p1a: Celebi
|
|t:|1727833407
|switch|p1a: Tauros|Tauros, M|82/100
|-damage|p1a: Tauros|57/100|[from] Spikes
|-ability|p1a: Tauros|Intimidate|boost
|-unboost|p2a: Flygon|atk|1
|
|upkeep
|turn|37
|
|t:|1727833414
|move|p1a: Tauros|Hidden Power|p2a: Flygon
|-damage|p2a: Flygon|0 fnt
|faint|p2a: Flygon
|
|t:|1727833437
|switch|p2a: Gengar|Gengar, M|52/100
|
|-heal|p2a: Gengar|58/100|[from] item: Leftovers
|upkeep
|turn|38
|inactive|Justblamehax has 270 seconds left.
|
|t:|1727833466
|switch|p2a: Moltres|Moltres|100/100
|move|p1a: Tauros|Hidden Power|p2a: Moltres
|-resisted|p2a: Moltres
|-damage|p2a: Moltres|93/100
|
|-heal|p2a: Moltres|99/100|[from] item: Leftovers
|upkeep
|turn|39
|inactive|Justblamehax has 270 seconds left.
|
|t:|1727833483
|switch|p1a: Snorlax|Snorlax, F, shiny|99/100
|-damage|p1a: Snorlax|75/100|[from] Spikes
|move|p2a: Moltres|Flamethrower|p1a: Snorlax
|-damage|p1a: Snorlax|50/100
|
|-heal|p2a: Moltres|100/100|[from] item: Leftovers
|-heal|p1a: Snorlax|56/100|[from] item: Leftovers
|upkeep
|turn|40
|
|t:|1727833495
|move|p1a: Snorlax|Rest|p1a: Snorlax
|-status|p1a: Snorlax|slp|[from] move: Rest
|-heal|p1a: Snorlax|100/100 slp|[silent]
|move|p2a: Moltres|Roar|p1a: Snorlax
|drag|p1a: Tauros|Tauros, M|57/100
|-damage|p1a: Tauros|32/100|[from] Spikes
|-ability|p1a: Tauros|Intimidate|boost
|-unboost|p2a: Moltres|atk|1
|
|upkeep
|turn|41
|inactive|Justblamehax has 270 seconds left.
|
|t:|1727833511
|move|p1a: Tauros|Double-Edge|p2a: Moltres
|-damage|p2a: Moltres|12/100
|-damage|p1a: Tauros|0 fnt|[from] Recoil|[of] p2a: Moltres
|faint|p1a: Tauros
|
|t:|1727833516
|switch|p1a: Snorlax|Snorlax, F, shiny|100/100 slp
|-damage|p1a: Snorlax|75/100 slp|[from] Spikes
|
|-heal|p2a: Moltres|19/100|[from] item: Leftovers
|-heal|p1a: Snorlax|82/100 slp|[from] item: Leftovers
|upkeep
|turn|42
|c|☆dustyfans|gg
|inactive|Justblamehax has 270 seconds left.
|c|☆Justblamehax|gg
|c|☆dustyfans|gg
|
|t:|1727833527
|move|p2a: Moltres|Flamethrower|p1a: Snorlax
|-crit|p1a: Snorlax
|-damage|p1a: Snorlax|28/100 slp
|cant|p1a: Snorlax|slp
|move|p1a: Snorlax|Sleep Talk|p1a: Snorlax
|move|p1a: Snorlax|Body Slam|p2a: Moltres|[from]Sleep Talk
|-damage|p2a: Moltres|0 fnt
|faint|p2a: Moltres
|
|t:|1727833531
|switch|p2a: Gengar|Gengar, M|58/100
|
|-heal|p2a: Gengar|64/100|[from] item: Leftovers
|-heal|p1a: Snorlax|34/100 slp|[from] item: Leftovers
|upkeep
|turn|43
|inactive|dustyfans has 270 seconds left.
|
|t:|1727833543
|move|p2a: Gengar|Thunderbolt|p1a: Snorlax
|-damage|p1a: Snorlax|17/100 slp
|cant|p1a: Snorlax|slp
|move|p1a: Snorlax|Sleep Talk|p1a: Snorlax
|move|p1a: Snorlax|Curse|p1a: Snorlax|[from]Sleep Talk
|-unboost|p1a: Snorlax|spe|1
|-boost|p1a: Snorlax|atk|1
|-boost|p1a: Snorlax|def|1
|
|-heal|p2a: Gengar|70/100|[from] item: Leftovers
|-heal|p1a: Snorlax|23/100 slp|[from] item: Leftovers
|upkeep
|turn|44
|inactive|dustyfans has 270 seconds left.
|
|t:|1727833554
|move|p2a: Gengar|Thunderbolt|p1a: Snorlax
|-damage|p1a: Snorlax|5/100 slp
|-curestatus|p1a: Snorlax|slp|[msg]
|move|p1a: Snorlax|Sleep Talk|p1a: Snorlax
|
|-heal|p2a: Gengar|76/100|[from] item: Leftovers
|-heal|p1a: Snorlax|11/100|[from] item: Leftovers
|upkeep
|turn|45
|inactive|dustyfans has 270 seconds left.
|
|t:|1727833562
|move|p2a: Gengar|Thunderbolt|p1a: Snorlax
|-damage|p1a: Snorlax|0 fnt
|faint|p1a: Snorlax
|
|win|Justblamehax
|c|☆dustyfans|gg man
|c|☆Justblamehax|gg bro
|c|☆dustyfans|had no way to hit gengar at the end
|c|☆Justblamehax|i had a feeling

</script>
<script type="application/json" class="data" id="replaydata-smogtours-gen3ou-793887">
{"id":"smogtours-gen3ou-793887","format":"[Gen 3] OU","players":["dustyfans","Justblamehax"],"uploadtime":1727833562,"views":143,"formatid":"gen3ou","rating":null,"private":0,"password":null}
</script>

<script defer src="js/replays.js?9d40a366"></script>
