<!DOCTYPE html>
<meta charset="utf-8" />
<meta name="viewport" content="width=device-width" />

<title>[Gen 3] OU: 1998 Mercedes-Benz vs. Dhgss - Replays - Pok&eacute;mon Showdown!</title>

<meta name="description" content="Watch a replay of a Pok&eacute;mon battle between 1998 Mercedes-Benz and Dhgss! Format: [Gen 3] OU; Date: Oct 4, 2024" />
<!--

Hey, you! Looking in the source for the replay log?

You can find them in JSON format, just add `.json` at the end of a replay URL.

https://replay.pokemonshowdown.com/gen7randomdoublesbattle-865046831.json

Or, if you only need the log itself, add `.log` instead:

https://replay.pokemonshowdown.com/gen7randomdoublesbattle-865046831.log

-->

<link rel="stylesheet" href="//pokemonshowdown.com/style/global.css?0.023195364461161105" />
<link rel="stylesheet" href="//play.pokemonshowdown.com/style/font-awesome.css?0.13261647063804238" />
<link rel="stylesheet" href="//play.pokemonshowdown.com/style/battle.css?0.8753245789963631" />
<link rel="stylesheet" href="//play.pokemonshowdown.com/style/utilichart.css?0.8627959624976733" />

<!-- Global site tag (gtag.js) - Google Analytics -->
<script async src="https://www.googletagmanager.com/gtag/js?id=UA-26211653-1"></script>
<script>
  window.dataLayer = window.dataLayer || [];
  function gtag(){dataLayer.push(arguments);}
  gtag('js', new Date());

  gtag('config', 'UA-26211653-1');
</script>
<!-- End Google Analytics -->
<!-- Venatus Ad Manager - Install in <HEAD> of page -->
	<script src="https://hb.vntsm.com/v3/live/ad-manager.min.js" type="text/javascript" data-site-id="642aba63ec9a7b11c3c9c1be" data-mode="scan" async></script>
<!-- / Venatus Ad Manager -->

<style>
	@media (max-width:820px) {
		.battle {
			margin: 0 auto;
		}
		.battle-log {
			margin: 7px auto 0;
			max-width: 640px;
			height: 300px;
			position: static;
		}
	}
	.optgroup {
		display: inline-block;
		line-height: 22px;
		font-size: 10pt;
	}
	.optgroup .button {
		height: 25px;
		padding-top: 0;
		padding-bottom: 0;
	}
	.optgroup button.button {
		padding-left: 12px;
		padding-right: 12px;
	}
	.linklist {
		list-style: none;
		margin: 0.5em 0;
		padding: 0;
	}
	.linklist li {
		padding: 2px 0;
	}
	.sidebar {
		float: left;
		width: 320px;
	}
	.bar-wrapper {
		max-width: 1100px;
		margin: 0 auto;
	}
	.bar-wrapper.has-sidebar {
		max-width: 1430px;
	}
	.mainbar {
		margin: 0;
		padding-right: 1px;
	}
	.mainbar.has-sidebar {
		margin-left: 330px;
	}
	@media (min-width: 1511px) {
		.sidebar {
			width: 400px;
		}
		.bar-wrapper.has-sidebar {
			max-width: 1510px;
		}
		.mainbar.has-sidebar {
			margin-left: 410px;
		}
	}
	.section.first-section {
		margin-top: 9px;
	}
	.blocklink small {
		white-space: normal;
	}
	.button {
		vertical-align: middle;
	}
	.replay-controls {
		padding-top: 10px;
	}
	.replay-controls h1 {
		font-size: 16pt;
		font-weight: normal;
		color: #CCC;
	}
	.pagelink {
		text-align: center;
	}
	.pagelink a {
		width: 150px;
	}
	.textbox, .button {
		font-size: 11pt;
		vertical-align: middle;
	}
	@media (max-width: 450px) {
		.button {
			font-size: 9pt;
		}
	}
</style>

<div>

	<header>
		<div class="nav-wrapper"><ul class="nav">
			<li><a class="button nav-first" href="//pokemonshowdown.com/"><img src="//pokemonshowdown.com/images/pokemonshowdownbeta.png" srcset="//pokemonshowdown.com/images/pokemonshowdownbeta.png 1x, //pokemonshowdown.com/images/pokemonshowdownbeta@2x.png 2x" alt="Pok&eacute;mon Showdown" width="146" height="44" /> Home</a></li>
			<li><a class="button" href="//pokemonshowdown.com/dex/">Pok&eacute;dex</a></li>
			<li><a class="button cur" href="/">Replays</a></li>
			<li><a class="button" href="//pokemonshowdown.com/ladder/">Ladder</a></li>
			<li><a class="button nav-last" href="//pokemonshowdown.com/forums/">Forum</a></li>
			<li><a class="button greenbutton nav-first nav-last" href="//play.pokemonshowdown.com/">Play</a></li>
		</ul></div>
	</header>

	<div class="main" id="main">

		<noscript><section class="section">You need to enable JavaScript to use this page; sorry!</section></noscript>

	</div>

</div>

<script defer nomodule src="//play.pokemonshowdown.com/js/lib/ps-polyfill.js"></script>
<script defer src="//play.pokemonshowdown.com/js/lib/preact.min.js"></script>

<script defer src="//play.pokemonshowdown.com/config/config.js?2bddbc15"></script>
<script defer src="//play.pokemonshowdown.com/js/lib/jquery-1.11.0.min.js"></script>
<script defer src="//play.pokemonshowdown.com/js/lib/html-sanitizer-minified.js"></script>
<script defer src="//play.pokemonshowdown.com/js/battle-sound.js"></script>
<script defer src="//play.pokemonshowdown.com/js/battledata.js?0.7209276989879541"></script>
<script defer src="//play.pokemonshowdown.com/data/pokedex-mini.js?0.6111056340867951"></script>
<script defer src="//play.pokemonshowdown.com/data/pokedex-mini-bw.js?0.3532142036491459"></script>
<script defer src="//play.pokemonshowdown.com/data/graphics.js?0.24223875632456182"></script>
<script defer src="//play.pokemonshowdown.com/data/pokedex.js?0.38839984266356864"></script>
<script defer src="//play.pokemonshowdown.com/data/moves.js?0.21866028504024015"></script>
<script defer src="//play.pokemonshowdown.com/data/abilities.js?0.2005157953846628"></script>
<script defer src="//play.pokemonshowdown.com/data/items.js?0.9894211263848525"></script>
<script defer src="//play.pokemonshowdown.com/data/teambuilder-tables.js?0.6008791140282215"></script>
<script defer src="//play.pokemonshowdown.com/js/battle-tooltips.js?0.7580118955022959"></script>
<script defer src="//play.pokemonshowdown.com/js/battle.js?0.6057722274234274"></script>

<script defer src="js/utils.js?e31f9a17"></script>
<script defer src="js/replays-battle.js?7008c182"></script>

<!-- don't scrape this data! just add .json or .log after the URL!
Full API docs: https://github.com/smogon/pokemon-showdown-client/blob/master/WEB-API.md -->
<script type="text/plain" class="log" id="replaylog-smogtours-gen3ou-794491">
|inactive|Battle timer is ON: inactive players will automatically lose when time's up.
|t:|1728009455
|gametype|singles
|player|p1|1998 Mercedes-Benz|emma|
|player|p2|Dhgss|ethan|
|teamsize|p1|6
|teamsize|p2|6
|gen|3
|tier|[Gen 3] OU
|rule|Sleep Clause Mod: Limit one foe put to sleep
|rule|Switch Priority Clause Mod: Faster Pokémon switch first
|rule|Species Clause: Limit one of each Pokémon
|rule|OHKO Clause: OHKO moves are banned
|rule|Evasion Items Clause: Evasion items are banned
|rule|Evasion Moves Clause: Evasion moves are banned
|rule|Endless Battle Clause: Forcing endless battles is banned
|rule|HP Percentage Mod: HP is shown in percentages
|rule|One Boost Passer Clause: Limit one Baton Passer that has a way to boost its stats
|rule|Freeze Clause Mod: Limit one foe frozen
|
|t:|1728009455
|start
|switch|p1a: I CANT DIE YET|Tyranitar, F|100/100
|switch|p2a: Skarmory|Skarmory, M|100/100
|-weather|Sandstorm|[from] ability: Sand Stream|[of] p1a: I CANT DIE YET
|turn|1
|inactive|1998 Mercedes-Benz has 270 seconds left.
|
|t:|1728009493
|move|p1a: I CANT DIE YET|Fire Blast|p2a: Skarmory
|-supereffective|p2a: Skarmory
|-damage|p2a: Skarmory|36/100
|move|p2a: Skarmory|Spikes|p1a: I CANT DIE YET
|-sidestart|p1: 1998 Mercedes-Benz|Spikes
|
|-weather|Sandstorm|[upkeep]
|-heal|p2a: Skarmory|42/100|[from] item: Leftovers
|upkeep
|turn|2
|
|t:|1728009502
|move|p2a: Skarmory|Protect|p2a: Skarmory
|-singleturn|p2a: Skarmory|Protect
|move|p1a: I CANT DIE YET|Fire Blast|p2a: Skarmory|[miss]
|-miss|p1a: I CANT DIE YET|p2a: Skarmory
|
|-weather|Sandstorm|[upkeep]
|-heal|p2a: Skarmory|48/100|[from] item: Leftovers
|upkeep
|turn|3
|
|t:|1728009519
|switch|p2a: Swampert|Swampert, M|100/100
|move|p1a: I CANT DIE YET|Ice Beam|p2a: Swampert
|-damage|p2a: Swampert|76/100
|
|-weather|Sandstorm|[upkeep]
|-heal|p2a: Swampert|83/100|[from] item: Leftovers
|upkeep
|turn|4
|
|t:|1728009533
|switch|p1a: MY WRISTS AINT|Skarmory, M|100/100
|move|p2a: Swampert|Protect||[still]
|-fail|p2a: Swampert
|
|-weather|Sandstorm|[upkeep]
|-heal|p2a: Swampert|89/100|[from] item: Leftovers
|upkeep
|turn|5
|c|☆1998 Mercedes-Benz|I CANT DIE YET MY WRISTS AINT
|
|t:|1728009541
|switch|p2a: Starmie|Starmie|100/100
|move|p1a: MY WRISTS AINT|Spikes|p2a: Starmie
|-sidestart|p2: Dhgss|Spikes
|
|-weather|Sandstorm|[upkeep]
|-damage|p2a: Starmie|94/100|[from] Sandstorm
|-heal|p2a: Starmie|100/100|[from] item: Leftovers
|upkeep
|turn|6
|
|t:|1728009546
|switch|p1a: FROZEN|Regice|100/100
|-damage|p1a: FROZEN|88/100|[from] Spikes
|move|p2a: Starmie|Rapid Spin|p1a: FROZEN
|-damage|p1a: FROZEN|86/100
|-sideend|p2: Dhgss|Spikes|[from] move: Rapid Spin|[of] p2a: Starmie
|
|-weather|Sandstorm|[upkeep]
|-damage|p2a: Starmie|94/100|[from] Sandstorm
|-damage|p1a: FROZEN|80/100|[from] Sandstorm
|-heal|p2a: Starmie|100/100|[from] item: Leftovers
|-heal|p1a: FROZEN|86/100|[from] item: Leftovers
|upkeep
|turn|7
|c|☆1998 Mercedes-Benz|FROZEN
|
|t:|1728009555
|switch|p2a: Blissey|Blissey, F, shiny|100/100
|move|p1a: FROZEN|Thunder Wave|p2a: Blissey
|-status|p2a: Blissey|par
|
|-weather|Sandstorm|[upkeep]
|-damage|p1a: FROZEN|80/100|[from] Sandstorm
|-damage|p2a: Blissey|94/100 par|[from] Sandstorm
|-heal|p1a: FROZEN|86/100|[from] item: Leftovers
|-heal|p2a: Blissey|100/100 par|[from] item: Leftovers
|upkeep
|turn|8
|
|t:|1728009561
|switch|p1a: MY WRISTS AINT|Skarmory, M|100/100
|move|p2a: Blissey|Toxic|p1a: MY WRISTS AINT
|-immune|p1a: MY WRISTS AINT
|
|-weather|Sandstorm|[upkeep]
|-damage|p2a: Blissey|94/100 par|[from] Sandstorm
|-heal|p2a: Blissey|100/100 par|[from] item: Leftovers
|upkeep
|turn|9
|
|t:|1728009567
|move|p1a: MY WRISTS AINT|Toxic||[still]
|-fail|p1a: MY WRISTS AINT
|move|p2a: Blissey|Fire Blast|p1a: MY WRISTS AINT
|-supereffective|p1a: MY WRISTS AINT
|-damage|p1a: MY WRISTS AINT|45/100
|
|-weather|Sandstorm|[upkeep]
|-damage|p2a: Blissey|94/100 par|[from] Sandstorm
|-heal|p1a: MY WRISTS AINT|51/100|[from] item: Leftovers
|-heal|p2a: Blissey|100/100 par|[from] item: Leftovers
|upkeep
|turn|10
|
|t:|1728009588
|switch|p1a: I CANT DIE YET|Tyranitar, F|100/100
|-damage|p1a: I CANT DIE YET|88/100|[from] Spikes
|-curestatus|p2a: Blissey|par|[from] ability: Natural Cure
|switch|p2a: Starmie|Starmie|100/100
|
|-weather|Sandstorm|[upkeep]
|-damage|p2a: Starmie|94/100|[from] Sandstorm
|-heal|p2a: Starmie|100/100|[from] item: Leftovers
|upkeep
|turn|11
|
|t:|1728009606
|switch|p1a: FROZEN|Regice|86/100
|-damage|p1a: FROZEN|73/100|[from] Spikes
|move|p2a: Starmie|Surf|p1a: FROZEN
|-damage|p1a: FROZEN|54/100
|
|-weather|Sandstorm|[upkeep]
|-damage|p2a: Starmie|94/100|[from] Sandstorm
|-damage|p1a: FROZEN|48/100|[from] Sandstorm
|-heal|p2a: Starmie|100/100|[from] item: Leftovers
|-heal|p1a: FROZEN|54/100|[from] item: Leftovers
|upkeep
|turn|12
|
|t:|1728009624
|switch|p2a: Blissey|Blissey, F, shiny|100/100
|switch|p1a: Toyota Corolla|Metagross|100/100
|-damage|p1a: Toyota Corolla|88/100|[from] Spikes
|
|-weather|Sandstorm|[upkeep]
|-damage|p2a: Blissey|94/100|[from] Sandstorm
|-heal|p2a: Blissey|100/100|[from] item: Leftovers
|upkeep
|turn|13
|
|t:|1728009632
|switch|p2a: Swampert|Swampert, M|89/100
|move|p1a: Toyota Corolla|Meteor Mash|p2a: Swampert
|-resisted|p2a: Swampert
|-damage|p2a: Swampert|62/100
|
|-weather|Sandstorm|[upkeep]
|-heal|p2a: Swampert|68/100|[from] item: Leftovers
|upkeep
|turn|14
|
|t:|1728009662
|switch|p1a: Wife ♥|Moltres|100/100
|move|p2a: Swampert|Hydro Pump|p1a: Wife ♥
|-supereffective|p1a: Wife ♥
|-damage|p1a: Wife ♥|12/100
|
|-weather|Sandstorm|[upkeep]
|-damage|p1a: Wife ♥|6/100|[from] Sandstorm
|-heal|p1a: Wife ♥|12/100|[from] item: Leftovers
|-heal|p2a: Swampert|74/100|[from] item: Leftovers
|upkeep
|turn|15
|
|t:|1728009673
|move|p2a: Swampert|Protect|p2a: Swampert
|-singleturn|p2a: Swampert|Protect
|move|p1a: Wife ♥|Hidden Power|p2a: Swampert
|-activate|p2a: Swampert|Protect
|
|-weather|Sandstorm|[upkeep]
|-damage|p1a: Wife ♥|6/100|[from] Sandstorm
|-heal|p1a: Wife ♥|12/100|[from] item: Leftovers
|-heal|p2a: Swampert|80/100|[from] item: Leftovers
|upkeep
|turn|16
|
|t:|1728009681
|switch|p1a: FROZEN|Regice|54/100
|-damage|p1a: FROZEN|42/100|[from] Spikes
|switch|p2a: Blissey|Blissey, F, shiny|100/100
|
|-weather|Sandstorm|[upkeep]
|-damage|p2a: Blissey|94/100|[from] Sandstorm
|-damage|p1a: FROZEN|35/100|[from] Sandstorm
|-heal|p2a: Blissey|100/100|[from] item: Leftovers
|-heal|p1a: FROZEN|42/100|[from] item: Leftovers
|upkeep
|turn|17
|
|t:|1728009697
|switch|p2a: Gengar|Gengar, M, shiny|100/100
|move|p1a: FROZEN|Ice Beam|p2a: Gengar
|-damage|p2a: Gengar|45/100
|
|-weather|Sandstorm|[upkeep]
|-damage|p2a: Gengar|39/100|[from] Sandstorm
|-damage|p1a: FROZEN|35/100|[from] Sandstorm
|-heal|p2a: Gengar|45/100|[from] item: Leftovers
|-heal|p1a: FROZEN|42/100|[from] item: Leftovers
|upkeep
|turn|18
|
|t:|1728009708
|switch|p2a: Blissey|Blissey, F, shiny|100/100
|move|p1a: FROZEN|Ice Beam|p2a: Blissey
|-damage|p2a: Blissey|82/100
|
|-weather|Sandstorm|[upkeep]
|-damage|p2a: Blissey|76/100|[from] Sandstorm
|-damage|p1a: FROZEN|35/100|[from] Sandstorm
|-heal|p2a: Blissey|82/100|[from] item: Leftovers
|-heal|p1a: FROZEN|42/100|[from] item: Leftovers
|upkeep
|turn|19
|
|t:|1728009716
|move|p2a: Blissey|Fire Blast|p1a: FROZEN|[miss]
|-miss|p2a: Blissey|p1a: FROZEN
|move|p1a: FROZEN|Ice Beam|p2a: Blissey
|-damage|p2a: Blissey|64/100
|
|-weather|Sandstorm|[upkeep]
|-damage|p2a: Blissey|58/100|[from] Sandstorm
|-damage|p1a: FROZEN|35/100|[from] Sandstorm
|-heal|p2a: Blissey|64/100|[from] item: Leftovers
|-heal|p1a: FROZEN|42/100|[from] item: Leftovers
|upkeep
|turn|20
|
|t:|1728009723
|move|p2a: Blissey|Fire Blast|p1a: FROZEN
|-supereffective|p1a: FROZEN
|-damage|p1a: FROZEN|6/100
|move|p1a: FROZEN|Ice Beam|p2a: Blissey
|-damage|p2a: Blissey|48/100
|
|-weather|Sandstorm|[upkeep]
|-damage|p2a: Blissey|42/100|[from] Sandstorm
|-damage|p1a: FROZEN|0 fnt|[from] Sandstorm
|faint|p1a: FROZEN
|-heal|p2a: Blissey|48/100|[from] item: Leftovers
|upkeep
|inactive|1998 Mercedes-Benz has 270 seconds left.
|
|t:|1728009754
|switch|p1a: Toyota Corolla|Metagross|88/100
|-damage|p1a: Toyota Corolla|76/100|[from] Spikes
|turn|21
|
|t:|1728009765
|switch|p1a: MY WRISTS AINT|Skarmory, M|51/100
|switch|p2a: Skarmory|Skarmory, M|48/100
|
|-weather|Sandstorm|[upkeep]
|-heal|p2a: Skarmory|53/100|[from] item: Leftovers
|-heal|p1a: MY WRISTS AINT|57/100|[from] item: Leftovers
|upkeep
|turn|22
|
|t:|1728009779
|move|p1a: MY WRISTS AINT|Spikes|p2a: Skarmory
|-sidestart|p2: Dhgss|Spikes
|move|p2a: Skarmory|Roar|p1a: MY WRISTS AINT
|drag|p1a: Snail Pancake|Swampert, F|100/100
|-damage|p1a: Snail Pancake|88/100|[from] Spikes
|
|-weather|Sandstorm|[upkeep]
|-heal|p2a: Skarmory|59/100|[from] item: Leftovers
|-heal|p1a: Snail Pancake|94/100|[from] item: Leftovers
|upkeep
|turn|23
|
|t:|1728009787
|switch|p1a: Wife ♥|Moltres|12/100
|move|p2a: Skarmory|Toxic|p1a: Wife ♥
|-status|p1a: Wife ♥|tox
|
|-weather|Sandstorm|[upkeep]
|-damage|p1a: Wife ♥|6/100 tox|[from] Sandstorm
|-heal|p1a: Wife ♥|12/100 tox|[from] item: Leftovers
|-damage|p1a: Wife ♥|6/100 tox|[from] psn
|-heal|p2a: Skarmory|65/100|[from] item: Leftovers
|upkeep
|turn|24
|
|t:|1728009797
|move|p2a: Skarmory|Protect|p2a: Skarmory
|-singleturn|p2a: Skarmory|Protect
|move|p1a: Wife ♥|Overheat|p2a: Skarmory
|-activate|p2a: Skarmory|Protect
|
|-weather|Sandstorm|[upkeep]
|-damage|p1a: Wife ♥|0 fnt|[from] Sandstorm
|faint|p1a: Wife ♥
|-heal|p2a: Skarmory|71/100|[from] item: Leftovers
|upkeep
|inactive|1998 Mercedes-Benz has 270 seconds left.
|
|t:|1728009850
|switch|p1a: I CANT DIE YET|Tyranitar, F|88/100
|-damage|p1a: I CANT DIE YET|76/100|[from] Spikes
|turn|25
|
|t:|1728009859
|move|p2a: Skarmory|Protect|p2a: Skarmory
|-singleturn|p2a: Skarmory|Protect
|move|p1a: I CANT DIE YET|Fire Blast|p2a: Skarmory
|-activate|p2a: Skarmory|Protect
|
|-weather|Sandstorm|[upkeep]
|-heal|p2a: Skarmory|77/100|[from] item: Leftovers
|upkeep
|turn|26
|
|t:|1728009884
|switch|p2a: Starmie|Starmie|100/100
|-damage|p2a: Starmie|88/100|[from] Spikes
|move|p1a: I CANT DIE YET|Hidden Power|p2a: Starmie
|-supereffective|p2a: Starmie
|-damage|p2a: Starmie|41/100
|
|-weather|Sandstorm|[upkeep]
|-damage|p2a: Starmie|35/100|[from] Sandstorm
|-heal|p2a: Starmie|41/100|[from] item: Leftovers
|upkeep
|turn|27
|inactive|1998 Mercedes-Benz has 270 seconds left.
|
|t:|1728009894
|move|p2a: Starmie|Surf|p1a: I CANT DIE YET
|-supereffective|p1a: I CANT DIE YET
|-damage|p1a: I CANT DIE YET|6/100
|move|p1a: I CANT DIE YET|Hidden Power|p2a: Starmie
|-supereffective|p2a: Starmie
|-damage|p2a: Starmie|0 fnt
|faint|p2a: Starmie
|c|☆1998 Mercedes-Benz|atleast its not 6-0
|
|t:|1728009906
|switch|p2a: Gengar|Gengar, M, shiny|45/100
|
|-weather|Sandstorm|[upkeep]
|-damage|p2a: Gengar|39/100|[from] Sandstorm
|-heal|p2a: Gengar|45/100|[from] item: Leftovers
|upkeep
|turn|28
|
|t:|1728009912
|move|p2a: Gengar|Thunderbolt|p1a: I CANT DIE YET
|-damage|p1a: I CANT DIE YET|0 fnt
|faint|p1a: I CANT DIE YET
|
|t:|1728009919
|switch|p1a: Toyota Corolla|Metagross|76/100
|-damage|p1a: Toyota Corolla|64/100|[from] Spikes
|
|-weather|Sandstorm|[upkeep]
|-damage|p2a: Gengar|39/100|[from] Sandstorm
|-heal|p2a: Gengar|45/100|[from] item: Leftovers
|upkeep
|turn|29
|
|t:|1728009937
|switch|p2a: Skarmory|Skarmory, M|77/100
|move|p1a: Toyota Corolla|Explosion|p2a: Skarmory
|-resisted|p2a: Skarmory
|-damage|p2a: Skarmory|0 fnt
|faint|p1a: Toyota Corolla
|faint|p2a: Skarmory
|
|t:|1728009960
|switch|p1a: MY WRISTS AINT|Skarmory, M|57/100
|switch|p2a: Gengar|Gengar, M, shiny|45/100
|
|-weather|Sandstorm|[upkeep]
|-damage|p2a: Gengar|39/100|[from] Sandstorm
|-heal|p2a: Gengar|45/100|[from] item: Leftovers
|-heal|p1a: MY WRISTS AINT|63/100|[from] item: Leftovers
|upkeep
|turn|30
|
|t:|1728009970
|move|p2a: Gengar|Will-O-Wisp|p1a: MY WRISTS AINT
|-status|p1a: MY WRISTS AINT|brn
|move|p1a: MY WRISTS AINT|Drill Peck|p2a: Gengar
|-crit|p2a: Gengar
|-damage|p2a: Gengar|12/100
|
|-weather|Sandstorm|[upkeep]
|-damage|p2a: Gengar|5/100|[from] Sandstorm
|-heal|p2a: Gengar|12/100|[from] item: Leftovers
|-heal|p1a: MY WRISTS AINT|69/100 brn|[from] item: Leftovers
|-damage|p1a: MY WRISTS AINT|57/100 brn|[from] brn
|upkeep
|turn|31
|
|t:|1728009981
|move|p2a: Gengar|Thunderbolt|p1a: MY WRISTS AINT
|-supereffective|p1a: MY WRISTS AINT
|-damage|p1a: MY WRISTS AINT|6/100 brn
|move|p1a: MY WRISTS AINT|Drill Peck|p2a: Gengar
|-damage|p2a: Gengar|0 fnt
|faint|p2a: Gengar
|inactive|Dhgss has 270 seconds left.
|
|t:|1728009996
|switch|p2a: Blissey|Blissey, F, shiny|48/100
|-damage|p2a: Blissey|35/100|[from] Spikes
|
|-weather|Sandstorm|[upkeep]
|-damage|p2a: Blissey|29/100|[from] Sandstorm
|-heal|p1a: MY WRISTS AINT|12/100 brn|[from] item: Leftovers
|-damage|p1a: MY WRISTS AINT|0 fnt|[from] brn
|faint|p1a: MY WRISTS AINT
|-heal|p2a: Blissey|35/100|[from] item: Leftovers
|upkeep
|
|t:|1728010000
|switch|p1a: Snail Pancake|Swampert, F|94/100
|-damage|p1a: Snail Pancake|82/100|[from] Spikes
|turn|32
|
|t:|1728010018
|move|p2a: Blissey|Toxic|p1a: Snail Pancake
|-status|p1a: Snail Pancake|tox
|move|p1a: Snail Pancake|Curse|p1a: Snail Pancake
|-unboost|p1a: Snail Pancake|spe|1
|-boost|p1a: Snail Pancake|atk|1
|-boost|p1a: Snail Pancake|def|1
|
|-weather|Sandstorm|[upkeep]
|-damage|p2a: Blissey|29/100|[from] Sandstorm
|-heal|p2a: Blissey|35/100|[from] item: Leftovers
|-heal|p1a: Snail Pancake|88/100 tox|[from] item: Leftovers
|-damage|p1a: Snail Pancake|82/100 tox|[from] psn
|upkeep
|turn|33
|
|t:|1728010026
|move|p2a: Blissey|Soft-Boiled|p2a: Blissey
|-heal|p2a: Blissey|85/100
|move|p1a: Snail Pancake|Earthquake|p2a: Blissey
|-damage|p2a: Blissey|32/100
|
|-weather|Sandstorm|[upkeep]
|-damage|p2a: Blissey|26/100|[from] Sandstorm
|-heal|p2a: Blissey|32/100|[from] item: Leftovers
|-heal|p1a: Snail Pancake|88/100 tox|[from] item: Leftovers
|-damage|p1a: Snail Pancake|76/100 tox|[from] psn
|upkeep
|turn|34
|
|t:|1728010038
|move|p2a: Blissey|Soft-Boiled|p2a: Blissey
|-heal|p2a: Blissey|82/100
|move|p1a: Snail Pancake|Earthquake|p2a: Blissey
|-damage|p2a: Blissey|28/100
|
|-weather|Sandstorm|[upkeep]
|-damage|p2a: Blissey|22/100|[from] Sandstorm
|-heal|p2a: Blissey|28/100|[from] item: Leftovers
|-heal|p1a: Snail Pancake|82/100 tox|[from] item: Leftovers
|-damage|p1a: Snail Pancake|63/100 tox|[from] psn
|upkeep
|turn|35
|
|t:|1728010048
|move|p2a: Blissey|Soft-Boiled|p2a: Blissey
|-heal|p2a: Blissey|78/100
|move|p1a: Snail Pancake|Earthquake|p2a: Blissey
|-damage|p2a: Blissey|18/100
|
|-weather|Sandstorm|[upkeep]
|-damage|p2a: Blissey|12/100|[from] Sandstorm
|-heal|p2a: Blissey|18/100|[from] item: Leftovers
|-heal|p1a: Snail Pancake|69/100 tox|[from] item: Leftovers
|-damage|p1a: Snail Pancake|45/100 tox|[from] psn
|upkeep
|turn|36
|
|t:|1728010061
|move|p2a: Blissey|Ice Beam|p1a: Snail Pancake
|-crit|p1a: Snail Pancake
|-damage|p1a: Snail Pancake|8/100 tox
|move|p1a: Snail Pancake|Earthquake|p2a: Blissey
|-crit|p2a: Blissey
|-damage|p2a: Blissey|0 fnt
|faint|p2a: Blissey
|c|☆1998 Mercedes-Benz|on skibidi...
|
|t:|1728010071
|switch|p2a: Tyranitar|Tyranitar, M|100/100
|-damage|p2a: Tyranitar|88/100|[from] Spikes
|
|-weather|Sandstorm|[upkeep]
|-heal|p1a: Snail Pancake|14/100 tox|[from] item: Leftovers
|-damage|p1a: Snail Pancake|0 fnt|[from] psn
|faint|p1a: Snail Pancake
|
|win|Dhgss
|upkeep
|c|☆Dhgss|GG
|c|☆1998 Mercedes-Benz|ggs
|player|p1|

</script>
<script type="application/json" class="data" id="replaydata-smogtours-gen3ou-794491">
{"id":"smogtours-gen3ou-794491","format":"[Gen 3] OU","players":["1998 Mercedes-Benz","Dhgss"],"uploadtime":1728010071,"views":122,"formatid":"gen3ou","rating":null,"private":0,"password":null}
</script>

<script defer src="js/replays.js?9d40a366"></script>
