<!DOCTYPE html>
<meta charset="utf-8" />
<meta name="viewport" content="width=device-width" />

<title>[Gen 3] OU: wavyish vs. AC77 - Replays - Pok&eacute;mon Showdown!</title>

<meta name="description" content="Watch a replay of a Pok&eacute;mon battle between wavyish and AC77! Format: [Gen 3] OU; Date: Oct 29, 2024" />
<!--

Hey, you! Looking in the source for the replay log?

You can find them in JSON format, just add `.json` at the end of a replay URL.

https://replay.pokemonshowdown.com/gen7randomdoublesbattle-865046831.json

Or, if you only need the log itself, add `.log` instead:

https://replay.pokemonshowdown.com/gen7randomdoublesbattle-865046831.log

-->

<link rel="stylesheet" href="//pokemonshowdown.com/style/global.css?0.023195364461161105" />
<link rel="stylesheet" href="//play.pokemonshowdown.com/style/font-awesome.css?0.13261647063804238" />
<link rel="stylesheet" href="//play.pokemonshowdown.com/style/battle.css?0.8753245789963631" />
<link rel="stylesheet" href="//play.pokemonshowdown.com/style/utilichart.css?0.8627959624976733" />

<!-- Global site tag (gtag.js) - Google Analytics -->
<script async src="https://www.googletagmanager.com/gtag/js?id=UA-26211653-1"></script>
<script>
  window.dataLayer = window.dataLayer || [];
  function gtag(){dataLayer.push(arguments);}
  gtag('js', new Date());

  gtag('config', 'UA-26211653-1');
</script>
<!-- End Google Analytics -->
<!-- Venatus Ad Manager - Install in <HEAD> of page -->
	<script src="https://hb.vntsm.com/v3/live/ad-manager.min.js" type="text/javascript" data-site-id="642aba63ec9a7b11c3c9c1be" data-mode="scan" async></script>
<!-- / Venatus Ad Manager -->

<style>
	@media (max-width:820px) {
		.battle {
			margin: 0 auto;
		}
		.battle-log {
			margin: 7px auto 0;
			max-width: 640px;
			height: 300px;
			position: static;
		}
	}
	.optgroup {
		display: inline-block;
		line-height: 22px;
		font-size: 10pt;
	}
	.optgroup .button {
		height: 25px;
		padding-top: 0;
		padding-bottom: 0;
	}
	.optgroup button.button {
		padding-left: 12px;
		padding-right: 12px;
	}
	.linklist {
		list-style: none;
		margin: 0.5em 0;
		padding: 0;
	}
	.linklist li {
		padding: 2px 0;
	}
	.sidebar {
		float: left;
		width: 320px;
	}
	.bar-wrapper {
		max-width: 1100px;
		margin: 0 auto;
	}
	.bar-wrapper.has-sidebar {
		max-width: 1430px;
	}
	.mainbar {
		margin: 0;
		padding-right: 1px;
	}
	.mainbar.has-sidebar {
		margin-left: 330px;
	}
	@media (min-width: 1511px) {
		.sidebar {
			width: 400px;
		}
		.bar-wrapper.has-sidebar {
			max-width: 1510px;
		}
		.mainbar.has-sidebar {
			margin-left: 410px;
		}
	}
	.section.first-section {
		margin-top: 9px;
	}
	.blocklink small {
		white-space: normal;
	}
	.button {
		vertical-align: middle;
	}
	.replay-controls {
		padding-top: 10px;
	}
	.replay-controls h1 {
		font-size: 16pt;
		font-weight: normal;
		color: #CCC;
	}
	.pagelink {
		text-align: center;
	}
	.pagelink a {
		width: 150px;
	}
	.textbox, .button {
		font-size: 11pt;
		vertical-align: middle;
	}
	@media (max-width: 450px) {
		.button {
			font-size: 9pt;
		}
	}
</style>

<div>

	<header>
		<div class="nav-wrapper"><ul class="nav">
			<li><a class="button nav-first" href="//pokemonshowdown.com/"><img src="//pokemonshowdown.com/images/pokemonshowdownbeta.png" srcset="//pokemonshowdown.com/images/pokemonshowdownbeta.png 1x, //pokemonshowdown.com/images/pokemonshowdownbeta@2x.png 2x" alt="Pok&eacute;mon Showdown" width="146" height="44" /> Home</a></li>
			<li><a class="button" href="//pokemonshowdown.com/dex/">Pok&eacute;dex</a></li>
			<li><a class="button cur" href="/">Replays</a></li>
			<li><a class="button" href="//pokemonshowdown.com/ladder/">Ladder</a></li>
			<li><a class="button nav-last" href="//pokemonshowdown.com/forums/">Forum</a></li>
			<li><a class="button greenbutton nav-first nav-last" href="//play.pokemonshowdown.com/">Play</a></li>
		</ul></div>
	</header>

	<div class="main" id="main">

		<noscript><section class="section">You need to enable JavaScript to use this page; sorry!</section></noscript>

	</div>

</div>

<script defer nomodule src="//play.pokemonshowdown.com/js/lib/ps-polyfill.js"></script>
<script defer src="//play.pokemonshowdown.com/js/lib/preact.min.js"></script>

<script defer src="//play.pokemonshowdown.com/config/config.js?2bddbc15"></script>
<script defer src="//play.pokemonshowdown.com/js/lib/jquery-1.11.0.min.js"></script>
<script defer src="//play.pokemonshowdown.com/js/lib/html-sanitizer-minified.js"></script>
<script defer src="//play.pokemonshowdown.com/js/battle-sound.js"></script>
<script defer src="//play.pokemonshowdown.com/js/battledata.js?0.7209276989879541"></script>
<script defer src="//play.pokemonshowdown.com/data/pokedex-mini.js?0.6111056340867951"></script>
<script defer src="//play.pokemonshowdown.com/data/pokedex-mini-bw.js?0.3532142036491459"></script>
<script defer src="//play.pokemonshowdown.com/data/graphics.js?0.24223875632456182"></script>
<script defer src="//play.pokemonshowdown.com/data/pokedex.js?0.38839984266356864"></script>
<script defer src="//play.pokemonshowdown.com/data/moves.js?0.21866028504024015"></script>
<script defer src="//play.pokemonshowdown.com/data/abilities.js?0.2005157953846628"></script>
<script defer src="//play.pokemonshowdown.com/data/items.js?0.9894211263848525"></script>
<script defer src="//play.pokemonshowdown.com/data/teambuilder-tables.js?0.6008791140282215"></script>
<script defer src="//play.pokemonshowdown.com/js/battle-tooltips.js?0.7580118955022959"></script>
<script defer src="//play.pokemonshowdown.com/js/battle.js?0.6057722274234274"></script>

<script defer src="js/utils.js?e31f9a17"></script>
<script defer src="js/replays-battle.js?7008c182"></script>

<!-- don't scrape this data! just add .json or .log after the URL!
Full API docs: https://github.com/smogon/pokemon-showdown-client/blob/master/WEB-API.md -->
<script type="text/plain" class="log" id="replaylog-smogtours-gen3ou-803254">
|inactive|Battle timer is ON: inactive players will automatically lose when time's up.
|t:|1730225381
|gametype|singles
|player|p1|wavyish|akari|
|player|p2|AC77|karen|
|teamsize|p1|6
|teamsize|p2|6
|gen|3
|tier|[Gen 3] OU
|rule|Sleep Clause Mod: Limit one foe put to sleep
|rule|Switch Priority Clause Mod: Faster Pokémon switch first
|rule|Species Clause: Limit one of each Pokémon
|rule|OHKO Clause: OHKO moves are banned
|rule|Evasion Items Clause: Evasion items are banned
|rule|Evasion Moves Clause: Evasion moves are banned
|rule|Endless Battle Clause: Forcing endless battles is banned
|rule|HP Percentage Mod: HP is shown in percentages
|rule|One Boost Passer Clause: Limit one Baton Passer that has a way to boost its stats
|rule|Freeze Clause Mod: Limit one foe frozen
|
|t:|1730225381
|start
|switch|p1a: not a drill|Breloom, M|100/100
|switch|p2a: Zapdos|Zapdos|100/100
|turn|1
|inactive|AC77 also wants the timer to be on.
|c|☆AC77|hf
|c|☆wavyish|u2
|
|t:|1730225400
|switch|p1a: get lucki|Tyranitar, F|100/100
|-weather|Sandstorm|[from] ability: Sand Stream|[of] p1a: get lucki
|move|p2a: Zapdos|Hidden Power|p1a: get lucki
|-damage|p1a: get lucki|77/100
|
|-weather|Sandstorm|[upkeep]
|-damage|p2a: Zapdos|94/100|[from] Sandstorm
|-heal|p2a: Zapdos|100/100|[from] item: Leftovers
|-heal|p1a: get lucki|83/100|[from] item: Leftovers
|upkeep
|turn|2
|
|t:|1730225412
|switch|p2a: Tyranitar|Tyranitar, M|100/100
|move|p1a: get lucki|Roar|p2a: Tyranitar
|drag|p2a: Blissey|Blissey, F|100/100
|
|-weather|Sandstorm|[upkeep]
|-damage|p2a: Blissey|94/100|[from] Sandstorm
|-heal|p2a: Blissey|100/100|[from] item: Leftovers
|-heal|p1a: get lucki|89/100|[from] item: Leftovers
|upkeep
|turn|3
|
|t:|1730225418
|switch|p1a: lick|Swampert, F|100/100
|switch|p2a: Skarmory|Skarmory, M|100/100
|
|-weather|Sandstorm|[upkeep]
|upkeep
|turn|4
|
|t:|1730225436
|switch|p1a: unreleased leak|Zapdos|100/100
|move|p2a: Skarmory|Spikes|p1a: unreleased leak
|-sidestart|p1: wavyish|Spikes
|
|-weather|Sandstorm|[upkeep]
|-damage|p1a: unreleased leak|94/100|[from] Sandstorm
|-heal|p1a: unreleased leak|100/100|[from] item: Leftovers
|upkeep
|turn|5
|
|t:|1730225440
|switch|p2a: Blissey|Blissey, F|100/100
|move|p1a: unreleased leak|Substitute|p1a: unreleased leak
|-start|p1a: unreleased leak|Substitute
|-damage|p1a: unreleased leak|76/100
|
|-weather|Sandstorm|[upkeep]
|-damage|p1a: unreleased leak|69/100|[from] Sandstorm
|-damage|p2a: Blissey|94/100|[from] Sandstorm
|-heal|p1a: unreleased leak|76/100|[from] item: Leftovers
|-heal|p2a: Blissey|100/100|[from] item: Leftovers
|upkeep
|turn|6
|
|t:|1730225443
|move|p1a: unreleased leak|Baton Pass|p1a: unreleased leak
|
|t:|1730225447
|switch|p1a: not a drill|Breloom, M|100/100|[from] Baton Pass
|-damage|p1a: not a drill|88/100|[from] Spikes
|move|p2a: Blissey|Seismic Toss|p1a: not a drill
|-end|p1a: not a drill|Substitute
|
|-weather|Sandstorm|[upkeep]
|-damage|p1a: not a drill|82/100|[from] Sandstorm
|-damage|p2a: Blissey|94/100|[from] Sandstorm
|-heal|p1a: not a drill|88/100|[from] item: Leftovers
|-heal|p2a: Blissey|100/100|[from] item: Leftovers
|upkeep
|turn|7
|
|t:|1730225452
|switch|p2a: Skarmory|Skarmory, M|100/100
|move|p1a: not a drill|Spore|p2a: Skarmory
|-status|p2a: Skarmory|slp|[from] move: Spore
|
|-weather|Sandstorm|[upkeep]
|-damage|p1a: not a drill|82/100|[from] Sandstorm
|-heal|p1a: not a drill|88/100|[from] item: Leftovers
|upkeep
|turn|8
|
|t:|1730225458
|-singleturn|p1a: not a drill|move: Focus Punch
|switch|p2a: Gengar|Gengar, M|100/100
|move|p1a: not a drill|Focus Punch|p2a: Gengar
|-immune|p2a: Gengar
|
|-weather|Sandstorm|[upkeep]
|-damage|p2a: Gengar|94/100|[from] Sandstorm
|-damage|p1a: not a drill|82/100|[from] Sandstorm
|-heal|p2a: Gengar|100/100|[from] item: Leftovers
|-heal|p1a: not a drill|88/100|[from] item: Leftovers
|upkeep
|turn|9
|
|t:|1730225474
|switch|p2a: Tyranitar|Tyranitar, M|100/100
|switch|p1a: get lucki|Tyranitar, F|89/100
|-damage|p1a: get lucki|77/100|[from] Spikes
|
|-weather|Sandstorm|[upkeep]
|-heal|p1a: get lucki|83/100|[from] item: Leftovers
|upkeep
|turn|10
|
|t:|1730225479
|switch|p1a: lick|Swampert, F|100/100
|-damage|p1a: lick|88/100|[from] Spikes
|move|p2a: Tyranitar|Earthquake|p1a: lick
|-damage|p1a: lick|48/100
|
|-weather|Sandstorm|[upkeep]
|-heal|p1a: lick|54/100|[from] item: Leftovers
|upkeep
|turn|11
|
|t:|1730225489
|-singleturn|p1a: lick|move: Focus Punch
|switch|p2a: Blissey|Blissey, F|100/100
|move|p1a: lick|Focus Punch|p2a: Blissey
|-supereffective|p2a: Blissey
|-damage|p2a: Blissey|36/100
|
|-weather|Sandstorm|[upkeep]
|-damage|p2a: Blissey|30/100|[from] Sandstorm
|-heal|p1a: lick|60/100|[from] item: Leftovers
|-heal|p2a: Blissey|36/100|[from] item: Leftovers
|upkeep
|turn|12
|
|t:|1730225494
|switch|p2a: Zapdos|Zapdos|100/100
|move|p1a: lick|Earthquake|p2a: Zapdos
|-immune|p2a: Zapdos
|
|-weather|Sandstorm|[upkeep]
|-damage|p2a: Zapdos|94/100|[from] Sandstorm
|-heal|p2a: Zapdos|100/100|[from] item: Leftovers
|-heal|p1a: lick|66/100|[from] item: Leftovers
|upkeep
|turn|13
|
|t:|1730225498
|switch|p1a: gaig|Jirachi|100/100
|-damage|p1a: gaig|88/100|[from] Spikes
|move|p2a: Zapdos|Toxic|p1a: gaig
|-immune|p1a: gaig
|
|-weather|Sandstorm|[upkeep]
|-damage|p2a: Zapdos|94/100|[from] Sandstorm
|-heal|p2a: Zapdos|100/100|[from] item: Leftovers
|-heal|p1a: gaig|94/100|[from] item: Leftovers
|upkeep
|turn|14
|
|t:|1730225506
|switch|p2a: Tyranitar|Tyranitar, M|100/100
|move|p1a: gaig|Body Slam|p2a: Tyranitar
|-resisted|p2a: Tyranitar
|-damage|p2a: Tyranitar|94/100
|
|-weather|Sandstorm|[upkeep]
|-heal|p1a: gaig|100/100|[from] item: Leftovers
|-heal|p2a: Tyranitar|100/100|[from] item: Leftovers
|upkeep
|turn|15
|
|t:|1730225526
|-singleturn|p2a: Tyranitar|move: Focus Punch
|move|p1a: gaig|Protect|p1a: gaig
|-singleturn|p1a: gaig|Protect
|move|p2a: Tyranitar|Focus Punch|p1a: gaig
|-activate|p1a: gaig|Protect
|
|-weather|Sandstorm|[upkeep]
|upkeep
|turn|16
|
|t:|1730225537
|move|p1a: gaig|Wish|p1a: gaig
|move|p2a: Tyranitar|Earthquake|p1a: gaig
|-supereffective|p1a: gaig
|-damage|p1a: gaig|44/100
|
|-weather|Sandstorm|[upkeep]
|-heal|p1a: gaig|50/100|[from] item: Leftovers
|upkeep
|turn|17
|
|t:|1730225549
|-singleturn|p2a: Tyranitar|move: Focus Punch
|move|p1a: gaig|Protect|p1a: gaig
|-singleturn|p1a: gaig|Protect
|move|p2a: Tyranitar|Focus Punch|p1a: gaig
|-activate|p1a: gaig|Protect
|
|-heal|p1a: gaig|99/100|[from] move: Wish|[wisher] gaig
|-weather|Sandstorm|[upkeep]
|-heal|p1a: gaig|100/100|[from] item: Leftovers
|upkeep
|turn|18
|
|t:|1730225560
|move|p1a: gaig|Body Slam|p2a: Tyranitar
|-resisted|p2a: Tyranitar
|-damage|p2a: Tyranitar|93/100
|-status|p2a: Tyranitar|par
|cant|p2a: Tyranitar|par
|
|-weather|Sandstorm|[upkeep]
|-heal|p2a: Tyranitar|99/100 par|[from] item: Leftovers
|upkeep
|turn|19
|c|☆wavyish|mb
|c|☆wavyish|im lowk fishing
|
|t:|1730225570
|move|p1a: gaig|Wish|p1a: gaig
|move|p2a: Tyranitar|Earthquake|p1a: gaig
|-supereffective|p1a: gaig
|-damage|p1a: gaig|43/100
|
|-weather|Sandstorm|[upkeep]
|-heal|p1a: gaig|49/100|[from] item: Leftovers
|-heal|p2a: Tyranitar|100/100 par|[from] item: Leftovers
|upkeep
|turn|20
|
|t:|1730225573
|-singleturn|p2a: Tyranitar|move: Focus Punch
|move|p1a: gaig|Protect|p1a: gaig
|-singleturn|p1a: gaig|Protect
|cant|p2a: Tyranitar|par
|
|-heal|p1a: gaig|99/100|[from] move: Wish|[wisher] gaig
|-weather|Sandstorm|[upkeep]
|-heal|p1a: gaig|100/100|[from] item: Leftovers
|upkeep
|turn|21
|
|t:|1730225577
|move|p1a: gaig|Wish|p1a: gaig
|move|p2a: Tyranitar|Earthquake|p1a: gaig
|-supereffective|p1a: gaig
|-damage|p1a: gaig|43/100
|
|-weather|Sandstorm|[upkeep]
|-heal|p1a: gaig|49/100|[from] item: Leftovers
|upkeep
|turn|22
|
|t:|1730225584
|-singleturn|p2a: Tyranitar|move: Focus Punch
|move|p1a: gaig|Protect|p1a: gaig
|-singleturn|p1a: gaig|Protect
|move|p2a: Tyranitar|Focus Punch|p1a: gaig
|-activate|p1a: gaig|Protect
|
|-heal|p1a: gaig|99/100|[from] move: Wish|[wisher] gaig
|-weather|Sandstorm|[upkeep]
|-heal|p1a: gaig|100/100|[from] item: Leftovers
|upkeep
|turn|23
|
|t:|1730225590
|move|p1a: gaig|Wish|p1a: gaig
|move|p2a: Tyranitar|Earthquake|p1a: gaig
|-supereffective|p1a: gaig
|-damage|p1a: gaig|36/100
|
|-weather|Sandstorm|[upkeep]
|-heal|p1a: gaig|42/100|[from] item: Leftovers
|upkeep
|turn|24
|
|t:|1730225595
|-singleturn|p2a: Tyranitar|move: Focus Punch
|move|p1a: gaig|Protect|p1a: gaig
|-singleturn|p1a: gaig|Protect
|cant|p2a: Tyranitar|par
|
|-heal|p1a: gaig|92/100|[from] move: Wish|[wisher] gaig
|-weather|Sandstorm|[upkeep]
|-heal|p1a: gaig|98/100|[from] item: Leftovers
|upkeep
|turn|25
|
|t:|1730225605
|move|p1a: gaig|Wish|p1a: gaig
|cant|p2a: Tyranitar|par
|
|-weather|Sandstorm|[upkeep]
|-heal|p1a: gaig|100/100|[from] item: Leftovers
|upkeep
|turn|26
|
|t:|1730225618
|-singleturn|p2a: Tyranitar|move: Focus Punch
|switch|p1a: lick|Swampert, F|66/100
|-damage|p1a: lick|54/100|[from] Spikes
|move|p2a: Tyranitar|Focus Punch|p1a: lick
|-damage|p1a: lick|0 fnt
|faint|p1a: lick
|
|t:|1730225620
|switch|p1a: not a drill|Breloom, M|88/100
|-damage|p1a: not a drill|76/100|[from] Spikes
|
|-heal|p1a: not a drill|100/100|[from] move: Wish|[wisher] gaig
|-weather|Sandstorm|[upkeep]
|-damage|p1a: not a drill|94/100|[from] Sandstorm
|-heal|p1a: not a drill|100/100|[from] item: Leftovers
|upkeep
|turn|27
|
|t:|1730225625
|switch|p1a: get lucki|Tyranitar, F|83/100
|-damage|p1a: get lucki|70/100|[from] Spikes
|switch|p2a: Gengar|Gengar, M|100/100
|
|-weather|Sandstorm|[upkeep]
|-damage|p2a: Gengar|94/100|[from] Sandstorm
|-heal|p2a: Gengar|100/100|[from] item: Leftovers
|-heal|p1a: get lucki|77/100|[from] item: Leftovers
|upkeep
|turn|28
|
|t:|1730225629
|move|p2a: Gengar|Giga Drain|p1a: get lucki
|-supereffective|p1a: get lucki
|-crit|p1a: get lucki
|-damage|p1a: get lucki|13/100
|move|p1a: get lucki|Pursuit|p2a: Gengar
|-supereffective|p2a: Gengar
|-damage|p2a: Gengar|56/100
|
|-weather|Sandstorm|[upkeep]
|-damage|p2a: Gengar|50/100|[from] Sandstorm
|-heal|p2a: Gengar|56/100|[from] item: Leftovers
|-heal|p1a: get lucki|19/100|[from] item: Leftovers
|upkeep
|turn|29
|
|t:|1730225636
|move|p2a: Gengar|Giga Drain|p1a: get lucki
|-supereffective|p1a: get lucki
|-damage|p1a: get lucki|0 fnt
|-heal|p2a: Gengar|69/100|[from] drain|[of] p1a: get lucki
|faint|p1a: get lucki
|
|t:|1730225638
|switch|p1a: gangermatic|Charizard, M|100/100
|
|-weather|Sandstorm|[upkeep]
|-damage|p2a: Gengar|63/100|[from] Sandstorm
|-damage|p1a: gangermatic|94/100|[from] Sandstorm
|-heal|p2a: Gengar|69/100|[from] item: Leftovers
|-heal|p1a: gangermatic|100/100|[from] item: Leftovers
|upkeep
|turn|30
|
|t:|1730225657
|switch|p2a: Tyranitar|Tyranitar, M|100/100 par
|move|p1a: gangermatic|Fire Blast|p2a: Tyranitar
|-resisted|p2a: Tyranitar
|-damage|p2a: Tyranitar|77/100 par
|
|-weather|Sandstorm|[upkeep]
|-damage|p1a: gangermatic|94/100|[from] Sandstorm
|-heal|p1a: gangermatic|100/100|[from] item: Leftovers
|-heal|p2a: Tyranitar|83/100 par|[from] item: Leftovers
|upkeep
|turn|31
|
|t:|1730225666
|switch|p1a: not a drill|Breloom, M|100/100
|-damage|p1a: not a drill|88/100|[from] Spikes
|move|p2a: Tyranitar|Rock Slide|p1a: not a drill
|-resisted|p1a: not a drill
|-damage|p1a: not a drill|54/100
|
|-weather|Sandstorm|[upkeep]
|-damage|p1a: not a drill|48/100|[from] Sandstorm
|-heal|p1a: not a drill|54/100|[from] item: Leftovers
|-heal|p2a: Tyranitar|90/100 par|[from] item: Leftovers
|upkeep
|turn|32
|
|t:|1730225674
|switch|p1a: gangermatic|Charizard, M|100/100
|switch|p2a: Gengar|Gengar, M|69/100
|
|-weather|Sandstorm|[upkeep]
|-damage|p2a: Gengar|63/100|[from] Sandstorm
|-damage|p1a: gangermatic|94/100|[from] Sandstorm
|-heal|p2a: Gengar|69/100|[from] item: Leftovers
|-heal|p1a: gangermatic|100/100|[from] item: Leftovers
|upkeep
|turn|33
|
|t:|1730225683
|-singleturn|p1a: gangermatic|move: Focus Punch
|move|p2a: Gengar|Thunderbolt|p1a: gangermatic
|-supereffective|p1a: gangermatic
|-damage|p1a: gangermatic|24/100
|move|p1a: gangermatic|Focus Punch||[still]
|cant|p1a: gangermatic|Focus Punch|Focus Punch
|
|-weather|Sandstorm|[upkeep]
|-damage|p2a: Gengar|63/100|[from] Sandstorm
|-damage|p1a: gangermatic|18/100|[from] Sandstorm
|-heal|p2a: Gengar|69/100|[from] item: Leftovers
|-heal|p1a: gangermatic|24/100|[from] item: Leftovers
|upkeep
|turn|34
|
|t:|1730225687
|switch|p1a: gaig|Jirachi|100/100
|-damage|p1a: gaig|88/100|[from] Spikes
|move|p2a: Gengar|Thunderbolt|p1a: gaig
|-damage|p1a: gaig|72/100
|
|-weather|Sandstorm|[upkeep]
|-damage|p2a: Gengar|63/100|[from] Sandstorm
|-heal|p2a: Gengar|69/100|[from] item: Leftovers
|-heal|p1a: gaig|78/100|[from] item: Leftovers
|upkeep
|turn|35
|
|t:|1730225691
|move|p2a: Gengar|Will-O-Wisp|p1a: gaig
|-status|p1a: gaig|brn
|move|p1a: gaig|Wish|p1a: gaig
|
|-weather|Sandstorm|[upkeep]
|-damage|p2a: Gengar|63/100|[from] Sandstorm
|-heal|p2a: Gengar|69/100|[from] item: Leftovers
|-heal|p1a: gaig|84/100 brn|[from] item: Leftovers
|-damage|p1a: gaig|72/100 brn|[from] brn
|upkeep
|turn|36
|
|t:|1730225699
|switch|p2a: Blissey|Blissey, F|36/100
|move|p1a: gaig|Fire Punch|p2a: Blissey
|-damage|p2a: Blissey|30/100
|
|-heal|p1a: gaig|100/100 brn|[from] move: Wish|[wisher] gaig
|-weather|Sandstorm|[upkeep]
|-damage|p2a: Blissey|23/100|[from] Sandstorm
|-damage|p1a: gaig|88/100 brn|[from] brn
|-heal|p2a: Blissey|30/100|[from] item: Leftovers
|upkeep
|turn|37
|
|t:|1730225705
|move|p1a: gaig|Wish|p1a: gaig
|move|p2a: Blissey|Soft-Boiled|p2a: Blissey
|-heal|p2a: Blissey|79/100
|
|-weather|Sandstorm|[upkeep]
|-damage|p2a: Blissey|73/100|[from] Sandstorm
|-heal|p1a: gaig|94/100 brn|[from] item: Leftovers
|-damage|p1a: gaig|82/100 brn|[from] brn
|-heal|p2a: Blissey|79/100|[from] item: Leftovers
|upkeep
|turn|38
|
|t:|1730225712
|move|p1a: gaig|Body Slam|p2a: Blissey
|-damage|p2a: Blissey|71/100
|move|p2a: Blissey|Ice Beam|p1a: gaig
|-resisted|p1a: gaig
|-damage|p1a: gaig|75/100 brn
|
|-heal|p1a: gaig|100/100 brn|[from] move: Wish|[wisher] gaig
|-weather|Sandstorm|[upkeep]
|-damage|p2a: Blissey|65/100|[from] Sandstorm
|-damage|p1a: gaig|88/100 brn|[from] brn
|-heal|p2a: Blissey|71/100|[from] item: Leftovers
|upkeep
|turn|39
|
|t:|1730225720
|move|p1a: gaig|Body Slam|p2a: Blissey
|-damage|p2a: Blissey|63/100
|move|p2a: Blissey|Soft-Boiled|p2a: Blissey
|-heal|p2a: Blissey|100/100
|
|-weather|Sandstorm|[upkeep]
|-damage|p2a: Blissey|94/100|[from] Sandstorm
|-heal|p1a: gaig|94/100 brn|[from] item: Leftovers
|-damage|p1a: gaig|82/100 brn|[from] brn
|-heal|p2a: Blissey|100/100|[from] item: Leftovers
|upkeep
|turn|40
|
|t:|1730225725
|move|p1a: gaig|Body Slam|p2a: Blissey
|-damage|p2a: Blissey|93/100
|-status|p2a: Blissey|par
|move|p2a: Blissey|Wish|p2a: Blissey
|
|-weather|Sandstorm|[upkeep]
|-damage|p2a: Blissey|87/100 par|[from] Sandstorm
|-heal|p1a: gaig|88/100 brn|[from] item: Leftovers
|-damage|p1a: gaig|76/100 brn|[from] brn
|-heal|p2a: Blissey|93/100 par|[from] item: Leftovers
|upkeep
|turn|41
|
|t:|1730225733
|-curestatus|p2a: Blissey|par|[from] ability: Natural Cure
|switch|p2a: Tyranitar|Tyranitar, M|90/100 par
|move|p1a: gaig|Wish|p1a: gaig
|
|-heal|p2a: Tyranitar|100/100 par|[from] move: Wish|[wisher] Blissey
|-weather|Sandstorm|[upkeep]
|-heal|p1a: gaig|82/100 brn|[from] item: Leftovers
|-damage|p1a: gaig|70/100 brn|[from] brn
|upkeep
|turn|42
|
|t:|1730225742
|switch|p1a: unreleased leak|Zapdos|76/100
|move|p2a: Tyranitar|Rock Slide|p1a: unreleased leak
|-supereffective|p1a: unreleased leak
|-damage|p1a: unreleased leak|0 fnt
|faint|p1a: unreleased leak
|
|t:|1730225744
|switch|p1a: not a drill|Breloom, M|54/100
|-damage|p1a: not a drill|42/100|[from] Spikes
|
|-heal|p1a: not a drill|92/100|[from] move: Wish|[wisher] gaig
|-weather|Sandstorm|[upkeep]
|-damage|p1a: not a drill|86/100|[from] Sandstorm
|-heal|p1a: not a drill|92/100|[from] item: Leftovers
|upkeep
|turn|43
|c|☆wavyish|ggs
|-message|wavyish forfeited.
|
|win|AC77
|c|☆AC77|gg
|player|p1|

</script>
<script type="application/json" class="data" id="replaydata-smogtours-gen3ou-803254">
{"id":"smogtours-gen3ou-803254","format":"[Gen 3] OU","players":["wavyish","AC77"],"uploadtime":1730225757,"views":71,"formatid":"gen3ou","rating":null,"private":1,"password":null}
</script>

<script defer src="js/replays.js?9d40a366"></script>
