<!DOCTYPE html>
<meta charset="utf-8" />
<meta name="viewport" content="width=device-width" />

<title>[Gen 3] OU: swope vs. Team Constantin - Replays - Pok&eacute;mon Showdown!</title>

<meta name="description" content="Watch a replay of a Pok&eacute;mon battle between swope and Team Constantin! Format: [Gen 3] OU; Date: Oct 8, 2024" />
<!--

Hey, you! Looking in the source for the replay log?

You can find them in JSON format, just add `.json` at the end of a replay URL.

https://replay.pokemonshowdown.com/gen7randomdoublesbattle-865046831.json

Or, if you only need the log itself, add `.log` instead:

https://replay.pokemonshowdown.com/gen7randomdoublesbattle-865046831.log

-->

<link rel="stylesheet" href="//pokemonshowdown.com/style/global.css?0.023195364461161105" />
<link rel="stylesheet" href="//play.pokemonshowdown.com/style/font-awesome.css?0.13261647063804238" />
<link rel="stylesheet" href="//play.pokemonshowdown.com/style/battle.css?0.8753245789963631" />
<link rel="stylesheet" href="//play.pokemonshowdown.com/style/utilichart.css?0.8627959624976733" />

<!-- Global site tag (gtag.js) - Google Analytics -->
<script async src="https://www.googletagmanager.com/gtag/js?id=UA-26211653-1"></script>
<script>
  window.dataLayer = window.dataLayer || [];
  function gtag(){dataLayer.push(arguments);}
  gtag('js', new Date());

  gtag('config', 'UA-26211653-1');
</script>
<!-- End Google Analytics -->
<!-- Venatus Ad Manager - Install in <HEAD> of page -->
	<script src="https://hb.vntsm.com/v3/live/ad-manager.min.js" type="text/javascript" data-site-id="642aba63ec9a7b11c3c9c1be" data-mode="scan" async></script>
<!-- / Venatus Ad Manager -->

<style>
	@media (max-width:820px) {
		.battle {
			margin: 0 auto;
		}
		.battle-log {
			margin: 7px auto 0;
			max-width: 640px;
			height: 300px;
			position: static;
		}
	}
	.optgroup {
		display: inline-block;
		line-height: 22px;
		font-size: 10pt;
	}
	.optgroup .button {
		height: 25px;
		padding-top: 0;
		padding-bottom: 0;
	}
	.optgroup button.button {
		padding-left: 12px;
		padding-right: 12px;
	}
	.linklist {
		list-style: none;
		margin: 0.5em 0;
		padding: 0;
	}
	.linklist li {
		padding: 2px 0;
	}
	.sidebar {
		float: left;
		width: 320px;
	}
	.bar-wrapper {
		max-width: 1100px;
		margin: 0 auto;
	}
	.bar-wrapper.has-sidebar {
		max-width: 1430px;
	}
	.mainbar {
		margin: 0;
		padding-right: 1px;
	}
	.mainbar.has-sidebar {
		margin-left: 330px;
	}
	@media (min-width: 1511px) {
		.sidebar {
			width: 400px;
		}
		.bar-wrapper.has-sidebar {
			max-width: 1510px;
		}
		.mainbar.has-sidebar {
			margin-left: 410px;
		}
	}
	.section.first-section {
		margin-top: 9px;
	}
	.blocklink small {
		white-space: normal;
	}
	.button {
		vertical-align: middle;
	}
	.replay-controls {
		padding-top: 10px;
	}
	.replay-controls h1 {
		font-size: 16pt;
		font-weight: normal;
		color: #CCC;
	}
	.pagelink {
		text-align: center;
	}
	.pagelink a {
		width: 150px;
	}
	.textbox, .button {
		font-size: 11pt;
		vertical-align: middle;
	}
	@media (max-width: 450px) {
		.button {
			font-size: 9pt;
		}
	}
</style>

<div>

	<header>
		<div class="nav-wrapper"><ul class="nav">
			<li><a class="button nav-first" href="//pokemonshowdown.com/"><img src="//pokemonshowdown.com/images/pokemonshowdownbeta.png" srcset="//pokemonshowdown.com/images/pokemonshowdownbeta.png 1x, //pokemonshowdown.com/images/pokemonshowdownbeta@2x.png 2x" alt="Pok&eacute;mon Showdown" width="146" height="44" /> Home</a></li>
			<li><a class="button" href="//pokemonshowdown.com/dex/">Pok&eacute;dex</a></li>
			<li><a class="button cur" href="/">Replays</a></li>
			<li><a class="button" href="//pokemonshowdown.com/ladder/">Ladder</a></li>
			<li><a class="button nav-last" href="//pokemonshowdown.com/forums/">Forum</a></li>
			<li><a class="button greenbutton nav-first nav-last" href="//play.pokemonshowdown.com/">Play</a></li>
		</ul></div>
	</header>

	<div class="main" id="main">

		<noscript><section class="section">You need to enable JavaScript to use this page; sorry!</section></noscript>

	</div>

</div>

<script defer nomodule src="//play.pokemonshowdown.com/js/lib/ps-polyfill.js"></script>
<script defer src="//play.pokemonshowdown.com/js/lib/preact.min.js"></script>

<script defer src="//play.pokemonshowdown.com/config/config.js?2bddbc15"></script>
<script defer src="//play.pokemonshowdown.com/js/lib/jquery-1.11.0.min.js"></script>
<script defer src="//play.pokemonshowdown.com/js/lib/html-sanitizer-minified.js"></script>
<script defer src="//play.pokemonshowdown.com/js/battle-sound.js"></script>
<script defer src="//play.pokemonshowdown.com/js/battledata.js?0.7209276989879541"></script>
<script defer src="//play.pokemonshowdown.com/data/pokedex-mini.js?0.6111056340867951"></script>
<script defer src="//play.pokemonshowdown.com/data/pokedex-mini-bw.js?0.3532142036491459"></script>
<script defer src="//play.pokemonshowdown.com/data/graphics.js?0.24223875632456182"></script>
<script defer src="//play.pokemonshowdown.com/data/pokedex.js?0.38839984266356864"></script>
<script defer src="//play.pokemonshowdown.com/data/moves.js?0.21866028504024015"></script>
<script defer src="//play.pokemonshowdown.com/data/abilities.js?0.2005157953846628"></script>
<script defer src="//play.pokemonshowdown.com/data/items.js?0.9894211263848525"></script>
<script defer src="//play.pokemonshowdown.com/data/teambuilder-tables.js?0.6008791140282215"></script>
<script defer src="//play.pokemonshowdown.com/js/battle-tooltips.js?0.7580118955022959"></script>
<script defer src="//play.pokemonshowdown.com/js/battle.js?0.6057722274234274"></script>

<script defer src="js/utils.js?e31f9a17"></script>
<script defer src="js/replays-battle.js?7008c182"></script>

<!-- don't scrape this data! just add .json or .log after the URL!
Full API docs: https://github.com/smogon/pokemon-showdown-client/blob/master/WEB-API.md -->
<script type="text/plain" class="log" id="replaylog-smogtours-gen3ou-796392">
|inactive|Battle timer is ON: inactive players will automatically lose when time's up.
|t:|1728405431
|gametype|singles
|player|p1|swope|1|
|player|p2|Team Constantin|hilbert-wonderlauncher|
|teamsize|p1|6
|teamsize|p2|6
|gen|3
|tier|[Gen 3] OU
|rule|Sleep Clause Mod: Limit one foe put to sleep
|rule|Switch Priority Clause Mod: Faster Pokémon switch first
|rule|Species Clause: Limit one of each Pokémon
|rule|OHKO Clause: OHKO moves are banned
|rule|Evasion Items Clause: Evasion items are banned
|rule|Evasion Moves Clause: Evasion moves are banned
|rule|Endless Battle Clause: Forcing endless battles is banned
|rule|HP Percentage Mod: HP is shown in percentages
|rule|One Boost Passer Clause: Limit one Baton Passer that has a way to boost its stats
|rule|Freeze Clause Mod: Limit one foe frozen
|
|t:|1728405431
|start
|switch|p1a: legendario|Zapdos|100/100
|switch|p2a: Tyranitar|Tyranitar, M|100/100
|-weather|Sandstorm|[from] ability: Sand Stream|[of] p2a: Tyranitar
|turn|1
|c|☆Team Constantin|hf
|
|t:|1728405443
|switch|p1a: mohawk|Swampert, F|100/100
|move|p2a: Tyranitar|Crunch|p1a: mohawk
|-damage|p1a: mohawk|71/100
|
|-weather|Sandstorm|[upkeep]
|-heal|p1a: mohawk|77/100|[from] item: Leftovers
|upkeep
|turn|2
|
|t:|1728405450
|switch|p2a: Suicune|Suicune|100/100
|move|p1a: mohawk|Protect||[still]
|-fail|p1a: mohawk
|
|-weather|Sandstorm|[upkeep]
|-damage|p2a: Suicune|94/100|[from] Sandstorm
|-heal|p2a: Suicune|100/100|[from] item: Leftovers
|-heal|p1a: mohawk|84/100|[from] item: Leftovers
|upkeep
|turn|3
|
|t:|1728405468
|switch|p1a: defeated|Umbreon, F|100/100
|move|p2a: Suicune|Surf|p1a: defeated
|-damage|p1a: defeated|76/100
|
|-weather|Sandstorm|[upkeep]
|-damage|p2a: Suicune|94/100|[from] Sandstorm
|-damage|p1a: defeated|70/100|[from] Sandstorm
|-heal|p2a: Suicune|100/100|[from] item: Leftovers
|-heal|p1a: defeated|76/100|[from] item: Leftovers
|upkeep
|turn|4
|
|t:|1728405487
|switch|p2a: Metagross|Metagross|100/100
|move|p1a: defeated|Toxic|p2a: Metagross
|-immune|p2a: Metagross
|
|-weather|Sandstorm|[upkeep]
|-damage|p1a: defeated|70/100|[from] Sandstorm
|-heal|p1a: defeated|76/100|[from] item: Leftovers
|upkeep
|turn|5
|
|t:|1728405502
|move|p1a: defeated|Protect|p1a: defeated
|-singleturn|p1a: defeated|Protect
|move|p2a: Metagross|Earthquake|p1a: defeated
|-activate|p1a: defeated|Protect
|
|-weather|Sandstorm|[upkeep]
|-damage|p1a: defeated|70/100|[from] Sandstorm
|-heal|p1a: defeated|76/100|[from] item: Leftovers
|upkeep
|turn|6
|
|t:|1728405514
|switch|p1a: mohawk|Swampert, F|84/100
|move|p2a: Metagross|Earthquake|p1a: mohawk
|-damage|p1a: mohawk|60/100
|
|-weather|Sandstorm|[upkeep]
|-heal|p1a: mohawk|66/100|[from] item: Leftovers
|upkeep
|turn|7
|
|t:|1728405526
|switch|p2a: Suicune|Suicune|100/100
|move|p1a: mohawk|Hydro Pump|p2a: Suicune
|-resisted|p2a: Suicune
|-damage|p2a: Suicune|86/100
|
|-weather|Sandstorm|[upkeep]
|-damage|p2a: Suicune|80/100|[from] Sandstorm
|-heal|p2a: Suicune|86/100|[from] item: Leftovers
|-heal|p1a: mohawk|72/100|[from] item: Leftovers
|upkeep
|turn|8
|
|t:|1728405543
|switch|p1a: legendario|Zapdos|100/100
|move|p2a: Suicune|Calm Mind|p2a: Suicune
|-boost|p2a: Suicune|spa|1
|-boost|p2a: Suicune|spd|1
|
|-weather|Sandstorm|[upkeep]
|-damage|p1a: legendario|94/100|[from] Sandstorm
|-damage|p2a: Suicune|80/100|[from] Sandstorm
|-heal|p1a: legendario|100/100|[from] item: Leftovers
|-heal|p2a: Suicune|86/100|[from] item: Leftovers
|upkeep
|turn|9
|
|t:|1728405554
|switch|p2a: Snorlax|Snorlax, F|100/100
|move|p1a: legendario|Thunderbolt|p2a: Snorlax
|-crit|p2a: Snorlax
|-damage|p2a: Snorlax|53/100
|
|-weather|Sandstorm|[upkeep]
|-damage|p1a: legendario|94/100|[from] Sandstorm
|-damage|p2a: Snorlax|46/100|[from] Sandstorm
|-heal|p1a: legendario|100/100|[from] item: Leftovers
|-heal|p2a: Snorlax|53/100|[from] item: Leftovers
|upkeep
|turn|10
|
|t:|1728405568
|switch|p1a: Epic|Forretress, M, shiny|100/100
|move|p2a: Snorlax|Body Slam|p1a: Epic
|-resisted|p1a: Epic
|-damage|p1a: Epic|86/100
|
|-weather|Sandstorm|[upkeep]
|-damage|p2a: Snorlax|46/100|[from] Sandstorm
|-heal|p1a: Epic|92/100|[from] item: Leftovers
|-heal|p2a: Snorlax|53/100|[from] item: Leftovers
|upkeep
|turn|11
|
|t:|1728405577
|switch|p2a: Charizard|Charizard, M|100/100
|move|p1a: Epic|Spikes|p2a: Charizard
|-sidestart|p2: Team Constantin|Spikes
|
|-weather|Sandstorm|[upkeep]
|-damage|p2a: Charizard|94/100|[from] Sandstorm
|-heal|p2a: Charizard|100/100|[from] item: Leftovers
|-heal|p1a: Epic|98/100|[from] item: Leftovers
|upkeep
|turn|12
|
|t:|1728405589
|switch|p1a: defeated|Umbreon, F|76/100
|move|p2a: Charizard|Hidden Power|p1a: defeated
|-damage|p1a: defeated|63/100
|
|-weather|Sandstorm|[upkeep]
|-damage|p2a: Charizard|94/100|[from] Sandstorm
|-damage|p1a: defeated|57/100|[from] Sandstorm
|-heal|p2a: Charizard|100/100|[from] item: Leftovers
|-heal|p1a: defeated|63/100|[from] item: Leftovers
|upkeep
|turn|13
|
|t:|1728405603
|switch|p2a: Snorlax|Snorlax, F|53/100
|-damage|p2a: Snorlax|40/100|[from] Spikes
|move|p1a: defeated|Wish|p1a: defeated
|
|-weather|Sandstorm|[upkeep]
|-damage|p1a: defeated|57/100|[from] Sandstorm
|-damage|p2a: Snorlax|34/100|[from] Sandstorm
|-heal|p1a: defeated|63/100|[from] item: Leftovers
|-heal|p2a: Snorlax|40/100|[from] item: Leftovers
|upkeep
|turn|14
|
|t:|1728405615
|-singleturn|p2a: Snorlax|move: Focus Punch
|move|p1a: defeated|Protect|p1a: defeated
|-singleturn|p1a: defeated|Protect
|move|p2a: Snorlax|Focus Punch|p1a: defeated
|-activate|p1a: defeated|Protect
|
|-heal|p1a: defeated|100/100|[from] move: Wish|[wisher] defeated
|-weather|Sandstorm|[upkeep]
|-damage|p1a: defeated|94/100|[from] Sandstorm
|-damage|p2a: Snorlax|34/100|[from] Sandstorm
|-heal|p1a: defeated|100/100|[from] item: Leftovers
|-heal|p2a: Snorlax|40/100|[from] item: Leftovers
|upkeep
|turn|15
|
|t:|1728405641
|switch|p1a: Epic|Forretress, M, shiny|98/100
|move|p2a: Snorlax|Body Slam|p1a: Epic
|-resisted|p1a: Epic
|-damage|p1a: Epic|84/100
|-status|p1a: Epic|par
|
|-weather|Sandstorm|[upkeep]
|-damage|p2a: Snorlax|34/100|[from] Sandstorm
|-heal|p2a: Snorlax|40/100|[from] item: Leftovers
|-heal|p1a: Epic|90/100 par|[from] item: Leftovers
|upkeep
|turn|16
|inactive|swope has 270 seconds left.
|
|t:|1728405657
|switch|p2a: Claydol|Claydol|100/100
|switch|p1a: hypnot|Gengar, F, shiny|100/100
|
|-weather|Sandstorm|[upkeep]
|-damage|p1a: hypnot|94/100|[from] Sandstorm
|-heal|p1a: hypnot|100/100|[from] item: Leftovers
|upkeep
|turn|17
|inactive|swope has 270 seconds left.
|
|t:|1728405669
|switch|p2a: Tyranitar|Tyranitar, M|100/100
|-damage|p2a: Tyranitar|88/100|[from] Spikes
|move|p1a: hypnot|Will-O-Wisp|p2a: Tyranitar
|-status|p2a: Tyranitar|brn
|
|-weather|Sandstorm|[upkeep]
|-damage|p1a: hypnot|94/100|[from] Sandstorm
|-heal|p1a: hypnot|100/100|[from] item: Leftovers
|-heal|p2a: Tyranitar|94/100 brn|[from] item: Leftovers
|-damage|p2a: Tyranitar|82/100 brn|[from] brn
|upkeep
|turn|18
|inactive|swope has 270 seconds left.
|
|t:|1728405682
|move|p1a: hypnot|Giga Drain|p2a: Tyranitar
|-supereffective|p2a: Tyranitar
|-damage|p2a: Tyranitar|50/100 brn
|move|p2a: Tyranitar|Pursuit|p1a: hypnot
|-supereffective|p1a: hypnot
|-damage|p1a: hypnot|58/100
|
|-weather|Sandstorm|[upkeep]
|-damage|p1a: hypnot|52/100|[from] Sandstorm
|-heal|p1a: hypnot|58/100|[from] item: Leftovers
|-heal|p2a: Tyranitar|56/100 brn|[from] item: Leftovers
|-damage|p2a: Tyranitar|44/100 brn|[from] brn
|upkeep
|turn|19
|inactive|swope has 270 seconds left.
|
|t:|1728405693
|move|p1a: hypnot|Giga Drain|p2a: Tyranitar
|-supereffective|p2a: Tyranitar
|-damage|p2a: Tyranitar|13/100 brn
|-heal|p1a: hypnot|78/100|[from] drain|[of] p2a: Tyranitar
|move|p2a: Tyranitar|Crunch|p1a: hypnot
|-supereffective|p1a: hypnot
|-crit|p1a: hypnot
|-damage|p1a: hypnot|0 fnt
|faint|p1a: hypnot
|inactive|swope has 270 seconds left.
|
|t:|1728405711
|switch|p1a: legendario|Zapdos|100/100
|
|-weather|Sandstorm|[upkeep]
|-damage|p1a: legendario|94/100|[from] Sandstorm
|-heal|p1a: legendario|100/100|[from] item: Leftovers
|-heal|p2a: Tyranitar|19/100 brn|[from] item: Leftovers
|-damage|p2a: Tyranitar|7/100 brn|[from] brn
|upkeep
|turn|20
|
|t:|1728405727
|move|p2a: Tyranitar|Crunch|p1a: legendario
|-damage|p1a: legendario|76/100
|-unboost|p1a: legendario|spd|1
|move|p1a: legendario|Roar|p2a: Tyranitar
|drag|p2a: Suicune|Suicune|86/100
|-damage|p2a: Suicune|74/100|[from] Spikes
|
|-weather|Sandstorm|[upkeep]
|-damage|p1a: legendario|70/100|[from] Sandstorm
|-damage|p2a: Suicune|67/100|[from] Sandstorm
|-heal|p1a: legendario|76/100|[from] item: Leftovers
|-heal|p2a: Suicune|74/100|[from] item: Leftovers
|upkeep
|turn|21
|
|t:|1728405739
|switch|p2a: Claydol|Claydol|100/100
|move|p1a: legendario|Hidden Power|p2a: Claydol
|-supereffective|p2a: Claydol
|-damage|p2a: Claydol|64/100
|
|-weather|Sandstorm|[upkeep]
|-damage|p1a: legendario|70/100|[from] Sandstorm
|-heal|p1a: legendario|76/100|[from] item: Leftovers
|-heal|p2a: Claydol|70/100|[from] item: Leftovers
|upkeep
|turn|22
|
|t:|1728405749
|move|p1a: legendario|Hidden Power|p2a: Claydol
|-supereffective|p2a: Claydol
|-damage|p2a: Claydol|32/100
|move|p2a: Claydol|Ice Beam|p1a: legendario
|-supereffective|p1a: legendario
|-damage|p1a: legendario|38/100
|
|-weather|Sandstorm|[upkeep]
|-damage|p1a: legendario|32/100|[from] Sandstorm
|-heal|p1a: legendario|38/100|[from] item: Leftovers
|-heal|p2a: Claydol|38/100|[from] item: Leftovers
|upkeep
|turn|23
|
|t:|1728405763
|switch|p1a: Epic|Forretress, M, shiny|90/100 par
|move|p2a: Claydol|Ice Beam|p1a: Epic
|-resisted|p1a: Epic
|-damage|p1a: Epic|82/100 par
|
|-weather|Sandstorm|[upkeep]
|-heal|p2a: Claydol|44/100|[from] item: Leftovers
|-heal|p1a: Epic|88/100 par|[from] item: Leftovers
|upkeep
|turn|24
|inactive|Team Constantin has 270 seconds left.
|inactive|swope has 240 seconds left.
|
|t:|1728405803
|switch|p1a: mohawk|Swampert, F|72/100
|move|p2a: Claydol|Rapid Spin|p1a: mohawk
|-crit|p1a: mohawk
|-damage|p1a: mohawk|65/100
|-sideend|p2: Team Constantin|Spikes|[from] move: Rapid Spin|[of] p2a: Claydol
|
|-weather|Sandstorm|[upkeep]
|-heal|p2a: Claydol|50/100|[from] item: Leftovers
|-heal|p1a: mohawk|71/100|[from] item: Leftovers
|upkeep
|turn|25
|inactive|swope has 240 seconds left.
|inactive|Team Constantin has 270 seconds left.
|
|t:|1728405814
|switch|p2a: Tyranitar|Tyranitar, M|7/100 brn
|move|p1a: mohawk|Ice Beam|p2a: Tyranitar
|-damage|p2a: Tyranitar|0 fnt
|faint|p2a: Tyranitar
|
|t:|1728405818
|switch|p2a: Suicune|Suicune|74/100
|
|-weather|Sandstorm|[upkeep]
|-damage|p2a: Suicune|67/100|[from] Sandstorm
|-heal|p2a: Suicune|74/100|[from] item: Leftovers
|-heal|p1a: mohawk|77/100|[from] item: Leftovers
|upkeep
|turn|26
|inactive|Team Constantin has 270 seconds left.
|
|t:|1728405853
|switch|p1a: defeated|Umbreon, F|100/100
|move|p2a: Suicune|Surf|p1a: defeated
|-crit|p1a: defeated
|-damage|p1a: defeated|48/100
|
|-weather|Sandstorm|[upkeep]
|-damage|p2a: Suicune|67/100|[from] Sandstorm
|-damage|p1a: defeated|42/100|[from] Sandstorm
|-heal|p2a: Suicune|74/100|[from] item: Leftovers
|-heal|p1a: defeated|48/100|[from] item: Leftovers
|upkeep
|turn|27
|
|t:|1728405863
|switch|p2a: Snorlax|Snorlax, F|40/100
|move|p1a: defeated|Wish|p1a: defeated
|
|-weather|Sandstorm|[upkeep]
|-damage|p1a: defeated|42/100|[from] Sandstorm
|-damage|p2a: Snorlax|34/100|[from] Sandstorm
|-heal|p1a: defeated|48/100|[from] item: Leftovers
|-heal|p2a: Snorlax|40/100|[from] item: Leftovers
|upkeep
|turn|28
|
|t:|1728405872
|move|p1a: defeated|Protect|p1a: defeated
|-singleturn|p1a: defeated|Protect
|move|p2a: Snorlax|Body Slam|p1a: defeated
|-activate|p1a: defeated|Protect
|
|-heal|p1a: defeated|98/100|[from] move: Wish|[wisher] defeated
|-weather|Sandstorm|[upkeep]
|-damage|p1a: defeated|92/100|[from] Sandstorm
|-damage|p2a: Snorlax|34/100|[from] Sandstorm
|-heal|p1a: defeated|98/100|[from] item: Leftovers
|-heal|p2a: Snorlax|40/100|[from] item: Leftovers
|upkeep
|turn|29
|
|t:|1728405883
|switch|p1a: Epic|Forretress, M, shiny|88/100 par
|move|p2a: Snorlax|Body Slam|p1a: Epic
|-resisted|p1a: Epic
|-damage|p1a: Epic|75/100 par
|
|-weather|Sandstorm|[upkeep]
|-damage|p2a: Snorlax|34/100|[from] Sandstorm
|-heal|p2a: Snorlax|40/100|[from] item: Leftovers
|-heal|p1a: Epic|81/100 par|[from] item: Leftovers
|upkeep
|turn|30
|
|t:|1728405894
|switch|p2a: Charizard|Charizard, M|100/100
|cant|p1a: Epic|par
|
|-weather|Sandstorm|[upkeep]
|-damage|p2a: Charizard|94/100|[from] Sandstorm
|-heal|p2a: Charizard|100/100|[from] item: Leftovers
|-heal|p1a: Epic|87/100 par|[from] item: Leftovers
|upkeep
|turn|31
|
|t:|1728405910
|switch|p1a: defeated|Umbreon, F|98/100
|move|p2a: Charizard|Fire Blast|p1a: defeated|[miss]
|-miss|p2a: Charizard|p1a: defeated
|
|-weather|Sandstorm|[upkeep]
|-damage|p2a: Charizard|94/100|[from] Sandstorm
|-damage|p1a: defeated|92/100|[from] Sandstorm
|-heal|p2a: Charizard|100/100|[from] item: Leftovers
|-heal|p1a: defeated|98/100|[from] item: Leftovers
|upkeep
|turn|32
|
|t:|1728405922
|-activate|p2a: Charizard|move: Pursuit
|move|p1a: defeated|Pursuit|p2a: Charizard|[from]Pursuit
|-damage|p2a: Charizard|67/100
|switch|p2a: Snorlax|Snorlax, F|40/100
|
|-weather|Sandstorm|[upkeep]
|-damage|p1a: defeated|92/100|[from] Sandstorm
|-damage|p2a: Snorlax|34/100|[from] Sandstorm
|-heal|p1a: defeated|98/100|[from] item: Leftovers
|-heal|p2a: Snorlax|40/100|[from] item: Leftovers
|upkeep
|turn|33
|
|t:|1728405933
|-singleturn|p2a: Snorlax|move: Focus Punch
|move|p1a: defeated|Protect|p1a: defeated
|-singleturn|p1a: defeated|Protect
|move|p2a: Snorlax|Focus Punch|p1a: defeated
|-activate|p1a: defeated|Protect
|
|-weather|Sandstorm|[upkeep]
|-damage|p1a: defeated|92/100|[from] Sandstorm
|-damage|p2a: Snorlax|34/100|[from] Sandstorm
|-heal|p1a: defeated|98/100|[from] item: Leftovers
|-heal|p2a: Snorlax|40/100|[from] item: Leftovers
|upkeep
|turn|34
|
|t:|1728405950
|switch|p1a: Epic|Forretress, M, shiny|87/100 par
|move|p2a: Snorlax|Body Slam|p1a: Epic
|-resisted|p1a: Epic
|-damage|p1a: Epic|71/100 par
|
|-weather|Sandstorm|[upkeep]
|-damage|p2a: Snorlax|34/100|[from] Sandstorm
|-heal|p2a: Snorlax|40/100|[from] item: Leftovers
|-heal|p1a: Epic|77/100 par|[from] item: Leftovers
|upkeep
|turn|35
|inactive|swope has 240 seconds left.
|
|t:|1728405971
|switch|p2a: Suicune|Suicune|74/100
|switch|p1a: dd tar|Tyranitar, F|100/100
|
|-weather|Sandstorm|[upkeep]
|-damage|p2a: Suicune|67/100|[from] Sandstorm
|-heal|p2a: Suicune|74/100|[from] item: Leftovers
|upkeep
|turn|36
|inactive|swope has 240 seconds left.
|
|t:|1728405991
|move|p2a: Suicune|Surf|p1a: dd tar
|-supereffective|p1a: dd tar
|-damage|p1a: dd tar|24/100
|move|p1a: dd tar|Rock Slide|p2a: Suicune
|-damage|p2a: Suicune|25/100
|
|-weather|Sandstorm|[upkeep]
|-damage|p2a: Suicune|19/100|[from] Sandstorm
|-heal|p2a: Suicune|25/100|[from] item: Leftovers
|upkeep
|turn|37
|inactive|swope has 240 seconds left.
|
|t:|1728406000
|switch|p1a: defeated|Umbreon, F|98/100
|move|p2a: Suicune|Surf|p1a: defeated
|-damage|p1a: defeated|71/100
|
|-weather|Sandstorm|[upkeep]
|-damage|p2a: Suicune|19/100|[from] Sandstorm
|-damage|p1a: defeated|65/100|[from] Sandstorm
|-heal|p2a: Suicune|25/100|[from] item: Leftovers
|-heal|p1a: defeated|71/100|[from] item: Leftovers
|upkeep
|turn|38
|
|t:|1728406013
|move|p2a: Suicune|Calm Mind|p2a: Suicune
|-boost|p2a: Suicune|spa|1
|-boost|p2a: Suicune|spd|1
|move|p1a: defeated|Pursuit|p2a: Suicune
|-damage|p2a: Suicune|19/100
|
|-weather|Sandstorm|[upkeep]
|-damage|p2a: Suicune|13/100|[from] Sandstorm
|-damage|p1a: defeated|65/100|[from] Sandstorm
|-heal|p2a: Suicune|19/100|[from] item: Leftovers
|-heal|p1a: defeated|71/100|[from] item: Leftovers
|upkeep
|turn|39
|
|t:|1728406023
|move|p2a: Suicune|Surf|p1a: defeated
|-damage|p1a: defeated|34/100
|move|p1a: defeated|Toxic|p2a: Suicune
|-status|p2a: Suicune|tox
|
|-weather|Sandstorm|[upkeep]
|-damage|p2a: Suicune|13/100 tox|[from] Sandstorm
|-damage|p1a: defeated|28/100|[from] Sandstorm
|-heal|p2a: Suicune|19/100 tox|[from] item: Leftovers
|-damage|p2a: Suicune|13/100 tox|[from] psn
|-heal|p1a: defeated|34/100|[from] item: Leftovers
|upkeep
|turn|40
|inactive|swope has 240 seconds left.
|
|t:|1728406039
|move|p1a: defeated|Protect|p1a: defeated
|-singleturn|p1a: defeated|Protect
|move|p2a: Suicune|Rest|p2a: Suicune
|-status|p2a: Suicune|slp|[from] move: Rest
|-heal|p2a: Suicune|100/100 slp|[silent]
|
|-weather|Sandstorm|[upkeep]
|-damage|p2a: Suicune|94/100 slp|[from] Sandstorm
|-damage|p1a: defeated|28/100|[from] Sandstorm
|-heal|p2a: Suicune|100/100 slp|[from] item: Leftovers
|-heal|p1a: defeated|34/100|[from] item: Leftovers
|upkeep
|turn|41
|inactive|swope has 240 seconds left.
|
|t:|1728406051
|switch|p1a: legendario|Zapdos|38/100
|cant|p2a: Suicune|slp
|move|p2a: Suicune|Sleep Talk|p2a: Suicune
|move|p2a: Suicune|Calm Mind|p2a: Suicune|[from]Sleep Talk
|-boost|p2a: Suicune|spa|1
|-boost|p2a: Suicune|spd|1
|
|-weather|Sandstorm|[upkeep]
|-damage|p1a: legendario|32/100|[from] Sandstorm
|-damage|p2a: Suicune|94/100 slp|[from] Sandstorm
|-heal|p1a: legendario|38/100|[from] item: Leftovers
|-heal|p2a: Suicune|100/100 slp|[from] item: Leftovers
|upkeep
|turn|42
|inactive|swope has 240 seconds left.
|
|t:|1728406065
|cant|p2a: Suicune|slp
|move|p2a: Suicune|Sleep Talk|p2a: Suicune
|move|p2a: Suicune|Calm Mind|p2a: Suicune|[from]Sleep Talk
|-boost|p2a: Suicune|spa|1
|-boost|p2a: Suicune|spd|1
|move|p1a: legendario|Roar|p2a: Suicune
|drag|p2a: Claydol|Claydol|50/100
|
|-weather|Sandstorm|[upkeep]
|-damage|p1a: legendario|32/100|[from] Sandstorm
|-heal|p1a: legendario|38/100|[from] item: Leftovers
|-heal|p2a: Claydol|56/100|[from] item: Leftovers
|upkeep
|turn|43
|inactive|swope has 240 seconds left.
|
|t:|1728406084
|move|p1a: legendario|Rest|p1a: legendario
|-status|p1a: legendario|slp|[from] move: Rest
|-heal|p1a: legendario|100/100 slp|[silent]
|move|p2a: Claydol|Ice Beam|p1a: legendario
|-supereffective|p1a: legendario
|-damage|p1a: legendario|76/100 slp
|
|-weather|Sandstorm|[upkeep]
|-damage|p1a: legendario|70/100 slp|[from] Sandstorm
|-heal|p1a: legendario|76/100 slp|[from] item: Leftovers
|-heal|p2a: Claydol|63/100|[from] item: Leftovers
|upkeep
|turn|44
|inactive|swope has 240 seconds left.
|
|t:|1728406102
|switch|p1a: mohawk|Swampert, F|77/100
|switch|p2a: Charizard|Charizard, M|67/100
|
|-weather|Sandstorm|[upkeep]
|-damage|p2a: Charizard|61/100|[from] Sandstorm
|-heal|p2a: Charizard|67/100|[from] item: Leftovers
|-heal|p1a: mohawk|83/100|[from] item: Leftovers
|upkeep
|turn|45
|
|t:|1728406132
|move|p2a: Charizard|Hidden Power|p1a: mohawk
|-supereffective|p1a: mohawk
|-damage|p1a: mohawk|9/100
|move|p1a: mohawk|Hydro Pump|p2a: Charizard
|-supereffective|p2a: Charizard
|-damage|p2a: Charizard|0 fnt
|faint|p2a: Charizard
|
|t:|1728406148
|switch|p2a: Metagross|Metagross|100/100
|
|-weather|Sandstorm|[upkeep]
|-heal|p1a: mohawk|16/100|[from] item: Leftovers
|upkeep
|turn|46
|
|t:|1728406153
|move|p1a: mohawk|Protect|p1a: mohawk
|-singleturn|p1a: mohawk|Protect
|move|p2a: Metagross|Earthquake|p1a: mohawk
|-activate|p1a: mohawk|Protect
|
|-weather|Sandstorm|[upkeep]
|-heal|p1a: mohawk|22/100|[from] item: Leftovers
|upkeep
|turn|47
|
|t:|1728406162
|switch|p1a: Epic|Forretress, M, shiny|77/100 par
|move|p2a: Metagross|Earthquake|p1a: Epic
|-damage|p1a: Epic|53/100 par
|
|-weather|Sandstorm|[upkeep]
|-heal|p1a: Epic|59/100 par|[from] item: Leftovers
|upkeep
|turn|48
|inactive|swope has 240 seconds left.
|
|t:|1728406173
|move|p2a: Metagross|Meteor Mash|p1a: Epic
|-resisted|p1a: Epic
|-damage|p1a: Epic|40/100 par
|cant|p1a: Epic|par
|
|-weather|Sandstorm|[upkeep]
|-heal|p1a: Epic|47/100 par|[from] item: Leftovers
|upkeep
|turn|49
|inactive|swope has 240 seconds left.
|
|t:|1728406188
|move|p2a: Metagross|Meteor Mash|p1a: Epic|[miss]
|-miss|p2a: Metagross|p1a: Epic
|move|p1a: Epic|Earthquake|p2a: Metagross
|-supereffective|p2a: Metagross
|-damage|p2a: Metagross|72/100
|
|-weather|Sandstorm|[upkeep]
|-heal|p2a: Metagross|78/100|[from] item: Leftovers
|-heal|p1a: Epic|53/100 par|[from] item: Leftovers
|upkeep
|turn|50
|
|t:|1728406214
|move|p2a: Metagross|Earthquake|p1a: Epic
|-damage|p1a: Epic|28/100 par
|move|p1a: Epic|Earthquake|p2a: Metagross
|-supereffective|p2a: Metagross
|-damage|p2a: Metagross|50/100
|
|-weather|Sandstorm|[upkeep]
|-heal|p2a: Metagross|56/100|[from] item: Leftovers
|-heal|p1a: Epic|34/100 par|[from] item: Leftovers
|upkeep
|turn|51
|
|t:|1728406223
|move|p2a: Metagross|Earthquake|p1a: Epic
|-damage|p1a: Epic|9/100 par
|cant|p1a: Epic|par
|
|-weather|Sandstorm|[upkeep]
|-heal|p2a: Metagross|62/100|[from] item: Leftovers
|-heal|p1a: Epic|15/100 par|[from] item: Leftovers
|upkeep
|turn|52
|
|t:|1728406235
|switch|p1a: legendario|Zapdos|76/100 slp
|move|p2a: Metagross|Earthquake|p1a: legendario
|-immune|p1a: legendario
|
|-weather|Sandstorm|[upkeep]
|-damage|p1a: legendario|70/100 slp|[from] Sandstorm
|-heal|p1a: legendario|76/100 slp|[from] item: Leftovers
|-heal|p2a: Metagross|68/100|[from] item: Leftovers
|upkeep
|turn|53
|
|t:|1728406251
|switch|p1a: Epic|Forretress, M, shiny|15/100 par
|move|p2a: Metagross|Explosion|p1a: Epic
|-resisted|p1a: Epic
|-damage|p1a: Epic|0 fnt
|faint|p2a: Metagross
|faint|p1a: Epic
|
|t:|1728406266
|switch|p2a: Snorlax|Snorlax, F|40/100
|switch|p1a: legendario|Zapdos|76/100 slp
|
|-weather|Sandstorm|[upkeep]
|-damage|p1a: legendario|70/100 slp|[from] Sandstorm
|-damage|p2a: Snorlax|34/100|[from] Sandstorm
|-heal|p1a: legendario|76/100 slp|[from] item: Leftovers
|-heal|p2a: Snorlax|40/100|[from] item: Leftovers
|upkeep
|turn|54
|
|t:|1728406276
|switch|p1a: mohawk|Swampert, F|22/100
|move|p2a: Snorlax|Body Slam|p1a: mohawk
|-damage|p1a: mohawk|0 fnt
|faint|p1a: mohawk
|
|t:|1728406282
|switch|p1a: dd tar|Tyranitar, F|24/100
|
|-weather|Sandstorm|[upkeep]
|-damage|p2a: Snorlax|34/100|[from] Sandstorm
|-heal|p2a: Snorlax|40/100|[from] item: Leftovers
|upkeep
|turn|55
|inactive|Team Constantin has 270 seconds left.
|
|t:|1728406329
|move|p1a: dd tar|Rock Slide|p2a: Snorlax
|-damage|p2a: Snorlax|0 fnt
|faint|p2a: Snorlax
|
|t:|1728406332
|switch|p2a: Claydol|Claydol|63/100
|
|-weather|Sandstorm|[upkeep]
|-heal|p2a: Claydol|69/100|[from] item: Leftovers
|upkeep
|turn|56
|inactive|Team Constantin has 270 seconds left.
|
|t:|1728406356
|switch|p1a: defeated|Umbreon, F|34/100
|move|p2a: Claydol|Ice Beam|p1a: defeated
|-damage|p1a: defeated|24/100
|
|-weather|Sandstorm|[upkeep]
|-damage|p1a: defeated|18/100|[from] Sandstorm
|-heal|p2a: Claydol|75/100|[from] item: Leftovers
|-heal|p1a: defeated|24/100|[from] item: Leftovers
|upkeep
|turn|57
|
|t:|1728406369
|move|p2a: Claydol|Earthquake|p1a: defeated
|-damage|p1a: defeated|0 fnt
|faint|p1a: defeated
|inactive|swope has 210 seconds left.
|
|t:|1728406388
|switch|p1a: dd tar|Tyranitar, F|24/100
|
|-weather|Sandstorm|[upkeep]
|-heal|p2a: Claydol|81/100|[from] item: Leftovers
|upkeep
|turn|58
|inactive|swope has 210 seconds left.
|
|t:|1728406396
|move|p1a: dd tar|Hidden Power|p2a: Claydol
|-supereffective|p2a: Claydol
|-damage|p2a: Claydol|3/100
|move|p2a: Claydol|Earthquake|p1a: dd tar
|-supereffective|p1a: dd tar
|-damage|p1a: dd tar|0 fnt
|faint|p1a: dd tar
|inactive|swope has 210 seconds left.
|
|t:|1728406403
|switch|p1a: legendario|Zapdos|76/100 slp
|
|-weather|Sandstorm|[upkeep]
|-damage|p1a: legendario|70/100 slp|[from] Sandstorm
|-heal|p1a: legendario|76/100 slp|[from] item: Leftovers
|-heal|p2a: Claydol|9/100|[from] item: Leftovers
|upkeep
|turn|59
|
|t:|1728406413
|cant|p1a: legendario|slp
|move|p2a: Claydol|Explosion|p1a: legendario
|-damage|p1a: legendario|0 fnt
|faint|p2a: Claydol
|faint|p1a: legendario
|
|win|Team Constantin
|c|☆Team Constantin|ggs

</script>
<script type="application/json" class="data" id="replaydata-smogtours-gen3ou-796392">
{"id":"smogtours-gen3ou-796392","format":"[Gen 3] OU","players":["swope","Team Constantin"],"uploadtime":1728406413,"views":98,"formatid":"gen3ou","rating":null,"private":0,"password":null}
</script>

<script defer src="js/replays.js?9d40a366"></script>
