<!DOCTYPE html>
<meta charset="utf-8" />
<meta name="viewport" content="width=device-width" />

<title>[Gen 3] OU: tub69 vs. busyboi - Replays - Pok&eacute;mon Showdown!</title>

<meta name="description" content="Watch a replay of a Pok&eacute;mon battle between tub69 and busyboi! Format: [Gen 3] OU; Date: Oct 17, 2024" />
<!--

Hey, you! Looking in the source for the replay log?

You can find them in JSON format, just add `.json` at the end of a replay URL.

https://replay.pokemonshowdown.com/gen7randomdoublesbattle-865046831.json

Or, if you only need the log itself, add `.log` instead:

https://replay.pokemonshowdown.com/gen7randomdoublesbattle-865046831.log

-->

<link rel="stylesheet" href="//pokemonshowdown.com/style/global.css?0.023195364461161105" />
<link rel="stylesheet" href="//play.pokemonshowdown.com/style/font-awesome.css?0.13261647063804238" />
<link rel="stylesheet" href="//play.pokemonshowdown.com/style/battle.css?0.8753245789963631" />
<link rel="stylesheet" href="//play.pokemonshowdown.com/style/utilichart.css?0.8627959624976733" />

<!-- Global site tag (gtag.js) - Google Analytics -->
<script async src="https://www.googletagmanager.com/gtag/js?id=UA-26211653-1"></script>
<script>
  window.dataLayer = window.dataLayer || [];
  function gtag(){dataLayer.push(arguments);}
  gtag('js', new Date());

  gtag('config', 'UA-26211653-1');
</script>
<!-- End Google Analytics -->
<!-- Venatus Ad Manager - Install in <HEAD> of page -->
	<script src="https://hb.vntsm.com/v3/live/ad-manager.min.js" type="text/javascript" data-site-id="642aba63ec9a7b11c3c9c1be" data-mode="scan" async></script>
<!-- / Venatus Ad Manager -->

<style>
	@media (max-width:820px) {
		.battle {
			margin: 0 auto;
		}
		.battle-log {
			margin: 7px auto 0;
			max-width: 640px;
			height: 300px;
			position: static;
		}
	}
	.optgroup {
		display: inline-block;
		line-height: 22px;
		font-size: 10pt;
	}
	.optgroup .button {
		height: 25px;
		padding-top: 0;
		padding-bottom: 0;
	}
	.optgroup button.button {
		padding-left: 12px;
		padding-right: 12px;
	}
	.linklist {
		list-style: none;
		margin: 0.5em 0;
		padding: 0;
	}
	.linklist li {
		padding: 2px 0;
	}
	.sidebar {
		float: left;
		width: 320px;
	}
	.bar-wrapper {
		max-width: 1100px;
		margin: 0 auto;
	}
	.bar-wrapper.has-sidebar {
		max-width: 1430px;
	}
	.mainbar {
		margin: 0;
		padding-right: 1px;
	}
	.mainbar.has-sidebar {
		margin-left: 330px;
	}
	@media (min-width: 1511px) {
		.sidebar {
			width: 400px;
		}
		.bar-wrapper.has-sidebar {
			max-width: 1510px;
		}
		.mainbar.has-sidebar {
			margin-left: 410px;
		}
	}
	.section.first-section {
		margin-top: 9px;
	}
	.blocklink small {
		white-space: normal;
	}
	.button {
		vertical-align: middle;
	}
	.replay-controls {
		padding-top: 10px;
	}
	.replay-controls h1 {
		font-size: 16pt;
		font-weight: normal;
		color: #CCC;
	}
	.pagelink {
		text-align: center;
	}
	.pagelink a {
		width: 150px;
	}
	.textbox, .button {
		font-size: 11pt;
		vertical-align: middle;
	}
	@media (max-width: 450px) {
		.button {
			font-size: 9pt;
		}
	}
</style>

<div>

	<header>
		<div class="nav-wrapper"><ul class="nav">
			<li><a class="button nav-first" href="//pokemonshowdown.com/"><img src="//pokemonshowdown.com/images/pokemonshowdownbeta.png" srcset="//pokemonshowdown.com/images/pokemonshowdownbeta.png 1x, //pokemonshowdown.com/images/pokemonshowdownbeta@2x.png 2x" alt="Pok&eacute;mon Showdown" width="146" height="44" /> Home</a></li>
			<li><a class="button" href="//pokemonshowdown.com/dex/">Pok&eacute;dex</a></li>
			<li><a class="button cur" href="/">Replays</a></li>
			<li><a class="button" href="//pokemonshowdown.com/ladder/">Ladder</a></li>
			<li><a class="button nav-last" href="//pokemonshowdown.com/forums/">Forum</a></li>
			<li><a class="button greenbutton nav-first nav-last" href="//play.pokemonshowdown.com/">Play</a></li>
		</ul></div>
	</header>

	<div class="main" id="main">

		<noscript><section class="section">You need to enable JavaScript to use this page; sorry!</section></noscript>

	</div>

</div>

<script defer nomodule src="//play.pokemonshowdown.com/js/lib/ps-polyfill.js"></script>
<script defer src="//play.pokemonshowdown.com/js/lib/preact.min.js"></script>

<script defer src="//play.pokemonshowdown.com/config/config.js?2bddbc15"></script>
<script defer src="//play.pokemonshowdown.com/js/lib/jquery-1.11.0.min.js"></script>
<script defer src="//play.pokemonshowdown.com/js/lib/html-sanitizer-minified.js"></script>
<script defer src="//play.pokemonshowdown.com/js/battle-sound.js"></script>
<script defer src="//play.pokemonshowdown.com/js/battledata.js?0.7209276989879541"></script>
<script defer src="//play.pokemonshowdown.com/data/pokedex-mini.js?0.6111056340867951"></script>
<script defer src="//play.pokemonshowdown.com/data/pokedex-mini-bw.js?0.3532142036491459"></script>
<script defer src="//play.pokemonshowdown.com/data/graphics.js?0.24223875632456182"></script>
<script defer src="//play.pokemonshowdown.com/data/pokedex.js?0.38839984266356864"></script>
<script defer src="//play.pokemonshowdown.com/data/moves.js?0.21866028504024015"></script>
<script defer src="//play.pokemonshowdown.com/data/abilities.js?0.2005157953846628"></script>
<script defer src="//play.pokemonshowdown.com/data/items.js?0.9894211263848525"></script>
<script defer src="//play.pokemonshowdown.com/data/teambuilder-tables.js?0.6008791140282215"></script>
<script defer src="//play.pokemonshowdown.com/js/battle-tooltips.js?0.7580118955022959"></script>
<script defer src="//play.pokemonshowdown.com/js/battle.js?0.6057722274234274"></script>

<script defer src="js/utils.js?e31f9a17"></script>
<script defer src="js/replays-battle.js?7008c182"></script>

<!-- don't scrape this data! just add .json or .log after the URL!
Full API docs: https://github.com/smogon/pokemon-showdown-client/blob/master/WEB-API.md -->
<script type="text/plain" class="log" id="replaylog-smogtours-gen3ou-799273">
|inactive|Battle timer is ON: inactive players will automatically lose when time's up.
|t:|1729177709
|gametype|singles
|player|p1|tub69|169|
|player|p2|busyboi|266|
|teamsize|p1|6
|teamsize|p2|6
|gen|3
|tier|[Gen 3] OU
|rule|Sleep Clause Mod: Limit one foe put to sleep
|rule|Switch Priority Clause Mod: Faster Pokémon switch first
|rule|Species Clause: Limit one of each Pokémon
|rule|OHKO Clause: OHKO moves are banned
|rule|Evasion Items Clause: Evasion items are banned
|rule|Evasion Moves Clause: Evasion moves are banned
|rule|Endless Battle Clause: Forcing endless battles is banned
|rule|HP Percentage Mod: HP is shown in percentages
|rule|One Boost Passer Clause: Limit one Baton Passer that has a way to boost its stats
|rule|Freeze Clause Mod: Limit one foe frozen
|
|t:|1729177709
|start
|switch|p1a: Hariyama|Hariyama, M|100/100
|switch|p2a: Salamence|Salamence, F|100/100
|-ability|p2a: Salamence|Intimidate|boost
|-unboost|p1a: Hariyama|atk|1
|turn|1
|
|t:|1729177718
|switch|p2a: Skarmory|Skarmory, M|100/100
|move|p1a: Hariyama|Counter|p2a: Skarmory
|
|upkeep
|turn|2
|
|t:|1729177724
|switch|p1a: Zapdos|Zapdos|100/100
|move|p2a: Skarmory|Spikes|p1a: Zapdos
|-sidestart|p1: tub69|Spikes
|
|upkeep
|turn|3
|
|t:|1729177731
|switch|p2a: Swampert|Swampert, M|100/100
|move|p1a: Zapdos|Substitute|p1a: Zapdos
|-start|p1a: Zapdos|Substitute
|-damage|p1a: Zapdos|76/100
|
|-heal|p1a: Zapdos|82/100|[from] item: Leftovers
|upkeep
|turn|4
|
|t:|1729177735
|move|p1a: Zapdos|Baton Pass|p1a: Zapdos
|
|t:|1729177749
|switch|p1a: Milotic|Milotic, M|100/100|[from] Baton Pass
|-damage|p1a: Milotic|88/100|[from] Spikes
|move|p2a: Swampert|Ice Beam|p1a: Milotic
|-resisted|p1a: Milotic
|-activate|p1a: Milotic|Substitute|[damage]
|
|-heal|p1a: Milotic|94/100|[from] item: Leftovers
|upkeep
|turn|5
|
|t:|1729177756
|switch|p2a: Skarmory|Skarmory, M|100/100
|move|p1a: Milotic|Surf|p2a: Skarmory
|-damage|p2a: Skarmory|72/100
|
|-heal|p1a: Milotic|99/100|[from] item: Leftovers
|-heal|p2a: Skarmory|78/100|[from] item: Leftovers
|upkeep
|turn|6
|
|t:|1729177763
|switch|p1a: Jolteon|Jolteon, M|100/100
|-damage|p1a: Jolteon|88/100|[from] Spikes
|move|p2a: Skarmory|Spikes|p1a: Jolteon
|-sidestart|p1: tub69|Spikes
|
|-heal|p1a: Jolteon|94/100|[from] item: Leftovers
|-heal|p2a: Skarmory|84/100|[from] item: Leftovers
|upkeep
|turn|7
|
|t:|1729177771
|switch|p2a: Celebi|Celebi|100/100
|move|p1a: Jolteon|Thunder|p2a: Celebi|[miss]
|-miss|p1a: Jolteon|p2a: Celebi
|
|-heal|p1a: Jolteon|100/100|[from] item: Leftovers
|upkeep
|turn|8
|
|t:|1729177780
|move|p1a: Jolteon|Hidden Power|p2a: Celebi
|-supereffective|p2a: Celebi
|-damage|p2a: Celebi|64/100
|move|p2a: Celebi|Leech Seed|p1a: Jolteon
|-start|p1a: Jolteon|move: Leech Seed
|
|-damage|p1a: Jolteon|88/100|[from] Leech Seed|[of] p2a: Celebi
|-heal|p2a: Celebi|74/100|[silent]
|-heal|p2a: Celebi|80/100|[from] item: Leftovers
|upkeep
|turn|9
|
|t:|1729177789
|move|p1a: Jolteon|Hidden Power|p2a: Celebi
|-supereffective|p2a: Celebi
|-damage|p2a: Celebi|44/100
|move|p2a: Celebi|Psychic|p1a: Jolteon
|-damage|p1a: Jolteon|46/100
|
|-heal|p1a: Jolteon|52/100|[from] item: Leftovers
|-damage|p1a: Jolteon|40/100|[from] Leech Seed|[of] p2a: Celebi
|-heal|p2a: Celebi|55/100|[silent]
|-heal|p2a: Celebi|61/100|[from] item: Leftovers
|upkeep
|turn|10
|
|t:|1729177804
|switch|p1a: Dugtrio|Dugtrio, M|100/100
|-damage|p1a: Dugtrio|84/100|[from] Spikes
|switch|p2a: Swampert|Swampert, M|100/100
|
|upkeep
|turn|11
|
|t:|1729177817
|switch|p1a: Milotic|Milotic, M|99/100
|-damage|p1a: Milotic|84/100|[from] Spikes
|move|p2a: Swampert|Curse|p2a: Swampert
|-unboost|p2a: Swampert|spe|1
|-boost|p2a: Swampert|atk|1
|-boost|p2a: Swampert|def|1
|
|-heal|p1a: Milotic|90/100|[from] item: Leftovers
|upkeep
|turn|12
|
|t:|1729177822
|move|p1a: Milotic|Toxic|p2a: Swampert
|-status|p2a: Swampert|tox
|move|p2a: Swampert|Earthquake|p1a: Milotic
|-damage|p1a: Milotic|27/100
|
|-heal|p1a: Milotic|33/100|[from] item: Leftovers
|-damage|p2a: Swampert|94/100 tox|[from] psn
|upkeep
|turn|13
|
|t:|1729177829
|switch|p2a: Skarmory|Skarmory, M|84/100
|move|p1a: Milotic|Recover|p1a: Milotic
|-heal|p1a: Milotic|83/100
|
|-heal|p1a: Milotic|90/100|[from] item: Leftovers
|-heal|p2a: Skarmory|90/100|[from] item: Leftovers
|upkeep
|turn|14
|
|t:|1729177834
|switch|p1a: Hariyama|Hariyama, M|100/100
|-damage|p1a: Hariyama|84/100|[from] Spikes
|move|p2a: Skarmory|Spikes|p1a: Hariyama
|-sidestart|p1: tub69|Spikes
|
|-heal|p2a: Skarmory|96/100|[from] item: Leftovers
|-heal|p1a: Hariyama|90/100|[from] item: Leftovers
|upkeep
|turn|15
|
|t:|1729177841
|move|p2a: Skarmory|Drill Peck|p1a: Hariyama
|-supereffective|p1a: Hariyama
|-damage|p1a: Hariyama|46/100
|move|p1a: Hariyama|Knock Off|p2a: Skarmory
|-resisted|p2a: Skarmory
|-damage|p2a: Skarmory|95/100
|-enditem|p2a: Skarmory|Leftovers|[from] move: Knock Off|[of] p1a: Hariyama
|-hint|In Gens 3-4, Knock Off only makes the target's item unusable; it cannot obtain a new item.
|
|-heal|p1a: Hariyama|52/100|[from] item: Leftovers
|upkeep
|turn|16
|inactive|tub69 has 270 seconds left.
|
|t:|1729177872
|switch|p1a: Zapdos|Zapdos|82/100
|move|p2a: Skarmory|Roar|p1a: Zapdos
|drag|p1a: Hariyama|Hariyama, M|52/100
|-damage|p1a: Hariyama|27/100|[from] Spikes
|
|-heal|p1a: Hariyama|33/100|[from] item: Leftovers
|upkeep
|turn|17
|inactive|tub69 has 270 seconds left.
|
|t:|1729177887
|move|p1a: Hariyama|Cross Chop|p2a: Skarmory
|-damage|p2a: Skarmory|58/100
|move|p2a: Skarmory|Roar|p1a: Hariyama
|drag|p1a: Kingdra|Kingdra, F|100/100
|-damage|p1a: Kingdra|76/100|[from] Spikes
|
|upkeep
|turn|18
|
|t:|1729177895
|move|p1a: Kingdra|Hidden Power|p2a: Skarmory
|-supereffective|p2a: Skarmory
|-damage|p2a: Skarmory|18/100
|move|p2a: Skarmory|Toxic|p1a: Kingdra
|-status|p1a: Kingdra|tox
|-enditem|p1a: Kingdra|Lum Berry|[eat]
|-curestatus|p1a: Kingdra|tox|[msg]
|
|upkeep
|turn|19
|
|t:|1729177905
|switch|p2a: Tyranitar|Tyranitar, M|100/100
|-weather|Sandstorm|[from] ability: Sand Stream|[of] p2a: Tyranitar
|move|p1a: Kingdra|Rain Dance|p1a: Kingdra
|-weather|RainDance
|
|-weather|RainDance|[upkeep]
|upkeep
|turn|20
|inactive|tub69 has 270 seconds left.
|
|t:|1729177933
|switch|p2a: Celebi|Celebi|61/100
|move|p1a: Kingdra|Surf|p2a: Celebi
|-resisted|p2a: Celebi
|-damage|p2a: Celebi|34/100
|
|-weather|RainDance|[upkeep]
|-heal|p2a: Celebi|40/100|[from] item: Leftovers
|upkeep
|turn|21
|
|t:|1729177938
|switch|p2a: Tyranitar|Tyranitar, M|100/100
|-weather|Sandstorm|[from] ability: Sand Stream|[of] p2a: Tyranitar
|move|p1a: Kingdra|Ice Beam|p2a: Tyranitar
|-damage|p2a: Tyranitar|76/100
|
|-weather|Sandstorm|[upkeep]
|-damage|p1a: Kingdra|70/100|[from] Sandstorm
|-heal|p2a: Tyranitar|82/100|[from] item: Leftovers
|upkeep
|turn|22
|inactive|tub69 has 270 seconds left.
|
|t:|1729177961
|switch|p2a: Swampert|Swampert, M|94/100 tox
|move|p1a: Kingdra|Surf|p2a: Swampert
|-damage|p2a: Swampert|54/100 tox
|
|-weather|Sandstorm|[upkeep]
|-damage|p1a: Kingdra|64/100|[from] Sandstorm
|-heal|p2a: Swampert|61/100 tox|[from] item: Leftovers
|-damage|p2a: Swampert|54/100 tox|[from] psn
|upkeep
|turn|23
|inactive|tub69 has 270 seconds left.
|
|t:|1729177972
|switch|p1a: Hariyama|Hariyama, M|33/100
|-damage|p1a: Hariyama|8/100|[from] Spikes
|move|p2a: Swampert|Earthquake|p1a: Hariyama
|-damage|p1a: Hariyama|0 fnt
|faint|p1a: Hariyama
|
|t:|1729177982
|switch|p1a: Milotic|Milotic, M|90/100
|-damage|p1a: Milotic|65/100|[from] Spikes
|
|-weather|Sandstorm|[upkeep]
|-damage|p1a: Milotic|59/100|[from] Sandstorm
|-heal|p1a: Milotic|65/100|[from] item: Leftovers
|-heal|p2a: Swampert|61/100 tox|[from] item: Leftovers
|-damage|p2a: Swampert|48/100 tox|[from] psn
|upkeep
|turn|24
|inactive|tub69 has 270 seconds left.
|
|t:|1729177991
|switch|p1a: Zapdos|Zapdos|82/100
|switch|p2a: Celebi|Celebi|40/100
|
|-weather|Sandstorm|[upkeep]
|-damage|p2a: Celebi|34/100|[from] Sandstorm
|-damage|p1a: Zapdos|76/100|[from] Sandstorm
|-heal|p2a: Celebi|40/100|[from] item: Leftovers
|-heal|p1a: Zapdos|82/100|[from] item: Leftovers
|upkeep
|turn|25
|
|t:|1729178004
|switch|p2a: Skarmory|Skarmory, M|18/100
|move|p1a: Zapdos|Thunder Wave|p2a: Skarmory
|-status|p2a: Skarmory|par
|
|-weather|Sandstorm|[upkeep]
|-damage|p1a: Zapdos|76/100|[from] Sandstorm
|-heal|p1a: Zapdos|82/100|[from] item: Leftovers
|upkeep
|turn|26
|
|t:|1729178009
|move|p1a: Zapdos|Thunderbolt|p2a: Skarmory
|-supereffective|p2a: Skarmory
|-damage|p2a: Skarmory|0 fnt
|faint|p2a: Skarmory
|
|t:|1729178016
|switch|p2a: Aerodactyl|Aerodactyl, M|100/100
|
|-weather|Sandstorm|[upkeep]
|-damage|p1a: Zapdos|76/100|[from] Sandstorm
|-heal|p1a: Zapdos|82/100|[from] item: Leftovers
|upkeep
|turn|27
|
|t:|1729178029
|move|p2a: Aerodactyl|Rock Slide|p1a: Zapdos
|-supereffective|p1a: Zapdos
|-damage|p1a: Zapdos|0 fnt
|faint|p1a: Zapdos
|
|t:|1729178038
|switch|p1a: Milotic|Milotic, M|65/100
|-damage|p1a: Milotic|40/100|[from] Spikes
|
|-weather|Sandstorm|[upkeep]
|-damage|p1a: Milotic|34/100|[from] Sandstorm
|-heal|p1a: Milotic|40/100|[from] item: Leftovers
|upkeep
|turn|28
|
|t:|1729178050
|switch|p2a: Swampert|Swampert, M|48/100 tox
|move|p1a: Milotic|Recover|p1a: Milotic
|-heal|p1a: Milotic|90/100
|
|-weather|Sandstorm|[upkeep]
|-damage|p1a: Milotic|84/100|[from] Sandstorm
|-heal|p1a: Milotic|90/100|[from] item: Leftovers
|-heal|p2a: Swampert|54/100 tox|[from] item: Leftovers
|-damage|p2a: Swampert|48/100 tox|[from] psn
|upkeep
|turn|29
|
|t:|1729178059
|move|p1a: Milotic|Surf|p2a: Swampert
|-damage|p2a: Swampert|20/100 tox
|move|p2a: Swampert|Earthquake|p1a: Milotic
|-damage|p1a: Milotic|47/100
|
|-weather|Sandstorm|[upkeep]
|-damage|p1a: Milotic|41/100|[from] Sandstorm
|-heal|p1a: Milotic|47/100|[from] item: Leftovers
|-heal|p2a: Swampert|26/100 tox|[from] item: Leftovers
|-damage|p2a: Swampert|14/100 tox|[from] psn
|upkeep
|turn|30
|
|t:|1729178064
|switch|p2a: Celebi|Celebi|40/100
|move|p1a: Milotic|Recover|p1a: Milotic
|-heal|p1a: Milotic|97/100
|
|-weather|Sandstorm|[upkeep]
|-damage|p2a: Celebi|34/100|[from] Sandstorm
|-damage|p1a: Milotic|91/100|[from] Sandstorm
|-heal|p2a: Celebi|40/100|[from] item: Leftovers
|-heal|p1a: Milotic|97/100|[from] item: Leftovers
|upkeep
|turn|31
|
|t:|1729178068
|move|p2a: Celebi|Leech Seed|p1a: Milotic
|-start|p1a: Milotic|move: Leech Seed
|move|p1a: Milotic|Toxic|p2a: Celebi
|-status|p2a: Celebi|tox
|
|-weather|Sandstorm|[upkeep]
|-damage|p2a: Celebi|34/100 tox|[from] Sandstorm
|-damage|p1a: Milotic|91/100|[from] Sandstorm
|-heal|p2a: Celebi|40/100 tox|[from] item: Leftovers
|-damage|p2a: Celebi|34/100 tox|[from] psn
|-heal|p1a: Milotic|97/100|[from] item: Leftovers
|-damage|p1a: Milotic|85/100|[from] Leech Seed|[of] p2a: Celebi
|-heal|p2a: Celebi|47/100 tox|[silent]
|upkeep
|turn|32
|
|t:|1729178077
|switch|p1a: Dugtrio|Dugtrio, M|84/100
|-damage|p1a: Dugtrio|59/100|[from] Spikes
|move|p2a: Celebi|Giga Drain|p1a: Dugtrio
|-supereffective|p1a: Dugtrio
|-damage|p1a: Dugtrio|0 fnt
|-heal|p2a: Celebi|63/100 tox|[from] drain|[of] p1a: Dugtrio
|faint|p1a: Dugtrio
|inactive|tub69 has 270 seconds left.
|
|t:|1729178109
|switch|p1a: Jolteon|Jolteon, M|40/100
|-damage|p1a: Jolteon|15/100|[from] Spikes
|
|-weather|Sandstorm|[upkeep]
|-damage|p1a: Jolteon|9/100|[from] Sandstorm
|-damage|p2a: Celebi|57/100 tox|[from] Sandstorm
|-heal|p1a: Jolteon|15/100|[from] item: Leftovers
|-heal|p2a: Celebi|63/100 tox|[from] item: Leftovers
|-damage|p2a: Celebi|50/100 tox|[from] psn
|upkeep
|turn|33
|
|t:|1729178112
|-curestatus|p2a: Celebi|tox|[from] ability: Natural Cure
|switch|p2a: Swampert|Swampert, M|14/100 tox
|move|p1a: Jolteon|Hidden Power|p2a: Swampert
|-damage|p2a: Swampert|0 fnt
|faint|p2a: Swampert
|
|t:|1729178121
|switch|p2a: Tyranitar|Tyranitar, M|82/100
|
|-weather|Sandstorm|[upkeep]
|-damage|p1a: Jolteon|9/100|[from] Sandstorm
|-heal|p1a: Jolteon|15/100|[from] item: Leftovers
|-heal|p2a: Tyranitar|88/100|[from] item: Leftovers
|upkeep
|turn|34
|
|t:|1729178126
|move|p1a: Jolteon|Rain Dance|p1a: Jolteon
|-weather|RainDance
|move|p2a: Tyranitar|Earthquake|p1a: Jolteon
|-supereffective|p1a: Jolteon
|-crit|p1a: Jolteon
|-damage|p1a: Jolteon|0 fnt
|faint|p1a: Jolteon
|
|t:|1729178128
|switch|p1a: Kingdra|Kingdra, F|64/100
|-damage|p1a: Kingdra|39/100|[from] Spikes
|
|-weather|RainDance|[upkeep]
|-heal|p2a: Tyranitar|95/100|[from] item: Leftovers
|upkeep
|turn|35
|
|t:|1729178138
|switch|p2a: Aerodactyl|Aerodactyl, M|100/100
|move|p1a: Kingdra|Ice Beam|p2a: Aerodactyl
|-supereffective|p2a: Aerodactyl
|-damage|p2a: Aerodactyl|10/100
|-status|p2a: Aerodactyl|frz
|
|-weather|RainDance|[upkeep]
|upkeep
|turn|36
|
|t:|1729178142
|move|p1a: Kingdra|Surf|p2a: Aerodactyl
|-supereffective|p2a: Aerodactyl
|-damage|p2a: Aerodactyl|0 fnt
|faint|p2a: Aerodactyl
|
|t:|1729178144
|switch|p2a: Tyranitar|Tyranitar, M|95/100
|-weather|Sandstorm|[from] ability: Sand Stream|[of] p2a: Tyranitar
|
|-weather|Sandstorm|[upkeep]
|-damage|p1a: Kingdra|33/100|[from] Sandstorm
|-heal|p2a: Tyranitar|100/100|[from] item: Leftovers
|upkeep
|turn|37
|
|t:|1729178153
|move|p1a: Kingdra|Surf|p2a: Tyranitar
|-supereffective|p2a: Tyranitar
|-damage|p2a: Tyranitar|26/100
|move|p2a: Tyranitar|Earthquake|p1a: Kingdra
|-damage|p1a: Kingdra|0 fnt
|faint|p1a: Kingdra
|
|t:|1729178155
|switch|p1a: Milotic|Milotic, M|85/100
|-damage|p1a: Milotic|60/100|[from] Spikes
|
|-weather|Sandstorm|[upkeep]
|-damage|p1a: Milotic|54/100|[from] Sandstorm
|-heal|p1a: Milotic|60/100|[from] item: Leftovers
|-heal|p2a: Tyranitar|33/100|[from] item: Leftovers
|upkeep
|turn|38
|
|t:|1729178160
|switch|p2a: Celebi|Celebi|50/100
|move|p1a: Milotic|Surf|p2a: Celebi
|-resisted|p2a: Celebi
|-damage|p2a: Celebi|35/100
|
|-weather|Sandstorm|[upkeep]
|-damage|p2a: Celebi|29/100|[from] Sandstorm
|-damage|p1a: Milotic|54/100|[from] Sandstorm
|-heal|p2a: Celebi|35/100|[from] item: Leftovers
|-heal|p1a: Milotic|60/100|[from] item: Leftovers
|upkeep
|turn|39
|
|t:|1729178165
|move|p2a: Celebi|Giga Drain|p1a: Milotic
|-supereffective|p1a: Milotic
|-damage|p1a: Milotic|31/100
|-heal|p2a: Celebi|50/100|[from] drain|[of] p1a: Milotic
|move|p1a: Milotic|Recover|p1a: Milotic
|-heal|p1a: Milotic|81/100
|
|-weather|Sandstorm|[upkeep]
|-damage|p2a: Celebi|44/100|[from] Sandstorm
|-damage|p1a: Milotic|75/100|[from] Sandstorm
|-heal|p2a: Celebi|50/100|[from] item: Leftovers
|-heal|p1a: Milotic|81/100|[from] item: Leftovers
|upkeep
|turn|40
|
|t:|1729178169
|move|p2a: Celebi|Leech Seed|p1a: Milotic
|-start|p1a: Milotic|move: Leech Seed
|move|p1a: Milotic|Recover|p1a: Milotic
|-heal|p1a: Milotic|100/100
|
|-weather|Sandstorm|[upkeep]
|-damage|p2a: Celebi|44/100|[from] Sandstorm
|-damage|p1a: Milotic|94/100|[from] Sandstorm
|-heal|p2a: Celebi|50/100|[from] item: Leftovers
|-heal|p1a: Milotic|100/100|[from] item: Leftovers
|-damage|p1a: Milotic|88/100|[from] Leech Seed|[of] p2a: Celebi
|-heal|p2a: Celebi|62/100|[silent]
|upkeep
|turn|41
|
|t:|1729178173
|move|p2a: Celebi|Giga Drain|p1a: Milotic
|-supereffective|p1a: Milotic
|-crit|p1a: Milotic
|-damage|p1a: Milotic|28/100
|-heal|p2a: Celebi|93/100|[from] drain|[of] p1a: Milotic
|move|p1a: Milotic|Toxic|p2a: Celebi|[miss]
|-miss|p1a: Milotic|p2a: Celebi
|
|-weather|Sandstorm|[upkeep]
|-damage|p2a: Celebi|87/100|[from] Sandstorm
|-damage|p1a: Milotic|22/100|[from] Sandstorm
|-heal|p2a: Celebi|93/100|[from] item: Leftovers
|-heal|p1a: Milotic|28/100|[from] item: Leftovers
|-damage|p1a: Milotic|15/100|[from] Leech Seed|[of] p2a: Celebi
|-heal|p2a: Celebi|100/100|[silent]
|upkeep
|turn|42
|
|t:|1729178178
|move|p2a: Celebi|Giga Drain|p1a: Milotic
|-supereffective|p1a: Milotic
|-crit|p1a: Milotic
|-damage|p1a: Milotic|0 fnt
|faint|p1a: Milotic
|
|win|busyboi
|c|☆tub69|gg
|c|☆busyboi|ggs

</script>
<script type="application/json" class="data" id="replaydata-smogtours-gen3ou-799273">
{"id":"smogtours-gen3ou-799273","format":"[Gen 3] OU","players":["tub69","busyboi"],"uploadtime":1729178178,"views":97,"formatid":"gen3ou","rating":null,"private":0,"password":null}
</script>

<script defer src="js/replays.js?9d40a366"></script>
