<!DOCTYPE html>
<meta charset="utf-8" />
<meta name="viewport" content="width=device-width" />

<title>[Gen 3] OU: bigyunakafan vs. FlareLiger - Replays - Pok&eacute;mon Showdown!</title>

<meta name="description" content="Watch a replay of a Pok&eacute;mon battle between bigyunakafan and FlareLiger! Format: [Gen 3] OU; Date: Oct 3, 2024" />
<!--

Hey, you! Looking in the source for the replay log?

You can find them in JSON format, just add `.json` at the end of a replay URL.

https://replay.pokemonshowdown.com/gen7randomdoublesbattle-865046831.json

Or, if you only need the log itself, add `.log` instead:

https://replay.pokemonshowdown.com/gen7randomdoublesbattle-865046831.log

-->

<link rel="stylesheet" href="//pokemonshowdown.com/style/global.css?0.023195364461161105" />
<link rel="stylesheet" href="//play.pokemonshowdown.com/style/font-awesome.css?0.13261647063804238" />
<link rel="stylesheet" href="//play.pokemonshowdown.com/style/battle.css?0.8753245789963631" />
<link rel="stylesheet" href="//play.pokemonshowdown.com/style/utilichart.css?0.8627959624976733" />

<!-- Global site tag (gtag.js) - Google Analytics -->
<script async src="https://www.googletagmanager.com/gtag/js?id=UA-26211653-1"></script>
<script>
  window.dataLayer = window.dataLayer || [];
  function gtag(){dataLayer.push(arguments);}
  gtag('js', new Date());

  gtag('config', 'UA-26211653-1');
</script>
<!-- End Google Analytics -->
<!-- Venatus Ad Manager - Install in <HEAD> of page -->
	<script src="https://hb.vntsm.com/v3/live/ad-manager.min.js" type="text/javascript" data-site-id="642aba63ec9a7b11c3c9c1be" data-mode="scan" async></script>
<!-- / Venatus Ad Manager -->

<style>
	@media (max-width:820px) {
		.battle {
			margin: 0 auto;
		}
		.battle-log {
			margin: 7px auto 0;
			max-width: 640px;
			height: 300px;
			position: static;
		}
	}
	.optgroup {
		display: inline-block;
		line-height: 22px;
		font-size: 10pt;
	}
	.optgroup .button {
		height: 25px;
		padding-top: 0;
		padding-bottom: 0;
	}
	.optgroup button.button {
		padding-left: 12px;
		padding-right: 12px;
	}
	.linklist {
		list-style: none;
		margin: 0.5em 0;
		padding: 0;
	}
	.linklist li {
		padding: 2px 0;
	}
	.sidebar {
		float: left;
		width: 320px;
	}
	.bar-wrapper {
		max-width: 1100px;
		margin: 0 auto;
	}
	.bar-wrapper.has-sidebar {
		max-width: 1430px;
	}
	.mainbar {
		margin: 0;
		padding-right: 1px;
	}
	.mainbar.has-sidebar {
		margin-left: 330px;
	}
	@media (min-width: 1511px) {
		.sidebar {
			width: 400px;
		}
		.bar-wrapper.has-sidebar {
			max-width: 1510px;
		}
		.mainbar.has-sidebar {
			margin-left: 410px;
		}
	}
	.section.first-section {
		margin-top: 9px;
	}
	.blocklink small {
		white-space: normal;
	}
	.button {
		vertical-align: middle;
	}
	.replay-controls {
		padding-top: 10px;
	}
	.replay-controls h1 {
		font-size: 16pt;
		font-weight: normal;
		color: #CCC;
	}
	.pagelink {
		text-align: center;
	}
	.pagelink a {
		width: 150px;
	}
	.textbox, .button {
		font-size: 11pt;
		vertical-align: middle;
	}
	@media (max-width: 450px) {
		.button {
			font-size: 9pt;
		}
	}
</style>

<div>

	<header>
		<div class="nav-wrapper"><ul class="nav">
			<li><a class="button nav-first" href="//pokemonshowdown.com/"><img src="//pokemonshowdown.com/images/pokemonshowdownbeta.png" srcset="//pokemonshowdown.com/images/pokemonshowdownbeta.png 1x, //pokemonshowdown.com/images/pokemonshowdownbeta@2x.png 2x" alt="Pok&eacute;mon Showdown" width="146" height="44" /> Home</a></li>
			<li><a class="button" href="//pokemonshowdown.com/dex/">Pok&eacute;dex</a></li>
			<li><a class="button cur" href="/">Replays</a></li>
			<li><a class="button" href="//pokemonshowdown.com/ladder/">Ladder</a></li>
			<li><a class="button nav-last" href="//pokemonshowdown.com/forums/">Forum</a></li>
			<li><a class="button greenbutton nav-first nav-last" href="//play.pokemonshowdown.com/">Play</a></li>
		</ul></div>
	</header>

	<div class="main" id="main">

		<noscript><section class="section">You need to enable JavaScript to use this page; sorry!</section></noscript>

	</div>

</div>

<script defer nomodule src="//play.pokemonshowdown.com/js/lib/ps-polyfill.js"></script>
<script defer src="//play.pokemonshowdown.com/js/lib/preact.min.js"></script>

<script defer src="//play.pokemonshowdown.com/config/config.js?2bddbc15"></script>
<script defer src="//play.pokemonshowdown.com/js/lib/jquery-1.11.0.min.js"></script>
<script defer src="//play.pokemonshowdown.com/js/lib/html-sanitizer-minified.js"></script>
<script defer src="//play.pokemonshowdown.com/js/battle-sound.js"></script>
<script defer src="//play.pokemonshowdown.com/js/battledata.js?0.7209276989879541"></script>
<script defer src="//play.pokemonshowdown.com/data/pokedex-mini.js?0.6111056340867951"></script>
<script defer src="//play.pokemonshowdown.com/data/pokedex-mini-bw.js?0.3532142036491459"></script>
<script defer src="//play.pokemonshowdown.com/data/graphics.js?0.24223875632456182"></script>
<script defer src="//play.pokemonshowdown.com/data/pokedex.js?0.38839984266356864"></script>
<script defer src="//play.pokemonshowdown.com/data/moves.js?0.21866028504024015"></script>
<script defer src="//play.pokemonshowdown.com/data/abilities.js?0.2005157953846628"></script>
<script defer src="//play.pokemonshowdown.com/data/items.js?0.9894211263848525"></script>
<script defer src="//play.pokemonshowdown.com/data/teambuilder-tables.js?0.6008791140282215"></script>
<script defer src="//play.pokemonshowdown.com/js/battle-tooltips.js?0.7580118955022959"></script>
<script defer src="//play.pokemonshowdown.com/js/battle.js?0.6057722274234274"></script>

<script defer src="js/utils.js?e31f9a17"></script>
<script defer src="js/replays-battle.js?7008c182"></script>

<!-- don't scrape this data! just add .json or .log after the URL!
Full API docs: https://github.com/smogon/pokemon-showdown-client/blob/master/WEB-API.md -->
<script type="text/plain" class="log" id="replaylog-smogtours-gen3ou-794355">
|inactive|Battle timer is ON: inactive players will automatically lose when time's up.
|t:|1727986303
|gametype|singles
|player|p1|bigyunakafan|nessa|
|player|p2|FlareLiger|maid|
|teamsize|p1|6
|teamsize|p2|6
|gen|3
|tier|[Gen 3] OU
|rule|Sleep Clause Mod: Limit one foe put to sleep
|rule|Switch Priority Clause Mod: Faster Pokémon switch first
|rule|Species Clause: Limit one of each Pokémon
|rule|OHKO Clause: OHKO moves are banned
|rule|Evasion Items Clause: Evasion items are banned
|rule|Evasion Moves Clause: Evasion moves are banned
|rule|Endless Battle Clause: Forcing endless battles is banned
|rule|HP Percentage Mod: HP is shown in percentages
|rule|One Boost Passer Clause: Limit one Baton Passer that has a way to boost its stats
|rule|Freeze Clause Mod: Limit one foe frozen
|
|t:|1727986303
|start
|switch|p1a: Zapdos|Zapdos|100/100
|switch|p2a: Salamence|Salamence, F|100/100
|-ability|p2a: Salamence|Intimidate|boost
|-unboost|p1a: Zapdos|atk|1
|turn|1
|inactive|bigyunakafan has 270 seconds left.
|
|t:|1727986342
|switch|p2a: Blissey|Blissey, F|100/100
|move|p1a: Zapdos|Thunder Wave|p2a: Blissey
|-status|p2a: Blissey|par
|
|upkeep
|turn|2
|
|t:|1727986357
|move|p2a: Blissey|Ice Beam|p1a: Zapdos
|-supereffective|p1a: Zapdos
|-damage|p1a: Zapdos|41/100
|move|p1a: Zapdos|Roar|p2a: Blissey
|-curestatus|p2a: Blissey|par|[from] ability: Natural Cure
|drag|p2a: Claydol|Claydol|100/100
|
|-heal|p1a: Zapdos|47/100|[from] item: Leftovers
|upkeep
|turn|3
|
|t:|1727986380
|switch|p1a: Celebi|Celebi|100/100
|move|p2a: Claydol|Psychic|p1a: Celebi
|-resisted|p1a: Celebi
|-damage|p1a: Celebi|92/100
|
|-heal|p1a: Celebi|98/100|[from] item: Leftovers
|upkeep
|turn|4
|
|t:|1727986400
|move|p1a: Celebi|Leech Seed|p2a: Claydol
|-start|p2a: Claydol|move: Leech Seed
|move|p2a: Claydol|Rapid Spin|p1a: Celebi
|-damage|p1a: Celebi|95/100
|-end|p2a: Claydol|Leech Seed|[from] move: Rapid Spin|[of] p2a: Claydol
|
|-heal|p1a: Celebi|100/100|[from] item: Leftovers
|upkeep
|turn|5
|
|t:|1727986404
|switch|p2a: Skarmory|Skarmory, M|100/100
|move|p1a: Celebi|Hidden Power|p2a: Skarmory
|-resisted|p2a: Skarmory
|-damage|p2a: Skarmory|94/100
|
|-heal|p2a: Skarmory|100/100|[from] item: Leftovers
|upkeep
|turn|6
|
|t:|1727986411
|switch|p1a: Zapdos|Zapdos|47/100
|move|p2a: Skarmory|Spikes|p1a: Zapdos
|-sidestart|p1: bigyunakafan|Spikes
|
|-heal|p1a: Zapdos|54/100|[from] item: Leftovers
|upkeep
|turn|7
|
|t:|1727986417
|switch|p2a: Blissey|Blissey, F|100/100
|move|p1a: Zapdos|Thunderbolt|p2a: Blissey
|-damage|p2a: Blissey|81/100
|
|-heal|p1a: Zapdos|60/100|[from] item: Leftovers
|-heal|p2a: Blissey|88/100|[from] item: Leftovers
|upkeep
|turn|8
|
|t:|1727986421
|switch|p1a: Starmie|Starmie|100/100
|-damage|p1a: Starmie|88/100|[from] Spikes
|move|p2a: Blissey|Sing|p1a: Starmie|[miss]
|-miss|p2a: Blissey|p1a: Starmie
|
|-heal|p1a: Starmie|94/100|[from] item: Leftovers
|-heal|p2a: Blissey|94/100|[from] item: Leftovers
|upkeep
|turn|9
|
|t:|1727986426
|move|p1a: Starmie|Rapid Spin|p2a: Blissey
|-damage|p2a: Blissey|90/100
|-sideend|p1: bigyunakafan|Spikes|[from] move: Rapid Spin|[of] p1a: Starmie
|move|p2a: Blissey|Thunderbolt|p1a: Starmie
|-supereffective|p1a: Starmie
|-damage|p1a: Starmie|18/100
|
|-heal|p1a: Starmie|25/100|[from] item: Leftovers
|-heal|p2a: Blissey|96/100|[from] item: Leftovers
|upkeep
|turn|10
|
|t:|1727986433
|switch|p1a: Celebi|Celebi|100/100
|move|p2a: Blissey|Sing|p1a: Celebi
|-status|p1a: Celebi|slp|[from] move: Sing
|
|-heal|p2a: Blissey|100/100|[from] item: Leftovers
|upkeep
|turn|11
|
|t:|1727986437
|-curestatus|p1a: Celebi|slp|[from] ability: Natural Cure
|switch|p1a: Blaziken|Blaziken, M|100/100
|move|p2a: Blissey|Ice Beam|p1a: Blaziken
|-resisted|p1a: Blaziken
|-damage|p1a: Blaziken|82/100
|
|-heal|p1a: Blaziken|88/100|[from] item: Leftovers
|upkeep
|turn|12
|
|t:|1727986445
|switch|p2a: Claydol|Claydol|100/100
|move|p1a: Blaziken|Rock Slide|p2a: Claydol
|-resisted|p2a: Claydol
|-damage|p2a: Claydol|88/100
|
|-heal|p1a: Blaziken|94/100|[from] item: Leftovers
|-heal|p2a: Claydol|94/100|[from] item: Leftovers
|upkeep
|turn|13
|
|t:|1727986454
|switch|p1a: Starmie|Starmie|25/100
|move|p2a: Claydol|Psychic|p1a: Starmie
|-resisted|p1a: Starmie
|-damage|p1a: Starmie|8/100
|
|-heal|p1a: Starmie|14/100|[from] item: Leftovers
|-heal|p2a: Claydol|100/100|[from] item: Leftovers
|upkeep
|turn|14
|
|t:|1727986467
|move|p1a: Starmie|Ice Beam|p2a: Claydol
|-supereffective|p2a: Claydol
|-damage|p2a: Claydol|51/100
|move|p2a: Claydol|Earthquake|p1a: Starmie
|-damage|p1a: Starmie|0 fnt
|faint|p1a: Starmie
|
|t:|1727986481
|switch|p1a: Celebi|Celebi|100/100
|
|-heal|p2a: Claydol|57/100|[from] item: Leftovers
|upkeep
|turn|15
|
|t:|1727986495
|move|p1a: Celebi|Hidden Power|p2a: Claydol
|-supereffective|p2a: Claydol
|-damage|p2a: Claydol|13/100
|move|p2a: Claydol|Explosion|p1a: Celebi
|-crit|p1a: Celebi
|-damage|p1a: Celebi|0 fnt
|faint|p2a: Claydol
|faint|p1a: Celebi
|
|t:|1727986506
|switch|p1a: Blaziken|Blaziken, M|94/100
|switch|p2a: Salamence|Salamence, F|100/100
|-ability|p2a: Salamence|Intimidate|boost
|-unboost|p1a: Blaziken|atk|1
|
|-heal|p1a: Blaziken|100/100|[from] item: Leftovers
|upkeep
|turn|16
|
|t:|1727986518
|switch|p1a: Skarmory|Skarmory, F|100/100
|move|p2a: Salamence|Dragon Claw|p1a: Skarmory
|-resisted|p1a: Skarmory
|-damage|p1a: Skarmory|82/100
|
|-heal|p1a: Skarmory|88/100|[from] item: Leftovers
|upkeep
|turn|17
|
|t:|1727986527
|move|p2a: Salamence|Fire Blast|p1a: Skarmory
|-supereffective|p1a: Skarmory
|-damage|p1a: Skarmory|18/100
|move|p1a: Skarmory|Spikes|p2a: Salamence
|-sidestart|p2: FlareLiger|Spikes
|
|-heal|p1a: Skarmory|24/100|[from] item: Leftovers
|upkeep
|turn|18
|
|t:|1727986532
|switch|p1a: Salamence|Salamence, M|100/100
|-ability|p1a: Salamence|Intimidate|boost
|-unboost|p2a: Salamence|atk|1
|move|p2a: Salamence|Dragon Claw|p1a: Salamence
|-supereffective|p1a: Salamence
|-damage|p1a: Salamence|0 fnt
|faint|p1a: Salamence
|
|t:|1727986556
|switch|p1a: Blaziken|Blaziken, M|100/100
|
|upkeep
|turn|19
|
|t:|1727986567
|move|p2a: Salamence|Dragon Claw|p1a: Blaziken
|-damage|p1a: Blaziken|43/100
|move|p1a: Blaziken|Swords Dance|p1a: Blaziken
|-boost|p1a: Blaziken|atk|2
|
|-heal|p1a: Blaziken|49/100|[from] item: Leftovers
|upkeep
|turn|20
|
|t:|1727986579
|switch|p1a: Skarmory|Skarmory, F|24/100
|move|p2a: Salamence|Dragon Claw|p1a: Skarmory
|-resisted|p1a: Skarmory
|-damage|p1a: Skarmory|5/100
|
|-heal|p1a: Skarmory|11/100|[from] item: Leftovers
|upkeep
|turn|21
|
|t:|1727986582
|move|p2a: Salamence|Dragon Claw|p1a: Skarmory
|-resisted|p1a: Skarmory
|-damage|p1a: Skarmory|0 fnt
|faint|p1a: Skarmory
|
|t:|1727986587
|switch|p1a: Zapdos|Zapdos|60/100
|
|-heal|p1a: Zapdos|66/100|[from] item: Leftovers
|upkeep
|turn|22
|
|t:|1727986590
|move|p1a: Zapdos|Thunderbolt|p2a: Salamence
|-damage|p2a: Salamence|30/100
|move|p2a: Salamence|Dragon Claw|p1a: Zapdos
|-damage|p1a: Zapdos|19/100
|
|-heal|p1a: Zapdos|26/100|[from] item: Leftovers
|-heal|p2a: Salamence|36/100|[from] item: Leftovers
|upkeep
|turn|23
|
|t:|1727986595
|move|p1a: Zapdos|Thunderbolt|p2a: Salamence
|-damage|p2a: Salamence|0 fnt
|faint|p2a: Salamence
|
|t:|1727986598
|switch|p2a: Blissey|Blissey, F|100/100
|-damage|p2a: Blissey|88/100|[from] Spikes
|
|-heal|p1a: Zapdos|32/100|[from] item: Leftovers
|-heal|p2a: Blissey|94/100|[from] item: Leftovers
|upkeep
|turn|24
|
|t:|1727986605
|move|p1a: Zapdos|Thunder Wave|p2a: Blissey
|-status|p2a: Blissey|par
|move|p2a: Blissey|Thunderbolt|p1a: Zapdos
|-damage|p1a: Zapdos|5/100
|
|-heal|p1a: Zapdos|11/100|[from] item: Leftovers
|-heal|p2a: Blissey|99/100 par|[from] item: Leftovers
|upkeep
|turn|25
|
|t:|1727986609
|move|p1a: Zapdos|Thunderbolt|p2a: Blissey
|-damage|p2a: Blissey|82/100 par
|cant|p2a: Blissey|par
|
|-heal|p1a: Zapdos|18/100|[from] item: Leftovers
|-heal|p2a: Blissey|88/100 par|[from] item: Leftovers
|upkeep
|turn|26
|
|t:|1727986614
|move|p1a: Zapdos|Thunderbolt|p2a: Blissey
|-damage|p2a: Blissey|68/100 par
|move|p2a: Blissey|Thunderbolt|p1a: Zapdos
|-damage|p1a: Zapdos|0 fnt
|faint|p1a: Zapdos
|
|t:|1727986618
|switch|p1a: Blaziken|Blaziken, M|49/100
|
|-heal|p1a: Blaziken|55/100|[from] item: Leftovers
|-heal|p2a: Blissey|74/100 par|[from] item: Leftovers
|upkeep
|turn|27
|
|t:|1727986625
|move|p1a: Blaziken|Sky Uppercut|p2a: Blissey
|-supereffective|p2a: Blissey
|-damage|p2a: Blissey|0 fnt
|faint|p2a: Blissey
|
|t:|1727986630
|switch|p2a: Skarmory|Skarmory, M|100/100
|
|-heal|p1a: Blaziken|62/100|[from] item: Leftovers
|upkeep
|turn|28
|
|t:|1727986633
|move|p1a: Blaziken|Fire Blast|p2a: Skarmory
|-supereffective|p2a: Skarmory
|-damage|p2a: Skarmory|20/100
|move|p2a: Skarmory|Toxic|p1a: Blaziken
|-status|p1a: Blaziken|tox
|
|-heal|p1a: Blaziken|68/100 tox|[from] item: Leftovers
|-damage|p1a: Blaziken|62/100 tox|[from] psn
|-heal|p2a: Skarmory|27/100|[from] item: Leftovers
|upkeep
|turn|29
|
|t:|1727986640
|move|p2a: Skarmory|Protect|p2a: Skarmory
|-singleturn|p2a: Skarmory|Protect
|move|p1a: Blaziken|Swords Dance|p1a: Blaziken
|-boost|p1a: Blaziken|atk|2
|
|-heal|p1a: Blaziken|68/100 tox|[from] item: Leftovers
|-damage|p1a: Blaziken|55/100 tox|[from] psn
|-heal|p2a: Skarmory|33/100|[from] item: Leftovers
|upkeep
|turn|30
|
|t:|1727986646
|move|p2a: Skarmory|Protect||[still]
|-fail|p2a: Skarmory
|move|p1a: Blaziken|Sky Uppercut|p2a: Skarmory
|-damage|p2a: Skarmory|0 fnt
|faint|p2a: Skarmory
|
|t:|1727986649
|switch|p2a: Tyranitar|Tyranitar, M|100/100
|-damage|p2a: Tyranitar|88/100|[from] Spikes
|-weather|Sandstorm|[from] ability: Sand Stream|[of] p2a: Tyranitar
|
|-weather|Sandstorm|[upkeep]
|-damage|p1a: Blaziken|49/100 tox|[from] Sandstorm
|-heal|p1a: Blaziken|55/100 tox|[from] item: Leftovers
|-damage|p1a: Blaziken|37/100 tox|[from] psn
|-heal|p2a: Tyranitar|94/100|[from] item: Leftovers
|upkeep
|turn|31
|
|t:|1727986652
|move|p1a: Blaziken|Sky Uppercut|p2a: Tyranitar|[miss]
|-miss|p1a: Blaziken|p2a: Tyranitar
|move|p2a: Tyranitar|Earthquake|p1a: Blaziken
|-supereffective|p1a: Blaziken
|-damage|p1a: Blaziken|0 fnt
|faint|p1a: Blaziken
|
|win|FlareLiger
|c|☆FlareLiger|gg
|c|☆bigyunakafan|what was ur last mon?
|c|☆FlareLiger|metagross with portect
|c|☆bigyunakafan|ah
|c|☆FlareLiger|protect
|c|☆bigyunakafan|ggs

</script>
<script type="application/json" class="data" id="replaydata-smogtours-gen3ou-794355">
{"id":"smogtours-gen3ou-794355","format":"[Gen 3] OU","players":["bigyunakafan","FlareLiger"],"uploadtime":1727986652,"views":150,"formatid":"gen3ou","rating":null,"private":0,"password":null}
</script>

<script defer src="js/replays.js?9d40a366"></script>
