<!DOCTYPE html>
<meta charset="utf-8" />
<meta name="viewport" content="width=device-width" />

<title>[Gen 3] OU: Dit Dus vs. CCGeek - Replays - Pok&eacute;mon Showdown!</title>

<meta name="description" content="Watch a replay of a Pok&eacute;mon battle between Dit Dus and CCGeek! Format: [Gen 3] OU; Date: Oct 8, 2024" />
<!--

Hey, you! Looking in the source for the replay log?

You can find them in JSON format, just add `.json` at the end of a replay URL.

https://replay.pokemonshowdown.com/gen7randomdoublesbattle-865046831.json

Or, if you only need the log itself, add `.log` instead:

https://replay.pokemonshowdown.com/gen7randomdoublesbattle-865046831.log

-->

<link rel="stylesheet" href="//pokemonshowdown.com/style/global.css?0.767286132409787" />
<link rel="stylesheet" href="//play.pokemonshowdown.com/style/font-awesome.css?0.9266228007934947" />
<link rel="stylesheet" href="//play.pokemonshowdown.com/style/battle.css?0.7924700842790926" />
<link rel="stylesheet" href="//play.pokemonshowdown.com/style/utilichart.css?0.8777417872839479" />

<!-- Global site tag (gtag.js) - Google Analytics -->
<script async src="https://www.googletagmanager.com/gtag/js?id=UA-26211653-1"></script>
<script>
  window.dataLayer = window.dataLayer || [];
  function gtag(){dataLayer.push(arguments);}
  gtag('js', new Date());

  gtag('config', 'UA-26211653-1');
</script>
<!-- End Google Analytics -->
<!-- Venatus Ad Manager - Install in <HEAD> of page -->
	<script src="https://hb.vntsm.com/v3/live/ad-manager.min.js" type="text/javascript" data-site-id="642aba63ec9a7b11c3c9c1be" data-mode="scan" async></script>
<!-- / Venatus Ad Manager -->

<style>
	@media (max-width:820px) {
		.battle {
			margin: 0 auto;
		}
		.battle-log {
			margin: 7px auto 0;
			max-width: 640px;
			height: 300px;
			position: static;
		}
	}
	.optgroup {
		display: inline-block;
		line-height: 22px;
		font-size: 10pt;
	}
	.optgroup .button {
		height: 25px;
		padding-top: 0;
		padding-bottom: 0;
	}
	.optgroup button.button {
		padding-left: 12px;
		padding-right: 12px;
	}
	.linklist {
		list-style: none;
		margin: 0.5em 0;
		padding: 0;
	}
	.linklist li {
		padding: 2px 0;
	}
	.sidebar {
		float: left;
		width: 320px;
	}
	.bar-wrapper {
		max-width: 1100px;
		margin: 0 auto;
	}
	.bar-wrapper.has-sidebar {
		max-width: 1430px;
	}
	.mainbar {
		margin: 0;
		padding-right: 1px;
	}
	.mainbar.has-sidebar {
		margin-left: 330px;
	}
	@media (min-width: 1511px) {
		.sidebar {
			width: 400px;
		}
		.bar-wrapper.has-sidebar {
			max-width: 1510px;
		}
		.mainbar.has-sidebar {
			margin-left: 410px;
		}
	}
	.section.first-section {
		margin-top: 9px;
	}
	.blocklink small {
		white-space: normal;
	}
	.button {
		vertical-align: middle;
	}
	.replay-controls {
		padding-top: 10px;
	}
	.replay-controls h1 {
		font-size: 16pt;
		font-weight: normal;
		color: #CCC;
	}
	.pagelink {
		text-align: center;
	}
	.pagelink a {
		width: 150px;
	}
	.textbox, .button {
		font-size: 11pt;
		vertical-align: middle;
	}
	@media (max-width: 450px) {
		.button {
			font-size: 9pt;
		}
	}
</style>

<div>

	<header>
		<div class="nav-wrapper"><ul class="nav">
			<li><a class="button nav-first" href="//pokemonshowdown.com/"><img src="//pokemonshowdown.com/images/pokemonshowdownbeta.png" srcset="//pokemonshowdown.com/images/pokemonshowdownbeta.png 1x, //pokemonshowdown.com/images/pokemonshowdownbeta@2x.png 2x" alt="Pok&eacute;mon Showdown" width="146" height="44" /> Home</a></li>
			<li><a class="button" href="//pokemonshowdown.com/dex/">Pok&eacute;dex</a></li>
			<li><a class="button cur" href="/">Replays</a></li>
			<li><a class="button" href="//pokemonshowdown.com/ladder/">Ladder</a></li>
			<li><a class="button nav-last" href="//pokemonshowdown.com/forums/">Forum</a></li>
			<li><a class="button greenbutton nav-first nav-last" href="//play.pokemonshowdown.com/">Play</a></li>
		</ul></div>
	</header>

	<div class="main" id="main">

		<noscript><section class="section">You need to enable JavaScript to use this page; sorry!</section></noscript>

	</div>

</div>

<script defer nomodule src="//play.pokemonshowdown.com/js/lib/ps-polyfill.js"></script>
<script defer src="//play.pokemonshowdown.com/js/lib/preact.min.js"></script>

<script defer src="//play.pokemonshowdown.com/config/config.js?6dec07f6"></script>
<script defer src="//play.pokemonshowdown.com/js/lib/jquery-1.11.0.min.js"></script>
<script defer src="//play.pokemonshowdown.com/js/lib/html-sanitizer-minified.js"></script>
<script defer src="//play.pokemonshowdown.com/js/battle-sound.js"></script>
<script defer src="//play.pokemonshowdown.com/js/battledata.js?0.6315294753075389"></script>
<script defer src="//play.pokemonshowdown.com/data/pokedex-mini.js?0.7603743185311358"></script>
<script defer src="//play.pokemonshowdown.com/data/pokedex-mini-bw.js?0.030888842834281283"></script>
<script defer src="//play.pokemonshowdown.com/data/graphics.js?0.05593094747507488"></script>
<script defer src="//play.pokemonshowdown.com/data/pokedex.js?0.47064822249611904"></script>
<script defer src="//play.pokemonshowdown.com/data/moves.js?0.8583693120512459"></script>
<script defer src="//play.pokemonshowdown.com/data/abilities.js?0.16017181182386842"></script>
<script defer src="//play.pokemonshowdown.com/data/items.js?0.4163379185673943"></script>
<script defer src="//play.pokemonshowdown.com/data/teambuilder-tables.js?0.31075597372830477"></script>
<script defer src="//play.pokemonshowdown.com/js/battle-tooltips.js?0.6536193500708172"></script>
<script defer src="//play.pokemonshowdown.com/js/battle.js?0.1916591943277901"></script>

<script defer src="js/utils.js?e31f9a17"></script>
<script defer src="js/replays-battle.js?7008c182"></script>

<!-- don't scrape this data! just add .json or .log after the URL!
Full API docs: https://github.com/smogon/pokemon-showdown-client/blob/master/WEB-API.md -->
<script type="text/plain" class="log" id="replaylog-smogtours-gen3ou-796430">
|inactive|Battle timer is ON: inactive players will automatically lose when time's up.
|t:|1728411490
|gametype|singles
|player|p1|Dit Dus|1|
|player|p2|CCGeek|169|
|teamsize|p1|6
|teamsize|p2|6
|gen|3
|tier|[Gen 3] OU
|rule|Sleep Clause Mod: Limit one foe put to sleep
|rule|Switch Priority Clause Mod: Faster Pokémon switch first
|rule|Species Clause: Limit one of each Pokémon
|rule|OHKO Clause: OHKO moves are banned
|rule|Evasion Items Clause: Evasion items are banned
|rule|Evasion Moves Clause: Evasion moves are banned
|rule|Endless Battle Clause: Forcing endless battles is banned
|rule|HP Percentage Mod: HP is shown in percentages
|rule|One Boost Passer Clause: Limit one Baton Passer that has a way to boost its stats
|rule|Freeze Clause Mod: Limit one foe frozen
|
|t:|1728411490
|start
|switch|p1a: Marowak|Marowak, F|100/100
|switch|p2a: Tyranitar|Tyranitar, F|100/100
|-weather|Sandstorm|[from] ability: Sand Stream|[of] p2a: Tyranitar
|turn|1
|c|+quinnxd|dit dus
|
|t:|1728411517
|switch|p2a: Celebi|Celebi|100/100
|switch|p1a: Magneton|Magneton|100/100
|
|-weather|Sandstorm|[upkeep]
|-damage|p2a: Celebi|94/100|[from] Sandstorm
|-heal|p2a: Celebi|100/100|[from] item: Leftovers
|upkeep
|turn|2
|
|t:|1728411534
|switch|p1a: Salamence|Salamence, F|100/100
|-ability|p1a: Salamence|Intimidate|boost
|-unboost|p2a: Celebi|atk|1
|move|p2a: Celebi|Hidden Power|p1a: Salamence
|-resisted|p1a: Salamence
|-damage|p1a: Salamence|89/100
|
|-weather|Sandstorm|[upkeep]
|-damage|p2a: Celebi|94/100|[from] Sandstorm
|-damage|p1a: Salamence|83/100|[from] Sandstorm
|-heal|p2a: Celebi|100/100|[from] item: Leftovers
|-heal|p1a: Salamence|89/100|[from] item: Leftovers
|upkeep
|turn|3
|inactive|CCGeek has 270 seconds left.
|
|t:|1728411566
|move|p2a: Celebi|Leech Seed|p1a: Salamence
|-start|p1a: Salamence|move: Leech Seed
|move|p1a: Salamence|Hidden Power|p2a: Celebi
|-supereffective|p2a: Celebi
|-damage|p2a: Celebi|35/100
|
|-weather|Sandstorm|[upkeep]
|-damage|p2a: Celebi|28/100|[from] Sandstorm
|-damage|p1a: Salamence|83/100|[from] Sandstorm
|-heal|p2a: Celebi|35/100|[from] item: Leftovers
|-heal|p1a: Salamence|89/100|[from] item: Leftovers
|-damage|p1a: Salamence|77/100|[from] Leech Seed|[of] p2a: Celebi
|-heal|p2a: Celebi|46/100|[silent]
|upkeep
|turn|4
|inactive|CCGeek has 270 seconds left.
|inactive|Dit Dus has 270 seconds left.
|
|t:|1728411593
|switch|p2a: Tyranitar|Tyranitar, F|100/100
|switch|p1a: Magneton|Magneton|100/100
|
|-weather|Sandstorm|[upkeep]
|upkeep
|turn|5
|inactive|Dit Dus has 270 seconds left.
|
|t:|1728411604
|switch|p1a: Metagross|Metagross|100/100
|move|p2a: Tyranitar|Dragon Dance|p2a: Tyranitar
|-boost|p2a: Tyranitar|atk|1
|-boost|p2a: Tyranitar|spe|1
|
|-weather|Sandstorm|[upkeep]
|upkeep
|turn|6
|
|t:|1728411613
|move|p2a: Tyranitar|Rock Slide|p1a: Metagross
|-resisted|p1a: Metagross
|-damage|p1a: Metagross|79/100
|move|p1a: Metagross|Meteor Mash|p2a: Tyranitar
|-supereffective|p2a: Tyranitar
|-damage|p2a: Tyranitar|0 fnt
|faint|p2a: Tyranitar
|
|t:|1728411621
|switch|p2a: Salamence|Salamence, M|100/100
|-ability|p2a: Salamence|Intimidate|boost
|-fail|p1a: Metagross|unboost|[from] ability: Clear Body|[of] p1a: Metagross
|
|-weather|Sandstorm|[upkeep]
|-damage|p2a: Salamence|94/100|[from] Sandstorm
|-heal|p2a: Salamence|100/100|[from] item: Leftovers
|-heal|p1a: Metagross|85/100|[from] item: Leftovers
|upkeep
|turn|7
|inactive|CCGeek has 270 seconds left.
|inactive|Dit Dus has 270 seconds left.
|
|t:|1728411660
|switch|p1a: Gyarados|Gyarados, F|100/100
|-ability|p1a: Gyarados|Intimidate|boost
|-unboost|p2a: Salamence|atk|1
|move|p2a: Salamence|Fire Blast|p1a: Gyarados
|-resisted|p1a: Gyarados
|-damage|p1a: Gyarados|80/100
|
|-weather|Sandstorm|[upkeep]
|-damage|p2a: Salamence|94/100|[from] Sandstorm
|-damage|p1a: Gyarados|74/100|[from] Sandstorm
|-heal|p2a: Salamence|100/100|[from] item: Leftovers
|-heal|p1a: Gyarados|80/100|[from] item: Leftovers
|upkeep
|turn|8
|inactive|CCGeek has 270 seconds left.
|
|t:|1728411696
|move|p2a: Salamence|Dragon Claw|p1a: Gyarados
|-damage|p1a: Gyarados|41/100
|move|p1a: Gyarados|Thunder Wave|p2a: Salamence
|-status|p2a: Salamence|par
|
|-weather|Sandstorm|[upkeep]
|-damage|p1a: Gyarados|35/100|[from] Sandstorm
|-damage|p2a: Salamence|94/100 par|[from] Sandstorm
|-heal|p1a: Gyarados|41/100|[from] item: Leftovers
|-heal|p2a: Salamence|100/100 par|[from] item: Leftovers
|upkeep
|turn|9
|inactive|Dit Dus has 240 seconds left.
|
|t:|1728411733
|move|p1a: Gyarados|Hidden Power|p2a: Salamence
|-crit|p2a: Salamence
|-damage|p2a: Salamence|9/100 par
|move|p2a: Salamence|Dragon Claw|p1a: Gyarados
|-damage|p1a: Gyarados|3/100
|
|-weather|Sandstorm|[upkeep]
|-damage|p1a: Gyarados|0 fnt|[from] Sandstorm
|-damage|p2a: Salamence|3/100 par|[from] Sandstorm
|faint|p1a: Gyarados
|-heal|p2a: Salamence|9/100 par|[from] item: Leftovers
|upkeep
|inactive|Dit Dus has 210 seconds left.
|
|t:|1728411781
|switch|p1a: Salamence|Salamence, F|77/100
|-ability|p1a: Salamence|Intimidate|boost
|-unboost|p2a: Salamence|atk|1
|turn|10
|
|t:|1728411789
|move|p1a: Salamence|Hidden Power|p2a: Salamence
|-damage|p2a: Salamence|0 fnt
|faint|p2a: Salamence
|
|t:|1728411795
|switch|p2a: Aerodactyl|Aerodactyl, M|100/100
|
|-weather|Sandstorm|[upkeep]
|-damage|p1a: Salamence|71/100|[from] Sandstorm
|-heal|p1a: Salamence|77/100|[from] item: Leftovers
|upkeep
|turn|11
|inactive|Dit Dus has 210 seconds left.
|
|t:|1728411807
|switch|p1a: Magneton|Magneton|100/100
|move|p2a: Aerodactyl|Earthquake|p1a: Magneton
|-supereffective|p1a: Magneton
|-damage|p1a: Magneton|0 fnt
|faint|p1a: Magneton
|
|t:|1728411814
|switch|p1a: Salamence|Salamence, F|77/100
|-ability|p1a: Salamence|Intimidate|boost
|-unboost|p2a: Aerodactyl|atk|1
|
|-weather|Sandstorm|[upkeep]
|-damage|p1a: Salamence|71/100|[from] Sandstorm
|-heal|p1a: Salamence|77/100|[from] item: Leftovers
|upkeep
|turn|12
|inactive|Dit Dus has 210 seconds left.
|
|t:|1728411821
|switch|p2a: Skarmory|Skarmory, M|100/100
|move|p1a: Salamence|Dragon Dance|p1a: Salamence
|-boost|p1a: Salamence|atk|1
|-boost|p1a: Salamence|spe|1
|
|-weather|Sandstorm|[upkeep]
|-damage|p1a: Salamence|71/100|[from] Sandstorm
|-heal|p1a: Salamence|77/100|[from] item: Leftovers
|upkeep
|turn|13
|inactive|CCGeek has 270 seconds left.
|
|t:|1728411844
|move|p1a: Salamence|Rock Slide|p2a: Skarmory
|-damage|p2a: Skarmory|65/100
|move|p2a: Skarmory|Roar|p1a: Salamence
|drag|p1a: Snorlax|Snorlax, F|100/100
|
|-weather|Sandstorm|[upkeep]
|-damage|p1a: Snorlax|94/100|[from] Sandstorm
|-heal|p2a: Skarmory|71/100|[from] item: Leftovers
|-heal|p1a: Snorlax|100/100|[from] item: Leftovers
|upkeep
|turn|14
|inactive|CCGeek has 270 seconds left.
|
|t:|1728411856
|move|p2a: Skarmory|Spikes|p1a: Snorlax
|-sidestart|p1: Dit Dus|Spikes
|move|p1a: Snorlax|Body Slam|p2a: Skarmory
|-resisted|p2a: Skarmory
|-damage|p2a: Skarmory|54/100
|-status|p2a: Skarmory|par
|
|-weather|Sandstorm|[upkeep]
|-damage|p1a: Snorlax|94/100|[from] Sandstorm
|-heal|p1a: Snorlax|100/100|[from] item: Leftovers
|-heal|p2a: Skarmory|60/100 par|[from] item: Leftovers
|upkeep
|turn|15
|inactive|CCGeek has 270 seconds left.
|inactive|Dit Dus has 210 seconds left.
|
|t:|1728411877
|move|p1a: Snorlax|Body Slam|p2a: Skarmory
|-resisted|p2a: Skarmory
|-damage|p2a: Skarmory|45/100 par
|move|p2a: Skarmory|Spikes|p1a: Snorlax
|-sidestart|p1: Dit Dus|Spikes
|
|-weather|Sandstorm|[upkeep]
|-damage|p1a: Snorlax|94/100|[from] Sandstorm
|-heal|p1a: Snorlax|100/100|[from] item: Leftovers
|-heal|p2a: Skarmory|51/100 par|[from] item: Leftovers
|upkeep
|turn|16
|inactive|Dit Dus has 210 seconds left.
|
|t:|1728411887
|move|p1a: Snorlax|Self-Destruct|p2a: Skarmory
|-resisted|p2a: Skarmory
|-damage|p2a: Skarmory|0 fnt
|faint|p1a: Snorlax
|faint|p2a: Skarmory
|inactive|Dit Dus has 210 seconds left.
|inactive|CCGeek has 270 seconds left.
|inactive|CCGeek has 240 seconds left.
|
|t:|1728411954
|switch|p2a: Celebi|Celebi|46/100
|switch|p1a: Marowak|Marowak, F|100/100
|-damage|p1a: Marowak|84/100|[from] Spikes
|
|-weather|Sandstorm|[upkeep]
|-damage|p2a: Celebi|40/100|[from] Sandstorm
|-heal|p2a: Celebi|46/100|[from] item: Leftovers
|upkeep
|turn|17
|inactive|Dit Dus has 210 seconds left.
|
|t:|1728411972
|move|p2a: Celebi|Leech Seed|p1a: Marowak
|-start|p1a: Marowak|move: Leech Seed
|move|p1a: Marowak|Rock Slide|p2a: Celebi
|-damage|p2a: Celebi|8/100
|
|-weather|Sandstorm|[upkeep]
|-damage|p2a: Celebi|2/100|[from] Sandstorm
|-heal|p2a: Celebi|8/100|[from] item: Leftovers
|-damage|p1a: Marowak|72/100|[from] Leech Seed|[of] p2a: Celebi
|-heal|p2a: Celebi|16/100|[silent]
|upkeep
|turn|18
|inactive|Dit Dus has 210 seconds left.
|inactive|CCGeek has 210 seconds left.
|
|t:|1728411999
|move|p2a: Celebi|Giga Drain|p1a: Marowak
|-supereffective|p1a: Marowak
|-damage|p1a: Marowak|0 fnt
|-heal|p2a: Celebi|40/100|[from] drain|[of] p1a: Marowak
|faint|p1a: Marowak
|
|t:|1728412006
|switch|p1a: Salamence|Salamence, F|77/100
|-ability|p1a: Salamence|Intimidate|boost
|-unboost|p2a: Celebi|atk|1
|
|-weather|Sandstorm|[upkeep]
|-damage|p2a: Celebi|34/100|[from] Sandstorm
|-damage|p1a: Salamence|71/100|[from] Sandstorm
|-heal|p2a: Celebi|40/100|[from] item: Leftovers
|-heal|p1a: Salamence|77/100|[from] item: Leftovers
|upkeep
|turn|19
|
|t:|1728412018
|move|p2a: Celebi|Psychic|p1a: Salamence
|-damage|p1a: Salamence|34/100
|move|p1a: Salamence|Dragon Dance|p1a: Salamence
|-boost|p1a: Salamence|atk|1
|-boost|p1a: Salamence|spe|1
|
|-weather|Sandstorm|[upkeep]
|-damage|p1a: Salamence|28/100|[from] Sandstorm
|-damage|p2a: Celebi|34/100|[from] Sandstorm
|-heal|p1a: Salamence|34/100|[from] item: Leftovers
|-heal|p2a: Celebi|40/100|[from] item: Leftovers
|upkeep
|turn|20
|
|t:|1728412028
|move|p1a: Salamence|Hidden Power|p2a: Celebi
|-supereffective|p2a: Celebi
|-damage|p2a: Celebi|0 fnt
|faint|p2a: Celebi
|
|t:|1728412040
|switch|p2a: Swampert|Swampert, M|100/100
|
|-weather|Sandstorm|[upkeep]
|-damage|p1a: Salamence|28/100|[from] Sandstorm
|-heal|p1a: Salamence|34/100|[from] item: Leftovers
|upkeep
|turn|21
|inactive|Dit Dus has 210 seconds left.
|
|t:|1728412053
|move|p1a: Salamence|Hidden Power|p2a: Swampert
|-damage|p2a: Swampert|53/100
|move|p2a: Swampert|Ice Beam|p1a: Salamence
|-supereffective|p1a: Salamence
|-damage|p1a: Salamence|0 fnt
|faint|p1a: Salamence
|
|t:|1728412073
|switch|p1a: Metagross|Metagross|85/100
|-damage|p1a: Metagross|68/100|[from] Spikes
|
|-weather|Sandstorm|[upkeep]
|-heal|p1a: Metagross|74/100|[from] item: Leftovers
|-heal|p2a: Swampert|59/100|[from] item: Leftovers
|upkeep
|turn|22
|
|t:|1728412084
|move|p1a: Metagross|Earthquake|p2a: Swampert
|-damage|p2a: Swampert|32/100
|move|p2a: Swampert|Earthquake|p1a: Metagross
|-supereffective|p1a: Metagross
|-damage|p1a: Metagross|15/100
|
|-weather|Sandstorm|[upkeep]
|-heal|p1a: Metagross|22/100|[from] item: Leftovers
|-heal|p2a: Swampert|39/100|[from] item: Leftovers
|upkeep
|turn|23
|inactive|CCGeek has 240 seconds left.
|
|t:|1728412093
|move|p1a: Metagross|Earthquake|p2a: Swampert
|-damage|p2a: Swampert|12/100
|move|p2a: Swampert|Earthquake|p1a: Metagross
|-supereffective|p1a: Metagross
|-damage|p1a: Metagross|0 fnt
|faint|p1a: Metagross
|
|win|CCGeek
|c|☆CCGeek|gg
|c|☆Dit Dus|gg
|player|p1|

</script>
<script type="application/json" class="data" id="replaydata-smogtours-gen3ou-796430">
{"id":"smogtours-gen3ou-796430","format":"[Gen 3] OU","players":["Dit Dus","CCGeek"],"uploadtime":1728412093,"views":128,"formatid":"gen3ou","rating":null,"private":0,"password":null}
</script>

<script defer src="js/replays.js?9d40a366"></script>
