<!DOCTYPE html>
<meta charset="utf-8" />
<meta name="viewport" content="width=device-width" />

<title>[Gen 3] OU: Pak vs. OOF_MAXIMA - Replays - Pok&eacute;mon Showdown!</title>

<meta name="description" content="Watch a replay of a Pok&eacute;mon battle between Pak and OOF_MAXIMA! Format: [Gen 3] OU; Date: Nov 12, 2024" />
<!--

Hey, you! Looking in the source for the replay log?

You can find them in JSON format, just add `.json` at the end of a replay URL.

https://replay.pokemonshowdown.com/gen7randomdoublesbattle-865046831.json

Or, if you only need the log itself, add `.log` instead:

https://replay.pokemonshowdown.com/gen7randomdoublesbattle-865046831.log

-->

<link rel="stylesheet" href="//pokemonshowdown.com/style/global.css?0.767286132409787" />
<link rel="stylesheet" href="//play.pokemonshowdown.com/style/font-awesome.css?0.9266228007934947" />
<link rel="stylesheet" href="//play.pokemonshowdown.com/style/battle.css?0.7924700842790926" />
<link rel="stylesheet" href="//play.pokemonshowdown.com/style/utilichart.css?0.8777417872839479" />

<!-- Global site tag (gtag.js) - Google Analytics -->
<script async src="https://www.googletagmanager.com/gtag/js?id=UA-26211653-1"></script>
<script>
  window.dataLayer = window.dataLayer || [];
  function gtag(){dataLayer.push(arguments);}
  gtag('js', new Date());

  gtag('config', 'UA-26211653-1');
</script>
<!-- End Google Analytics -->
<!-- Venatus Ad Manager - Install in <HEAD> of page -->
	<script src="https://hb.vntsm.com/v3/live/ad-manager.min.js" type="text/javascript" data-site-id="642aba63ec9a7b11c3c9c1be" data-mode="scan" async></script>
<!-- / Venatus Ad Manager -->

<style>
	@media (max-width:820px) {
		.battle {
			margin: 0 auto;
		}
		.battle-log {
			margin: 7px auto 0;
			max-width: 640px;
			height: 300px;
			position: static;
		}
	}
	.optgroup {
		display: inline-block;
		line-height: 22px;
		font-size: 10pt;
	}
	.optgroup .button {
		height: 25px;
		padding-top: 0;
		padding-bottom: 0;
	}
	.optgroup button.button {
		padding-left: 12px;
		padding-right: 12px;
	}
	.linklist {
		list-style: none;
		margin: 0.5em 0;
		padding: 0;
	}
	.linklist li {
		padding: 2px 0;
	}
	.sidebar {
		float: left;
		width: 320px;
	}
	.bar-wrapper {
		max-width: 1100px;
		margin: 0 auto;
	}
	.bar-wrapper.has-sidebar {
		max-width: 1430px;
	}
	.mainbar {
		margin: 0;
		padding-right: 1px;
	}
	.mainbar.has-sidebar {
		margin-left: 330px;
	}
	@media (min-width: 1511px) {
		.sidebar {
			width: 400px;
		}
		.bar-wrapper.has-sidebar {
			max-width: 1510px;
		}
		.mainbar.has-sidebar {
			margin-left: 410px;
		}
	}
	.section.first-section {
		margin-top: 9px;
	}
	.blocklink small {
		white-space: normal;
	}
	.button {
		vertical-align: middle;
	}
	.replay-controls {
		padding-top: 10px;
	}
	.replay-controls h1 {
		font-size: 16pt;
		font-weight: normal;
		color: #CCC;
	}
	.pagelink {
		text-align: center;
	}
	.pagelink a {
		width: 150px;
	}
	.textbox, .button {
		font-size: 11pt;
		vertical-align: middle;
	}
	@media (max-width: 450px) {
		.button {
			font-size: 9pt;
		}
	}
</style>

<div>

	<header>
		<div class="nav-wrapper"><ul class="nav">
			<li><a class="button nav-first" href="//pokemonshowdown.com/"><img src="//pokemonshowdown.com/images/pokemonshowdownbeta.png" srcset="//pokemonshowdown.com/images/pokemonshowdownbeta.png 1x, //pokemonshowdown.com/images/pokemonshowdownbeta@2x.png 2x" alt="Pok&eacute;mon Showdown" width="146" height="44" /> Home</a></li>
			<li><a class="button" href="//pokemonshowdown.com/dex/">Pok&eacute;dex</a></li>
			<li><a class="button cur" href="/">Replays</a></li>
			<li><a class="button" href="//pokemonshowdown.com/ladder/">Ladder</a></li>
			<li><a class="button nav-last" href="//pokemonshowdown.com/forums/">Forum</a></li>
			<li><a class="button greenbutton nav-first nav-last" href="//play.pokemonshowdown.com/">Play</a></li>
		</ul></div>
	</header>

	<div class="main" id="main">

		<noscript><section class="section">You need to enable JavaScript to use this page; sorry!</section></noscript>

	</div>

</div>

<script defer nomodule src="//play.pokemonshowdown.com/js/lib/ps-polyfill.js"></script>
<script defer src="//play.pokemonshowdown.com/js/lib/preact.min.js"></script>

<script defer src="//play.pokemonshowdown.com/config/config.js?6dec07f6"></script>
<script defer src="//play.pokemonshowdown.com/js/lib/jquery-1.11.0.min.js"></script>
<script defer src="//play.pokemonshowdown.com/js/lib/html-sanitizer-minified.js"></script>
<script defer src="//play.pokemonshowdown.com/js/battle-sound.js"></script>
<script defer src="//play.pokemonshowdown.com/js/battledata.js?0.6315294753075389"></script>
<script defer src="//play.pokemonshowdown.com/data/pokedex-mini.js?0.7603743185311358"></script>
<script defer src="//play.pokemonshowdown.com/data/pokedex-mini-bw.js?0.030888842834281283"></script>
<script defer src="//play.pokemonshowdown.com/data/graphics.js?0.05593094747507488"></script>
<script defer src="//play.pokemonshowdown.com/data/pokedex.js?0.47064822249611904"></script>
<script defer src="//play.pokemonshowdown.com/data/moves.js?0.8583693120512459"></script>
<script defer src="//play.pokemonshowdown.com/data/abilities.js?0.16017181182386842"></script>
<script defer src="//play.pokemonshowdown.com/data/items.js?0.4163379185673943"></script>
<script defer src="//play.pokemonshowdown.com/data/teambuilder-tables.js?0.31075597372830477"></script>
<script defer src="//play.pokemonshowdown.com/js/battle-tooltips.js?0.6536193500708172"></script>
<script defer src="//play.pokemonshowdown.com/js/battle.js?0.1916591943277901"></script>

<script defer src="js/utils.js?e31f9a17"></script>
<script defer src="js/replays-battle.js?7008c182"></script>

<!-- don't scrape this data! just add .json or .log after the URL!
Full API docs: https://github.com/smogon/pokemon-showdown-client/blob/master/WEB-API.md -->
<script type="text/plain" class="log" id="replaylog-smogtours-gen3ou-806114">
|inactive|Battle timer is ON: inactive players will automatically lose when time's up.
|t:|1731451731
|gametype|singles
|player|p1|Pak|#pak|
|player|p2|OOF_MAXIMA|cress|
|teamsize|p1|6
|teamsize|p2|6
|gen|3
|tier|[Gen 3] OU
|rule|Sleep Clause Mod: Limit one foe put to sleep
|rule|Switch Priority Clause Mod: Faster Pokémon switch first
|rule|Species Clause: Limit one of each Pokémon
|rule|OHKO Clause: OHKO moves are banned
|rule|Evasion Items Clause: Evasion items are banned
|rule|Evasion Moves Clause: Evasion moves are banned
|rule|Endless Battle Clause: Forcing endless battles is banned
|rule|HP Percentage Mod: HP is shown in percentages
|rule|One Boost Passer Clause: Limit one Baton Passer that has a way to boost its stats
|rule|Freeze Clause Mod: Limit one foe frozen
|
|t:|1731451731
|start
|switch|p1a: Skarmory|Skarmory, M|100/100
|switch|p2a: dragon goober|Salamence, M|100/100
|-ability|p2a: dragon goober|Intimidate|boost
|-unboost|p1a: Skarmory|atk|1
|turn|1
|c|☆Pak|hf
|c|☆OOF_MAXIMA|gl hf v3
|inactive|OOF_MAXIMA has 270 seconds left.
|
|t:|1731451761
|switch|p1a: Suicune|Suicune|100/100
|move|p2a: dragon goober|Wish|p2a: dragon goober
|
|upkeep
|turn|2
|
|t:|1731451771
|switch|p2a: mom goober|Blissey, F|100/100
|switch|p1a: Skarmory|Skarmory, M|100/100
|
|upkeep
|turn|3
|
|t:|1731451776
|move|p1a: Skarmory|Spikes|p2a: mom goober
|-sidestart|p2: OOF_MAXIMA|Spikes
|move|p2a: mom goober|Thunder Wave|p1a: Skarmory
|-status|p1a: Skarmory|par
|
|upkeep
|turn|4
|
|t:|1731451779
|switch|p2a: magnet goober|Magneton|100/100
|-damage|p2a: magnet goober|88/100|[from] Spikes
|move|p1a: Skarmory|Spikes|p2a: magnet goober
|-sidestart|p2: OOF_MAXIMA|Spikes
|
|upkeep
|turn|5
|
|t:|1731451784
|move|p2a: magnet goober|Thunderbolt|p1a: Skarmory
|-supereffective|p1a: Skarmory
|-crit|p1a: Skarmory
|-damage|p1a: Skarmory|0 fnt
|faint|p1a: Skarmory
|
|t:|1731451795
|switch|p1a: Claydol|Claydol|100/100
|
|upkeep
|turn|6
|inactive|OOF_MAXIMA has 270 seconds left.
|
|t:|1731451836
|switch|p2a: dragon goober|Salamence, M|100/100
|-ability|p2a: dragon goober|Intimidate|boost
|-unboost|p1a: Claydol|atk|1
|move|p1a: Claydol|Earthquake|p2a: dragon goober
|-immune|p2a: dragon goober
|
|upkeep
|turn|7
|
|t:|1731451848
|switch|p1a: Gengar|Gengar, F|100/100
|move|p2a: dragon goober|Hidden Power|p1a: Gengar
|-damage|p1a: Gengar|29/100
|
|-heal|p1a: Gengar|35/100|[from] item: Leftovers
|upkeep
|turn|8
|
|t:|1731451856
|switch|p2a: metal goober|Metagross|100/100
|-damage|p2a: metal goober|84/100|[from] Spikes
|move|p1a: Gengar|Ice Punch|p2a: metal goober
|-resisted|p2a: metal goober
|-damage|p2a: metal goober|69/100
|
|-heal|p1a: Gengar|42/100|[from] item: Leftovers
|-heal|p2a: metal goober|75/100|[from] item: Leftovers
|upkeep
|turn|9
|inactive|OOF_MAXIMA has 270 seconds left.
|inactive|OOF_MAXIMA has 240 seconds left.
|
|t:|1731451914
|switch|p1a: Suicune|Suicune|100/100
|move|p2a: metal goober|Psychic|p1a: Suicune
|-damage|p1a: Suicune|69/100
|
|-heal|p1a: Suicune|75/100|[from] item: Leftovers
|-heal|p2a: metal goober|82/100|[from] item: Leftovers
|upkeep
|turn|10
|inactive|OOF_MAXIMA has 240 seconds left.
|
|t:|1731451926
|move|p1a: Suicune|Surf|p2a: metal goober
|-damage|p2a: metal goober|29/100
|move|p2a: metal goober|Psychic|p1a: Suicune
|-damage|p1a: Suicune|42/100
|-unboost|p1a: Suicune|spd|1
|
|-heal|p1a: Suicune|49/100|[from] item: Leftovers
|-heal|p2a: metal goober|35/100|[from] item: Leftovers
|upkeep
|turn|11
|inactive|OOF_MAXIMA has 240 seconds left.
|
|t:|1731451936
|switch|p2a: mom goober|Blissey, F|100/100
|-damage|p2a: mom goober|84/100|[from] Spikes
|move|p1a: Suicune|Surf|p2a: mom goober
|-damage|p2a: mom goober|66/100
|
|-heal|p1a: Suicune|55/100|[from] item: Leftovers
|-heal|p2a: mom goober|72/100|[from] item: Leftovers
|upkeep
|turn|12
|inactive|OOF_MAXIMA has 240 seconds left.
|
|t:|1731451952
|move|p1a: Suicune|Rest|p1a: Suicune
|-status|p1a: Suicune|slp|[from] move: Rest
|-heal|p1a: Suicune|100/100 slp|[silent]
|move|p2a: mom goober|Thunder Wave||[still]
|-fail|p2a: mom goober
|
|-heal|p2a: mom goober|78/100|[from] item: Leftovers
|upkeep
|turn|13
|inactive|OOF_MAXIMA has 240 seconds left.
|
|t:|1731451958
|switch|p2a: magnet goober|Magneton|88/100
|-damage|p2a: magnet goober|72/100|[from] Spikes
|cant|p1a: Suicune|slp
|
|upkeep
|turn|14
|
|t:|1731451962
|switch|p1a: Claydol|Claydol|100/100
|move|p2a: magnet goober|Thunderbolt|p1a: Claydol
|-immune|p1a: Claydol
|
|upkeep
|turn|15
|
|t:|1731451970
|switch|p1a: Gengar|Gengar, F|42/100
|switch|p2a: dragon goober|Salamence, M|100/100
|-ability|p2a: dragon goober|Intimidate|boost
|-unboost|p1a: Gengar|atk|1
|
|-heal|p1a: Gengar|48/100|[from] item: Leftovers
|upkeep
|turn|16
|inactive|OOF_MAXIMA has 240 seconds left.
|
|t:|1731452005
|switch|p2a: mom goober|Blissey, F|78/100
|-damage|p2a: mom goober|61/100|[from] Spikes
|move|p1a: Gengar|Ice Punch|p2a: mom goober
|-damage|p2a: mom goober|50/100
|
|-heal|p1a: Gengar|54/100|[from] item: Leftovers
|-heal|p2a: mom goober|56/100|[from] item: Leftovers
|upkeep
|turn|17
|inactive|OOF_MAXIMA has 240 seconds left.
|
|t:|1731452018
|switch|p1a: Suicune|Suicune|100/100 slp
|switch|p2a: dragon goober|Salamence, M|100/100
|-ability|p2a: dragon goober|Intimidate|boost
|-unboost|p1a: Suicune|atk|1
|
|upkeep
|turn|18
|
|t:|1731452028
|move|p2a: dragon goober|Wish|p2a: dragon goober
|cant|p1a: Suicune|slp
|
|upkeep
|turn|19
|
|t:|1731452036
|switch|p2a: mom goober|Blissey, F|56/100
|-damage|p2a: mom goober|39/100|[from] Spikes
|-curestatus|p1a: Suicune|slp|[msg]
|move|p1a: Suicune|Surf|p2a: mom goober
|-damage|p2a: mom goober|21/100
|
|-heal|p2a: mom goober|71/100|[from] move: Wish|[wisher] dragon goober
|-heal|p2a: mom goober|77/100|[from] item: Leftovers
|upkeep
|turn|20
|
|t:|1731452040
|move|p1a: Suicune|Calm Mind|p1a: Suicune
|-boost|p1a: Suicune|spa|1
|-boost|p1a: Suicune|spd|1
|move|p2a: mom goober|Thunder Wave|p1a: Suicune
|-status|p1a: Suicune|par
|
|-heal|p2a: mom goober|83/100|[from] item: Leftovers
|upkeep
|turn|21
|
|t:|1731452043
|move|p2a: mom goober|Seismic Toss|p1a: Suicune
|-damage|p1a: Suicune|76/100 par
|move|p1a: Suicune|Calm Mind|p1a: Suicune
|-boost|p1a: Suicune|spa|1
|-boost|p1a: Suicune|spd|1
|
|-heal|p2a: mom goober|89/100|[from] item: Leftovers
|-heal|p1a: Suicune|82/100 par|[from] item: Leftovers
|upkeep
|turn|22
|
|t:|1731452048
|move|p2a: mom goober|Seismic Toss|p1a: Suicune
|-damage|p1a: Suicune|57/100 par
|move|p1a: Suicune|Rest|p1a: Suicune
|-status|p1a: Suicune|slp|[from] move: Rest
|-heal|p1a: Suicune|100/100 slp|[silent]
|
|-heal|p2a: mom goober|96/100|[from] item: Leftovers
|upkeep
|turn|23
|
|t:|1731452052
|switch|p2a: silly goober|Claydol|100/100
|cant|p1a: Suicune|slp
|move|p1a: Suicune|Sleep Talk|p1a: Suicune
|move|p1a: Suicune|Rest|p1a: Suicune|[from]Sleep Talk
|
|upkeep
|turn|24
|
|t:|1731452060
|switch|p1a: Gengar|Gengar, F|54/100
|move|p2a: silly goober|Rapid Spin|p1a: Gengar
|-immune|p1a: Gengar
|
|-heal|p1a: Gengar|60/100|[from] item: Leftovers
|upkeep
|turn|25
|
|t:|1731452066
|switch|p1a: Regice|Regice|100/100
|move|p2a: silly goober|Psychic|p1a: Regice
|-damage|p1a: Regice|88/100
|
|-heal|p1a: Regice|94/100|[from] item: Leftovers
|upkeep
|turn|26
|
|t:|1731452069
|move|p2a: silly goober|Rapid Spin|p1a: Regice
|-damage|p1a: Regice|89/100
|-sideend|p2: OOF_MAXIMA|Spikes|[from] move: Rapid Spin|[of] p2a: silly goober
|move|p1a: Regice|Ice Beam|p2a: silly goober
|-supereffective|p2a: silly goober
|-damage|p2a: silly goober|21/100
|
|-heal|p2a: silly goober|28/100|[from] item: Leftovers
|-heal|p1a: Regice|96/100|[from] item: Leftovers
|upkeep
|turn|27
|
|t:|1731452078
|switch|p2a: magnet goober|Magneton|72/100
|switch|p1a: Suicune|Suicune|100/100 slp
|
|upkeep
|turn|28
|inactive|OOF_MAXIMA has 270 seconds left.
|
|t:|1731452131
|switch|p2a: metal goober|Metagross|35/100
|switch|p1a: Claydol|Claydol|100/100
|
|-heal|p2a: metal goober|41/100|[from] item: Leftovers
|upkeep
|turn|29
|
|t:|1731452150
|switch|p1a: Suicune|Suicune|100/100 slp
|switch|p2a: silly goober|Claydol|28/100
|
|-heal|p2a: silly goober|34/100|[from] item: Leftovers
|upkeep
|turn|30
|
|t:|1731452164
|switch|p2a: mom goober|Blissey, F|96/100
|cant|p1a: Suicune|slp
|move|p1a: Suicune|Sleep Talk|p1a: Suicune
|move|p1a: Suicune|Calm Mind|p1a: Suicune|[from]Sleep Talk
|-boost|p1a: Suicune|spa|1
|-boost|p1a: Suicune|spd|1
|
|-heal|p2a: mom goober|100/100|[from] item: Leftovers
|upkeep
|turn|31
|
|t:|1731452168
|cant|p1a: Suicune|slp
|move|p1a: Suicune|Sleep Talk|p1a: Suicune
|move|p1a: Suicune|Calm Mind|p1a: Suicune|[from]Sleep Talk
|-boost|p1a: Suicune|spa|1
|-boost|p1a: Suicune|spd|1
|move|p2a: mom goober|Thunder Wave||[still]
|-fail|p2a: mom goober
|
|upkeep
|turn|32
|
|t:|1731452185
|-curestatus|p1a: Suicune|slp|[msg]
|move|p1a: Suicune|Calm Mind|p1a: Suicune
|-boost|p1a: Suicune|spa|1
|-boost|p1a: Suicune|spd|1
|move|p2a: mom goober|Thunder Wave|p1a: Suicune
|-status|p1a: Suicune|par
|
|upkeep
|turn|33
|
|t:|1731452194
|move|p2a: mom goober|Soft-Boiled||[still]
|-fail|p2a: mom goober|heal
|move|p1a: Suicune|Surf|p2a: mom goober
|-damage|p2a: mom goober|59/100
|
|-heal|p2a: mom goober|65/100|[from] item: Leftovers
|upkeep
|turn|34
|
|t:|1731452199
|move|p2a: mom goober|Seismic Toss|p1a: Suicune
|-damage|p1a: Suicune|76/100 par
|move|p1a: Suicune|Surf|p2a: mom goober
|-damage|p2a: mom goober|20/100
|
|-heal|p2a: mom goober|26/100|[from] item: Leftovers
|-heal|p1a: Suicune|82/100 par|[from] item: Leftovers
|upkeep
|turn|35
|
|t:|1731452203
|move|p2a: mom goober|Soft-Boiled|p2a: mom goober
|-heal|p2a: mom goober|76/100
|move|p1a: Suicune|Rest|p1a: Suicune
|-status|p1a: Suicune|slp|[from] move: Rest
|-heal|p1a: Suicune|100/100 slp|[silent]
|
|-heal|p2a: mom goober|82/100|[from] item: Leftovers
|upkeep
|turn|36
|
|t:|1731452214
|switch|p2a: metal goober|Metagross|41/100
|cant|p1a: Suicune|slp
|move|p1a: Suicune|Sleep Talk|p1a: Suicune
|move|p1a: Suicune|Calm Mind|p1a: Suicune|[from]Sleep Talk
|-boost|p1a: Suicune|spa|1
|-boost|p1a: Suicune|spd|1
|
|-heal|p2a: metal goober|47/100|[from] item: Leftovers
|upkeep
|turn|37
|inactive|OOF_MAXIMA has 270 seconds left.
|
|t:|1731452246
|switch|p1a: Claydol|Claydol|100/100
|move|p2a: metal goober|Explosion|p1a: Claydol
|-damage|p1a: Claydol|0 fnt
|faint|p2a: metal goober
|faint|p1a: Claydol
|inactive|OOF_MAXIMA has 270 seconds left.
|
|t:|1731452256
|switch|p1a: Gengar|Gengar, F|60/100
|switch|p2a: fat goober|Snorlax, M|100/100
|
|-heal|p1a: Gengar|66/100|[from] item: Leftovers
|upkeep
|turn|38
|
|t:|1731452271
|switch|p1a: Metagross|Metagross|100/100
|move|p2a: fat goober|Curse|p2a: fat goober
|-unboost|p2a: fat goober|spe|1
|-boost|p2a: fat goober|atk|1
|-boost|p2a: fat goober|def|1
|
|upkeep
|turn|39
|
|t:|1731452276
|move|p1a: Metagross|Meteor Mash|p2a: fat goober
|-damage|p2a: fat goober|69/100
|move|p2a: fat goober|Earthquake|p1a: Metagross
|-supereffective|p1a: Metagross
|-damage|p1a: Metagross|33/100
|
|-heal|p1a: Metagross|39/100|[from] item: Leftovers
|-heal|p2a: fat goober|75/100|[from] item: Leftovers
|upkeep
|turn|40
|
|t:|1731452286
|switch|p1a: Gengar|Gengar, F|66/100
|switch|p2a: magnet goober|Magneton|72/100
|
|-heal|p1a: Gengar|72/100|[from] item: Leftovers
|upkeep
|turn|41
|
|t:|1731452299
|switch|p2a: mom goober|Blissey, F|82/100
|move|p1a: Gengar|Fire Punch|p2a: mom goober
|-damage|p2a: mom goober|72/100
|
|-heal|p1a: Gengar|78/100|[from] item: Leftovers
|-heal|p2a: mom goober|78/100|[from] item: Leftovers
|upkeep
|turn|42
|
|t:|1731452312
|switch|p1a: Suicune|Suicune|100/100 slp
|move|p2a: mom goober|Thunder Wave||[still]
|-fail|p2a: mom goober
|
|-heal|p2a: mom goober|84/100|[from] item: Leftovers
|upkeep
|turn|43
|
|t:|1731452320
|switch|p1a: Regice|Regice|96/100
|switch|p2a: magnet goober|Magneton|72/100
|
|-heal|p1a: Regice|100/100|[from] item: Leftovers
|upkeep
|turn|44
|inactive|OOF_MAXIMA has 270 seconds left.
|
|t:|1731452357
|move|p2a: magnet goober|Thunder Wave|p1a: Regice
|-status|p1a: Regice|par
|move|p1a: Regice|Thunder Wave|p2a: magnet goober
|-status|p2a: magnet goober|par
|
|upkeep
|turn|45
|inactive|OOF_MAXIMA has 270 seconds left.
|
|t:|1731452372
|switch|p2a: mom goober|Blissey, F|84/100
|move|p1a: Regice|Ice Beam|p2a: mom goober
|-damage|p2a: mom goober|65/100
|
|-heal|p2a: mom goober|71/100|[from] item: Leftovers
|upkeep
|turn|46
|
|t:|1731452391
|move|p2a: mom goober|Seismic Toss|p1a: Regice
|-damage|p1a: Regice|73/100 par
|move|p1a: Regice|Ice Beam|p2a: mom goober
|-damage|p2a: mom goober|54/100
|
|-heal|p2a: mom goober|60/100|[from] item: Leftovers
|-heal|p1a: Regice|79/100 par|[from] item: Leftovers
|upkeep
|turn|47
|
|t:|1731452396
|switch|p2a: magnet goober|Magneton|72/100 par
|move|p1a: Regice|Ice Beam|p2a: magnet goober
|-resisted|p2a: magnet goober
|-damage|p2a: magnet goober|31/100 par
|
|-heal|p1a: Regice|85/100 par|[from] item: Leftovers
|upkeep
|turn|48
|inactive|OOF_MAXIMA has 270 seconds left.
|
|t:|1731452403
|move|p2a: magnet goober|Thunderbolt|p1a: Regice
|-damage|p1a: Regice|55/100 par
|move|p1a: Regice|Ice Beam|p2a: magnet goober
|-resisted|p2a: magnet goober
|-damage|p2a: magnet goober|0 fnt
|faint|p2a: magnet goober
|
|t:|1731452405
|switch|p2a: mom goober|Blissey, F|60/100
|
|-heal|p2a: mom goober|66/100|[from] item: Leftovers
|-heal|p1a: Regice|61/100 par|[from] item: Leftovers
|upkeep
|turn|49
|
|t:|1731452409
|switch|p1a: Suicune|Suicune|100/100 slp
|move|p2a: mom goober|Seismic Toss|p1a: Suicune
|-damage|p1a: Suicune|76/100 slp
|
|-heal|p1a: Suicune|82/100 slp|[from] item: Leftovers
|-heal|p2a: mom goober|72/100|[from] item: Leftovers
|upkeep
|turn|50
|
|t:|1731452415
|cant|p1a: Suicune|slp
|move|p1a: Suicune|Sleep Talk|p1a: Suicune
|move|p1a: Suicune|Calm Mind|p1a: Suicune|[from]Sleep Talk
|-boost|p1a: Suicune|spa|1
|-boost|p1a: Suicune|spd|1
|move|p2a: mom goober|Seismic Toss|p1a: Suicune
|-damage|p1a: Suicune|57/100 slp
|
|-heal|p1a: Suicune|63/100 slp|[from] item: Leftovers
|-heal|p2a: mom goober|79/100|[from] item: Leftovers
|upkeep
|turn|51
|
|t:|1731452419
|cant|p1a: Suicune|slp
|move|p1a: Suicune|Sleep Talk|p1a: Suicune
|move|p1a: Suicune|Calm Mind|p1a: Suicune|[from]Sleep Talk
|-boost|p1a: Suicune|spa|1
|-boost|p1a: Suicune|spd|1
|move|p2a: mom goober|Thunder Wave||[still]
|-fail|p2a: mom goober
|
|-heal|p1a: Suicune|69/100 slp|[from] item: Leftovers
|-heal|p2a: mom goober|85/100|[from] item: Leftovers
|upkeep
|turn|52
|
|t:|1731452423
|-curestatus|p1a: Suicune|slp|[msg]
|move|p1a: Suicune|Rest|p1a: Suicune
|-status|p1a: Suicune|slp|[from] move: Rest
|-heal|p1a: Suicune|100/100 slp|[silent]
|move|p2a: mom goober|Thunder Wave||[still]
|-fail|p2a: mom goober
|
|-heal|p2a: mom goober|91/100|[from] item: Leftovers
|upkeep
|turn|53
|
|t:|1731452426
|switch|p2a: fat goober|Snorlax, M|75/100
|cant|p1a: Suicune|slp
|move|p1a: Suicune|Sleep Talk|p1a: Suicune
|move|p1a: Suicune|Calm Mind|p1a: Suicune|[from]Sleep Talk
|-boost|p1a: Suicune|spa|1
|-boost|p1a: Suicune|spd|1
|
|-heal|p2a: fat goober|82/100|[from] item: Leftovers
|upkeep
|turn|54
|
|t:|1731452429
|cant|p1a: Suicune|slp
|move|p1a: Suicune|Sleep Talk|p1a: Suicune
|move|p1a: Suicune|Surf|p2a: fat goober|[from]Sleep Talk
|-damage|p2a: fat goober|32/100
|move|p2a: fat goober|Curse|p2a: fat goober
|-unboost|p2a: fat goober|spe|1
|-boost|p2a: fat goober|atk|1
|-boost|p2a: fat goober|def|1
|
|-heal|p2a: fat goober|38/100|[from] item: Leftovers
|upkeep
|turn|55
|
|t:|1731452435
|-curestatus|p1a: Suicune|slp|[msg]
|move|p1a: Suicune|Surf|p2a: fat goober
|-damage|p2a: fat goober|0 fnt
|faint|p2a: fat goober
|c|☆OOF_MAXIMA|gg
|-message|OOF_MAXIMA forfeited.
|
|win|Pak

</script>
<script type="application/json" class="data" id="replaydata-smogtours-gen3ou-806114">
{"id":"smogtours-gen3ou-806114","format":"[Gen 3] OU","players":["Pak","OOF_MAXIMA"],"uploadtime":1731452440,"views":34,"formatid":"gen3ou","rating":null,"private":0,"password":null}
</script>

<script defer src="js/replays.js?9d40a366"></script>
