<!DOCTYPE html>
<meta charset="utf-8" />
<meta name="viewport" content="width=device-width" />

<title>[Gen 3] OU: xhoshi vs. triangles - Replays - Pok&eacute;mon Showdown!</title>

<meta name="description" content="Watch a replay of a Pok&eacute;mon battle between xhoshi and triangles! Format: [Gen 3] OU; Date: Nov 7, 2024" />
<!--

Hey, you! Looking in the source for the replay log?

You can find them in JSON format, just add `.json` at the end of a replay URL.

https://replay.pokemonshowdown.com/gen7randomdoublesbattle-865046831.json

Or, if you only need the log itself, add `.log` instead:

https://replay.pokemonshowdown.com/gen7randomdoublesbattle-865046831.log

-->

<link rel="stylesheet" href="//pokemonshowdown.com/style/global.css?0.023195364461161105" />
<link rel="stylesheet" href="//play.pokemonshowdown.com/style/font-awesome.css?0.13261647063804238" />
<link rel="stylesheet" href="//play.pokemonshowdown.com/style/battle.css?0.8753245789963631" />
<link rel="stylesheet" href="//play.pokemonshowdown.com/style/utilichart.css?0.8627959624976733" />

<!-- Global site tag (gtag.js) - Google Analytics -->
<script async src="https://www.googletagmanager.com/gtag/js?id=UA-26211653-1"></script>
<script>
  window.dataLayer = window.dataLayer || [];
  function gtag(){dataLayer.push(arguments);}
  gtag('js', new Date());

  gtag('config', 'UA-26211653-1');
</script>
<!-- End Google Analytics -->
<!-- Venatus Ad Manager - Install in <HEAD> of page -->
	<script src="https://hb.vntsm.com/v3/live/ad-manager.min.js" type="text/javascript" data-site-id="642aba63ec9a7b11c3c9c1be" data-mode="scan" async></script>
<!-- / Venatus Ad Manager -->

<style>
	@media (max-width:820px) {
		.battle {
			margin: 0 auto;
		}
		.battle-log {
			margin: 7px auto 0;
			max-width: 640px;
			height: 300px;
			position: static;
		}
	}
	.optgroup {
		display: inline-block;
		line-height: 22px;
		font-size: 10pt;
	}
	.optgroup .button {
		height: 25px;
		padding-top: 0;
		padding-bottom: 0;
	}
	.optgroup button.button {
		padding-left: 12px;
		padding-right: 12px;
	}
	.linklist {
		list-style: none;
		margin: 0.5em 0;
		padding: 0;
	}
	.linklist li {
		padding: 2px 0;
	}
	.sidebar {
		float: left;
		width: 320px;
	}
	.bar-wrapper {
		max-width: 1100px;
		margin: 0 auto;
	}
	.bar-wrapper.has-sidebar {
		max-width: 1430px;
	}
	.mainbar {
		margin: 0;
		padding-right: 1px;
	}
	.mainbar.has-sidebar {
		margin-left: 330px;
	}
	@media (min-width: 1511px) {
		.sidebar {
			width: 400px;
		}
		.bar-wrapper.has-sidebar {
			max-width: 1510px;
		}
		.mainbar.has-sidebar {
			margin-left: 410px;
		}
	}
	.section.first-section {
		margin-top: 9px;
	}
	.blocklink small {
		white-space: normal;
	}
	.button {
		vertical-align: middle;
	}
	.replay-controls {
		padding-top: 10px;
	}
	.replay-controls h1 {
		font-size: 16pt;
		font-weight: normal;
		color: #CCC;
	}
	.pagelink {
		text-align: center;
	}
	.pagelink a {
		width: 150px;
	}
	.textbox, .button {
		font-size: 11pt;
		vertical-align: middle;
	}
	@media (max-width: 450px) {
		.button {
			font-size: 9pt;
		}
	}
</style>

<div>

	<header>
		<div class="nav-wrapper"><ul class="nav">
			<li><a class="button nav-first" href="//pokemonshowdown.com/"><img src="//pokemonshowdown.com/images/pokemonshowdownbeta.png" srcset="//pokemonshowdown.com/images/pokemonshowdownbeta.png 1x, //pokemonshowdown.com/images/pokemonshowdownbeta@2x.png 2x" alt="Pok&eacute;mon Showdown" width="146" height="44" /> Home</a></li>
			<li><a class="button" href="//pokemonshowdown.com/dex/">Pok&eacute;dex</a></li>
			<li><a class="button cur" href="/">Replays</a></li>
			<li><a class="button" href="//pokemonshowdown.com/ladder/">Ladder</a></li>
			<li><a class="button nav-last" href="//pokemonshowdown.com/forums/">Forum</a></li>
			<li><a class="button greenbutton nav-first nav-last" href="//play.pokemonshowdown.com/">Play</a></li>
		</ul></div>
	</header>

	<div class="main" id="main">

		<noscript><section class="section">You need to enable JavaScript to use this page; sorry!</section></noscript>

	</div>

</div>

<script defer nomodule src="//play.pokemonshowdown.com/js/lib/ps-polyfill.js"></script>
<script defer src="//play.pokemonshowdown.com/js/lib/preact.min.js"></script>

<script defer src="//play.pokemonshowdown.com/config/config.js?2bddbc15"></script>
<script defer src="//play.pokemonshowdown.com/js/lib/jquery-1.11.0.min.js"></script>
<script defer src="//play.pokemonshowdown.com/js/lib/html-sanitizer-minified.js"></script>
<script defer src="//play.pokemonshowdown.com/js/battle-sound.js"></script>
<script defer src="//play.pokemonshowdown.com/js/battledata.js?0.7209276989879541"></script>
<script defer src="//play.pokemonshowdown.com/data/pokedex-mini.js?0.6111056340867951"></script>
<script defer src="//play.pokemonshowdown.com/data/pokedex-mini-bw.js?0.3532142036491459"></script>
<script defer src="//play.pokemonshowdown.com/data/graphics.js?0.24223875632456182"></script>
<script defer src="//play.pokemonshowdown.com/data/pokedex.js?0.38839984266356864"></script>
<script defer src="//play.pokemonshowdown.com/data/moves.js?0.21866028504024015"></script>
<script defer src="//play.pokemonshowdown.com/data/abilities.js?0.2005157953846628"></script>
<script defer src="//play.pokemonshowdown.com/data/items.js?0.9894211263848525"></script>
<script defer src="//play.pokemonshowdown.com/data/teambuilder-tables.js?0.6008791140282215"></script>
<script defer src="//play.pokemonshowdown.com/js/battle-tooltips.js?0.7580118955022959"></script>
<script defer src="//play.pokemonshowdown.com/js/battle.js?0.6057722274234274"></script>

<script defer src="js/utils.js?e31f9a17"></script>
<script defer src="js/replays-battle.js?7008c182"></script>

<!-- don't scrape this data! just add .json or .log after the URL!
Full API docs: https://github.com/smogon/pokemon-showdown-client/blob/master/WEB-API.md -->
<script type="text/plain" class="log" id="replaylog-smogtours-gen3ou-805117">
|inactive|Battle timer is ON: inactive players will automatically lose when time's up.
|t:|1731006294
|gametype|singles
|player|p1|xhoshi|1|
|player|p2|triangles|lucas|
|teamsize|p1|6
|teamsize|p2|6
|gen|3
|tier|[Gen 3] OU
|rule|Sleep Clause Mod: Limit one foe put to sleep
|rule|Switch Priority Clause Mod: Faster Pokémon switch first
|rule|Species Clause: Limit one of each Pokémon
|rule|OHKO Clause: OHKO moves are banned
|rule|Evasion Items Clause: Evasion items are banned
|rule|Evasion Moves Clause: Evasion moves are banned
|rule|Endless Battle Clause: Forcing endless battles is banned
|rule|HP Percentage Mod: HP is shown in percentages
|rule|One Boost Passer Clause: Limit one Baton Passer that has a way to boost its stats
|rule|Freeze Clause Mod: Limit one foe frozen
|
|t:|1731006294
|start
|switch|p1a: Tyranitar|Tyranitar, F|100/100
|switch|p2a: Zapdos|Zapdos|100/100
|-weather|Sandstorm|[from] ability: Sand Stream|[of] p1a: Tyranitar
|turn|1
|c|☆triangles|hf
|c|☆xhoshi|glhf
|
|t:|1731006319
|switch|p2a: Swampert|Swampert, F, shiny|100/100
|move|p1a: Tyranitar|Substitute|p1a: Tyranitar
|-start|p1a: Tyranitar|Substitute
|-damage|p1a: Tyranitar|75/100
|
|-weather|Sandstorm|[upkeep]
|-heal|p1a: Tyranitar|82/100|[from] item: Leftovers
|upkeep
|turn|2
|
|t:|1731006329
|-singleturn|p1a: Tyranitar|move: Focus Punch
|move|p2a: Swampert|Protect|p2a: Swampert
|-singleturn|p2a: Swampert|Protect
|move|p1a: Tyranitar|Focus Punch|p2a: Swampert
|-activate|p2a: Swampert|Protect
|
|-weather|Sandstorm|[upkeep]
|-heal|p1a: Tyranitar|88/100|[from] item: Leftovers
|upkeep
|turn|3
|
|t:|1731006334
|-singleturn|p1a: Tyranitar|move: Focus Punch
|move|p2a: Swampert|Earthquake|p1a: Tyranitar
|-supereffective|p1a: Tyranitar
|-end|p1a: Tyranitar|Substitute
|move|p1a: Tyranitar|Focus Punch|p2a: Swampert
|-damage|p2a: Swampert|60/100
|
|-weather|Sandstorm|[upkeep]
|-heal|p1a: Tyranitar|94/100|[from] item: Leftovers
|-heal|p2a: Swampert|66/100|[from] item: Leftovers
|upkeep
|turn|4
|
|t:|1731006347
|switch|p1a: Starmie|Starmie|100/100
|move|p2a: Swampert|Ice Beam|p1a: Starmie
|-resisted|p1a: Starmie
|-damage|p1a: Starmie|86/100
|
|-weather|Sandstorm|[upkeep]
|-damage|p1a: Starmie|80/100|[from] Sandstorm
|-heal|p1a: Starmie|86/100|[from] item: Leftovers
|-heal|p2a: Swampert|72/100|[from] item: Leftovers
|upkeep
|turn|5
|
|t:|1731006361
|move|p2a: Swampert|Protect|p2a: Swampert
|-singleturn|p2a: Swampert|Protect
|move|p1a: Starmie|Hydro Pump|p2a: Swampert|[miss]
|-miss|p1a: Starmie|p2a: Swampert
|
|-weather|Sandstorm|[upkeep]
|-damage|p1a: Starmie|80/100|[from] Sandstorm
|-heal|p1a: Starmie|86/100|[from] item: Leftovers
|-heal|p2a: Swampert|78/100|[from] item: Leftovers
|upkeep
|turn|6
|
|t:|1731006369
|switch|p2a: Mark Corrigan|Registeel, shiny|100/100
|move|p1a: Starmie|Ice Beam|p2a: Mark Corrigan
|-resisted|p2a: Mark Corrigan
|-damage|p2a: Mark Corrigan|93/100
|
|-weather|Sandstorm|[upkeep]
|-damage|p1a: Starmie|80/100|[from] Sandstorm
|-heal|p1a: Starmie|86/100|[from] item: Leftovers
|-heal|p2a: Mark Corrigan|99/100|[from] item: Leftovers
|upkeep
|turn|7
|inactive|xhoshi has 270 seconds left.
|
|t:|1731006402
|switch|p1a: Charizard|Charizard, M|100/100
|move|p2a: Mark Corrigan|Seismic Toss|p1a: Charizard
|-damage|p1a: Charizard|67/100
|
|-weather|Sandstorm|[upkeep]
|-damage|p1a: Charizard|61/100|[from] Sandstorm
|-heal|p1a: Charizard|67/100|[from] item: Leftovers
|-heal|p2a: Mark Corrigan|100/100|[from] item: Leftovers
|upkeep
|turn|8
|inactive|xhoshi has 270 seconds left.
|
|t:|1731006424
|switch|p2a: Shqiptar|Tyranitar, F, shiny|100/100
|move|p1a: Charizard|Substitute|p1a: Charizard
|-start|p1a: Charizard|Substitute
|-damage|p1a: Charizard|42/100
|
|-weather|Sandstorm|[upkeep]
|-damage|p1a: Charizard|36/100|[from] Sandstorm
|-heal|p1a: Charizard|42/100|[from] item: Leftovers
|upkeep
|turn|9
|
|t:|1731006429
|-singleturn|p1a: Charizard|move: Focus Punch
|switch|p2a: Zapdos|Zapdos|100/100
|move|p1a: Charizard|Focus Punch|p2a: Zapdos
|-resisted|p2a: Zapdos
|-damage|p2a: Zapdos|85/100
|
|-weather|Sandstorm|[upkeep]
|-damage|p1a: Charizard|36/100|[from] Sandstorm
|-damage|p2a: Zapdos|79/100|[from] Sandstorm
|-heal|p1a: Charizard|42/100|[from] item: Leftovers
|-heal|p2a: Zapdos|85/100|[from] item: Leftovers
|upkeep
|turn|10
|
|t:|1731006434
|move|p1a: Charizard|Fire Blast|p2a: Zapdos
|-damage|p2a: Zapdos|45/100
|-status|p2a: Zapdos|brn
|move|p2a: Zapdos|Roar|p1a: Charizard
|drag|p1a: Tyranitar|Tyranitar, F|94/100
|
|-weather|Sandstorm|[upkeep]
|-damage|p2a: Zapdos|39/100 brn|[from] Sandstorm
|-heal|p2a: Zapdos|45/100 brn|[from] item: Leftovers
|-damage|p2a: Zapdos|33/100 brn|[from] brn
|-heal|p1a: Tyranitar|99/100|[from] item: Leftovers
|upkeep
|turn|11
|
|t:|1731006441
|switch|p2a: Swampert|Swampert, F, shiny|78/100
|move|p1a: Tyranitar|Substitute|p1a: Tyranitar
|-start|p1a: Tyranitar|Substitute
|-damage|p1a: Tyranitar|75/100
|
|-weather|Sandstorm|[upkeep]
|-heal|p1a: Tyranitar|81/100|[from] item: Leftovers
|-heal|p2a: Swampert|84/100|[from] item: Leftovers
|upkeep
|turn|12
|
|t:|1731006445
|-singleturn|p1a: Tyranitar|move: Focus Punch
|move|p2a: Swampert|Protect|p2a: Swampert
|-singleturn|p2a: Swampert|Protect
|move|p1a: Tyranitar|Focus Punch|p2a: Swampert
|-activate|p2a: Swampert|Protect
|
|-weather|Sandstorm|[upkeep]
|-heal|p1a: Tyranitar|88/100|[from] item: Leftovers
|-heal|p2a: Swampert|91/100|[from] item: Leftovers
|upkeep
|turn|13
|
|t:|1731006450
|-singleturn|p1a: Tyranitar|move: Focus Punch
|move|p2a: Swampert|Earthquake|p1a: Tyranitar
|-supereffective|p1a: Tyranitar
|-end|p1a: Tyranitar|Substitute
|move|p1a: Tyranitar|Focus Punch|p2a: Swampert
|-damage|p2a: Swampert|50/100
|
|-weather|Sandstorm|[upkeep]
|-heal|p1a: Tyranitar|94/100|[from] item: Leftovers
|-heal|p2a: Swampert|56/100|[from] item: Leftovers
|upkeep
|turn|14
|inactive|xhoshi has 270 seconds left.
|
|t:|1731006484
|switch|p1a: Starmie|Starmie|86/100
|move|p2a: Swampert|Toxic|p1a: Starmie
|-status|p1a: Starmie|tox
|
|-weather|Sandstorm|[upkeep]
|-damage|p1a: Starmie|80/100 tox|[from] Sandstorm
|-heal|p1a: Starmie|86/100 tox|[from] item: Leftovers
|-damage|p1a: Starmie|80/100 tox|[from] psn
|-heal|p2a: Swampert|63/100|[from] item: Leftovers
|upkeep
|turn|15
|
|t:|1731006493
|-curestatus|p1a: Starmie|tox|[from] ability: Natural Cure
|switch|p1a: Snorlax|Snorlax, F|100/100
|move|p2a: Swampert|Protect||[still]
|-fail|p2a: Swampert
|
|-weather|Sandstorm|[upkeep]
|-damage|p1a: Snorlax|94/100|[from] Sandstorm
|-heal|p2a: Swampert|69/100|[from] item: Leftovers
|-heal|p1a: Snorlax|100/100|[from] item: Leftovers
|upkeep
|turn|16
|
|t:|1731006503
|move|p2a: Swampert|Earthquake|p1a: Snorlax
|-crit|p1a: Snorlax
|-damage|p1a: Snorlax|28/100
|move|p1a: Snorlax|Body Slam|p2a: Swampert
|-damage|p2a: Swampert|41/100
|
|-weather|Sandstorm|[upkeep]
|-damage|p1a: Snorlax|22/100|[from] Sandstorm
|-heal|p2a: Swampert|48/100|[from] item: Leftovers
|-heal|p1a: Snorlax|28/100|[from] item: Leftovers
|upkeep
|turn|17
|
|t:|1731006507
|switch|p1a: Starmie|Starmie|80/100
|move|p2a: Swampert|Earthquake|p1a: Starmie
|-damage|p1a: Starmie|25/100
|
|-weather|Sandstorm|[upkeep]
|-damage|p1a: Starmie|19/100|[from] Sandstorm
|-heal|p1a: Starmie|25/100|[from] item: Leftovers
|-heal|p2a: Swampert|54/100|[from] item: Leftovers
|upkeep
|turn|18
|
|t:|1731006519
|switch|p1a: Charizard|Charizard, M|42/100
|move|p2a: Swampert|Protect||[still]
|-fail|p2a: Swampert
|
|-weather|Sandstorm|[upkeep]
|-damage|p1a: Charizard|36/100|[from] Sandstorm
|-heal|p1a: Charizard|42/100|[from] item: Leftovers
|-heal|p2a: Swampert|60/100|[from] item: Leftovers
|upkeep
|turn|19
|
|t:|1731006528
|switch|p2a: Antonio Brown|Salamence, F, shiny|100/100
|-ability|p2a: Antonio Brown|Intimidate|boost
|-unboost|p1a: Charizard|atk|1
|move|p1a: Charizard|Substitute|p1a: Charizard
|-start|p1a: Charizard|Substitute
|-damage|p1a: Charizard|17/100
|
|-weather|Sandstorm|[upkeep]
|-damage|p2a: Antonio Brown|94/100|[from] Sandstorm
|-damage|p1a: Charizard|11/100|[from] Sandstorm
|-heal|p1a: Charizard|17/100|[from] item: Leftovers
|-heal|p2a: Antonio Brown|100/100|[from] item: Leftovers
|upkeep
|turn|20
|
|t:|1731006534
|move|p1a: Charizard|Fire Blast|p2a: Antonio Brown
|-resisted|p2a: Antonio Brown
|-damage|p2a: Antonio Brown|41/100
|move|p2a: Antonio Brown|Dragon Claw|p1a: Charizard
|-end|p1a: Charizard|Substitute
|
|-weather|Sandstorm|[upkeep]
|-damage|p2a: Antonio Brown|35/100|[from] Sandstorm
|-damage|p1a: Charizard|11/100|[from] Sandstorm
|-heal|p2a: Antonio Brown|41/100|[from] item: Leftovers
|-heal|p1a: Charizard|17/100|[from] item: Leftovers
|upkeep
|turn|21
|
|t:|1731006555
|switch|p2a: Shqiptar|Tyranitar, F, shiny|100/100
|move|p1a: Charizard|Fire Blast|p2a: Shqiptar
|-resisted|p2a: Shqiptar
|-damage|p2a: Shqiptar|68/100
|
|-weather|Sandstorm|[upkeep]
|-damage|p1a: Charizard|11/100|[from] Sandstorm
|-heal|p1a: Charizard|17/100|[from] item: Leftovers
|-heal|p2a: Shqiptar|75/100|[from] item: Leftovers
|upkeep
|turn|22
|c|☆xhoshi|bro are you albanian
|inactive|xhoshi has 270 seconds left.
|
|t:|1731006599
|-activate|p1a: Charizard|move: Pursuit
|move|p2a: Shqiptar|Pursuit|p1a: Charizard|[from]Pursuit
|-damage|p1a: Charizard|0 fnt
|faint|p1a: Charizard
|-hint|Previously chosen switches continue in Gen 2-4 after a Pursuit target faints.
|switch|p1a: Tyranitar|Tyranitar, F|94/100
|
|-weather|Sandstorm|[upkeep]
|-heal|p1a: Tyranitar|99/100|[from] item: Leftovers
|-heal|p2a: Shqiptar|81/100|[from] item: Leftovers
|upkeep
|turn|23
|c|☆triangles|nah bro but i love the country
|c|☆triangles|been there twice
|c|☆triangles|are you?
|c|☆xhoshi|yes
|inactive|triangles has 270 seconds left.
|c|☆xhoshi|i just looked  at the name
|c|☆triangles|lol yeah
|
|t:|1731006645
|-singleturn|p2a: Shqiptar|move: Focus Punch
|move|p1a: Tyranitar|Substitute|p1a: Tyranitar
|-start|p1a: Tyranitar|Substitute
|-damage|p1a: Tyranitar|75/100
|move|p2a: Shqiptar|Focus Punch|p1a: Tyranitar
|-supereffective|p1a: Tyranitar
|-end|p1a: Tyranitar|Substitute
|
|-weather|Sandstorm|[upkeep]
|-heal|p1a: Tyranitar|81/100|[from] item: Leftovers
|-heal|p2a: Shqiptar|87/100|[from] item: Leftovers
|upkeep
|turn|24
|
|t:|1731006654
|switch|p2a: Forretress|Forretress, M, shiny|100/100
|move|p1a: Tyranitar|Earthquake|p2a: Forretress
|-damage|p2a: Forretress|72/100
|
|-weather|Sandstorm|[upkeep]
|-heal|p1a: Tyranitar|87/100|[from] item: Leftovers
|-heal|p2a: Forretress|78/100|[from] item: Leftovers
|upkeep
|turn|25
|
|t:|1731006667
|switch|p1a: Starmie|Starmie|25/100
|move|p2a: Forretress|Hidden Power|p1a: Starmie
|-supereffective|p1a: Starmie
|-damage|p1a: Starmie|0 fnt
|faint|p1a: Starmie
|
|t:|1731006679
|switch|p1a: Tyranitar|Tyranitar, F|87/100
|
|-weather|Sandstorm|[upkeep]
|-heal|p1a: Tyranitar|94/100|[from] item: Leftovers
|-heal|p2a: Forretress|85/100|[from] item: Leftovers
|upkeep
|turn|26
|
|t:|1731006683
|move|p1a: Tyranitar|Rock Slide|p2a: Forretress
|-damage|p2a: Forretress|56/100
|cant|p2a: Forretress|flinch
|
|-weather|Sandstorm|[upkeep]
|-heal|p1a: Tyranitar|99/100|[from] item: Leftovers
|-heal|p2a: Forretress|62/100|[from] item: Leftovers
|upkeep
|turn|27
|inactive|xhoshi has 270 seconds left.
|
|t:|1731006689
|move|p1a: Tyranitar|Rock Slide|p2a: Forretress
|-damage|p2a: Forretress|32/100
|move|p2a: Forretress|Hidden Power|p1a: Tyranitar
|-supereffective|p1a: Tyranitar
|-damage|p1a: Tyranitar|65/100
|
|-weather|Sandstorm|[upkeep]
|-heal|p1a: Tyranitar|71/100|[from] item: Leftovers
|-heal|p2a: Forretress|38/100|[from] item: Leftovers
|upkeep
|turn|28
|
|t:|1731006693
|move|p1a: Tyranitar|Rock Slide|p2a: Forretress
|-damage|p2a: Forretress|8/100
|move|p2a: Forretress|Hidden Power|p1a: Tyranitar
|-supereffective|p1a: Tyranitar
|-damage|p1a: Tyranitar|36/100
|
|-weather|Sandstorm|[upkeep]
|-heal|p1a: Tyranitar|42/100|[from] item: Leftovers
|-heal|p2a: Forretress|14/100|[from] item: Leftovers
|upkeep
|turn|29
|
|t:|1731006706
|move|p1a: Tyranitar|Earthquake|p2a: Forretress
|-damage|p2a: Forretress|0 fnt
|faint|p2a: Forretress
|
|t:|1731006718
|switch|p2a: Swampert|Swampert, F, shiny|60/100
|
|-weather|Sandstorm|[upkeep]
|-heal|p1a: Tyranitar|49/100|[from] item: Leftovers
|-heal|p2a: Swampert|66/100|[from] item: Leftovers
|upkeep
|turn|30
|
|t:|1731006732
|switch|p1a: Claydol|Claydol|100/100
|move|p2a: Swampert|Earthquake|p1a: Claydol
|-immune|p1a: Claydol
|
|-weather|Sandstorm|[upkeep]
|-heal|p2a: Swampert|72/100|[from] item: Leftovers
|upkeep
|turn|31
|
|t:|1731006743
|move|p2a: Swampert|Protect|p2a: Swampert
|-singleturn|p2a: Swampert|Protect
|move|p1a: Claydol|Psychic|p2a: Swampert
|-activate|p2a: Swampert|Protect
|
|-weather|Sandstorm|[upkeep]
|-heal|p2a: Swampert|78/100|[from] item: Leftovers
|upkeep
|turn|32
|
|t:|1731006757
|switch|p2a: Shqiptar|Tyranitar, F, shiny|87/100
|move|p1a: Claydol|Earthquake|p2a: Shqiptar
|-supereffective|p2a: Shqiptar
|-damage|p2a: Shqiptar|24/100
|
|-weather|Sandstorm|[upkeep]
|-heal|p2a: Shqiptar|30/100|[from] item: Leftovers
|upkeep
|turn|33
|
|t:|1731006764
|switch|p2a: Zapdos|Zapdos|33/100 brn
|move|p1a: Claydol|Earthquake|p2a: Zapdos
|-immune|p2a: Zapdos
|
|-weather|Sandstorm|[upkeep]
|-damage|p2a: Zapdos|27/100 brn|[from] Sandstorm
|-heal|p2a: Zapdos|33/100 brn|[from] item: Leftovers
|-damage|p2a: Zapdos|21/100 brn|[from] brn
|upkeep
|turn|34
|
|t:|1731006771
|switch|p1a: Tyranitar|Tyranitar, F|49/100
|move|p2a: Zapdos|Rest|p2a: Zapdos
|-status|p2a: Zapdos|slp|[from] move: Rest
|-heal|p2a: Zapdos|100/100 slp|[silent]
|
|-weather|Sandstorm|[upkeep]
|-damage|p2a: Zapdos|94/100 slp|[from] Sandstorm
|-heal|p2a: Zapdos|100/100 slp|[from] item: Leftovers
|-heal|p1a: Tyranitar|55/100|[from] item: Leftovers
|upkeep
|turn|35
|
|t:|1731006777
|cant|p2a: Zapdos|slp
|move|p2a: Zapdos|Sleep Talk|p2a: Zapdos
|move|p2a: Zapdos|Roar|p1a: Tyranitar|[from]Sleep Talk
|drag|p1a: Metagross|Metagross|100/100
|
|-weather|Sandstorm|[upkeep]
|-damage|p2a: Zapdos|94/100 slp|[from] Sandstorm
|-heal|p2a: Zapdos|100/100 slp|[from] item: Leftovers
|upkeep
|turn|36
|
|t:|1731006785
|switch|p1a: Tyranitar|Tyranitar, F|55/100
|cant|p2a: Zapdos|slp
|move|p2a: Zapdos|Sleep Talk|p2a: Zapdos
|move|p2a: Zapdos|Thunderbolt|p1a: Tyranitar|[from]Sleep Talk
|-damage|p1a: Tyranitar|19/100
|
|-weather|Sandstorm|[upkeep]
|-damage|p2a: Zapdos|94/100 slp|[from] Sandstorm
|-heal|p2a: Zapdos|100/100 slp|[from] item: Leftovers
|-heal|p1a: Tyranitar|25/100|[from] item: Leftovers
|upkeep
|turn|37
|
|t:|1731006796
|switch|p1a: Claydol|Claydol|100/100
|-curestatus|p2a: Zapdos|slp|[msg]
|move|p2a: Zapdos|Thunderbolt|p1a: Claydol
|-immune|p1a: Claydol
|
|-weather|Sandstorm|[upkeep]
|-damage|p2a: Zapdos|94/100|[from] Sandstorm
|-heal|p2a: Zapdos|100/100|[from] item: Leftovers
|upkeep
|turn|38
|
|t:|1731006800
|move|p2a: Zapdos|Thunderbolt|p1a: Claydol
|-immune|p1a: Claydol
|move|p1a: Claydol|Psychic|p2a: Zapdos
|-damage|p2a: Zapdos|85/100
|
|-weather|Sandstorm|[upkeep]
|-damage|p2a: Zapdos|79/100|[from] Sandstorm
|-heal|p2a: Zapdos|85/100|[from] item: Leftovers
|upkeep
|turn|39
|
|t:|1731006804
|move|p2a: Zapdos|Thunderbolt|p1a: Claydol
|-immune|p1a: Claydol
|move|p1a: Claydol|Psychic|p2a: Zapdos
|-damage|p2a: Zapdos|70/100
|
|-weather|Sandstorm|[upkeep]
|-damage|p2a: Zapdos|64/100|[from] Sandstorm
|-heal|p2a: Zapdos|70/100|[from] item: Leftovers
|upkeep
|turn|40
|
|t:|1731006807
|move|p2a: Zapdos|Rest|p2a: Zapdos
|-status|p2a: Zapdos|slp|[from] move: Rest
|-heal|p2a: Zapdos|100/100 slp|[silent]
|move|p1a: Claydol|Earthquake|p2a: Zapdos
|-immune|p2a: Zapdos
|
|-weather|Sandstorm|[upkeep]
|-damage|p2a: Zapdos|94/100 slp|[from] Sandstorm
|-heal|p2a: Zapdos|100/100 slp|[from] item: Leftovers
|upkeep
|turn|41
|
|t:|1731006812
|cant|p2a: Zapdos|slp
|move|p2a: Zapdos|Sleep Talk|p2a: Zapdos
|move|p2a: Zapdos|Roar|p1a: Claydol|[from]Sleep Talk
|drag|p1a: Metagross|Metagross|100/100
|
|-weather|Sandstorm|[upkeep]
|-damage|p2a: Zapdos|94/100 slp|[from] Sandstorm
|-heal|p2a: Zapdos|100/100 slp|[from] item: Leftovers
|upkeep
|turn|42
|
|t:|1731006824
|switch|p1a: Claydol|Claydol|100/100
|cant|p2a: Zapdos|slp
|move|p2a: Zapdos|Sleep Talk|p2a: Zapdos
|move|p2a: Zapdos|Thunderbolt|p1a: Claydol|[from]Sleep Talk
|-immune|p1a: Claydol
|
|-weather|Sandstorm|[upkeep]
|-damage|p2a: Zapdos|94/100 slp|[from] Sandstorm
|-heal|p2a: Zapdos|100/100 slp|[from] item: Leftovers
|upkeep
|turn|43
|
|t:|1731006827
|-curestatus|p2a: Zapdos|slp|[msg]
|move|p2a: Zapdos|Thunderbolt|p1a: Claydol
|-immune|p1a: Claydol
|move|p1a: Claydol|Psychic|p2a: Zapdos
|-damage|p2a: Zapdos|86/100
|
|-weather|Sandstorm|[upkeep]
|-damage|p2a: Zapdos|80/100|[from] Sandstorm
|-heal|p2a: Zapdos|86/100|[from] item: Leftovers
|upkeep
|turn|44
|
|t:|1731006835
|move|p2a: Zapdos|Thunderbolt|p1a: Claydol
|-immune|p1a: Claydol
|move|p1a: Claydol|Earthquake|p2a: Zapdos
|-immune|p2a: Zapdos
|
|-weather|Sandstorm|[upkeep]
|-damage|p2a: Zapdos|80/100|[from] Sandstorm
|-heal|p2a: Zapdos|86/100|[from] item: Leftovers
|upkeep
|turn|45
|
|t:|1731006838
|move|p2a: Zapdos|Thunderbolt|p1a: Claydol
|-immune|p1a: Claydol
|move|p1a: Claydol|Psychic|p2a: Zapdos
|-damage|p2a: Zapdos|70/100
|
|-weather|Sandstorm|[upkeep]
|-damage|p2a: Zapdos|64/100|[from] Sandstorm
|-heal|p2a: Zapdos|70/100|[from] item: Leftovers
|upkeep
|turn|46
|
|t:|1731006843
|move|p2a: Zapdos|Thunderbolt|p1a: Claydol
|-immune|p1a: Claydol
|move|p1a: Claydol|Psychic|p2a: Zapdos
|-damage|p2a: Zapdos|55/100
|
|-weather|Sandstorm|[upkeep]
|-damage|p2a: Zapdos|49/100|[from] Sandstorm
|-heal|p2a: Zapdos|55/100|[from] item: Leftovers
|upkeep
|turn|47
|
|t:|1731006856
|switch|p1a: Snorlax|Snorlax, F|28/100
|move|p2a: Zapdos|Rest|p2a: Zapdos
|-status|p2a: Zapdos|slp|[from] move: Rest
|-heal|p2a: Zapdos|100/100 slp|[silent]
|
|-weather|Sandstorm|[upkeep]
|-damage|p2a: Zapdos|94/100 slp|[from] Sandstorm
|-damage|p1a: Snorlax|22/100|[from] Sandstorm
|-heal|p2a: Zapdos|100/100 slp|[from] item: Leftovers
|-heal|p1a: Snorlax|28/100|[from] item: Leftovers
|upkeep
|turn|48
|
|t:|1731006869
|switch|p2a: Mark Corrigan|Registeel, shiny|100/100
|move|p1a: Snorlax|Self-Destruct|p2a: Mark Corrigan
|-resisted|p2a: Mark Corrigan
|-damage|p2a: Mark Corrigan|45/100
|faint|p1a: Snorlax
|
|t:|1731006879
|switch|p1a: Tyranitar|Tyranitar, F|25/100
|
|-weather|Sandstorm|[upkeep]
|-heal|p1a: Tyranitar|31/100|[from] item: Leftovers
|-heal|p2a: Mark Corrigan|51/100|[from] item: Leftovers
|upkeep
|turn|49
|
|t:|1731006884
|move|p1a: Tyranitar|Substitute|p1a: Tyranitar
|-start|p1a: Tyranitar|Substitute
|-damage|p1a: Tyranitar|6/100
|move|p2a: Mark Corrigan|Earthquake|p1a: Tyranitar
|-supereffective|p1a: Tyranitar
|-end|p1a: Tyranitar|Substitute
|
|-weather|Sandstorm|[upkeep]
|-heal|p1a: Tyranitar|13/100|[from] item: Leftovers
|-heal|p2a: Mark Corrigan|57/100|[from] item: Leftovers
|upkeep
|turn|50
|
|t:|1731006900
|switch|p1a: Claydol|Claydol|100/100
|switch|p2a: Antonio Brown|Salamence, F, shiny|41/100
|-ability|p2a: Antonio Brown|Intimidate|boost
|-unboost|p1a: Claydol|atk|1
|
|-weather|Sandstorm|[upkeep]
|-damage|p2a: Antonio Brown|35/100|[from] Sandstorm
|-heal|p2a: Antonio Brown|41/100|[from] item: Leftovers
|upkeep
|turn|51
|
|t:|1731006907
|switch|p2a: Zapdos|Zapdos|100/100 slp
|move|p1a: Claydol|Psychic|p2a: Zapdos
|-crit|p2a: Zapdos
|-damage|p2a: Zapdos|69/100 slp
|
|-weather|Sandstorm|[upkeep]
|-damage|p2a: Zapdos|63/100 slp|[from] Sandstorm
|-heal|p2a: Zapdos|69/100 slp|[from] item: Leftovers
|upkeep
|turn|52
|
|t:|1731006918
|cant|p2a: Zapdos|slp
|move|p1a: Claydol|Psychic|p2a: Zapdos
|-damage|p2a: Zapdos|55/100 slp
|
|-weather|Sandstorm|[upkeep]
|-damage|p2a: Zapdos|49/100 slp|[from] Sandstorm
|-heal|p2a: Zapdos|55/100 slp|[from] item: Leftovers
|upkeep
|turn|53
|
|t:|1731006923
|cant|p2a: Zapdos|slp
|move|p1a: Claydol|Explosion|p2a: Zapdos
|-damage|p2a: Zapdos|0 fnt
|faint|p1a: Claydol
|faint|p2a: Zapdos
|
|t:|1731006931
|switch|p2a: Swampert|Swampert, F, shiny|78/100
|switch|p1a: Metagross|Metagross|100/100
|
|-weather|Sandstorm|[upkeep]
|-heal|p2a: Swampert|85/100|[from] item: Leftovers
|upkeep
|turn|54
|
|t:|1731006938
|move|p1a: Metagross|Protect|p1a: Metagross
|-singleturn|p1a: Metagross|Protect
|move|p2a: Swampert|Earthquake|p1a: Metagross
|-activate|p1a: Metagross|Protect
|
|-weather|Sandstorm|[upkeep]
|-heal|p2a: Swampert|91/100|[from] item: Leftovers
|upkeep
|turn|55
|
|t:|1731006940
|move|p1a: Metagross|Earthquake|p2a: Swampert
|-damage|p2a: Swampert|66/100
|move|p2a: Swampert|Earthquake|p1a: Metagross
|-supereffective|p1a: Metagross
|-damage|p1a: Metagross|47/100
|
|-weather|Sandstorm|[upkeep]
|-heal|p1a: Metagross|53/100|[from] item: Leftovers
|-heal|p2a: Swampert|72/100|[from] item: Leftovers
|upkeep
|turn|56
|
|t:|1731006944
|move|p1a: Metagross|Protect|p1a: Metagross
|-singleturn|p1a: Metagross|Protect
|move|p2a: Swampert|Earthquake|p1a: Metagross
|-activate|p1a: Metagross|Protect
|
|-weather|Sandstorm|[upkeep]
|-heal|p1a: Metagross|59/100|[from] item: Leftovers
|-heal|p2a: Swampert|78/100|[from] item: Leftovers
|upkeep
|turn|57
|
|t:|1731006961
|move|p1a: Metagross|Earthquake|p2a: Swampert
|-damage|p2a: Swampert|56/100
|move|p2a: Swampert|Earthquake|p1a: Metagross
|-supereffective|p1a: Metagross
|-damage|p1a: Metagross|3/100
|
|-weather|Sandstorm|[upkeep]
|-heal|p1a: Metagross|9/100|[from] item: Leftovers
|-heal|p2a: Swampert|62/100|[from] item: Leftovers
|upkeep
|turn|58
|
|t:|1731006967
|move|p1a: Metagross|Protect|p1a: Metagross
|-singleturn|p1a: Metagross|Protect
|move|p2a: Swampert|Protect||[still]
|-fail|p2a: Swampert
|
|-weather|Sandstorm|[upkeep]
|-heal|p1a: Metagross|15/100|[from] item: Leftovers
|-heal|p2a: Swampert|68/100|[from] item: Leftovers
|upkeep
|turn|59
|
|t:|1731006969
|move|p1a: Metagross|Explosion|p2a: Swampert
|-damage|p2a: Swampert|0 fnt
|faint|p1a: Metagross
|faint|p2a: Swampert
|
|t:|1731006972
|switch|p1a: Tyranitar|Tyranitar, F|13/100
|switch|p2a: Antonio Brown|Salamence, F, shiny|41/100
|-ability|p2a: Antonio Brown|Intimidate|boost
|-unboost|p1a: Tyranitar|atk|1
|
|-weather|Sandstorm|[upkeep]
|-damage|p2a: Antonio Brown|35/100|[from] Sandstorm
|-heal|p2a: Antonio Brown|41/100|[from] item: Leftovers
|-heal|p1a: Tyranitar|19/100|[from] item: Leftovers
|upkeep
|turn|60
|
|t:|1731006974
|move|p2a: Antonio Brown|Brick Break|p1a: Tyranitar
|-supereffective|p1a: Tyranitar
|-damage|p1a: Tyranitar|0 fnt
|faint|p1a: Tyranitar
|
|win|triangles

</script>
<script type="application/json" class="data" id="replaydata-smogtours-gen3ou-805117">
{"id":"smogtours-gen3ou-805117","format":"[Gen 3] OU","players":["xhoshi","triangles"],"uploadtime":1731006974,"views":54,"formatid":"gen3ou","rating":null,"private":0,"password":null}
</script>

<script defer src="js/replays.js?9d40a366"></script>
