<!DOCTYPE html>
<meta charset="utf-8" />
<meta name="viewport" content="width=device-width" />

<title>[Gen 3] OU: Baptosta vs. when the 2) - Replays - Pok&eacute;mon Showdown!</title>

<meta name="description" content="Watch a replay of a Pok&eacute;mon battle between Baptosta and when the 2)! Format: [Gen 3] OU; Date: Oct 10, 2024" />
<!--

Hey, you! Looking in the source for the replay log?

You can find them in JSON format, just add `.json` at the end of a replay URL.

https://replay.pokemonshowdown.com/gen7randomdoublesbattle-865046831.json

Or, if you only need the log itself, add `.log` instead:

https://replay.pokemonshowdown.com/gen7randomdoublesbattle-865046831.log

-->

<link rel="stylesheet" href="//pokemonshowdown.com/style/global.css?0.023195364461161105" />
<link rel="stylesheet" href="//play.pokemonshowdown.com/style/font-awesome.css?0.13261647063804238" />
<link rel="stylesheet" href="//play.pokemonshowdown.com/style/battle.css?0.8753245789963631" />
<link rel="stylesheet" href="//play.pokemonshowdown.com/style/utilichart.css?0.8627959624976733" />

<!-- Global site tag (gtag.js) - Google Analytics -->
<script async src="https://www.googletagmanager.com/gtag/js?id=UA-26211653-1"></script>
<script>
  window.dataLayer = window.dataLayer || [];
  function gtag(){dataLayer.push(arguments);}
  gtag('js', new Date());

  gtag('config', 'UA-26211653-1');
</script>
<!-- End Google Analytics -->
<!-- Venatus Ad Manager - Install in <HEAD> of page -->
	<script src="https://hb.vntsm.com/v3/live/ad-manager.min.js" type="text/javascript" data-site-id="642aba63ec9a7b11c3c9c1be" data-mode="scan" async></script>
<!-- / Venatus Ad Manager -->

<style>
	@media (max-width:820px) {
		.battle {
			margin: 0 auto;
		}
		.battle-log {
			margin: 7px auto 0;
			max-width: 640px;
			height: 300px;
			position: static;
		}
	}
	.optgroup {
		display: inline-block;
		line-height: 22px;
		font-size: 10pt;
	}
	.optgroup .button {
		height: 25px;
		padding-top: 0;
		padding-bottom: 0;
	}
	.optgroup button.button {
		padding-left: 12px;
		padding-right: 12px;
	}
	.linklist {
		list-style: none;
		margin: 0.5em 0;
		padding: 0;
	}
	.linklist li {
		padding: 2px 0;
	}
	.sidebar {
		float: left;
		width: 320px;
	}
	.bar-wrapper {
		max-width: 1100px;
		margin: 0 auto;
	}
	.bar-wrapper.has-sidebar {
		max-width: 1430px;
	}
	.mainbar {
		margin: 0;
		padding-right: 1px;
	}
	.mainbar.has-sidebar {
		margin-left: 330px;
	}
	@media (min-width: 1511px) {
		.sidebar {
			width: 400px;
		}
		.bar-wrapper.has-sidebar {
			max-width: 1510px;
		}
		.mainbar.has-sidebar {
			margin-left: 410px;
		}
	}
	.section.first-section {
		margin-top: 9px;
	}
	.blocklink small {
		white-space: normal;
	}
	.button {
		vertical-align: middle;
	}
	.replay-controls {
		padding-top: 10px;
	}
	.replay-controls h1 {
		font-size: 16pt;
		font-weight: normal;
		color: #CCC;
	}
	.pagelink {
		text-align: center;
	}
	.pagelink a {
		width: 150px;
	}
	.textbox, .button {
		font-size: 11pt;
		vertical-align: middle;
	}
	@media (max-width: 450px) {
		.button {
			font-size: 9pt;
		}
	}
</style>

<div>

	<header>
		<div class="nav-wrapper"><ul class="nav">
			<li><a class="button nav-first" href="//pokemonshowdown.com/"><img src="//pokemonshowdown.com/images/pokemonshowdownbeta.png" srcset="//pokemonshowdown.com/images/pokemonshowdownbeta.png 1x, //pokemonshowdown.com/images/pokemonshowdownbeta@2x.png 2x" alt="Pok&eacute;mon Showdown" width="146" height="44" /> Home</a></li>
			<li><a class="button" href="//pokemonshowdown.com/dex/">Pok&eacute;dex</a></li>
			<li><a class="button cur" href="/">Replays</a></li>
			<li><a class="button" href="//pokemonshowdown.com/ladder/">Ladder</a></li>
			<li><a class="button nav-last" href="//pokemonshowdown.com/forums/">Forum</a></li>
			<li><a class="button greenbutton nav-first nav-last" href="//play.pokemonshowdown.com/">Play</a></li>
		</ul></div>
	</header>

	<div class="main" id="main">

		<noscript><section class="section">You need to enable JavaScript to use this page; sorry!</section></noscript>

	</div>

</div>

<script defer nomodule src="//play.pokemonshowdown.com/js/lib/ps-polyfill.js"></script>
<script defer src="//play.pokemonshowdown.com/js/lib/preact.min.js"></script>

<script defer src="//play.pokemonshowdown.com/config/config.js?2bddbc15"></script>
<script defer src="//play.pokemonshowdown.com/js/lib/jquery-1.11.0.min.js"></script>
<script defer src="//play.pokemonshowdown.com/js/lib/html-sanitizer-minified.js"></script>
<script defer src="//play.pokemonshowdown.com/js/battle-sound.js"></script>
<script defer src="//play.pokemonshowdown.com/js/battledata.js?0.7209276989879541"></script>
<script defer src="//play.pokemonshowdown.com/data/pokedex-mini.js?0.6111056340867951"></script>
<script defer src="//play.pokemonshowdown.com/data/pokedex-mini-bw.js?0.3532142036491459"></script>
<script defer src="//play.pokemonshowdown.com/data/graphics.js?0.24223875632456182"></script>
<script defer src="//play.pokemonshowdown.com/data/pokedex.js?0.38839984266356864"></script>
<script defer src="//play.pokemonshowdown.com/data/moves.js?0.21866028504024015"></script>
<script defer src="//play.pokemonshowdown.com/data/abilities.js?0.2005157953846628"></script>
<script defer src="//play.pokemonshowdown.com/data/items.js?0.9894211263848525"></script>
<script defer src="//play.pokemonshowdown.com/data/teambuilder-tables.js?0.6008791140282215"></script>
<script defer src="//play.pokemonshowdown.com/js/battle-tooltips.js?0.7580118955022959"></script>
<script defer src="//play.pokemonshowdown.com/js/battle.js?0.6057722274234274"></script>

<script defer src="js/utils.js?e31f9a17"></script>
<script defer src="js/replays-battle.js?7008c182"></script>

<!-- don't scrape this data! just add .json or .log after the URL!
Full API docs: https://github.com/smogon/pokemon-showdown-client/blob/master/WEB-API.md -->
<script type="text/plain" class="log" id="replaylog-smogtours-gen3ou-796934">
|inactive|Battle timer is ON: inactive players will automatically lose when time's up.
|t:|1728582215
|gametype|singles
|player|p1|Baptosta|266|
|player|p2|when the 2)|266|
|teamsize|p1|6
|teamsize|p2|6
|gen|3
|tier|[Gen 3] OU
|rule|Sleep Clause Mod: Limit one foe put to sleep
|rule|Switch Priority Clause Mod: Faster Pokémon switch first
|rule|Species Clause: Limit one of each Pokémon
|rule|OHKO Clause: OHKO moves are banned
|rule|Evasion Items Clause: Evasion items are banned
|rule|Evasion Moves Clause: Evasion moves are banned
|rule|Endless Battle Clause: Forcing endless battles is banned
|rule|HP Percentage Mod: HP is shown in percentages
|rule|One Boost Passer Clause: Limit one Baton Passer that has a way to boost its stats
|rule|Freeze Clause Mod: Limit one foe frozen
|
|t:|1728582215
|start
|switch|p1a: Tyranitar|Tyranitar, M|100/100
|switch|p2a: Up a spike?|Skarmory, F|100/100
|-weather|Sandstorm|[from] ability: Sand Stream|[of] p1a: Tyranitar
|turn|1
|
|t:|1728582231
|switch|p1a: Gengar|Gengar, M|100/100
|move|p2a: Up a spike?|Spikes|p1a: Gengar
|-sidestart|p1: Baptosta|Spikes
|
|-weather|Sandstorm|[upkeep]
|-damage|p1a: Gengar|94/100|[from] Sandstorm
|-heal|p1a: Gengar|100/100|[from] item: Leftovers
|upkeep
|turn|2
|
|t:|1728582240
|move|p2a: Up a spike?|Protect|p2a: Up a spike?
|-singleturn|p2a: Up a spike?|Protect
|move|p1a: Gengar|Thunderbolt|p2a: Up a spike?
|-activate|p2a: Up a spike?|Protect
|
|-weather|Sandstorm|[upkeep]
|-damage|p1a: Gengar|94/100|[from] Sandstorm
|-heal|p1a: Gengar|100/100|[from] item: Leftovers
|upkeep
|turn|3
|
|t:|1728582243
|switch|p2a: can i offer you an|Blissey, F|100/100
|move|p1a: Gengar|Will-O-Wisp|p2a: can i offer you an|[miss]
|-miss|p1a: Gengar|p2a: can i offer you an
|
|-weather|Sandstorm|[upkeep]
|-damage|p1a: Gengar|94/100|[from] Sandstorm
|-damage|p2a: can i offer you an|94/100|[from] Sandstorm
|-heal|p1a: Gengar|100/100|[from] item: Leftovers
|-heal|p2a: can i offer you an|100/100|[from] item: Leftovers
|upkeep
|turn|4
|
|t:|1728582248
|move|p1a: Gengar|Taunt|p2a: can i offer you an
|-start|p2a: can i offer you an|move: Taunt
|move|p2a: can i offer you an|Ice Beam|p1a: Gengar
|-damage|p1a: Gengar|72/100
|
|-weather|Sandstorm|[upkeep]
|-damage|p1a: Gengar|66/100|[from] Sandstorm
|-damage|p2a: can i offer you an|94/100|[from] Sandstorm
|-heal|p1a: Gengar|72/100|[from] item: Leftovers
|-heal|p2a: can i offer you an|100/100|[from] item: Leftovers
|upkeep
|turn|5
|
|t:|1728582252
|switch|p1a: Skarmory|Skarmory, M|100/100
|move|p2a: can i offer you an|Ice Beam|p1a: Skarmory
|-damage|p1a: Skarmory|78/100
|
|-weather|Sandstorm|[upkeep]
|-damage|p2a: can i offer you an|94/100|[from] Sandstorm
|-heal|p1a: Skarmory|84/100|[from] item: Leftovers
|-heal|p2a: can i offer you an|100/100|[from] item: Leftovers
|-end|p2a: can i offer you an|move: Taunt|[silent]
|upkeep
|turn|6
|
|t:|1728582262
|switch|p2a: Weezing|Weezing, M|100/100
|move|p1a: Skarmory|Spikes|p2a: Weezing
|-sidestart|p2: when the 2)|Spikes
|
|-weather|Sandstorm|[upkeep]
|-damage|p2a: Weezing|95/100|[from] Sandstorm
|-heal|p1a: Skarmory|90/100|[from] item: Leftovers
|-heal|p2a: Weezing|100/100|[from] item: Leftovers
|upkeep
|turn|7
|
|t:|1728582272
|move|p1a: Skarmory|Protect|p1a: Skarmory
|-singleturn|p1a: Skarmory|Protect
|move|p2a: Weezing|Will-O-Wisp|p1a: Skarmory
|-activate|p1a: Skarmory|Protect
|
|-weather|Sandstorm|[upkeep]
|-damage|p2a: Weezing|95/100|[from] Sandstorm
|-heal|p1a: Skarmory|96/100|[from] item: Leftovers
|-heal|p2a: Weezing|100/100|[from] item: Leftovers
|upkeep
|turn|8
|
|t:|1728582282
|switch|p1a: Moltres|Moltres|100/100
|switch|p2a: Claydol|Claydol|100/100
|
|-weather|Sandstorm|[upkeep]
|-damage|p1a: Moltres|94/100|[from] Sandstorm
|-heal|p1a: Moltres|100/100|[from] item: Leftovers
|upkeep
|turn|9
|
|t:|1728582290
|move|p1a: Moltres|Will-O-Wisp|p2a: Claydol
|-status|p2a: Claydol|brn
|move|p2a: Claydol|Psychic|p1a: Moltres
|-damage|p1a: Moltres|74/100
|-unboost|p1a: Moltres|spd|1
|
|-weather|Sandstorm|[upkeep]
|-damage|p1a: Moltres|67/100|[from] Sandstorm
|-heal|p1a: Moltres|74/100|[from] item: Leftovers
|-damage|p2a: Claydol|88/100 brn|[from] brn
|upkeep
|turn|10
|
|t:|1728582313
|move|p1a: Moltres|Fire Blast|p2a: Claydol
|-damage|p2a: Claydol|34/100 brn
|move|p2a: Claydol|Refresh|p2a: Claydol
|-curestatus|p2a: Claydol|brn|[msg]
|
|-weather|Sandstorm|[upkeep]
|-damage|p1a: Moltres|67/100|[from] Sandstorm
|-heal|p1a: Moltres|74/100|[from] item: Leftovers
|-heal|p2a: Claydol|40/100|[from] item: Leftovers
|upkeep
|turn|11
|
|t:|1728582319
|switch|p2a: can i offer you an|Blissey, F|100/100
|-damage|p2a: can i offer you an|88/100|[from] Spikes
|move|p1a: Moltres|Hidden Power|p2a: can i offer you an
|-damage|p2a: can i offer you an|79/100
|
|-weather|Sandstorm|[upkeep]
|-damage|p1a: Moltres|67/100|[from] Sandstorm
|-damage|p2a: can i offer you an|73/100|[from] Sandstorm
|-heal|p1a: Moltres|74/100|[from] item: Leftovers
|-heal|p2a: can i offer you an|79/100|[from] item: Leftovers
|upkeep
|turn|12
|
|t:|1728582328
|switch|p1a: Skarmory|Skarmory, M|96/100
|move|p2a: can i offer you an|Seismic Toss|p1a: Skarmory
|-damage|p1a: Skarmory|66/100
|
|-weather|Sandstorm|[upkeep]
|-damage|p2a: can i offer you an|73/100|[from] Sandstorm
|-heal|p1a: Skarmory|72/100|[from] item: Leftovers
|-heal|p2a: can i offer you an|79/100|[from] item: Leftovers
|upkeep
|turn|13
|
|t:|1728582338
|move|p1a: Skarmory|Spikes|p2a: can i offer you an
|-sidestart|p2: when the 2)|Spikes
|move|p2a: can i offer you an|Wish|p2a: can i offer you an
|
|-weather|Sandstorm|[upkeep]
|-damage|p2a: can i offer you an|73/100|[from] Sandstorm
|-heal|p1a: Skarmory|78/100|[from] item: Leftovers
|-heal|p2a: can i offer you an|79/100|[from] item: Leftovers
|upkeep
|turn|14
|
|t:|1728582344
|switch|p2a: Claydol|Claydol|40/100
|move|p1a: Skarmory|Roar|p2a: Claydol
|drag|p2a: Up a spike?|Skarmory, F|100/100
|
|-weather|Sandstorm|[upkeep]
|-heal|p1a: Skarmory|84/100|[from] item: Leftovers
|upkeep
|turn|15
|
|t:|1728582352
|move|p2a: Up a spike?|Spikes|p1a: Skarmory
|-sidestart|p1: Baptosta|Spikes
|move|p1a: Skarmory|Spikes|p2a: Up a spike?
|-sidestart|p2: when the 2)|Spikes
|
|-weather|Sandstorm|[upkeep]
|-heal|p1a: Skarmory|90/100|[from] item: Leftovers
|upkeep
|turn|16
|
|t:|1728582361
|switch|p1a: Gengar|Gengar, M|72/100
|move|p2a: Up a spike?|Spikes|p1a: Gengar
|-sidestart|p1: Baptosta|Spikes
|
|-weather|Sandstorm|[upkeep]
|-damage|p1a: Gengar|66/100|[from] Sandstorm
|-heal|p1a: Gengar|72/100|[from] item: Leftovers
|upkeep
|turn|17
|
|t:|1728582371
|move|p2a: Up a spike?|Protect|p2a: Up a spike?
|-singleturn|p2a: Up a spike?|Protect
|move|p1a: Gengar|Taunt|p2a: Up a spike?
|-activate|p2a: Up a spike?|Protect
|
|-weather|Sandstorm|[upkeep]
|-damage|p1a: Gengar|66/100|[from] Sandstorm
|-heal|p1a: Gengar|72/100|[from] item: Leftovers
|upkeep
|turn|18
|
|t:|1728582378
|switch|p2a: can i offer you an|Blissey, F|79/100
|-damage|p2a: can i offer you an|54/100|[from] Spikes
|move|p1a: Gengar|Taunt|p2a: can i offer you an
|-start|p2a: can i offer you an|move: Taunt
|
|-weather|Sandstorm|[upkeep]
|-damage|p1a: Gengar|66/100|[from] Sandstorm
|-damage|p2a: can i offer you an|48/100|[from] Sandstorm
|-heal|p1a: Gengar|72/100|[from] item: Leftovers
|-heal|p2a: can i offer you an|54/100|[from] item: Leftovers
|upkeep
|turn|19
|
|t:|1728582384
|switch|p1a: Skarmory|Skarmory, M|90/100
|move|p2a: can i offer you an|Ice Beam|p1a: Skarmory
|-damage|p1a: Skarmory|67/100
|
|-weather|Sandstorm|[upkeep]
|-damage|p2a: can i offer you an|48/100|[from] Sandstorm
|-heal|p1a: Skarmory|73/100|[from] item: Leftovers
|-heal|p2a: can i offer you an|54/100|[from] item: Leftovers
|-end|p2a: can i offer you an|move: Taunt|[silent]
|upkeep
|turn|20
|
|t:|1728582391
|move|p2a: can i offer you an|Soft-Boiled|p2a: can i offer you an
|-heal|p2a: can i offer you an|100/100
|move|p1a: Skarmory|Roar|p2a: can i offer you an
|drag|p2a: In my lane.|Jirachi|100/100
|-damage|p2a: In my lane.|75/100|[from] Spikes
|
|-weather|Sandstorm|[upkeep]
|-heal|p2a: In my lane.|82/100|[from] item: Leftovers
|-heal|p1a: Skarmory|79/100|[from] item: Leftovers
|upkeep
|turn|21
|
|t:|1728582397
|move|p1a: Skarmory|Protect|p1a: Skarmory
|-singleturn|p1a: Skarmory|Protect
|move|p2a: In my lane.|Fire Punch|p1a: Skarmory
|-activate|p1a: Skarmory|Protect
|
|-weather|Sandstorm|[upkeep]
|-heal|p2a: In my lane.|88/100|[from] item: Leftovers
|-heal|p1a: Skarmory|85/100|[from] item: Leftovers
|upkeep
|turn|22
|
|t:|1728582414
|switch|p2a: Claydol|Claydol|40/100
|switch|p1a: Tyranitar|Tyranitar, M|100/100
|-damage|p1a: Tyranitar|75/100|[from] Spikes
|
|-weather|Sandstorm|[upkeep]
|-heal|p2a: Claydol|46/100|[from] item: Leftovers
|-heal|p1a: Tyranitar|82/100|[from] item: Leftovers
|upkeep
|turn|23
|
|t:|1728582422
|move|p2a: Claydol|Earthquake|p1a: Tyranitar
|-supereffective|p1a: Tyranitar
|-damage|p1a: Tyranitar|44/100
|move|p1a: Tyranitar|Pursuit|p2a: Claydol
|-supereffective|p2a: Claydol
|-damage|p2a: Claydol|11/100
|
|-weather|Sandstorm|[upkeep]
|-heal|p2a: Claydol|17/100|[from] item: Leftovers
|-heal|p1a: Tyranitar|50/100|[from] item: Leftovers
|upkeep
|turn|24
|
|t:|1728582427
|move|p2a: Claydol|Rapid Spin|p1a: Tyranitar
|-resisted|p1a: Tyranitar
|-damage|p1a: Tyranitar|49/100
|-sideend|p2: when the 2)|Spikes|[from] move: Rapid Spin|[of] p2a: Claydol
|move|p1a: Tyranitar|Pursuit|p2a: Claydol
|-supereffective|p2a: Claydol
|-damage|p2a: Claydol|0 fnt
|faint|p2a: Claydol
|
|t:|1728582452
|switch|p2a: Weezing|Weezing, M|100/100
|
|-weather|Sandstorm|[upkeep]
|-damage|p2a: Weezing|95/100|[from] Sandstorm
|-heal|p1a: Tyranitar|55/100|[from] item: Leftovers
|-heal|p2a: Weezing|100/100|[from] item: Leftovers
|upkeep
|turn|25
|
|t:|1728582464
|move|p1a: Tyranitar|Crunch|p2a: Weezing
|-crit|p2a: Weezing
|-damage|p2a: Weezing|0 fnt
|faint|p2a: Weezing
|c|☆Baptosta|sry
|c|☆when the 2)|dw
|
|t:|1728582472
|switch|p2a: In my lane.|Jirachi|88/100
|
|-weather|Sandstorm|[upkeep]
|-heal|p2a: In my lane.|94/100|[from] item: Leftovers
|-heal|p1a: Tyranitar|61/100|[from] item: Leftovers
|upkeep
|turn|26
|
|t:|1728582478
|move|p2a: In my lane.|Calm Mind|p2a: In my lane.
|-boost|p2a: In my lane.|spa|1
|-boost|p2a: In my lane.|spd|1
|move|p1a: Tyranitar|Earthquake|p2a: In my lane.
|-supereffective|p2a: In my lane.
|-damage|p2a: In my lane.|59/100
|
|-weather|Sandstorm|[upkeep]
|-heal|p2a: In my lane.|66/100|[from] item: Leftovers
|-heal|p1a: Tyranitar|67/100|[from] item: Leftovers
|upkeep
|turn|27
|
|t:|1728582493
|move|p2a: In my lane.|Wish|p2a: In my lane.
|move|p1a: Tyranitar|Earthquake|p2a: In my lane.
|-supereffective|p2a: In my lane.
|-damage|p2a: In my lane.|33/100
|
|-weather|Sandstorm|[upkeep]
|-heal|p2a: In my lane.|39/100|[from] item: Leftovers
|-heal|p1a: Tyranitar|74/100|[from] item: Leftovers
|upkeep
|turn|28
|
|t:|1728582510
|switch|p1a: Jirachi|Jirachi|100/100
|-damage|p1a: Jirachi|76/100|[from] Spikes
|move|p2a: In my lane.|Calm Mind|p2a: In my lane.
|-boost|p2a: In my lane.|spa|1
|-boost|p2a: In my lane.|spd|1
|
|-heal|p2a: In my lane.|89/100|[from] move: Wish|[wisher] In my lane.
|-weather|Sandstorm|[upkeep]
|-heal|p2a: In my lane.|95/100|[from] item: Leftovers
|-heal|p1a: Jirachi|82/100|[from] item: Leftovers
|upkeep
|turn|29
|
|t:|1728582513
|move|p2a: In my lane.|Fire Punch|p1a: Jirachi
|-supereffective|p1a: Jirachi
|-damage|p1a: Jirachi|34/100
|move|p1a: Jirachi|Fire Punch|p2a: In my lane.
|-supereffective|p2a: In my lane.
|-damage|p2a: In my lane.|79/100
|
|-weather|Sandstorm|[upkeep]
|-heal|p2a: In my lane.|85/100|[from] item: Leftovers
|-heal|p1a: Jirachi|40/100|[from] item: Leftovers
|upkeep
|turn|30
|
|t:|1728582519
|move|p1a: Jirachi|Protect|p1a: Jirachi
|-singleturn|p1a: Jirachi|Protect
|move|p2a: In my lane.|Fire Punch|p1a: Jirachi
|-activate|p1a: Jirachi|Protect
|
|-weather|Sandstorm|[upkeep]
|-heal|p2a: In my lane.|91/100|[from] item: Leftovers
|-heal|p1a: Jirachi|46/100|[from] item: Leftovers
|upkeep
|turn|31
|
|t:|1728582546
|move|p2a: In my lane.|Wish|p2a: In my lane.
|move|p1a: Jirachi|Body Slam|p2a: In my lane.
|-resisted|p2a: In my lane.
|-damage|p2a: In my lane.|85/100
|
|-weather|Sandstorm|[upkeep]
|-heal|p2a: In my lane.|91/100|[from] item: Leftovers
|-heal|p1a: Jirachi|53/100|[from] item: Leftovers
|upkeep
|turn|32
|
|t:|1728582555
|move|p1a: Jirachi|Protect|p1a: Jirachi
|-singleturn|p1a: Jirachi|Protect
|move|p2a: In my lane.|Calm Mind|p2a: In my lane.
|-boost|p2a: In my lane.|spa|1
|-boost|p2a: In my lane.|spd|1
|
|-heal|p2a: In my lane.|100/100|[from] move: Wish|[wisher] In my lane.
|-weather|Sandstorm|[upkeep]
|-heal|p1a: Jirachi|59/100|[from] item: Leftovers
|upkeep
|turn|33
|
|t:|1728582559
|move|p2a: In my lane.|Fire Punch|p1a: Jirachi
|-supereffective|p1a: Jirachi
|-damage|p1a: Jirachi|2/100
|move|p1a: Jirachi|Body Slam|p2a: In my lane.
|-resisted|p2a: In my lane.
|-damage|p2a: In my lane.|94/100
|-status|p2a: In my lane.|par
|
|-weather|Sandstorm|[upkeep]
|-heal|p1a: Jirachi|8/100|[from] item: Leftovers
|-heal|p2a: In my lane.|100/100 par|[from] item: Leftovers
|upkeep
|turn|34
|
|t:|1728582567
|move|p1a: Jirachi|Wish|p1a: Jirachi
|move|p2a: In my lane.|Calm Mind|p2a: In my lane.
|-boost|p2a: In my lane.|spa|1
|-boost|p2a: In my lane.|spd|1
|
|-weather|Sandstorm|[upkeep]
|-heal|p1a: Jirachi|14/100|[from] item: Leftovers
|upkeep
|turn|35
|
|t:|1728582574
|move|p1a: Jirachi|Protect|p1a: Jirachi
|-singleturn|p1a: Jirachi|Protect
|cant|p2a: In my lane.|par
|
|-heal|p1a: Jirachi|64/100|[from] move: Wish|[wisher] Jirachi
|-weather|Sandstorm|[upkeep]
|-heal|p1a: Jirachi|70/100|[from] item: Leftovers
|upkeep
|turn|36
|
|t:|1728582579
|move|p1a: Jirachi|Wish|p1a: Jirachi
|move|p2a: In my lane.|Calm Mind|p2a: In my lane.
|-boost|p2a: In my lane.|spa|1
|-boost|p2a: In my lane.|spd|1
|
|-weather|Sandstorm|[upkeep]
|-heal|p1a: Jirachi|76/100|[from] item: Leftovers
|upkeep
|turn|37
|
|t:|1728582585
|switch|p1a: Tyranitar|Tyranitar, M|74/100
|-damage|p1a: Tyranitar|49/100|[from] Spikes
|cant|p2a: In my lane.|par
|
|-heal|p1a: Tyranitar|99/100|[from] move: Wish|[wisher] Jirachi
|-weather|Sandstorm|[upkeep]
|-heal|p1a: Tyranitar|100/100|[from] item: Leftovers
|upkeep
|turn|38
|
|t:|1728582591
|move|p1a: Tyranitar|Earthquake|p2a: In my lane.
|-supereffective|p2a: In my lane.
|-damage|p2a: In my lane.|66/100 par
|move|p2a: In my lane.|Fire Punch|p1a: Tyranitar
|-resisted|p1a: Tyranitar
|-crit|p1a: Tyranitar
|-damage|p1a: Tyranitar|53/100
|
|-weather|Sandstorm|[upkeep]
|-heal|p1a: Tyranitar|60/100|[from] item: Leftovers
|-heal|p2a: In my lane.|73/100 par|[from] item: Leftovers
|upkeep
|turn|39
|
|t:|1728582597
|move|p1a: Tyranitar|Earthquake|p2a: In my lane.
|-supereffective|p2a: In my lane.
|-damage|p2a: In my lane.|38/100 par
|move|p2a: In my lane.|Wish|p2a: In my lane.
|
|-weather|Sandstorm|[upkeep]
|-heal|p1a: Tyranitar|66/100|[from] item: Leftovers
|-heal|p2a: In my lane.|45/100 par|[from] item: Leftovers
|upkeep
|turn|40
|
|t:|1728582600
|move|p1a: Tyranitar|Earthquake|p2a: In my lane.
|-supereffective|p2a: In my lane.
|-damage|p2a: In my lane.|9/100 par
|move|p2a: In my lane.|Fire Punch|p1a: Tyranitar
|-resisted|p1a: Tyranitar
|-damage|p1a: Tyranitar|41/100
|
|-heal|p2a: In my lane.|59/100 par|[from] move: Wish|[wisher] In my lane.
|-weather|Sandstorm|[upkeep]
|-heal|p1a: Tyranitar|48/100|[from] item: Leftovers
|-heal|p2a: In my lane.|65/100 par|[from] item: Leftovers
|upkeep
|turn|41
|
|t:|1728582614
|move|p1a: Tyranitar|Earthquake|p2a: In my lane.
|-supereffective|p2a: In my lane.
|-damage|p2a: In my lane.|31/100 par
|move|p2a: In my lane.|Fire Punch|p1a: Tyranitar
|-resisted|p1a: Tyranitar
|-damage|p1a: Tyranitar|23/100
|
|-weather|Sandstorm|[upkeep]
|-heal|p1a: Tyranitar|29/100|[from] item: Leftovers
|-heal|p2a: In my lane.|38/100 par|[from] item: Leftovers
|upkeep
|turn|42
|
|t:|1728582624
|switch|p2a: can i offer you an|Blissey, F|100/100
|move|p1a: Tyranitar|Earthquake|p2a: can i offer you an
|-damage|p2a: can i offer you an|72/100
|
|-weather|Sandstorm|[upkeep]
|-damage|p2a: can i offer you an|65/100|[from] Sandstorm
|-heal|p1a: Tyranitar|35/100|[from] item: Leftovers
|-heal|p2a: can i offer you an|72/100|[from] item: Leftovers
|upkeep
|turn|43
|
|t:|1728582633
|switch|p1a: Skarmory|Skarmory, M|85/100
|move|p2a: can i offer you an|Wish|p2a: can i offer you an
|
|-weather|Sandstorm|[upkeep]
|-damage|p2a: can i offer you an|65/100|[from] Sandstorm
|-heal|p1a: Skarmory|91/100|[from] item: Leftovers
|-heal|p2a: can i offer you an|72/100|[from] item: Leftovers
|upkeep
|turn|44
|
|t:|1728582640
|switch|p2a: Up a spike?|Skarmory, F|100/100
|move|p1a: Skarmory|Spikes|p2a: Up a spike?
|-sidestart|p2: when the 2)|Spikes
|
|-weather|Sandstorm|[upkeep]
|-heal|p1a: Skarmory|97/100|[from] item: Leftovers
|upkeep
|turn|45
|
|t:|1728582644
|switch|p2a: Xatu|Xatu, F|100/100
|move|p1a: Skarmory|Spikes|p2a: Xatu
|-sidestart|p2: when the 2)|Spikes
|
|-weather|Sandstorm|[upkeep]
|-damage|p2a: Xatu|95/100|[from] Sandstorm
|-heal|p2a: Xatu|100/100|[from] item: Leftovers
|-heal|p1a: Skarmory|100/100|[from] item: Leftovers
|upkeep
|turn|46
|
|t:|1728582650
|move|p2a: Xatu|Reflect|p2a: Xatu
|-sidestart|p2: when the 2)|Reflect
|move|p1a: Skarmory|Toxic|p2a: Xatu
|-status|p2a: Xatu|tox
|
|-weather|Sandstorm|[upkeep]
|-damage|p2a: Xatu|95/100 tox|[from] Sandstorm
|-heal|p2a: Xatu|100/100 tox|[from] item: Leftovers
|-damage|p2a: Xatu|95/100 tox|[from] psn
|upkeep
|turn|47
|
|t:|1728582653
|move|p2a: Xatu|Calm Mind|p2a: Xatu
|-boost|p2a: Xatu|spa|1
|-boost|p2a: Xatu|spd|1
|move|p1a: Skarmory|Spikes|p2a: Xatu
|-sidestart|p2: when the 2)|Spikes
|
|-weather|Sandstorm|[upkeep]
|-damage|p2a: Xatu|89/100 tox|[from] Sandstorm
|-heal|p2a: Xatu|95/100 tox|[from] item: Leftovers
|-damage|p2a: Xatu|83/100 tox|[from] psn
|upkeep
|turn|48
|
|t:|1728582656
|move|p2a: Xatu|Calm Mind|p2a: Xatu
|-boost|p2a: Xatu|spa|1
|-boost|p2a: Xatu|spd|1
|move|p1a: Skarmory|Roar|p2a: Xatu
|drag|p2a: Up a spike?|Skarmory, F|100/100
|
|-weather|Sandstorm|[upkeep]
|upkeep
|turn|49
|
|t:|1728582661
|switch|p2a: can i offer you an|Blissey, F|72/100
|-damage|p2a: can i offer you an|47/100|[from] Spikes
|move|p1a: Skarmory|Roar|p2a: can i offer you an
|drag|p2a: Up a spike?|Skarmory, F|100/100
|
|-weather|Sandstorm|[upkeep]
|upkeep
|turn|50
|
|t:|1728582664
|switch|p2a: Xatu|Xatu, F|83/100 tox
|move|p1a: Skarmory|Roar|p2a: Xatu
|drag|p2a: can i offer you an|Blissey, F|47/100
|-damage|p2a: can i offer you an|22/100|[from] Spikes
|
|-sideend|p2: when the 2)|Reflect
|-weather|Sandstorm|[upkeep]
|-damage|p2a: can i offer you an|16/100|[from] Sandstorm
|-heal|p2a: can i offer you an|22/100|[from] item: Leftovers
|upkeep
|turn|51
|
|t:|1728582667
|move|p2a: can i offer you an|Soft-Boiled|p2a: can i offer you an
|-heal|p2a: can i offer you an|72/100
|move|p1a: Skarmory|Roar|p2a: can i offer you an
|drag|p2a: Xatu|Xatu, F|83/100 tox
|
|-weather|Sandstorm|[upkeep]
|-damage|p2a: Xatu|77/100 tox|[from] Sandstorm
|-heal|p2a: Xatu|83/100 tox|[from] item: Leftovers
|-damage|p2a: Xatu|77/100 tox|[from] psn
|upkeep
|turn|52
|
|t:|1728582671
|move|p2a: Xatu|Rest|p2a: Xatu
|-status|p2a: Xatu|slp|[from] move: Rest
|-heal|p2a: Xatu|100/100 slp|[silent]
|move|p1a: Skarmory|Roar|p2a: Xatu
|drag|p2a: can i offer you an|Blissey, F|72/100
|-damage|p2a: can i offer you an|47/100|[from] Spikes
|
|-weather|Sandstorm|[upkeep]
|-damage|p2a: can i offer you an|41/100|[from] Sandstorm
|-heal|p2a: can i offer you an|47/100|[from] item: Leftovers
|upkeep
|turn|53
|
|t:|1728582676
|move|p2a: can i offer you an|Soft-Boiled|p2a: can i offer you an
|-heal|p2a: can i offer you an|97/100
|move|p1a: Skarmory|Roar|p2a: can i offer you an
|drag|p2a: Up a spike?|Skarmory, F|100/100
|
|-weather|Sandstorm|[upkeep]
|upkeep
|turn|54
|
|t:|1728582689
|move|p2a: Up a spike?|Roar|p1a: Skarmory
|drag|p1a: Flygon|Flygon, M|100/100
|
|-weather|Sandstorm|[upkeep]
|upkeep
|turn|55
|
|t:|1728582694
|switch|p2a: Xatu|Xatu, F|100/100 slp
|move|p1a: Flygon|Rock Slide|p2a: Xatu
|-supereffective|p2a: Xatu
|-damage|p2a: Xatu|51/100 slp
|
|-weather|Sandstorm|[upkeep]
|-damage|p2a: Xatu|45/100 slp|[from] Sandstorm
|-heal|p2a: Xatu|51/100 slp|[from] item: Leftovers
|upkeep
|turn|56
|
|t:|1728582699
|switch|p2a: Up a spike?|Skarmory, F|100/100
|move|p1a: Flygon|Rock Slide|p2a: Up a spike?
|-damage|p2a: Up a spike?|87/100
|
|-weather|Sandstorm|[upkeep]
|-heal|p2a: Up a spike?|93/100|[from] item: Leftovers
|upkeep
|turn|57
|
|t:|1728582705
|switch|p1a: Moltres|Moltres|74/100
|move|p2a: Up a spike?|Protect||[still]
|-fail|p2a: Up a spike?
|
|-weather|Sandstorm|[upkeep]
|-damage|p1a: Moltres|67/100|[from] Sandstorm
|-heal|p1a: Moltres|74/100|[from] item: Leftovers
|-heal|p2a: Up a spike?|99/100|[from] item: Leftovers
|upkeep
|turn|58
|
|t:|1728582712
|switch|p1a: Jirachi|Jirachi|76/100
|-damage|p1a: Jirachi|52/100|[from] Spikes
|switch|p2a: can i offer you an|Blissey, F|97/100
|-damage|p2a: can i offer you an|72/100|[from] Spikes
|
|-weather|Sandstorm|[upkeep]
|-damage|p2a: can i offer you an|66/100|[from] Sandstorm
|-heal|p1a: Jirachi|58/100|[from] item: Leftovers
|-heal|p2a: can i offer you an|72/100|[from] item: Leftovers
|upkeep
|turn|59
|
|t:|1728582717
|move|p1a: Jirachi|Wish|p1a: Jirachi
|move|p2a: can i offer you an|Wish|p2a: can i offer you an
|
|-weather|Sandstorm|[upkeep]
|-damage|p2a: can i offer you an|66/100|[from] Sandstorm
|-heal|p1a: Jirachi|64/100|[from] item: Leftovers
|-heal|p2a: can i offer you an|72/100|[from] item: Leftovers
|upkeep
|turn|60
|
|t:|1728582721
|switch|p1a: Tyranitar|Tyranitar, M|35/100
|-damage|p1a: Tyranitar|10/100|[from] Spikes
|switch|p2a: Xatu|Xatu, F|51/100 slp
|
|-heal|p1a: Tyranitar|60/100|[from] move: Wish|[wisher] Jirachi
|-heal|p2a: Xatu|100/100 slp|[from] move: Wish|[wisher] can i offer you an
|-weather|Sandstorm|[upkeep]
|-damage|p2a: Xatu|95/100 slp|[from] Sandstorm
|-heal|p2a: Xatu|100/100 slp|[from] item: Leftovers
|-heal|p1a: Tyranitar|66/100|[from] item: Leftovers
|upkeep
|turn|61
|
|t:|1728582726
|cant|p2a: Xatu|slp
|move|p1a: Tyranitar|Crunch|p2a: Xatu
|-supereffective|p2a: Xatu
|-damage|p2a: Xatu|34/100 slp
|-unboost|p2a: Xatu|spd|1
|
|-weather|Sandstorm|[upkeep]
|-damage|p2a: Xatu|28/100 slp|[from] Sandstorm
|-heal|p2a: Xatu|34/100 slp|[from] item: Leftovers
|-heal|p1a: Tyranitar|72/100|[from] item: Leftovers
|upkeep
|turn|62
|
|t:|1728582729
|-curestatus|p2a: Xatu|slp|[msg]
|move|p2a: Xatu|Reflect|p2a: Xatu
|-sidestart|p2: when the 2)|Reflect
|move|p1a: Tyranitar|Pursuit|p2a: Xatu
|-supereffective|p2a: Xatu
|-damage|p2a: Xatu|0 fnt
|faint|p2a: Xatu
|
|t:|1728582736
|switch|p2a: can i offer you an|Blissey, F|72/100
|-damage|p2a: can i offer you an|47/100|[from] Spikes
|
|-weather|Sandstorm|[upkeep]
|-damage|p2a: can i offer you an|41/100|[from] Sandstorm
|-heal|p1a: Tyranitar|78/100|[from] item: Leftovers
|-heal|p2a: can i offer you an|47/100|[from] item: Leftovers
|upkeep
|turn|63
|
|t:|1728582741
|move|p1a: Tyranitar|Earthquake|p2a: can i offer you an
|-damage|p2a: can i offer you an|34/100
|move|p2a: can i offer you an|Soft-Boiled|p2a: can i offer you an
|-heal|p2a: can i offer you an|84/100
|
|-weather|Sandstorm|[upkeep]
|-damage|p2a: can i offer you an|78/100|[from] Sandstorm
|-heal|p1a: Tyranitar|85/100|[from] item: Leftovers
|-heal|p2a: can i offer you an|84/100|[from] item: Leftovers
|upkeep
|turn|64
|
|t:|1728582752
|switch|p1a: Skarmory|Skarmory, M|100/100
|move|p2a: can i offer you an|Seismic Toss|p1a: Skarmory
|-damage|p1a: Skarmory|71/100
|
|-weather|Sandstorm|[upkeep]
|-damage|p2a: can i offer you an|78/100|[from] Sandstorm
|-heal|p1a: Skarmory|77/100|[from] item: Leftovers
|-heal|p2a: can i offer you an|84/100|[from] item: Leftovers
|upkeep
|turn|65
|c|☆when the 2)|well this is lost
|-message|when the 2) forfeited.
|
|win|Baptosta

</script>
<script type="application/json" class="data" id="replaydata-smogtours-gen3ou-796934">
{"id":"smogtours-gen3ou-796934","format":"[Gen 3] OU","players":["Baptosta","when the 2)"],"uploadtime":1728582762,"views":89,"formatid":"gen3ou","rating":null,"private":0,"password":null}
</script>

<script defer src="js/replays.js?9d40a366"></script>
