<!DOCTYPE html>
<meta charset="utf-8" />
<meta name="viewport" content="width=device-width" />

<title>[Gen 3] OU: Glick666 vs. mwah_bang - Replays - Pok&eacute;mon Showdown!</title>

<meta name="description" content="Watch a replay of a Pok&eacute;mon battle between Glick666 and mwah_bang! Format: [Gen 3] OU; Date: Oct 15, 2024" />
<!--

Hey, you! Looking in the source for the replay log?

You can find them in JSON format, just add `.json` at the end of a replay URL.

https://replay.pokemonshowdown.com/gen7randomdoublesbattle-865046831.json

Or, if you only need the log itself, add `.log` instead:

https://replay.pokemonshowdown.com/gen7randomdoublesbattle-865046831.log

-->

<link rel="stylesheet" href="//pokemonshowdown.com/style/global.css?0.767286132409787" />
<link rel="stylesheet" href="//play.pokemonshowdown.com/style/font-awesome.css?0.9266228007934947" />
<link rel="stylesheet" href="//play.pokemonshowdown.com/style/battle.css?0.7924700842790926" />
<link rel="stylesheet" href="//play.pokemonshowdown.com/style/utilichart.css?0.8777417872839479" />

<!-- Global site tag (gtag.js) - Google Analytics -->
<script async src="https://www.googletagmanager.com/gtag/js?id=UA-26211653-1"></script>
<script>
  window.dataLayer = window.dataLayer || [];
  function gtag(){dataLayer.push(arguments);}
  gtag('js', new Date());

  gtag('config', 'UA-26211653-1');
</script>
<!-- End Google Analytics -->
<!-- Venatus Ad Manager - Install in <HEAD> of page -->
	<script src="https://hb.vntsm.com/v3/live/ad-manager.min.js" type="text/javascript" data-site-id="642aba63ec9a7b11c3c9c1be" data-mode="scan" async></script>
<!-- / Venatus Ad Manager -->

<style>
	@media (max-width:820px) {
		.battle {
			margin: 0 auto;
		}
		.battle-log {
			margin: 7px auto 0;
			max-width: 640px;
			height: 300px;
			position: static;
		}
	}
	.optgroup {
		display: inline-block;
		line-height: 22px;
		font-size: 10pt;
	}
	.optgroup .button {
		height: 25px;
		padding-top: 0;
		padding-bottom: 0;
	}
	.optgroup button.button {
		padding-left: 12px;
		padding-right: 12px;
	}
	.linklist {
		list-style: none;
		margin: 0.5em 0;
		padding: 0;
	}
	.linklist li {
		padding: 2px 0;
	}
	.sidebar {
		float: left;
		width: 320px;
	}
	.bar-wrapper {
		max-width: 1100px;
		margin: 0 auto;
	}
	.bar-wrapper.has-sidebar {
		max-width: 1430px;
	}
	.mainbar {
		margin: 0;
		padding-right: 1px;
	}
	.mainbar.has-sidebar {
		margin-left: 330px;
	}
	@media (min-width: 1511px) {
		.sidebar {
			width: 400px;
		}
		.bar-wrapper.has-sidebar {
			max-width: 1510px;
		}
		.mainbar.has-sidebar {
			margin-left: 410px;
		}
	}
	.section.first-section {
		margin-top: 9px;
	}
	.blocklink small {
		white-space: normal;
	}
	.button {
		vertical-align: middle;
	}
	.replay-controls {
		padding-top: 10px;
	}
	.replay-controls h1 {
		font-size: 16pt;
		font-weight: normal;
		color: #CCC;
	}
	.pagelink {
		text-align: center;
	}
	.pagelink a {
		width: 150px;
	}
	.textbox, .button {
		font-size: 11pt;
		vertical-align: middle;
	}
	@media (max-width: 450px) {
		.button {
			font-size: 9pt;
		}
	}
</style>

<div>

	<header>
		<div class="nav-wrapper"><ul class="nav">
			<li><a class="button nav-first" href="//pokemonshowdown.com/"><img src="//pokemonshowdown.com/images/pokemonshowdownbeta.png" srcset="//pokemonshowdown.com/images/pokemonshowdownbeta.png 1x, //pokemonshowdown.com/images/pokemonshowdownbeta@2x.png 2x" alt="Pok&eacute;mon Showdown" width="146" height="44" /> Home</a></li>
			<li><a class="button" href="//pokemonshowdown.com/dex/">Pok&eacute;dex</a></li>
			<li><a class="button cur" href="/">Replays</a></li>
			<li><a class="button" href="//pokemonshowdown.com/ladder/">Ladder</a></li>
			<li><a class="button nav-last" href="//pokemonshowdown.com/forums/">Forum</a></li>
			<li><a class="button greenbutton nav-first nav-last" href="//play.pokemonshowdown.com/">Play</a></li>
		</ul></div>
	</header>

	<div class="main" id="main">

		<noscript><section class="section">You need to enable JavaScript to use this page; sorry!</section></noscript>

	</div>

</div>

<script defer nomodule src="//play.pokemonshowdown.com/js/lib/ps-polyfill.js"></script>
<script defer src="//play.pokemonshowdown.com/js/lib/preact.min.js"></script>

<script defer src="//play.pokemonshowdown.com/config/config.js?6dec07f6"></script>
<script defer src="//play.pokemonshowdown.com/js/lib/jquery-1.11.0.min.js"></script>
<script defer src="//play.pokemonshowdown.com/js/lib/html-sanitizer-minified.js"></script>
<script defer src="//play.pokemonshowdown.com/js/battle-sound.js"></script>
<script defer src="//play.pokemonshowdown.com/js/battledata.js?0.6315294753075389"></script>
<script defer src="//play.pokemonshowdown.com/data/pokedex-mini.js?0.7603743185311358"></script>
<script defer src="//play.pokemonshowdown.com/data/pokedex-mini-bw.js?0.030888842834281283"></script>
<script defer src="//play.pokemonshowdown.com/data/graphics.js?0.05593094747507488"></script>
<script defer src="//play.pokemonshowdown.com/data/pokedex.js?0.47064822249611904"></script>
<script defer src="//play.pokemonshowdown.com/data/moves.js?0.8583693120512459"></script>
<script defer src="//play.pokemonshowdown.com/data/abilities.js?0.16017181182386842"></script>
<script defer src="//play.pokemonshowdown.com/data/items.js?0.4163379185673943"></script>
<script defer src="//play.pokemonshowdown.com/data/teambuilder-tables.js?0.31075597372830477"></script>
<script defer src="//play.pokemonshowdown.com/js/battle-tooltips.js?0.6536193500708172"></script>
<script defer src="//play.pokemonshowdown.com/js/battle.js?0.1916591943277901"></script>

<script defer src="js/utils.js?e31f9a17"></script>
<script defer src="js/replays-battle.js?7008c182"></script>

<!-- don't scrape this data! just add .json or .log after the URL!
Full API docs: https://github.com/smogon/pokemon-showdown-client/blob/master/WEB-API.md -->
<script type="text/plain" class="log" id="replaylog-smogtours-gen3ou-798979">
|inactive|Battle timer is ON: inactive players will automatically lose when time's up.
|t:|1729021100
|gametype|singles
|player|p1|Glick666|swimmer-gen4dp|
|player|p2|mwah_bang|kris-gen2|
|teamsize|p1|6
|teamsize|p2|6
|gen|3
|tier|[Gen 3] OU
|rule|Sleep Clause Mod: Limit one foe put to sleep
|rule|Switch Priority Clause Mod: Faster Pokémon switch first
|rule|Species Clause: Limit one of each Pokémon
|rule|OHKO Clause: OHKO moves are banned
|rule|Evasion Items Clause: Evasion items are banned
|rule|Evasion Moves Clause: Evasion moves are banned
|rule|Endless Battle Clause: Forcing endless battles is banned
|rule|HP Percentage Mod: HP is shown in percentages
|rule|One Boost Passer Clause: Limit one Baton Passer that has a way to boost its stats
|rule|Freeze Clause Mod: Limit one foe frozen
|
|t:|1729021100
|start
|switch|p1a: Tyranitar|Tyranitar, M|100/100
|switch|p2a: Paul Allen|Zapdos|100/100
|-weather|Sandstorm|[from] ability: Sand Stream|[of] p1a: Tyranitar
|turn|1
|c|☆mwah_bang|gl hf
|
|t:|1729021130
|switch|p2a: Patrick Bateman|Suicune|100/100
|move|p1a: Tyranitar|Rock Slide|p2a: Patrick Bateman|[miss]
|-miss|p1a: Tyranitar|p2a: Patrick Bateman
|
|-weather|Sandstorm|[upkeep]
|-damage|p2a: Patrick Bateman|94/100|[from] Sandstorm
|-heal|p2a: Patrick Bateman|100/100|[from] item: Leftovers
|upkeep
|turn|2
|c|☆Glick666|u2
|
|t:|1729021144
|switch|p1a: Zapdos|Zapdos|100/100
|move|p2a: Patrick Bateman|Surf|p1a: Zapdos
|-damage|p1a: Zapdos|72/100
|
|-weather|Sandstorm|[upkeep]
|-damage|p1a: Zapdos|66/100|[from] Sandstorm
|-damage|p2a: Patrick Bateman|94/100|[from] Sandstorm
|-heal|p1a: Zapdos|72/100|[from] item: Leftovers
|-heal|p2a: Patrick Bateman|100/100|[from] item: Leftovers
|upkeep
|turn|3
|
|t:|1729021158
|switch|p2a: Christie|Blissey, F|100/100
|move|p1a: Zapdos|Thunderbolt|p2a: Christie
|-damage|p2a: Christie|84/100
|
|-weather|Sandstorm|[upkeep]
|-damage|p1a: Zapdos|66/100|[from] Sandstorm
|-damage|p2a: Christie|77/100|[from] Sandstorm
|-heal|p1a: Zapdos|72/100|[from] item: Leftovers
|-heal|p2a: Christie|84/100|[from] item: Leftovers
|upkeep
|turn|4
|
|t:|1729021182
|move|p1a: Zapdos|Toxic|p2a: Christie
|-status|p2a: Christie|tox
|move|p2a: Christie|Seismic Toss|p1a: Zapdos
|-damage|p1a: Zapdos|46/100
|
|-weather|Sandstorm|[upkeep]
|-damage|p1a: Zapdos|40/100|[from] Sandstorm
|-damage|p2a: Christie|77/100 tox|[from] Sandstorm
|-heal|p1a: Zapdos|46/100|[from] item: Leftovers
|-heal|p2a: Christie|84/100 tox|[from] item: Leftovers
|-damage|p2a: Christie|77/100 tox|[from] psn
|upkeep
|turn|5
|
|t:|1729021194
|switch|p1a: Gengar|Gengar, M|100/100
|move|p2a: Christie|Ice Beam|p1a: Gengar
|-damage|p1a: Gengar|74/100
|
|-weather|Sandstorm|[upkeep]
|-damage|p1a: Gengar|68/100|[from] Sandstorm
|-damage|p2a: Christie|71/100 tox|[from] Sandstorm
|-heal|p1a: Gengar|74/100|[from] item: Leftovers
|-heal|p2a: Christie|77/100 tox|[from] item: Leftovers
|-damage|p2a: Christie|65/100 tox|[from] psn
|upkeep
|turn|6
|
|t:|1729021207
|move|p1a: Gengar|Thunderbolt|p2a: Christie
|-damage|p2a: Christie|52/100 tox
|move|p2a: Christie|Aromatherapy|p2a: Christie
|-cureteam|p2a: Christie|[from] move: Aromatherapy
|
|-weather|Sandstorm|[upkeep]
|-damage|p1a: Gengar|68/100|[from] Sandstorm
|-damage|p2a: Christie|46/100|[from] Sandstorm
|-heal|p1a: Gengar|74/100|[from] item: Leftovers
|-heal|p2a: Christie|52/100|[from] item: Leftovers
|upkeep
|turn|7
|
|t:|1729021218
|move|p1a: Gengar|Will-O-Wisp|p2a: Christie
|-status|p2a: Christie|brn
|move|p2a: Christie|Soft-Boiled|p2a: Christie
|-heal|p2a: Christie|100/100 brn
|
|-weather|Sandstorm|[upkeep]
|-damage|p1a: Gengar|68/100|[from] Sandstorm
|-damage|p2a: Christie|94/100 brn|[from] Sandstorm
|-heal|p1a: Gengar|74/100|[from] item: Leftovers
|-heal|p2a: Christie|100/100 brn|[from] item: Leftovers
|-damage|p2a: Christie|88/100 brn|[from] brn
|upkeep
|turn|8
|
|t:|1729021238
|switch|p1a: Skarmory|Skarmory, F|100/100
|move|p2a: Christie|Ice Beam|p1a: Skarmory
|-damage|p1a: Skarmory|77/100
|
|-weather|Sandstorm|[upkeep]
|-damage|p2a: Christie|82/100 brn|[from] Sandstorm
|-heal|p1a: Skarmory|83/100|[from] item: Leftovers
|-heal|p2a: Christie|88/100 brn|[from] item: Leftovers
|-damage|p2a: Christie|76/100 brn|[from] brn
|upkeep
|turn|9
|
|t:|1729021249
|-curestatus|p2a: Christie|brn|[from] ability: Natural Cure
|switch|p2a: Donald Kimball|Skarmory, M|100/100
|move|p1a: Skarmory|Spikes|p2a: Donald Kimball
|-sidestart|p2: mwah_bang|Spikes
|
|-weather|Sandstorm|[upkeep]
|-heal|p1a: Skarmory|89/100|[from] item: Leftovers
|upkeep
|turn|10
|
|t:|1729021257
|move|p2a: Donald Kimball|Spikes|p1a: Skarmory
|-sidestart|p1: Glick666|Spikes
|move|p1a: Skarmory|Roar|p2a: Donald Kimball
|drag|p2a: David Van Patten|Claydol|100/100
|
|-weather|Sandstorm|[upkeep]
|-heal|p1a: Skarmory|95/100|[from] item: Leftovers
|upkeep
|turn|11
|
|t:|1729021268
|switch|p2a: Donald Kimball|Skarmory, M|100/100
|move|p1a: Skarmory|Drill Peck|p2a: Donald Kimball
|-resisted|p2a: Donald Kimball
|-damage|p2a: Donald Kimball|91/100
|
|-weather|Sandstorm|[upkeep]
|-heal|p1a: Skarmory|100/100|[from] item: Leftovers
|-heal|p2a: Donald Kimball|97/100|[from] item: Leftovers
|upkeep
|turn|12
|
|t:|1729021285
|switch|p1a: Zapdos|Zapdos|46/100
|move|p2a: Donald Kimball|Spikes|p1a: Zapdos
|-sidestart|p1: Glick666|Spikes
|
|-weather|Sandstorm|[upkeep]
|-damage|p1a: Zapdos|40/100|[from] Sandstorm
|-heal|p1a: Zapdos|46/100|[from] item: Leftovers
|-heal|p2a: Donald Kimball|100/100|[from] item: Leftovers
|upkeep
|turn|13
|
|t:|1729021296
|switch|p2a: Christie|Blissey, F|76/100
|-damage|p2a: Christie|63/100|[from] Spikes
|move|p1a: Zapdos|Thunderbolt|p2a: Christie
|-damage|p2a: Christie|46/100
|
|-weather|Sandstorm|[upkeep]
|-damage|p1a: Zapdos|40/100|[from] Sandstorm
|-damage|p2a: Christie|39/100|[from] Sandstorm
|-heal|p1a: Zapdos|46/100|[from] item: Leftovers
|-heal|p2a: Christie|46/100|[from] item: Leftovers
|upkeep
|turn|14
|
|t:|1729021307
|switch|p1a: Tyranitar|Tyranitar, M|100/100
|-damage|p1a: Tyranitar|84/100|[from] Spikes
|move|p2a: Christie|Soft-Boiled|p2a: Christie
|-heal|p2a: Christie|96/100
|
|-weather|Sandstorm|[upkeep]
|-damage|p2a: Christie|89/100|[from] Sandstorm
|-heal|p1a: Tyranitar|90/100|[from] item: Leftovers
|-heal|p2a: Christie|96/100|[from] item: Leftovers
|upkeep
|turn|15
|
|t:|1729021318
|switch|p2a: Donald Kimball|Skarmory, M|100/100
|move|p1a: Tyranitar|Rock Slide|p2a: Donald Kimball|[miss]
|-miss|p1a: Tyranitar|p2a: Donald Kimball
|
|-weather|Sandstorm|[upkeep]
|-heal|p1a: Tyranitar|96/100|[from] item: Leftovers
|upkeep
|turn|16
|
|t:|1729021326
|move|p1a: Tyranitar|Rock Slide|p2a: Donald Kimball
|-damage|p2a: Donald Kimball|70/100
|move|p2a: Donald Kimball|Spikes|p1a: Tyranitar
|-sidestart|p1: Glick666|Spikes
|
|-weather|Sandstorm|[upkeep]
|-heal|p1a: Tyranitar|100/100|[from] item: Leftovers
|-heal|p2a: Donald Kimball|76/100|[from] item: Leftovers
|upkeep
|turn|17
|
|t:|1729021335
|move|p1a: Tyranitar|Rock Slide|p2a: Donald Kimball
|-damage|p2a: Donald Kimball|44/100
|move|p2a: Donald Kimball|Toxic|p1a: Tyranitar
|-status|p1a: Tyranitar|tox
|
|-weather|Sandstorm|[upkeep]
|-damage|p1a: Tyranitar|94/100 tox|[from] psn
|-heal|p2a: Donald Kimball|50/100|[from] item: Leftovers
|upkeep
|turn|18
|
|t:|1729021363
|switch|p2a: David Van Patten|Claydol|100/100
|move|p1a: Tyranitar|Dragon Dance|p1a: Tyranitar
|-boost|p1a: Tyranitar|atk|1
|-boost|p1a: Tyranitar|spe|1
|
|-weather|Sandstorm|[upkeep]
|-heal|p1a: Tyranitar|100/100 tox|[from] item: Leftovers
|-damage|p1a: Tyranitar|88/100 tox|[from] psn
|upkeep
|turn|19
|
|t:|1729021371
|move|p1a: Tyranitar|Hidden Power|p2a: David Van Patten
|-supereffective|p2a: David Van Patten
|-damage|p2a: David Van Patten|22/100
|move|p2a: David Van Patten|Earthquake|p1a: Tyranitar
|-supereffective|p1a: Tyranitar
|-damage|p1a: Tyranitar|31/100 tox
|
|-weather|Sandstorm|[upkeep]
|-heal|p1a: Tyranitar|37/100 tox|[from] item: Leftovers
|-damage|p1a: Tyranitar|19/100 tox|[from] psn
|-heal|p2a: David Van Patten|28/100|[from] item: Leftovers
|upkeep
|turn|20
|
|t:|1729021393
|switch|p1a: Gengar|Gengar, M|74/100
|switch|p2a: Donald Kimball|Skarmory, M|50/100
|
|-weather|Sandstorm|[upkeep]
|-damage|p1a: Gengar|68/100|[from] Sandstorm
|-heal|p1a: Gengar|74/100|[from] item: Leftovers
|-heal|p2a: Donald Kimball|56/100|[from] item: Leftovers
|upkeep
|turn|21
|
|t:|1729021411
|switch|p2a: Christie|Blissey, F|96/100
|-damage|p2a: Christie|83/100|[from] Spikes
|move|p1a: Gengar|Taunt|p2a: Christie
|-start|p2a: Christie|move: Taunt
|
|-weather|Sandstorm|[upkeep]
|-damage|p1a: Gengar|68/100|[from] Sandstorm
|-damage|p2a: Christie|77/100|[from] Sandstorm
|-heal|p1a: Gengar|74/100|[from] item: Leftovers
|-heal|p2a: Christie|83/100|[from] item: Leftovers
|upkeep
|turn|22
|
|t:|1729021422
|move|p1a: Gengar|Will-O-Wisp|p2a: Christie
|-status|p2a: Christie|brn
|move|p2a: Christie|Ice Beam|p1a: Gengar
|-damage|p1a: Gengar|47/100
|
|-weather|Sandstorm|[upkeep]
|-damage|p1a: Gengar|41/100|[from] Sandstorm
|-damage|p2a: Christie|77/100 brn|[from] Sandstorm
|-heal|p1a: Gengar|47/100|[from] item: Leftovers
|-heal|p2a: Christie|83/100 brn|[from] item: Leftovers
|-damage|p2a: Christie|71/100 brn|[from] brn
|-end|p2a: Christie|move: Taunt|[silent]
|upkeep
|turn|23
|
|t:|1729021436
|-curestatus|p2a: Christie|brn|[from] ability: Natural Cure
|switch|p2a: Paul Allen|Zapdos|100/100
|move|p1a: Gengar|Giga Drain|p2a: Paul Allen
|-resisted|p2a: Paul Allen
|-damage|p2a: Paul Allen|90/100
|-heal|p1a: Gengar|53/100|[from] drain|[of] p2a: Paul Allen
|
|-weather|Sandstorm|[upkeep]
|-damage|p2a: Paul Allen|83/100|[from] Sandstorm
|-damage|p1a: Gengar|47/100|[from] Sandstorm
|-heal|p2a: Paul Allen|90/100|[from] item: Leftovers
|-heal|p1a: Gengar|53/100|[from] item: Leftovers
|upkeep
|turn|24
|inactive|Glick666 has 270 seconds left.
|
|t:|1729021452
|switch|p1a: Swampert|Swampert, M|100/100
|-damage|p1a: Swampert|75/100|[from] Spikes
|move|p2a: Paul Allen|Thunderbolt|p1a: Swampert
|-immune|p1a: Swampert
|
|-weather|Sandstorm|[upkeep]
|-damage|p2a: Paul Allen|83/100|[from] Sandstorm
|-heal|p2a: Paul Allen|90/100|[from] item: Leftovers
|-heal|p1a: Swampert|82/100|[from] item: Leftovers
|upkeep
|turn|25
|
|t:|1729021464
|switch|p2a: Patrick Bateman|Suicune|100/100
|-damage|p2a: Patrick Bateman|88/100|[from] Spikes
|move|p1a: Swampert|Protect||[still]
|-fail|p1a: Swampert
|
|-weather|Sandstorm|[upkeep]
|-damage|p2a: Patrick Bateman|82/100|[from] Sandstorm
|-heal|p2a: Patrick Bateman|88/100|[from] item: Leftovers
|-heal|p1a: Swampert|88/100|[from] item: Leftovers
|upkeep
|turn|26
|
|t:|1729021472
|move|p2a: Patrick Bateman|Calm Mind|p2a: Patrick Bateman
|-boost|p2a: Patrick Bateman|spa|1
|-boost|p2a: Patrick Bateman|spd|1
|move|p1a: Swampert|Toxic|p2a: Patrick Bateman
|-status|p2a: Patrick Bateman|tox
|
|-weather|Sandstorm|[upkeep]
|-damage|p2a: Patrick Bateman|82/100 tox|[from] Sandstorm
|-heal|p2a: Patrick Bateman|88/100 tox|[from] item: Leftovers
|-damage|p2a: Patrick Bateman|82/100 tox|[from] psn
|-heal|p1a: Swampert|94/100|[from] item: Leftovers
|upkeep
|turn|27
|
|t:|1729021485
|move|p2a: Patrick Bateman|Surf|p1a: Swampert
|-damage|p1a: Swampert|55/100
|move|p1a: Swampert|Surf|p2a: Patrick Bateman
|-resisted|p2a: Patrick Bateman
|-damage|p2a: Patrick Bateman|74/100 tox
|
|-weather|Sandstorm|[upkeep]
|-damage|p2a: Patrick Bateman|68/100 tox|[from] Sandstorm
|-heal|p2a: Patrick Bateman|74/100 tox|[from] item: Leftovers
|-damage|p2a: Patrick Bateman|62/100 tox|[from] psn
|-heal|p1a: Swampert|62/100|[from] item: Leftovers
|upkeep
|turn|28
|
|t:|1729021496
|move|p1a: Swampert|Protect|p1a: Swampert
|-singleturn|p1a: Swampert|Protect
|move|p2a: Patrick Bateman|Calm Mind|p2a: Patrick Bateman
|-boost|p2a: Patrick Bateman|spa|1
|-boost|p2a: Patrick Bateman|spd|1
|
|-weather|Sandstorm|[upkeep]
|-damage|p2a: Patrick Bateman|55/100 tox|[from] Sandstorm
|-heal|p2a: Patrick Bateman|62/100 tox|[from] item: Leftovers
|-damage|p2a: Patrick Bateman|43/100 tox|[from] psn
|-heal|p1a: Swampert|68/100|[from] item: Leftovers
|upkeep
|turn|29
|
|t:|1729021512
|switch|p1a: Tyranitar|Tyranitar, M|19/100 tox
|-damage|p1a: Tyranitar|0 fnt|[from] Spikes
|faint|p1a: Tyranitar
|
|t:|1729021519
|switch|p1a: Aerodactyl|Aerodactyl, F|100/100
|
|-weather|Sandstorm|[upkeep]
|-damage|p2a: Patrick Bateman|37/100 tox|[from] Sandstorm
|-heal|p2a: Patrick Bateman|43/100 tox|[from] item: Leftovers
|-damage|p2a: Patrick Bateman|18/100 tox|[from] psn
|upkeep
|turn|30
|
|t:|1729021541
|switch|p2a: Donald Kimball|Skarmory, M|56/100
|move|p1a: Aerodactyl|Double-Edge|p2a: Donald Kimball
|-resisted|p2a: Donald Kimball
|-damage|p2a: Donald Kimball|36/100
|
|-weather|Sandstorm|[upkeep]
|-heal|p2a: Donald Kimball|42/100|[from] item: Leftovers
|upkeep
|turn|31
|inactive|mwah_bang has 270 seconds left.
|inactive|mwah_bang has 240 seconds left.
|
|t:|1729021600
|switch|p1a: Skarmory|Skarmory, F|100/100
|move|p2a: Donald Kimball|Toxic|p1a: Skarmory
|-immune|p1a: Skarmory
|
|-weather|Sandstorm|[upkeep]
|-heal|p2a: Donald Kimball|48/100|[from] item: Leftovers
|upkeep
|turn|32
|inactive|mwah_bang has 240 seconds left.
|
|t:|1729021633
|switch|p2a: Paul Allen|Zapdos|90/100
|move|p1a: Skarmory|Spikes|p2a: Paul Allen
|-sidestart|p2: mwah_bang|Spikes
|
|-weather|Sandstorm|[upkeep]
|-damage|p2a: Paul Allen|83/100|[from] Sandstorm
|-heal|p2a: Paul Allen|90/100|[from] item: Leftovers
|upkeep
|turn|33
|inactive|mwah_bang has 210 seconds left.
|
|t:|1729021649
|switch|p2a: Donald Kimball|Skarmory, M|48/100
|move|p1a: Skarmory|Protect||[still]
|-fail|p1a: Skarmory
|
|-weather|Sandstorm|[upkeep]
|-heal|p2a: Donald Kimball|53/100|[from] item: Leftovers
|upkeep
|turn|34
|inactive|mwah_bang has 210 seconds left.
|
|t:|1729021660
|switch|p2a: Paul Allen|Zapdos|90/100
|move|p1a: Skarmory|Roar|p2a: Paul Allen
|drag|p2a: David Van Patten|Claydol|28/100
|
|-weather|Sandstorm|[upkeep]
|-heal|p2a: David Van Patten|34/100|[from] item: Leftovers
|upkeep
|turn|35
|
|t:|1729021667
|move|p2a: David Van Patten|Rapid Spin|p1a: Skarmory
|-resisted|p1a: Skarmory
|-crit|p1a: Skarmory
|-damage|p1a: Skarmory|97/100
|-sideend|p2: mwah_bang|Spikes|[from] move: Rapid Spin|[of] p2a: David Van Patten
|move|p1a: Skarmory|Drill Peck|p2a: David Van Patten
|-damage|p2a: David Van Patten|12/100
|
|-weather|Sandstorm|[upkeep]
|-heal|p2a: David Van Patten|18/100|[from] item: Leftovers
|-heal|p1a: Skarmory|100/100|[from] item: Leftovers
|upkeep
|turn|36
|
|t:|1729021681
|switch|p2a: Paul Allen|Zapdos|90/100
|move|p1a: Skarmory|Drill Peck|p2a: Paul Allen
|-resisted|p2a: Paul Allen
|-damage|p2a: Paul Allen|75/100
|
|-weather|Sandstorm|[upkeep]
|-damage|p2a: Paul Allen|69/100|[from] Sandstorm
|-heal|p2a: Paul Allen|75/100|[from] item: Leftovers
|upkeep
|turn|37
|
|t:|1729021695
|switch|p1a: Swampert|Swampert, M|68/100
|-damage|p1a: Swampert|43/100|[from] Spikes
|move|p2a: Paul Allen|Hidden Power|p1a: Swampert
|-damage|p1a: Swampert|22/100
|
|-weather|Sandstorm|[upkeep]
|-damage|p2a: Paul Allen|69/100|[from] Sandstorm
|-heal|p2a: Paul Allen|75/100|[from] item: Leftovers
|-heal|p1a: Swampert|28/100|[from] item: Leftovers
|upkeep
|turn|38
|
|t:|1729021714
|switch|p2a: Patrick Bateman|Suicune|18/100 tox
|move|p1a: Swampert|Surf|p2a: Patrick Bateman
|-resisted|p2a: Patrick Bateman
|-damage|p2a: Patrick Bateman|2/100 tox
|
|-weather|Sandstorm|[upkeep]
|-damage|p2a: Patrick Bateman|0 fnt|[from] Sandstorm
|faint|p2a: Patrick Bateman
|-heal|p1a: Swampert|35/100|[from] item: Leftovers
|upkeep
|
|t:|1729021721
|switch|p2a: Marcus Halberstram|Dugtrio, F|100/100
|turn|39
|
|t:|1729021725
|move|p1a: Swampert|Protect|p1a: Swampert
|-singleturn|p1a: Swampert|Protect
|move|p2a: Marcus Halberstram|Earthquake|p1a: Swampert
|-activate|p1a: Swampert|Protect
|
|-weather|Sandstorm|[upkeep]
|-heal|p1a: Swampert|41/100|[from] item: Leftovers
|upkeep
|turn|40
|c|☆mwah_bang|dang i didnt think ud protect on my switch
|c|☆mwah_bang|grr
|
|t:|1729021747
|switch|p2a: Christie|Blissey, F|71/100
|move|p1a: Swampert|Surf|p2a: Christie
|-damage|p2a: Christie|59/100
|
|-weather|Sandstorm|[upkeep]
|-damage|p2a: Christie|53/100|[from] Sandstorm
|-heal|p1a: Swampert|47/100|[from] item: Leftovers
|-heal|p2a: Christie|59/100|[from] item: Leftovers
|upkeep
|turn|41
|
|t:|1729021758
|move|p1a: Swampert|Toxic|p2a: Christie
|-status|p2a: Christie|tox
|move|p2a: Christie|Soft-Boiled|p2a: Christie
|-heal|p2a: Christie|100/100 tox
|
|-weather|Sandstorm|[upkeep]
|-damage|p2a: Christie|94/100 tox|[from] Sandstorm
|-heal|p1a: Swampert|53/100|[from] item: Leftovers
|-heal|p2a: Christie|100/100 tox|[from] item: Leftovers
|-damage|p2a: Christie|94/100 tox|[from] psn
|upkeep
|turn|42
|
|t:|1729021772
|switch|p1a: Skarmory|Skarmory, F|100/100
|-curestatus|p2a: Christie|tox|[from] ability: Natural Cure
|switch|p2a: Donald Kimball|Skarmory, M|53/100
|
|-weather|Sandstorm|[upkeep]
|-heal|p2a: Donald Kimball|59/100|[from] item: Leftovers
|upkeep
|turn|43
|inactive|mwah_bang has 240 seconds left.
|
|t:|1729021782
|switch|p2a: Paul Allen|Zapdos|75/100
|move|p1a: Skarmory|Spikes|p2a: Paul Allen
|-sidestart|p2: mwah_bang|Spikes
|
|-weather|Sandstorm|[upkeep]
|-damage|p2a: Paul Allen|69/100|[from] Sandstorm
|-heal|p2a: Paul Allen|75/100|[from] item: Leftovers
|upkeep
|turn|44
|
|t:|1729021790
|move|p1a: Skarmory|Protect|p1a: Skarmory
|-singleturn|p1a: Skarmory|Protect
|move|p2a: Paul Allen|Thunderbolt|p1a: Skarmory
|-activate|p1a: Skarmory|Protect
|
|-weather|Sandstorm|[upkeep]
|-damage|p2a: Paul Allen|69/100|[from] Sandstorm
|-heal|p2a: Paul Allen|75/100|[from] item: Leftovers
|upkeep
|turn|45
|
|t:|1729021799
|switch|p1a: Swampert|Swampert, M|53/100
|-damage|p1a: Swampert|28/100|[from] Spikes
|move|p2a: Paul Allen|Thunderbolt|p1a: Swampert
|-immune|p1a: Swampert
|
|-weather|Sandstorm|[upkeep]
|-damage|p2a: Paul Allen|69/100|[from] Sandstorm
|-heal|p2a: Paul Allen|75/100|[from] item: Leftovers
|-heal|p1a: Swampert|34/100|[from] item: Leftovers
|upkeep
|turn|46
|
|t:|1729021810
|move|p2a: Paul Allen|Hidden Power|p1a: Swampert
|-damage|p1a: Swampert|14/100
|move|p1a: Swampert|Toxic|p2a: Paul Allen
|-status|p2a: Paul Allen|tox
|
|-weather|Sandstorm|[upkeep]
|-damage|p2a: Paul Allen|69/100 tox|[from] Sandstorm
|-heal|p2a: Paul Allen|75/100 tox|[from] item: Leftovers
|-damage|p2a: Paul Allen|69/100 tox|[from] psn
|-heal|p1a: Swampert|20/100|[from] item: Leftovers
|upkeep
|turn|47
|inactive|mwah_bang has 270 seconds left.
|
|t:|1729021826
|switch|p2a: Donald Kimball|Skarmory, M|59/100
|move|p1a: Swampert|Protect||[still]
|-fail|p1a: Swampert
|
|-weather|Sandstorm|[upkeep]
|-heal|p2a: Donald Kimball|65/100|[from] item: Leftovers
|-heal|p1a: Swampert|26/100|[from] item: Leftovers
|upkeep
|turn|48
|inactive|mwah_bang has 270 seconds left.
|
|t:|1729021836
|move|p1a: Swampert|Protect|p1a: Swampert
|-singleturn|p1a: Swampert|Protect
|move|p2a: Donald Kimball|Drill Peck|p1a: Swampert
|-activate|p1a: Swampert|Protect
|
|-weather|Sandstorm|[upkeep]
|-heal|p2a: Donald Kimball|71/100|[from] item: Leftovers
|-heal|p1a: Swampert|32/100|[from] item: Leftovers
|upkeep
|turn|49
|
|t:|1729021844
|move|p1a: Swampert|Surf|p2a: Donald Kimball
|-damage|p2a: Donald Kimball|29/100
|move|p2a: Donald Kimball|Roar|p1a: Swampert
|drag|p1a: Aerodactyl|Aerodactyl, F|100/100
|
|-weather|Sandstorm|[upkeep]
|-heal|p2a: Donald Kimball|35/100|[from] item: Leftovers
|upkeep
|turn|50
|
|t:|1729021854
|switch|p2a: Marcus Halberstram|Dugtrio, F|100/100
|-damage|p2a: Marcus Halberstram|88/100|[from] Spikes
|move|p1a: Aerodactyl|Rock Slide|p2a: Marcus Halberstram
|-resisted|p2a: Marcus Halberstram
|-damage|p2a: Marcus Halberstram|24/100
|
|-weather|Sandstorm|[upkeep]
|upkeep
|turn|51
|
|t:|1729021861
|move|p1a: Aerodactyl|Rock Slide|p2a: Marcus Halberstram
|-resisted|p2a: Marcus Halberstram
|-damage|p2a: Marcus Halberstram|0 fnt
|faint|p2a: Marcus Halberstram
|
|t:|1729021867
|switch|p2a: Christie|Blissey, F|94/100
|-damage|p2a: Christie|82/100|[from] Spikes
|
|-weather|Sandstorm|[upkeep]
|-damage|p2a: Christie|76/100|[from] Sandstorm
|-heal|p2a: Christie|82/100|[from] item: Leftovers
|upkeep
|turn|52
|inactive|Glick666 has 270 seconds left.
|
|t:|1729021900
|switch|p1a: Skarmory|Skarmory, F|100/100
|move|p2a: Christie|Ice Beam|p1a: Skarmory
|-damage|p1a: Skarmory|77/100
|
|-weather|Sandstorm|[upkeep]
|-damage|p2a: Christie|76/100|[from] Sandstorm
|-heal|p1a: Skarmory|83/100|[from] item: Leftovers
|-heal|p2a: Christie|82/100|[from] item: Leftovers
|upkeep
|turn|53
|inactive|Glick666 has 270 seconds left.
|
|t:|1729021911
|move|p1a: Skarmory|Drill Peck|p2a: Christie
|-damage|p2a: Christie|58/100
|move|p2a: Christie|Aromatherapy|p2a: Christie
|-cureteam|p2a: Christie|[from] move: Aromatherapy
|
|-weather|Sandstorm|[upkeep]
|-damage|p2a: Christie|52/100|[from] Sandstorm
|-heal|p1a: Skarmory|89/100|[from] item: Leftovers
|-heal|p2a: Christie|58/100|[from] item: Leftovers
|upkeep
|turn|54
|inactive|Glick666 has 270 seconds left.
|
|t:|1729021926
|move|p1a: Skarmory|Drill Peck|p2a: Christie
|-damage|p2a: Christie|37/100
|move|p2a: Christie|Soft-Boiled|p2a: Christie
|-heal|p2a: Christie|87/100
|
|-weather|Sandstorm|[upkeep]
|-damage|p2a: Christie|80/100|[from] Sandstorm
|-heal|p1a: Skarmory|95/100|[from] item: Leftovers
|-heal|p2a: Christie|87/100|[from] item: Leftovers
|upkeep
|turn|55
|inactive|Glick666 has 270 seconds left.
|
|t:|1729021941
|switch|p2a: Donald Kimball|Skarmory, M|35/100
|move|p1a: Skarmory|Drill Peck|p2a: Donald Kimball
|-resisted|p2a: Donald Kimball
|-damage|p2a: Donald Kimball|26/100
|
|-weather|Sandstorm|[upkeep]
|-heal|p1a: Skarmory|100/100|[from] item: Leftovers
|-heal|p2a: Donald Kimball|32/100|[from] item: Leftovers
|upkeep
|turn|56
|
|t:|1729021950
|move|p1a: Skarmory|Spikes|p2a: Donald Kimball
|-sidestart|p2: mwah_bang|Spikes
|move|p2a: Donald Kimball|Roar|p1a: Skarmory
|drag|p1a: Zapdos|Zapdos|46/100
|
|-weather|Sandstorm|[upkeep]
|-damage|p1a: Zapdos|40/100|[from] Sandstorm
|-heal|p1a: Zapdos|46/100|[from] item: Leftovers
|-heal|p2a: Donald Kimball|38/100|[from] item: Leftovers
|upkeep
|turn|57
|
|t:|1729021960
|switch|p2a: Christie|Blissey, F|87/100
|-damage|p2a: Christie|70/100|[from] Spikes
|move|p1a: Zapdos|Thunderbolt|p2a: Christie
|-damage|p2a: Christie|52/100
|
|-weather|Sandstorm|[upkeep]
|-damage|p1a: Zapdos|40/100|[from] Sandstorm
|-damage|p2a: Christie|46/100|[from] Sandstorm
|-heal|p1a: Zapdos|46/100|[from] item: Leftovers
|-heal|p2a: Christie|52/100|[from] item: Leftovers
|upkeep
|turn|58
|
|t:|1729021970
|move|p1a: Zapdos|Toxic|p2a: Christie
|-status|p2a: Christie|tox
|move|p2a: Christie|Soft-Boiled|p2a: Christie
|-heal|p2a: Christie|100/100 tox
|
|-weather|Sandstorm|[upkeep]
|-damage|p1a: Zapdos|40/100|[from] Sandstorm
|-damage|p2a: Christie|94/100 tox|[from] Sandstorm
|-heal|p1a: Zapdos|46/100|[from] item: Leftovers
|-heal|p2a: Christie|100/100 tox|[from] item: Leftovers
|-damage|p2a: Christie|94/100 tox|[from] psn
|upkeep
|turn|59
|
|t:|1729021988
|move|p1a: Zapdos|Thunderbolt|p2a: Christie
|-damage|p2a: Christie|77/100 tox
|move|p2a: Christie|Seismic Toss|p1a: Zapdos
|-damage|p1a: Zapdos|20/100
|
|-weather|Sandstorm|[upkeep]
|-damage|p1a: Zapdos|14/100|[from] Sandstorm
|-damage|p2a: Christie|71/100 tox|[from] Sandstorm
|-heal|p1a: Zapdos|20/100|[from] item: Leftovers
|-heal|p2a: Christie|77/100 tox|[from] item: Leftovers
|-damage|p2a: Christie|65/100 tox|[from] psn
|upkeep
|turn|60
|
|t:|1729021999
|move|p1a: Zapdos|Thunderbolt|p2a: Christie
|-damage|p2a: Christie|48/100 tox
|move|p2a: Christie|Aromatherapy|p2a: Christie
|-cureteam|p2a: Christie|[from] move: Aromatherapy
|
|-weather|Sandstorm|[upkeep]
|-damage|p1a: Zapdos|14/100|[from] Sandstorm
|-damage|p2a: Christie|42/100|[from] Sandstorm
|-heal|p1a: Zapdos|20/100|[from] item: Leftovers
|-heal|p2a: Christie|48/100|[from] item: Leftovers
|upkeep
|turn|61
|
|t:|1729022009
|move|p1a: Zapdos|Toxic|p2a: Christie|[miss]
|-miss|p1a: Zapdos|p2a: Christie
|move|p2a: Christie|Soft-Boiled|p2a: Christie
|-heal|p2a: Christie|98/100
|
|-weather|Sandstorm|[upkeep]
|-damage|p1a: Zapdos|14/100|[from] Sandstorm
|-damage|p2a: Christie|92/100|[from] Sandstorm
|-heal|p1a: Zapdos|20/100|[from] item: Leftovers
|-heal|p2a: Christie|98/100|[from] item: Leftovers
|upkeep
|turn|62
|
|t:|1729022019
|switch|p1a: Skarmory|Skarmory, F|100/100
|move|p2a: Christie|Ice Beam|p1a: Skarmory
|-damage|p1a: Skarmory|79/100
|
|-weather|Sandstorm|[upkeep]
|-damage|p2a: Christie|92/100|[from] Sandstorm
|-heal|p1a: Skarmory|85/100|[from] item: Leftovers
|-heal|p2a: Christie|98/100|[from] item: Leftovers
|upkeep
|turn|63
|
|t:|1729022028
|switch|p2a: David Van Patten|Claydol|18/100
|move|p1a: Skarmory|Drill Peck|p2a: David Van Patten
|-damage|p2a: David Van Patten|0 fnt
|faint|p2a: David Van Patten
|
|t:|1729022032
|switch|p2a: Paul Allen|Zapdos|69/100
|
|-weather|Sandstorm|[upkeep]
|-damage|p2a: Paul Allen|62/100|[from] Sandstorm
|-heal|p2a: Paul Allen|69/100|[from] item: Leftovers
|-heal|p1a: Skarmory|91/100|[from] item: Leftovers
|upkeep
|turn|64
|
|t:|1729022043
|move|p1a: Skarmory|Protect|p1a: Skarmory
|-singleturn|p1a: Skarmory|Protect
|move|p2a: Paul Allen|Thunderbolt|p1a: Skarmory
|-activate|p1a: Skarmory|Protect
|
|-weather|Sandstorm|[upkeep]
|-damage|p2a: Paul Allen|62/100|[from] Sandstorm
|-heal|p2a: Paul Allen|69/100|[from] item: Leftovers
|-heal|p1a: Skarmory|97/100|[from] item: Leftovers
|upkeep
|turn|65
|
|t:|1729022057
|move|p2a: Paul Allen|Thunderbolt|p1a: Skarmory
|-supereffective|p1a: Skarmory
|-crit|p1a: Skarmory
|-damage|p1a: Skarmory|0 fnt
|faint|p1a: Skarmory
|
|t:|1729022063
|switch|p1a: Aerodactyl|Aerodactyl, F|100/100
|
|-weather|Sandstorm|[upkeep]
|-damage|p2a: Paul Allen|62/100|[from] Sandstorm
|-heal|p2a: Paul Allen|69/100|[from] item: Leftovers
|upkeep
|turn|66
|
|t:|1729022069
|switch|p2a: Donald Kimball|Skarmory, M|38/100
|move|p1a: Aerodactyl|Rock Slide|p2a: Donald Kimball
|-damage|p2a: Donald Kimball|0 fnt
|faint|p2a: Donald Kimball
|
|t:|1729022071
|switch|p2a: Christie|Blissey, F|98/100
|-damage|p2a: Christie|81/100|[from] Spikes
|
|-weather|Sandstorm|[upkeep]
|-damage|p2a: Christie|75/100|[from] Sandstorm
|-heal|p2a: Christie|81/100|[from] item: Leftovers
|upkeep
|turn|67
|
|t:|1729022086
|move|p1a: Aerodactyl|Rock Slide|p2a: Christie
|-damage|p2a: Christie|33/100
|move|p2a: Christie|Ice Beam|p1a: Aerodactyl
|-supereffective|p1a: Aerodactyl
|-damage|p1a: Aerodactyl|39/100
|
|-weather|Sandstorm|[upkeep]
|-damage|p2a: Christie|27/100|[from] Sandstorm
|-heal|p2a: Christie|33/100|[from] item: Leftovers
|upkeep
|turn|68
|
|t:|1729022095
|move|p1a: Aerodactyl|Rock Slide|p2a: Christie
|-damage|p2a: Christie|0 fnt
|faint|p2a: Christie
|
|t:|1729022096
|switch|p2a: Paul Allen|Zapdos|69/100
|
|-weather|Sandstorm|[upkeep]
|-damage|p2a: Paul Allen|62/100|[from] Sandstorm
|-heal|p2a: Paul Allen|69/100|[from] item: Leftovers
|upkeep
|turn|69
|
|t:|1729022103
|move|p1a: Aerodactyl|Rock Slide|p2a: Paul Allen
|-supereffective|p2a: Paul Allen
|-damage|p2a: Paul Allen|0 fnt
|faint|p2a: Paul Allen
|
|win|Glick666
|c|☆mwah_bang|gg
|c|☆mwah_bang|gg
|c|☆Glick666|gg
|player|p2|

</script>
<script type="application/json" class="data" id="replaydata-smogtours-gen3ou-798979">
{"id":"smogtours-gen3ou-798979","format":"[Gen 3] OU","players":["Glick666","mwah_bang"],"uploadtime":1729022103,"views":116,"formatid":"gen3ou","rating":null,"private":0,"password":null}
</script>

<script defer src="js/replays.js?9d40a366"></script>
