<!DOCTYPE html>
<meta charset="utf-8" />
<meta name="viewport" content="width=device-width" />

<title>[Gen 3] OU: otael vs. Spedonic - Replays - Pok&eacute;mon Showdown!</title>

<meta name="description" content="Watch a replay of a Pok&eacute;mon battle between otael and Spedonic! Format: [Gen 3] OU; Date: Oct 15, 2024" />
<!--

Hey, you! Looking in the source for the replay log?

You can find them in JSON format, just add `.json` at the end of a replay URL.

https://replay.pokemonshowdown.com/gen7randomdoublesbattle-865046831.json

Or, if you only need the log itself, add `.log` instead:

https://replay.pokemonshowdown.com/gen7randomdoublesbattle-865046831.log

-->

<link rel="stylesheet" href="//pokemonshowdown.com/style/global.css?0.023195364461161105" />
<link rel="stylesheet" href="//play.pokemonshowdown.com/style/font-awesome.css?0.13261647063804238" />
<link rel="stylesheet" href="//play.pokemonshowdown.com/style/battle.css?0.8753245789963631" />
<link rel="stylesheet" href="//play.pokemonshowdown.com/style/utilichart.css?0.8627959624976733" />

<!-- Global site tag (gtag.js) - Google Analytics -->
<script async src="https://www.googletagmanager.com/gtag/js?id=UA-26211653-1"></script>
<script>
  window.dataLayer = window.dataLayer || [];
  function gtag(){dataLayer.push(arguments);}
  gtag('js', new Date());

  gtag('config', 'UA-26211653-1');
</script>
<!-- End Google Analytics -->
<!-- Venatus Ad Manager - Install in <HEAD> of page -->
	<script src="https://hb.vntsm.com/v3/live/ad-manager.min.js" type="text/javascript" data-site-id="642aba63ec9a7b11c3c9c1be" data-mode="scan" async></script>
<!-- / Venatus Ad Manager -->

<style>
	@media (max-width:820px) {
		.battle {
			margin: 0 auto;
		}
		.battle-log {
			margin: 7px auto 0;
			max-width: 640px;
			height: 300px;
			position: static;
		}
	}
	.optgroup {
		display: inline-block;
		line-height: 22px;
		font-size: 10pt;
	}
	.optgroup .button {
		height: 25px;
		padding-top: 0;
		padding-bottom: 0;
	}
	.optgroup button.button {
		padding-left: 12px;
		padding-right: 12px;
	}
	.linklist {
		list-style: none;
		margin: 0.5em 0;
		padding: 0;
	}
	.linklist li {
		padding: 2px 0;
	}
	.sidebar {
		float: left;
		width: 320px;
	}
	.bar-wrapper {
		max-width: 1100px;
		margin: 0 auto;
	}
	.bar-wrapper.has-sidebar {
		max-width: 1430px;
	}
	.mainbar {
		margin: 0;
		padding-right: 1px;
	}
	.mainbar.has-sidebar {
		margin-left: 330px;
	}
	@media (min-width: 1511px) {
		.sidebar {
			width: 400px;
		}
		.bar-wrapper.has-sidebar {
			max-width: 1510px;
		}
		.mainbar.has-sidebar {
			margin-left: 410px;
		}
	}
	.section.first-section {
		margin-top: 9px;
	}
	.blocklink small {
		white-space: normal;
	}
	.button {
		vertical-align: middle;
	}
	.replay-controls {
		padding-top: 10px;
	}
	.replay-controls h1 {
		font-size: 16pt;
		font-weight: normal;
		color: #CCC;
	}
	.pagelink {
		text-align: center;
	}
	.pagelink a {
		width: 150px;
	}
	.textbox, .button {
		font-size: 11pt;
		vertical-align: middle;
	}
	@media (max-width: 450px) {
		.button {
			font-size: 9pt;
		}
	}
</style>

<div>

	<header>
		<div class="nav-wrapper"><ul class="nav">
			<li><a class="button nav-first" href="//pokemonshowdown.com/"><img src="//pokemonshowdown.com/images/pokemonshowdownbeta.png" srcset="//pokemonshowdown.com/images/pokemonshowdownbeta.png 1x, //pokemonshowdown.com/images/pokemonshowdownbeta@2x.png 2x" alt="Pok&eacute;mon Showdown" width="146" height="44" /> Home</a></li>
			<li><a class="button" href="//pokemonshowdown.com/dex/">Pok&eacute;dex</a></li>
			<li><a class="button cur" href="/">Replays</a></li>
			<li><a class="button" href="//pokemonshowdown.com/ladder/">Ladder</a></li>
			<li><a class="button nav-last" href="//pokemonshowdown.com/forums/">Forum</a></li>
			<li><a class="button greenbutton nav-first nav-last" href="//play.pokemonshowdown.com/">Play</a></li>
		</ul></div>
	</header>

	<div class="main" id="main">

		<noscript><section class="section">You need to enable JavaScript to use this page; sorry!</section></noscript>

	</div>

</div>

<script defer nomodule src="//play.pokemonshowdown.com/js/lib/ps-polyfill.js"></script>
<script defer src="//play.pokemonshowdown.com/js/lib/preact.min.js"></script>

<script defer src="//play.pokemonshowdown.com/config/config.js?2bddbc15"></script>
<script defer src="//play.pokemonshowdown.com/js/lib/jquery-1.11.0.min.js"></script>
<script defer src="//play.pokemonshowdown.com/js/lib/html-sanitizer-minified.js"></script>
<script defer src="//play.pokemonshowdown.com/js/battle-sound.js"></script>
<script defer src="//play.pokemonshowdown.com/js/battledata.js?0.7209276989879541"></script>
<script defer src="//play.pokemonshowdown.com/data/pokedex-mini.js?0.6111056340867951"></script>
<script defer src="//play.pokemonshowdown.com/data/pokedex-mini-bw.js?0.3532142036491459"></script>
<script defer src="//play.pokemonshowdown.com/data/graphics.js?0.24223875632456182"></script>
<script defer src="//play.pokemonshowdown.com/data/pokedex.js?0.38839984266356864"></script>
<script defer src="//play.pokemonshowdown.com/data/moves.js?0.21866028504024015"></script>
<script defer src="//play.pokemonshowdown.com/data/abilities.js?0.2005157953846628"></script>
<script defer src="//play.pokemonshowdown.com/data/items.js?0.9894211263848525"></script>
<script defer src="//play.pokemonshowdown.com/data/teambuilder-tables.js?0.6008791140282215"></script>
<script defer src="//play.pokemonshowdown.com/js/battle-tooltips.js?0.7580118955022959"></script>
<script defer src="//play.pokemonshowdown.com/js/battle.js?0.6057722274234274"></script>

<script defer src="js/utils.js?e31f9a17"></script>
<script defer src="js/replays-battle.js?7008c182"></script>

<!-- don't scrape this data! just add .json or .log after the URL!
Full API docs: https://github.com/smogon/pokemon-showdown-client/blob/master/WEB-API.md -->
<script type="text/plain" class="log" id="replaylog-smogtours-gen3ou-799057">
|inactive|Battle timer is ON: inactive players will automatically lose when time's up.
|t:|1729032210
|gametype|singles
|player|p1|otael|169|
|player|p2|Spedonic|101|
|teamsize|p1|6
|teamsize|p2|6
|gen|3
|tier|[Gen 3] OU
|rule|Sleep Clause Mod: Limit one foe put to sleep
|rule|Switch Priority Clause Mod: Faster Pokémon switch first
|rule|Species Clause: Limit one of each Pokémon
|rule|OHKO Clause: OHKO moves are banned
|rule|Evasion Items Clause: Evasion items are banned
|rule|Evasion Moves Clause: Evasion moves are banned
|rule|Endless Battle Clause: Forcing endless battles is banned
|rule|HP Percentage Mod: HP is shown in percentages
|rule|One Boost Passer Clause: Limit one Baton Passer that has a way to boost its stats
|rule|Freeze Clause Mod: Limit one foe frozen
|
|t:|1729032210
|start
|switch|p1a: Regirock|Regirock|100/100
|switch|p2a: Skarmory|Skarmory, F|100/100
|turn|1
|c|☆Spedonic|gl hf!
|c|☆otael|glhf!
|inactive|Spedonic has 270 seconds left.
|
|t:|1729032249
|move|p2a: Skarmory|Spikes|p1a: Regirock
|-sidestart|p1: otael|Spikes
|move|p1a: Regirock|Thunder Wave|p2a: Skarmory
|-status|p2a: Skarmory|par
|
|upkeep
|turn|2
|
|t:|1729032253
|move|p1a: Regirock|Rock Slide|p2a: Skarmory
|-damage|p2a: Skarmory|73/100 par
|move|p2a: Skarmory|Spikes|p1a: Regirock
|-sidestart|p1: otael|Spikes
|
|-heal|p2a: Skarmory|79/100 par|[from] item: Leftovers
|upkeep
|turn|3
|
|t:|1729032277
|move|p1a: Regirock|Rock Slide|p2a: Skarmory|[miss]
|-miss|p1a: Regirock|p2a: Skarmory
|move|p2a: Skarmory|Spikes|p1a: Regirock
|-sidestart|p1: otael|Spikes
|
|-heal|p2a: Skarmory|85/100 par|[from] item: Leftovers
|upkeep
|turn|4
|
|t:|1729032284
|move|p2a: Skarmory|Protect|p2a: Skarmory
|-singleturn|p2a: Skarmory|Protect
|move|p1a: Regirock|Rock Slide|p2a: Skarmory|[miss]
|-miss|p1a: Regirock|p2a: Skarmory
|
|-heal|p2a: Skarmory|91/100 par|[from] item: Leftovers
|upkeep
|turn|5
|inactive|Spedonic has 270 seconds left.
|
|t:|1729032311
|switch|p2a: Blastoise|Blastoise, F|100/100
|move|p1a: Regirock|Rock Slide|p2a: Blastoise|[miss]
|-miss|p1a: Regirock|p2a: Blastoise
|
|upkeep
|turn|6
|
|t:|1729032316
|move|p2a: Blastoise|Surf|p1a: Regirock
|-supereffective|p1a: Regirock
|-damage|p1a: Regirock|44/100
|move|p1a: Regirock|Thunder Wave|p2a: Blastoise
|-status|p2a: Blastoise|par
|
|-heal|p1a: Regirock|50/100|[from] item: Leftovers
|upkeep
|turn|7
|
|t:|1729032321
|switch|p1a: Starmie|Starmie|100/100
|-damage|p1a: Starmie|75/100|[from] Spikes
|cant|p2a: Blastoise|par
|
|-heal|p1a: Starmie|82/100|[from] item: Leftovers
|upkeep
|turn|8
|
|t:|1729032325
|switch|p2a: Dusclops|Dusclops, M|100/100
|move|p1a: Starmie|Rapid Spin|p2a: Dusclops
|-immune|p2a: Dusclops
|
|-heal|p1a: Starmie|88/100|[from] item: Leftovers
|upkeep
|turn|9
|
|t:|1729032353
|move|p1a: Starmie|Thunder Wave|p2a: Dusclops
|-status|p2a: Dusclops|par
|move|p2a: Dusclops|Shadow Ball|p1a: Starmie
|-supereffective|p1a: Starmie
|-damage|p1a: Starmie|35/100
|
|-heal|p1a: Starmie|41/100|[from] item: Leftovers
|upkeep
|turn|10
|
|t:|1729032364
|move|p1a: Starmie|Recover|p1a: Starmie
|-heal|p1a: Starmie|91/100
|move|p2a: Dusclops|Will-O-Wisp|p1a: Starmie
|-status|p1a: Starmie|brn
|
|-heal|p1a: Starmie|97/100 brn|[from] item: Leftovers
|-damage|p1a: Starmie|85/100 brn|[from] brn
|upkeep
|turn|11
|
|t:|1729032372
|-curestatus|p1a: Starmie|brn|[from] ability: Natural Cure
|switch|p1a: Snorlax|Snorlax, M|100/100
|-damage|p1a: Snorlax|76/100|[from] Spikes
|move|p2a: Dusclops|Shadow Ball|p1a: Snorlax
|-immune|p1a: Snorlax
|
|-heal|p1a: Snorlax|82/100|[from] item: Leftovers
|upkeep
|turn|12
|
|t:|1729032394
|switch|p2a: Skarmory|Skarmory, F|91/100 par
|move|p1a: Snorlax|Curse|p1a: Snorlax
|-unboost|p1a: Snorlax|spe|1
|-boost|p1a: Snorlax|atk|1
|-boost|p1a: Snorlax|def|1
|
|-heal|p1a: Snorlax|88/100|[from] item: Leftovers
|-heal|p2a: Skarmory|97/100 par|[from] item: Leftovers
|upkeep
|turn|13
|
|t:|1729032400
|move|p1a: Snorlax|Body Slam|p2a: Skarmory
|-resisted|p2a: Skarmory
|-damage|p2a: Skarmory|77/100 par
|cant|p2a: Skarmory|par
|
|-heal|p1a: Snorlax|94/100|[from] item: Leftovers
|-heal|p2a: Skarmory|83/100 par|[from] item: Leftovers
|upkeep
|turn|14
|
|t:|1729032405
|move|p1a: Snorlax|Body Slam|p2a: Skarmory
|-resisted|p2a: Skarmory
|-damage|p2a: Skarmory|63/100 par
|move|p2a: Skarmory|Whirlwind|p1a: Snorlax
|drag|p1a: Starmie|Starmie|85/100
|-damage|p1a: Starmie|60/100|[from] Spikes
|
|-heal|p1a: Starmie|66/100|[from] item: Leftovers
|-heal|p2a: Skarmory|69/100 par|[from] item: Leftovers
|upkeep
|turn|15
|
|t:|1729032415
|cant|p2a: Skarmory|par
|move|p1a: Starmie|Surf|p2a: Skarmory
|-crit|p2a: Skarmory
|-damage|p2a: Skarmory|2/100 par
|
|-heal|p1a: Starmie|72/100|[from] item: Leftovers
|-heal|p2a: Skarmory|8/100 par|[from] item: Leftovers
|upkeep
|turn|16
|
|t:|1729032426
|switch|p2a: Dusclops|Dusclops, M|100/100 par
|move|p1a: Starmie|Rapid Spin|p2a: Dusclops
|-immune|p2a: Dusclops
|
|-heal|p1a: Starmie|78/100|[from] item: Leftovers
|upkeep
|turn|17
|
|t:|1729032433
|move|p1a: Starmie|Surf|p2a: Dusclops
|-damage|p2a: Dusclops|74/100 par
|move|p2a: Dusclops|Will-O-Wisp|p1a: Starmie
|-status|p1a: Starmie|brn
|
|-heal|p1a: Starmie|84/100 brn|[from] item: Leftovers
|-damage|p1a: Starmie|72/100 brn|[from] brn
|-heal|p2a: Dusclops|80/100 par|[from] item: Leftovers
|upkeep
|turn|18
|
|t:|1729032439
|-curestatus|p1a: Starmie|brn|[from] ability: Natural Cure
|switch|p1a: Snorlax|Snorlax, M|94/100
|-damage|p1a: Snorlax|69/100|[from] Spikes
|cant|p2a: Dusclops|par
|
|-heal|p1a: Snorlax|76/100|[from] item: Leftovers
|-heal|p2a: Dusclops|86/100 par|[from] item: Leftovers
|upkeep
|turn|19
|
|t:|1729032450
|move|p1a: Snorlax|Curse|p1a: Snorlax
|-unboost|p1a: Snorlax|spe|1
|-boost|p1a: Snorlax|atk|1
|-boost|p1a: Snorlax|def|1
|move|p2a: Dusclops|Will-O-Wisp|p1a: Snorlax
|-status|p1a: Snorlax|brn
|
|-heal|p1a: Snorlax|82/100 brn|[from] item: Leftovers
|-damage|p1a: Snorlax|69/100 brn|[from] brn
|-heal|p2a: Dusclops|92/100 par|[from] item: Leftovers
|upkeep
|turn|20
|
|t:|1729032475
|switch|p2a: Skarmory|Skarmory, F|8/100 par
|move|p1a: Snorlax|Curse|p1a: Snorlax
|-unboost|p1a: Snorlax|spe|1
|-boost|p1a: Snorlax|atk|1
|-boost|p1a: Snorlax|def|1
|
|-heal|p1a: Snorlax|76/100 brn|[from] item: Leftovers
|-damage|p1a: Snorlax|63/100 brn|[from] brn
|-heal|p2a: Skarmory|14/100 par|[from] item: Leftovers
|upkeep
|turn|21
|
|t:|1729032483
|move|p1a: Snorlax|Body Slam|p2a: Skarmory
|-resisted|p2a: Skarmory
|-damage|p2a: Skarmory|0 fnt
|faint|p2a: Skarmory
|
|t:|1729032495
|switch|p2a: Registeel|Registeel|100/100
|
|-heal|p1a: Snorlax|69/100 brn|[from] item: Leftovers
|-damage|p1a: Snorlax|57/100 brn|[from] brn
|upkeep
|turn|22
|
|t:|1729032501
|move|p2a: Registeel|Curse|p2a: Registeel
|-unboost|p2a: Registeel|spe|1
|-boost|p2a: Registeel|atk|1
|-boost|p2a: Registeel|def|1
|move|p1a: Snorlax|Rest|p1a: Snorlax
|-status|p1a: Snorlax|slp|[from] move: Rest
|-heal|p1a: Snorlax|100/100 slp|[silent]
|
|upkeep
|turn|23
|
|t:|1729032506
|move|p2a: Registeel|Curse|p2a: Registeel
|-unboost|p2a: Registeel|spe|1
|-boost|p2a: Registeel|atk|1
|-boost|p2a: Registeel|def|1
|cant|p1a: Snorlax|slp
|
|upkeep
|turn|24
|
|t:|1729032529
|move|p2a: Registeel|Earthquake|p1a: Snorlax
|-damage|p1a: Snorlax|80/100 slp
|cant|p1a: Snorlax|slp
|
|-heal|p1a: Snorlax|86/100 slp|[from] item: Leftovers
|upkeep
|turn|25
|
|t:|1729032535
|move|p2a: Registeel|Curse|p2a: Registeel
|-unboost|p2a: Registeel|spe|1
|-boost|p2a: Registeel|atk|1
|-boost|p2a: Registeel|def|1
|-curestatus|p1a: Snorlax|slp|[msg]
|move|p1a: Snorlax|Curse|p1a: Snorlax
|-unboost|p1a: Snorlax|spe|1
|-boost|p1a: Snorlax|atk|1
|-boost|p1a: Snorlax|def|1
|
|-heal|p1a: Snorlax|92/100|[from] item: Leftovers
|upkeep
|turn|26
|
|t:|1729032540
|move|p2a: Registeel|Curse|p2a: Registeel
|-unboost|p2a: Registeel|spe|1
|-boost|p2a: Registeel|atk|1
|-boost|p2a: Registeel|def|1
|move|p1a: Snorlax|Curse|p1a: Snorlax
|-unboost|p1a: Snorlax|spe|1
|-boost|p1a: Snorlax|atk|1
|-boost|p1a: Snorlax|def|1
|
|-heal|p1a: Snorlax|99/100|[from] item: Leftovers
|upkeep
|turn|27
|
|t:|1729032548
|move|p2a: Registeel|Curse|p2a: Registeel
|-unboost|p2a: Registeel|spe|1
|-boost|p2a: Registeel|atk|1
|-boost|p2a: Registeel|def|1
|move|p1a: Snorlax|Curse|p1a: Snorlax
|-unboost|p1a: Snorlax|spe|1
|-boost|p1a: Snorlax|atk|1
|-boost|p1a: Snorlax|def|1
|
|-heal|p1a: Snorlax|100/100|[from] item: Leftovers
|upkeep
|turn|28
|
|t:|1729032551
|move|p2a: Registeel|Curse|p2a: Registeel
|-unboost|p2a: Registeel|spe|1
|-boost|p2a: Registeel|atk|1
|-boost|p2a: Registeel|def|1
|move|p1a: Snorlax|Curse|p1a: Snorlax
|-unboost|p1a: Snorlax|spe|1
|-boost|p1a: Snorlax|atk|1
|-boost|p1a: Snorlax|def|1
|
|upkeep
|turn|29
|
|t:|1729032554
|move|p2a: Registeel|Explosion|p1a: Snorlax
|-damage|p1a: Snorlax|0 fnt
|faint|p2a: Registeel
|faint|p1a: Snorlax
|c|☆otael|lmao
|
|t:|1729032575
|switch|p2a: Dusclops|Dusclops, M|92/100 par
|switch|p1a: Starmie|Starmie|72/100
|-damage|p1a: Starmie|47/100|[from] Spikes
|
|-heal|p1a: Starmie|53/100|[from] item: Leftovers
|-heal|p2a: Dusclops|98/100 par|[from] item: Leftovers
|upkeep
|turn|30
|
|t:|1729032581
|move|p1a: Starmie|Recover|p1a: Starmie
|-heal|p1a: Starmie|100/100
|move|p2a: Dusclops|Shadow Ball|p1a: Starmie
|-supereffective|p1a: Starmie
|-damage|p1a: Starmie|53/100
|
|-heal|p1a: Starmie|59/100|[from] item: Leftovers
|-heal|p2a: Dusclops|100/100 par|[from] item: Leftovers
|upkeep
|turn|31
|
|t:|1729032585
|move|p1a: Starmie|Recover|p1a: Starmie
|-heal|p1a: Starmie|100/100
|move|p2a: Dusclops|Shadow Ball|p1a: Starmie
|-supereffective|p1a: Starmie
|-damage|p1a: Starmie|53/100
|
|-heal|p1a: Starmie|59/100|[from] item: Leftovers
|upkeep
|turn|32
|
|t:|1729032590
|move|p1a: Starmie|Recover|p1a: Starmie
|-heal|p1a: Starmie|100/100
|cant|p2a: Dusclops|par
|
|upkeep
|turn|33
|
|t:|1729032595
|switch|p1a: Dunsparce|Dunsparce, M|100/100
|-damage|p1a: Dunsparce|75/100|[from] Spikes
|cant|p2a: Dusclops|par
|
|-heal|p1a: Dunsparce|82/100|[from] item: Leftovers
|upkeep
|turn|34
|inactive|Spedonic has 270 seconds left.
|
|t:|1729032631
|switch|p2a: Celebi|Celebi|100/100
|move|p1a: Dunsparce|Thunderbolt|p2a: Celebi
|-resisted|p2a: Celebi
|-damage|p2a: Celebi|94/100
|
|-heal|p2a: Celebi|99/100|[from] item: Leftovers
|-heal|p1a: Dunsparce|88/100|[from] item: Leftovers
|upkeep
|turn|35
|inactive|Spedonic has 270 seconds left.
|
|t:|1729032638
|move|p2a: Celebi|Calm Mind|p2a: Celebi
|-boost|p2a: Celebi|spa|1
|-boost|p2a: Celebi|spd|1
|move|p1a: Dunsparce|Ice Beam|p2a: Celebi
|-supereffective|p2a: Celebi
|-damage|p2a: Celebi|83/100
|
|-heal|p2a: Celebi|89/100|[from] item: Leftovers
|-heal|p1a: Dunsparce|94/100|[from] item: Leftovers
|upkeep
|turn|36
|inactive|Spedonic has 270 seconds left.
|
|t:|1729032653
|move|p2a: Celebi|Calm Mind|p2a: Celebi
|-boost|p2a: Celebi|spa|1
|-boost|p2a: Celebi|spd|1
|move|p1a: Dunsparce|Body Slam|p2a: Celebi
|-damage|p2a: Celebi|72/100
|
|-heal|p2a: Celebi|78/100|[from] item: Leftovers
|-heal|p1a: Dunsparce|99/100|[from] item: Leftovers
|upkeep
|turn|37
|inactive|Spedonic has 270 seconds left.
|
|t:|1729032664
|move|p2a: Celebi|Giga Drain|p1a: Dunsparce
|-damage|p1a: Dunsparce|62/100
|-heal|p2a: Celebi|97/100|[from] drain|[of] p1a: Dunsparce
|move|p1a: Dunsparce|Body Slam|p2a: Celebi
|-crit|p2a: Celebi
|-damage|p2a: Celebi|57/100
|
|-heal|p2a: Celebi|63/100|[from] item: Leftovers
|-heal|p1a: Dunsparce|69/100|[from] item: Leftovers
|upkeep
|turn|38
|
|t:|1729032669
|move|p2a: Celebi|Giga Drain|p1a: Dunsparce
|-damage|p1a: Dunsparce|35/100
|-heal|p2a: Celebi|80/100|[from] drain|[of] p1a: Dunsparce
|move|p1a: Dunsparce|Body Slam|p2a: Celebi
|-damage|p2a: Celebi|63/100
|-status|p2a: Celebi|par
|
|-heal|p1a: Dunsparce|41/100|[from] item: Leftovers
|-heal|p2a: Celebi|69/100 par|[from] item: Leftovers
|upkeep
|turn|39
|
|t:|1729032674
|move|p1a: Dunsparce|Headbutt|p2a: Celebi
|-damage|p2a: Celebi|54/100 par
|cant|p2a: Celebi|flinch
|
|-heal|p1a: Dunsparce|48/100|[from] item: Leftovers
|-heal|p2a: Celebi|60/100 par|[from] item: Leftovers
|upkeep
|turn|40
|
|t:|1729032678
|move|p1a: Dunsparce|Headbutt|p2a: Celebi
|-damage|p2a: Celebi|44/100 par
|move|p2a: Celebi|Baton Pass|p2a: Celebi
|
|t:|1729032684
|-curestatus|p2a: Celebi|par|[from] ability: Natural Cure
|switch|p2a: Salamence|Salamence, M|100/100|[from] Baton Pass
|-ability|p2a: Salamence|Intimidate|boost
|-unboost|p1a: Dunsparce|atk|1
|
|-heal|p1a: Dunsparce|54/100|[from] item: Leftovers
|upkeep
|turn|41
|
|t:|1729032694
|move|p2a: Salamence|Dragon Claw|p1a: Dunsparce
|-damage|p1a: Dunsparce|1/100
|move|p1a: Dunsparce|Ice Beam|p2a: Salamence
|-supereffective|p2a: Salamence
|-damage|p2a: Salamence|70/100
|
|-heal|p2a: Salamence|76/100|[from] item: Leftovers
|-heal|p1a: Dunsparce|7/100|[from] item: Leftovers
|upkeep
|turn|42
|
|t:|1729032700
|move|p2a: Salamence|Flamethrower|p1a: Dunsparce
|-damage|p1a: Dunsparce|0 fnt
|faint|p1a: Dunsparce
|
|t:|1729032705
|switch|p1a: Regirock|Regirock|50/100
|-damage|p1a: Regirock|25/100|[from] Spikes
|
|-heal|p2a: Salamence|82/100|[from] item: Leftovers
|-heal|p1a: Regirock|31/100|[from] item: Leftovers
|upkeep
|turn|43
|
|t:|1729032710
|move|p2a: Salamence|Dragon Claw|p1a: Regirock
|-damage|p1a: Regirock|0 fnt
|faint|p1a: Regirock
|
|t:|1729032715
|switch|p1a: Starmie|Starmie|100/100
|-damage|p1a: Starmie|75/100|[from] Spikes
|
|-heal|p1a: Starmie|82/100|[from] item: Leftovers
|-heal|p2a: Salamence|88/100|[from] item: Leftovers
|upkeep
|turn|44
|inactive|Spedonic has 270 seconds left.
|inactive|Spedonic has 240 seconds left.
|
|t:|1729032792
|switch|p2a: Dusclops|Dusclops, M|100/100 par
|move|p1a: Starmie|Thunder Wave|p2a: Dusclops
|-fail|p2a: Dusclops|par
|
|-heal|p1a: Starmie|88/100|[from] item: Leftovers
|upkeep
|turn|45
|
|t:|1729032808
|move|p1a: Starmie|Surf|p2a: Dusclops
|-damage|p2a: Dusclops|75/100 par
|move|p2a: Dusclops|Shadow Ball|p1a: Starmie
|-supereffective|p1a: Starmie
|-damage|p1a: Starmie|38/100
|
|-heal|p1a: Starmie|44/100|[from] item: Leftovers
|-heal|p2a: Dusclops|81/100 par|[from] item: Leftovers
|upkeep
|turn|46
|
|t:|1729032817
|move|p1a: Starmie|Recover|p1a: Starmie
|-heal|p1a: Starmie|94/100
|move|p2a: Dusclops|Shadow Ball|p1a: Starmie
|-supereffective|p1a: Starmie
|-damage|p1a: Starmie|47/100
|
|-heal|p1a: Starmie|53/100|[from] item: Leftovers
|-heal|p2a: Dusclops|87/100 par|[from] item: Leftovers
|upkeep
|turn|47
|inactive|otael has 270 seconds left.
|
|t:|1729032848
|move|p1a: Starmie|Surf|p2a: Dusclops
|-damage|p2a: Dusclops|61/100 par
|cant|p2a: Dusclops|par
|
|-heal|p1a: Starmie|59/100|[from] item: Leftovers
|-heal|p2a: Dusclops|67/100 par|[from] item: Leftovers
|upkeep
|turn|48
|inactive|Spedonic has 240 seconds left.
|
|t:|1729032854
|move|p1a: Starmie|Surf|p2a: Dusclops
|-crit|p2a: Dusclops
|-damage|p2a: Dusclops|12/100 par
|move|p2a: Dusclops|Shadow Ball|p1a: Starmie
|-supereffective|p1a: Starmie
|-damage|p1a: Starmie|7/100
|
|-heal|p1a: Starmie|13/100|[from] item: Leftovers
|-heal|p2a: Dusclops|18/100 par|[from] item: Leftovers
|upkeep
|turn|49
|inactive|Spedonic has 240 seconds left.
|
|t:|1729032877
|move|p1a: Starmie|Surf|p2a: Dusclops
|-damage|p2a: Dusclops|0 fnt
|faint|p2a: Dusclops
|inactive|Spedonic has 210 seconds left.
|
|t:|1729032903
|switch|p2a: Salamence|Salamence, M|88/100
|-ability|p2a: Salamence|Intimidate|boost
|-unboost|p1a: Starmie|atk|1
|
|-heal|p1a: Starmie|20/100|[from] item: Leftovers
|-heal|p2a: Salamence|94/100|[from] item: Leftovers
|upkeep
|turn|50
|
|t:|1729032913
|move|p1a: Starmie|Thunder Wave|p2a: Salamence
|-status|p2a: Salamence|par
|move|p2a: Salamence|Dragon Claw|p1a: Starmie
|-damage|p1a: Starmie|0 fnt
|faint|p1a: Starmie
|
|t:|1729032919
|switch|p1a: Jirachi|Jirachi|100/100
|-damage|p1a: Jirachi|75/100|[from] Spikes
|
|-heal|p1a: Jirachi|82/100|[from] item: Leftovers
|-heal|p2a: Salamence|99/100 par|[from] item: Leftovers
|upkeep
|turn|51
|
|t:|1729032935
|cant|p2a: Salamence|par
|move|p1a: Jirachi|Ice Punch|p2a: Salamence
|-supereffective|p2a: Salamence
|-damage|p2a: Salamence|25/100 par
|
|-heal|p1a: Jirachi|88/100|[from] item: Leftovers
|-heal|p2a: Salamence|31/100 par|[from] item: Leftovers
|upkeep
|turn|52
|
|t:|1729032944
|switch|p2a: Blastoise|Blastoise, F|100/100 par
|move|p1a: Jirachi|Ice Punch|p2a: Blastoise
|-resisted|p2a: Blastoise
|-damage|p2a: Blastoise|95/100 par
|
|-heal|p1a: Jirachi|94/100|[from] item: Leftovers
|-heal|p2a: Blastoise|100/100 par|[from] item: Leftovers
|upkeep
|turn|53
|
|t:|1729032949
|move|p1a: Jirachi|Wish|p1a: Jirachi
|move|p2a: Blastoise|Roar|p1a: Jirachi
|drag|p1a: Marowak|Marowak, M|100/100
|-damage|p1a: Marowak|75/100|[from] Spikes
|
|upkeep
|turn|54
|
|t:|1729032962
|move|p1a: Marowak|Earthquake|p2a: Blastoise
|-damage|p2a: Blastoise|18/100 par
|move|p2a: Blastoise|Roar|p1a: Marowak
|drag|p1a: Jirachi|Jirachi|94/100
|-damage|p1a: Jirachi|69/100|[from] Spikes
|
|-heal|p1a: Jirachi|100/100|[from] move: Wish|[wisher] Jirachi
|-heal|p2a: Blastoise|24/100 par|[from] item: Leftovers
|upkeep
|turn|55
|
|t:|1729032966
|move|p1a: Jirachi|Body Slam|p2a: Blastoise
|-damage|p2a: Blastoise|5/100 par
|move|p2a: Blastoise|Surf|p1a: Jirachi
|-crit|p1a: Jirachi
|-damage|p1a: Jirachi|48/100
|
|-heal|p1a: Jirachi|54/100|[from] item: Leftovers
|-heal|p2a: Blastoise|11/100 par|[from] item: Leftovers
|upkeep
|turn|56
|
|t:|1729032971
|move|p1a: Jirachi|Body Slam|p2a: Blastoise
|-damage|p2a: Blastoise|0 fnt
|faint|p2a: Blastoise
|
|t:|1729032973
|switch|p2a: Celebi|Celebi|44/100
|
|-heal|p2a: Celebi|50/100|[from] item: Leftovers
|-heal|p1a: Jirachi|60/100|[from] item: Leftovers
|upkeep
|turn|57
|-message|Spedonic forfeited.
|
|win|otael

</script>
<script type="application/json" class="data" id="replaydata-smogtours-gen3ou-799057">
{"id":"smogtours-gen3ou-799057","format":"[Gen 3] OU","players":["otael","Spedonic"],"uploadtime":1729032993,"views":89,"formatid":"gen3ou","rating":null,"private":0,"password":null}
</script>

<script defer src="js/replays.js?9d40a366"></script>
