<!DOCTYPE html>
<meta charset="utf-8" />
<meta name="viewport" content="width=device-width" />

<title>[Gen 3] OU: Big_Squatto vs. knexhawk2 - Replays - Pok&eacute;mon Showdown!</title>

<meta name="description" content="Watch a replay of a Pok&eacute;mon battle between Big_Squatto and knexhawk2! Format: [Gen 3] OU; Date: Oct 26, 2024" />
<!--

Hey, you! Looking in the source for the replay log?

You can find them in JSON format, just add `.json` at the end of a replay URL.

https://replay.pokemonshowdown.com/gen7randomdoublesbattle-865046831.json

Or, if you only need the log itself, add `.log` instead:

https://replay.pokemonshowdown.com/gen7randomdoublesbattle-865046831.log

-->

<link rel="stylesheet" href="//pokemonshowdown.com/style/global.css?0.767286132409787" />
<link rel="stylesheet" href="//play.pokemonshowdown.com/style/font-awesome.css?0.9266228007934947" />
<link rel="stylesheet" href="//play.pokemonshowdown.com/style/battle.css?0.7924700842790926" />
<link rel="stylesheet" href="//play.pokemonshowdown.com/style/utilichart.css?0.8777417872839479" />

<!-- Global site tag (gtag.js) - Google Analytics -->
<script async src="https://www.googletagmanager.com/gtag/js?id=UA-26211653-1"></script>
<script>
  window.dataLayer = window.dataLayer || [];
  function gtag(){dataLayer.push(arguments);}
  gtag('js', new Date());

  gtag('config', 'UA-26211653-1');
</script>
<!-- End Google Analytics -->
<!-- Venatus Ad Manager - Install in <HEAD> of page -->
	<script src="https://hb.vntsm.com/v3/live/ad-manager.min.js" type="text/javascript" data-site-id="642aba63ec9a7b11c3c9c1be" data-mode="scan" async></script>
<!-- / Venatus Ad Manager -->

<style>
	@media (max-width:820px) {
		.battle {
			margin: 0 auto;
		}
		.battle-log {
			margin: 7px auto 0;
			max-width: 640px;
			height: 300px;
			position: static;
		}
	}
	.optgroup {
		display: inline-block;
		line-height: 22px;
		font-size: 10pt;
	}
	.optgroup .button {
		height: 25px;
		padding-top: 0;
		padding-bottom: 0;
	}
	.optgroup button.button {
		padding-left: 12px;
		padding-right: 12px;
	}
	.linklist {
		list-style: none;
		margin: 0.5em 0;
		padding: 0;
	}
	.linklist li {
		padding: 2px 0;
	}
	.sidebar {
		float: left;
		width: 320px;
	}
	.bar-wrapper {
		max-width: 1100px;
		margin: 0 auto;
	}
	.bar-wrapper.has-sidebar {
		max-width: 1430px;
	}
	.mainbar {
		margin: 0;
		padding-right: 1px;
	}
	.mainbar.has-sidebar {
		margin-left: 330px;
	}
	@media (min-width: 1511px) {
		.sidebar {
			width: 400px;
		}
		.bar-wrapper.has-sidebar {
			max-width: 1510px;
		}
		.mainbar.has-sidebar {
			margin-left: 410px;
		}
	}
	.section.first-section {
		margin-top: 9px;
	}
	.blocklink small {
		white-space: normal;
	}
	.button {
		vertical-align: middle;
	}
	.replay-controls {
		padding-top: 10px;
	}
	.replay-controls h1 {
		font-size: 16pt;
		font-weight: normal;
		color: #CCC;
	}
	.pagelink {
		text-align: center;
	}
	.pagelink a {
		width: 150px;
	}
	.textbox, .button {
		font-size: 11pt;
		vertical-align: middle;
	}
	@media (max-width: 450px) {
		.button {
			font-size: 9pt;
		}
	}
</style>

<div>

	<header>
		<div class="nav-wrapper"><ul class="nav">
			<li><a class="button nav-first" href="//pokemonshowdown.com/"><img src="//pokemonshowdown.com/images/pokemonshowdownbeta.png" srcset="//pokemonshowdown.com/images/pokemonshowdownbeta.png 1x, //pokemonshowdown.com/images/pokemonshowdownbeta@2x.png 2x" alt="Pok&eacute;mon Showdown" width="146" height="44" /> Home</a></li>
			<li><a class="button" href="//pokemonshowdown.com/dex/">Pok&eacute;dex</a></li>
			<li><a class="button cur" href="/">Replays</a></li>
			<li><a class="button" href="//pokemonshowdown.com/ladder/">Ladder</a></li>
			<li><a class="button nav-last" href="//pokemonshowdown.com/forums/">Forum</a></li>
			<li><a class="button greenbutton nav-first nav-last" href="//play.pokemonshowdown.com/">Play</a></li>
		</ul></div>
	</header>

	<div class="main" id="main">

		<noscript><section class="section">You need to enable JavaScript to use this page; sorry!</section></noscript>

	</div>

</div>

<script defer nomodule src="//play.pokemonshowdown.com/js/lib/ps-polyfill.js"></script>
<script defer src="//play.pokemonshowdown.com/js/lib/preact.min.js"></script>

<script defer src="//play.pokemonshowdown.com/config/config.js?6dec07f6"></script>
<script defer src="//play.pokemonshowdown.com/js/lib/jquery-1.11.0.min.js"></script>
<script defer src="//play.pokemonshowdown.com/js/lib/html-sanitizer-minified.js"></script>
<script defer src="//play.pokemonshowdown.com/js/battle-sound.js"></script>
<script defer src="//play.pokemonshowdown.com/js/battledata.js?0.6315294753075389"></script>
<script defer src="//play.pokemonshowdown.com/data/pokedex-mini.js?0.7603743185311358"></script>
<script defer src="//play.pokemonshowdown.com/data/pokedex-mini-bw.js?0.030888842834281283"></script>
<script defer src="//play.pokemonshowdown.com/data/graphics.js?0.05593094747507488"></script>
<script defer src="//play.pokemonshowdown.com/data/pokedex.js?0.47064822249611904"></script>
<script defer src="//play.pokemonshowdown.com/data/moves.js?0.8583693120512459"></script>
<script defer src="//play.pokemonshowdown.com/data/abilities.js?0.16017181182386842"></script>
<script defer src="//play.pokemonshowdown.com/data/items.js?0.4163379185673943"></script>
<script defer src="//play.pokemonshowdown.com/data/teambuilder-tables.js?0.31075597372830477"></script>
<script defer src="//play.pokemonshowdown.com/js/battle-tooltips.js?0.6536193500708172"></script>
<script defer src="//play.pokemonshowdown.com/js/battle.js?0.1916591943277901"></script>

<script defer src="js/utils.js?e31f9a17"></script>
<script defer src="js/replays-battle.js?7008c182"></script>

<!-- don't scrape this data! just add .json or .log after the URL!
Full API docs: https://github.com/smogon/pokemon-showdown-client/blob/master/WEB-API.md -->
<script type="text/plain" class="log" id="replaylog-smogtours-gen3ou-802015">
|inactive|Battle timer is ON: inactive players will automatically lose when time's up.
|badge|p2|silver|gen9ou|30-3
|uhtml|medal-msg|<div class="broadcast-blue">Curious what those medals under the avatar are? PS now has Ladder Seasons! For more information, check out the <a href="https://www.smogon.com/forums/threads/3740067/">thread on Smogon.<\/a><\/div>
|t:|1729903442
|gametype|singles
|player|p1|Big_Squatto|barry|
|player|p2|knexhawk2|benga|
|teamsize|p1|6
|teamsize|p2|6
|gen|3
|tier|[Gen 3] OU
|rule|Sleep Clause Mod: Limit one foe put to sleep
|rule|Switch Priority Clause Mod: Faster Pokémon switch first
|rule|Species Clause: Limit one of each Pokémon
|rule|OHKO Clause: OHKO moves are banned
|rule|Evasion Items Clause: Evasion items are banned
|rule|Evasion Moves Clause: Evasion moves are banned
|rule|Endless Battle Clause: Forcing endless battles is banned
|rule|HP Percentage Mod: HP is shown in percentages
|rule|One Boost Passer Clause: Limit one Baton Passer that has a way to boost its stats
|rule|Freeze Clause Mod: Limit one foe frozen
|
|t:|1729903442
|start
|switch|p1a: Zapdos|Zapdos|100/100
|switch|p2a: Slaking|Slaking, M|100/100
|turn|1
|
|t:|1729903466
|-singleturn|p2a: Slaking|move: Focus Punch
|switch|p1a: Gengar|Gengar, M|100/100
|move|p2a: Slaking|Focus Punch|p1a: Gengar
|-immune|p1a: Gengar
|
|upkeep
|turn|2
|
|t:|1729903478
|switch|p2a: Umbreon|Umbreon, M|100/100
|move|p1a: Gengar|Giga Drain|p2a: Umbreon
|-crit|p2a: Umbreon
|-damage|p2a: Umbreon|79/100
|
|-heal|p2a: Umbreon|85/100|[from] item: Leftovers
|upkeep
|turn|3
|
|t:|1729903486
|-activate|p1a: Gengar|move: Pursuit
|move|p2a: Umbreon|Pursuit|p1a: Gengar|[from]Pursuit
|-supereffective|p1a: Gengar
|-damage|p1a: Gengar|56/100
|switch|p1a: Skarmory|Skarmory, M|100/100
|
|-heal|p2a: Umbreon|91/100|[from] item: Leftovers
|upkeep
|turn|4
|
|t:|1729903494
|switch|p2a: Moltres|Moltres|100/100
|move|p1a: Skarmory|Spikes|p2a: Moltres
|-sidestart|p2: knexhawk2|Spikes
|
|upkeep
|turn|5
|
|t:|1729903502
|switch|p1a: Blissey|Blissey, F|100/100
|move|p2a: Moltres|Toxic|p1a: Blissey
|-status|p1a: Blissey|tox
|
|-damage|p1a: Blissey|94/100 tox|[from] psn
|upkeep
|turn|6
|
|t:|1729903511
|switch|p2a: Blissey|Blissey, F|100/100
|-damage|p2a: Blissey|88/100|[from] Spikes
|-curestatus|p1a: Blissey|tox|[from] ability: Natural Cure
|switch|p1a: Flygon|Flygon, F|100/100
|
|-heal|p2a: Blissey|94/100|[from] item: Leftovers
|upkeep
|turn|7
|
|t:|1729903533
|switch|p1a: Skarmory|Skarmory, M|100/100
|switch|p2a: Forretress|Forretress, M|100/100
|-damage|p2a: Forretress|88/100|[from] Spikes
|
|-heal|p2a: Forretress|94/100|[from] item: Leftovers
|upkeep
|turn|8
|
|t:|1729903548
|switch|p1a: Moltres|Moltres|100/100
|move|p2a: Forretress|Spikes|p1a: Moltres
|-sidestart|p1: Big_Squatto|Spikes
|
|-heal|p2a: Forretress|100/100|[from] item: Leftovers
|upkeep
|turn|9
|
|t:|1729903554
|switch|p2a: Moltres|Moltres|100/100
|move|p1a: Moltres|Roar|p2a: Moltres
|drag|p2a: Umbreon|Umbreon, M|91/100
|-damage|p2a: Umbreon|78/100|[from] Spikes
|
|-heal|p2a: Umbreon|84/100|[from] item: Leftovers
|upkeep
|turn|10
|
|t:|1729903562
|move|p2a: Umbreon|Protect|p2a: Umbreon
|-singleturn|p2a: Umbreon|Protect
|move|p1a: Moltres|Will-O-Wisp|p2a: Umbreon
|-activate|p2a: Umbreon|Protect
|
|-heal|p2a: Umbreon|91/100|[from] item: Leftovers
|upkeep
|turn|11
|
|t:|1729903570
|switch|p2a: Moltres|Moltres|100/100
|move|p1a: Moltres|Overheat|p2a: Moltres
|-resisted|p2a: Moltres
|-damage|p2a: Moltres|59/100
|-unboost|p1a: Moltres|spa|2
|
|-heal|p2a: Moltres|65/100|[from] item: Leftovers
|upkeep
|turn|12
|
|t:|1729903581
|switch|p1a: Blissey|Blissey, F|94/100
|-damage|p1a: Blissey|82/100|[from] Spikes
|switch|p2a: Slaking|Slaking, M|100/100
|-damage|p2a: Slaking|88/100|[from] Spikes
|
|-heal|p1a: Blissey|88/100|[from] item: Leftovers
|upkeep
|turn|13
|
|t:|1729903595
|-singleturn|p2a: Slaking|move: Focus Punch
|switch|p1a: Skarmory|Skarmory, M|100/100
|move|p2a: Slaking|Focus Punch|p1a: Skarmory
|-damage|p1a: Skarmory|22/100
|
|-heal|p1a: Skarmory|28/100|[from] item: Leftovers
|upkeep
|turn|14
|
|t:|1729903603
|switch|p2a: Forretress|Forretress, M|100/100
|-damage|p2a: Forretress|88/100|[from] Spikes
|move|p1a: Skarmory|Roar|p2a: Forretress
|drag|p2a: Slaking|Slaking, M|88/100
|-damage|p2a: Slaking|76/100|[from] Spikes
|
|-heal|p1a: Skarmory|34/100|[from] item: Leftovers
|upkeep
|turn|15
|
|t:|1729903611
|switch|p2a: Moltres|Moltres|65/100
|move|p1a: Skarmory|Roar|p2a: Moltres
|drag|p2a: Forretress|Forretress, M|88/100
|-damage|p2a: Forretress|76/100|[from] Spikes
|
|-heal|p1a: Skarmory|40/100|[from] item: Leftovers
|-heal|p2a: Forretress|82/100|[from] item: Leftovers
|upkeep
|turn|16
|
|t:|1729903623
|switch|p1a: Moltres|Moltres|100/100
|move|p2a: Forretress|Hidden Power|p1a: Moltres
|-resisted|p1a: Moltres
|-damage|p1a: Moltres|95/100
|
|-heal|p1a: Moltres|100/100|[from] item: Leftovers
|-heal|p2a: Forretress|88/100|[from] item: Leftovers
|upkeep
|turn|17
|
|t:|1729903642
|switch|p1a: Zapdos|Zapdos|100/100
|switch|p2a: Moltres|Moltres|65/100
|
|-heal|p2a: Moltres|71/100|[from] item: Leftovers
|upkeep
|turn|18
|
|t:|1729903648
|switch|p2a: Swampert|Swampert, F|100/100
|-damage|p2a: Swampert|88/100|[from] Spikes
|move|p1a: Zapdos|Roar|p2a: Swampert
|drag|p2a: Umbreon|Umbreon, M|91/100
|-damage|p2a: Umbreon|78/100|[from] Spikes
|
|-heal|p2a: Umbreon|84/100|[from] item: Leftovers
|upkeep
|turn|19
|
|t:|1729903657
|switch|p1a: Skarmory|Skarmory, M|40/100
|move|p2a: Umbreon|Protect||[still]
|-fail|p2a: Umbreon
|
|-heal|p1a: Skarmory|46/100|[from] item: Leftovers
|-heal|p2a: Umbreon|90/100|[from] item: Leftovers
|upkeep
|turn|20
|
|t:|1729903664
|switch|p2a: Moltres|Moltres|71/100
|move|p1a: Skarmory|Spikes|p2a: Moltres
|-sidestart|p2: knexhawk2|Spikes
|
|-heal|p2a: Moltres|77/100|[from] item: Leftovers
|-heal|p1a: Skarmory|52/100|[from] item: Leftovers
|upkeep
|turn|21
|
|t:|1729903671
|move|p1a: Skarmory|Protect|p1a: Skarmory
|-singleturn|p1a: Skarmory|Protect
|move|p2a: Moltres|Flamethrower|p1a: Skarmory
|-activate|p1a: Skarmory|Protect
|
|-heal|p2a: Moltres|83/100|[from] item: Leftovers
|-heal|p1a: Skarmory|58/100|[from] item: Leftovers
|upkeep
|turn|22
|
|t:|1729903680
|move|p2a: Moltres|Toxic|p1a: Skarmory
|-immune|p1a: Skarmory
|move|p1a: Skarmory|Toxic|p2a: Moltres
|-status|p2a: Moltres|tox
|
|-heal|p2a: Moltres|89/100 tox|[from] item: Leftovers
|-damage|p2a: Moltres|83/100 tox|[from] psn
|-heal|p1a: Skarmory|64/100|[from] item: Leftovers
|upkeep
|turn|23
|
|t:|1729903689
|move|p1a: Skarmory|Protect|p1a: Skarmory
|-singleturn|p1a: Skarmory|Protect
|move|p2a: Moltres|Toxic|p1a: Skarmory
|-activate|p1a: Skarmory|Protect
|
|-heal|p2a: Moltres|89/100 tox|[from] item: Leftovers
|-damage|p2a: Moltres|77/100 tox|[from] psn
|-heal|p1a: Skarmory|70/100|[from] item: Leftovers
|upkeep
|turn|24
|inactive|Big_Squatto has 270 seconds left.
|
|t:|1729903750
|switch|p2a: Blissey|Blissey, F|94/100
|-damage|p2a: Blissey|78/100|[from] Spikes
|switch|p1a: Moltres|Moltres|100/100
|
|-heal|p2a: Blissey|84/100|[from] item: Leftovers
|upkeep
|turn|25
|
|t:|1729903761
|move|p1a: Moltres|Will-O-Wisp|p2a: Blissey
|-status|p2a: Blissey|brn
|move|p2a: Blissey|Seismic Toss|p1a: Moltres
|-damage|p1a: Moltres|69/100
|
|-heal|p1a: Moltres|76/100|[from] item: Leftovers
|-heal|p2a: Blissey|90/100 brn|[from] item: Leftovers
|-damage|p2a: Blissey|77/100 brn|[from] brn
|upkeep
|turn|26
|
|t:|1729903775
|switch|p1a: Skarmory|Skarmory, M|70/100
|move|p2a: Blissey|Aromatherapy|p2a: Blissey
|-cureteam|p2a: Blissey|[from] move: Aromatherapy
|
|-heal|p1a: Skarmory|76/100|[from] item: Leftovers
|-heal|p2a: Blissey|84/100|[from] item: Leftovers
|upkeep
|turn|27
|
|t:|1729903783
|move|p1a: Skarmory|Protect|p1a: Skarmory
|-singleturn|p1a: Skarmory|Protect
|move|p2a: Blissey|Seismic Toss|p1a: Skarmory
|-activate|p1a: Skarmory|Protect
|
|-heal|p1a: Skarmory|82/100|[from] item: Leftovers
|-heal|p2a: Blissey|90/100|[from] item: Leftovers
|upkeep
|turn|28
|
|t:|1729903791
|move|p1a: Skarmory|Spikes|p2a: Blissey
|-sidestart|p2: knexhawk2|Spikes
|move|p2a: Blissey|Seismic Toss|p1a: Skarmory
|-damage|p1a: Skarmory|52/100
|
|-heal|p1a: Skarmory|58/100|[from] item: Leftovers
|-heal|p2a: Blissey|96/100|[from] item: Leftovers
|upkeep
|turn|29
|
|t:|1729903798
|move|p1a: Skarmory|Protect|p1a: Skarmory
|-singleturn|p1a: Skarmory|Protect
|move|p2a: Blissey|Seismic Toss|p1a: Skarmory
|-activate|p1a: Skarmory|Protect
|
|-heal|p1a: Skarmory|64/100|[from] item: Leftovers
|-heal|p2a: Blissey|100/100|[from] item: Leftovers
|upkeep
|turn|30
|
|t:|1729903806
|switch|p1a: Gengar|Gengar, M|56/100
|move|p2a: Blissey|Seismic Toss|p1a: Gengar
|-immune|p1a: Gengar
|
|-heal|p1a: Gengar|62/100|[from] item: Leftovers
|upkeep
|turn|31
|inactive|Big_Squatto has 270 seconds left.
|
|t:|1729903814
|move|p1a: Gengar|Taunt|p2a: Blissey
|-start|p2a: Blissey|move: Taunt
|cant|p2a: Blissey|move: Taunt|Sing
|
|-heal|p1a: Gengar|67/100|[from] item: Leftovers
|upkeep
|turn|32
|inactive|Big_Squatto has 270 seconds left.
|
|t:|1729903829
|switch|p1a: Zapdos|Zapdos|100/100
|move|p2a: Blissey|Seismic Toss|p1a: Zapdos
|-damage|p1a: Zapdos|74/100
|
|-heal|p1a: Zapdos|81/100|[from] item: Leftovers
|-end|p2a: Blissey|move: Taunt|[silent]
|upkeep
|turn|33
|
|t:|1729903836
|move|p2a: Blissey|Sing|p1a: Zapdos
|-status|p1a: Zapdos|slp|[from] move: Sing
|cant|p1a: Zapdos|slp
|
|-heal|p1a: Zapdos|87/100 slp|[from] item: Leftovers
|upkeep
|turn|34
|
|t:|1729903842
|switch|p2a: Forretress|Forretress, M|88/100
|-damage|p2a: Forretress|63/100|[from] Spikes
|cant|p1a: Zapdos|slp
|move|p1a: Zapdos|Sleep Talk|p1a: Zapdos
|move|p1a: Zapdos|Roar|p2a: Forretress|[from]Sleep Talk
|drag|p2a: Swampert|Swampert, F|88/100
|-damage|p2a: Swampert|63/100|[from] Spikes
|
|-heal|p1a: Zapdos|93/100 slp|[from] item: Leftovers
|-heal|p2a: Swampert|69/100|[from] item: Leftovers
|upkeep
|turn|35
|
|t:|1729903856
|cant|p1a: Zapdos|slp
|move|p1a: Zapdos|Sleep Talk|p1a: Zapdos
|move|p1a: Zapdos|Roar|p2a: Swampert|[from]Sleep Talk
|drag|p2a: Slaking|Slaking, M|76/100
|-damage|p2a: Slaking|51/100|[from] Spikes
|
|-heal|p1a: Zapdos|99/100 slp|[from] item: Leftovers
|upkeep
|turn|36
|
|t:|1729903866
|switch|p1a: Gengar|Gengar, M|67/100
|move|p2a: Slaking|Return|p1a: Gengar
|-immune|p1a: Gengar
|
|-heal|p1a: Gengar|73/100|[from] item: Leftovers
|upkeep
|turn|37
|
|t:|1729903879
|switch|p1a: Moltres|Moltres|76/100
|switch|p2a: Moltres|Moltres|77/100
|
|-heal|p1a: Moltres|82/100|[from] item: Leftovers
|-heal|p2a: Moltres|83/100|[from] item: Leftovers
|upkeep
|turn|38
|
|t:|1729903887
|switch|p1a: Zapdos|Zapdos|99/100 slp
|move|p2a: Moltres|Flamethrower|p1a: Zapdos
|-damage|p1a: Zapdos|65/100 slp
|
|-heal|p2a: Moltres|89/100|[from] item: Leftovers
|-heal|p1a: Zapdos|71/100 slp|[from] item: Leftovers
|upkeep
|turn|39
|
|t:|1729903896
|switch|p2a: Swampert|Swampert, F|69/100
|-damage|p2a: Swampert|45/100|[from] Spikes
|cant|p1a: Zapdos|slp
|move|p1a: Zapdos|Sleep Talk|p1a: Zapdos
|move|p1a: Zapdos|Roar|p2a: Swampert|[from]Sleep Talk
|drag|p2a: Umbreon|Umbreon, M|90/100
|-damage|p2a: Umbreon|65/100|[from] Spikes
|
|-heal|p1a: Zapdos|77/100 slp|[from] item: Leftovers
|-heal|p2a: Umbreon|71/100|[from] item: Leftovers
|upkeep
|turn|40
|
|t:|1729903907
|cant|p1a: Zapdos|slp
|move|p2a: Umbreon|Wish|p2a: Umbreon
|
|-heal|p1a: Zapdos|83/100 slp|[from] item: Leftovers
|-heal|p2a: Umbreon|78/100|[from] item: Leftovers
|upkeep
|turn|41
|
|t:|1729903932
|switch|p2a: Swampert|Swampert, F|45/100
|-damage|p2a: Swampert|20/100|[from] Spikes
|cant|p1a: Zapdos|slp
|
|-heal|p2a: Swampert|70/100|[from] move: Wish|[wisher] Umbreon
|-heal|p1a: Zapdos|90/100 slp|[from] item: Leftovers
|-heal|p2a: Swampert|76/100|[from] item: Leftovers
|upkeep
|turn|42
|
|t:|1729903941
|move|p2a: Swampert|Surf|p1a: Zapdos
|-damage|p1a: Zapdos|71/100 slp
|-curestatus|p1a: Zapdos|slp|[msg]
|move|p1a: Zapdos|Roar|p2a: Swampert
|drag|p2a: Forretress|Forretress, M|63/100
|-damage|p2a: Forretress|38/100|[from] Spikes
|
|-heal|p1a: Zapdos|77/100|[from] item: Leftovers
|-heal|p2a: Forretress|45/100|[from] item: Leftovers
|upkeep
|turn|43
|
|t:|1729903951
|switch|p2a: Swampert|Swampert, F|76/100
|-damage|p2a: Swampert|51/100|[from] Spikes
|move|p1a: Zapdos|Thunderbolt|p2a: Swampert
|-immune|p2a: Swampert
|
|-heal|p1a: Zapdos|83/100|[from] item: Leftovers
|-heal|p2a: Swampert|57/100|[from] item: Leftovers
|upkeep
|turn|44
|
|t:|1729903965
|move|p2a: Swampert|Protect|p2a: Swampert
|-singleturn|p2a: Swampert|Protect
|move|p1a: Zapdos|Roar|p2a: Swampert
|-activate|p2a: Swampert|Protect
|
|-heal|p1a: Zapdos|90/100|[from] item: Leftovers
|-heal|p2a: Swampert|64/100|[from] item: Leftovers
|upkeep
|turn|45
|
|t:|1729903974
|move|p2a: Swampert|Toxic|p1a: Zapdos
|-status|p1a: Zapdos|tox
|move|p1a: Zapdos|Roar|p2a: Swampert
|drag|p2a: Slaking|Slaking, M|51/100
|-damage|p2a: Slaking|26/100|[from] Spikes
|
|-heal|p1a: Zapdos|96/100 tox|[from] item: Leftovers
|-damage|p1a: Zapdos|90/100 tox|[from] psn
|upkeep
|turn|46
|
|t:|1729903984
|switch|p2a: Umbreon|Umbreon, M|78/100
|-damage|p2a: Umbreon|53/100|[from] Spikes
|switch|p1a: Skarmory|Skarmory, M|64/100
|
|-heal|p1a: Skarmory|70/100|[from] item: Leftovers
|-heal|p2a: Umbreon|59/100|[from] item: Leftovers
|upkeep
|turn|47
|
|t:|1729903993
|move|p2a: Umbreon|Wish|p2a: Umbreon
|move|p1a: Skarmory|Roar|p2a: Umbreon
|drag|p2a: Moltres|Moltres|89/100
|
|-heal|p2a: Moltres|95/100|[from] item: Leftovers
|-heal|p1a: Skarmory|76/100|[from] item: Leftovers
|upkeep
|turn|48
|
|t:|1729904002
|switch|p2a: Forretress|Forretress, M|45/100
|-damage|p2a: Forretress|20/100|[from] Spikes
|switch|p1a: Blissey|Blissey, F|88/100
|-damage|p1a: Blissey|76/100|[from] Spikes
|
|-heal|p2a: Forretress|70/100|[from] move: Wish|[wisher] Umbreon
|-heal|p1a: Blissey|82/100|[from] item: Leftovers
|-heal|p2a: Forretress|76/100|[from] item: Leftovers
|upkeep
|turn|49
|inactive|knexhawk2 has 270 seconds left.
|
|t:|1729904035
|switch|p1a: Gengar|Gengar, M|73/100
|move|p2a: Forretress|Rapid Spin|p1a: Gengar
|-immune|p1a: Gengar
|
|-heal|p1a: Gengar|79/100|[from] item: Leftovers
|-heal|p2a: Forretress|82/100|[from] item: Leftovers
|upkeep
|turn|50
|
|t:|1729904045
|switch|p2a: Umbreon|Umbreon, M|59/100
|-damage|p2a: Umbreon|34/100|[from] Spikes
|move|p1a: Gengar|Fire Punch|p2a: Umbreon
|-damage|p2a: Umbreon|21/100
|
|-heal|p1a: Gengar|85/100|[from] item: Leftovers
|-heal|p2a: Umbreon|27/100|[from] item: Leftovers
|upkeep
|turn|51
|
|t:|1729904055
|-activate|p1a: Gengar|move: Pursuit
|move|p2a: Umbreon|Pursuit|p1a: Gengar|[from]Pursuit
|-supereffective|p1a: Gengar
|-damage|p1a: Gengar|39/100
|switch|p1a: Skarmory|Skarmory, M|76/100
|
|-heal|p1a: Skarmory|82/100|[from] item: Leftovers
|-heal|p2a: Umbreon|34/100|[from] item: Leftovers
|upkeep
|turn|52
|
|t:|1729904065
|move|p2a: Umbreon|Protect|p2a: Umbreon
|-singleturn|p2a: Umbreon|Protect
|move|p1a: Skarmory|Toxic|p2a: Umbreon
|-activate|p2a: Umbreon|Protect
|
|-heal|p1a: Skarmory|88/100|[from] item: Leftovers
|-heal|p2a: Umbreon|40/100|[from] item: Leftovers
|upkeep
|turn|53
|
|t:|1729904073
|move|p2a: Umbreon|Wish|p2a: Umbreon
|move|p1a: Skarmory|Roar|p2a: Umbreon
|drag|p2a: Forretress|Forretress, M|82/100
|-damage|p2a: Forretress|57/100|[from] Spikes
|
|-heal|p1a: Skarmory|94/100|[from] item: Leftovers
|-heal|p2a: Forretress|63/100|[from] item: Leftovers
|upkeep
|turn|54
|
|t:|1729904080
|switch|p2a: Umbreon|Umbreon, M|40/100
|-damage|p2a: Umbreon|15/100|[from] Spikes
|move|p1a: Skarmory|Roar|p2a: Umbreon
|drag|p2a: Forretress|Forretress, M|63/100
|-damage|p2a: Forretress|39/100|[from] Spikes
|
|-heal|p2a: Forretress|89/100|[from] move: Wish|[wisher] Umbreon
|-heal|p1a: Skarmory|99/100|[from] item: Leftovers
|-heal|p2a: Forretress|95/100|[from] item: Leftovers
|upkeep
|turn|55
|
|t:|1729904091
|switch|p1a: Gengar|Gengar, M|39/100
|move|p2a: Forretress|Hidden Power|p1a: Gengar
|-damage|p1a: Gengar|26/100
|
|-heal|p1a: Gengar|32/100|[from] item: Leftovers
|-heal|p2a: Forretress|100/100|[from] item: Leftovers
|upkeep
|turn|56
|
|t:|1729904100
|switch|p2a: Moltres|Moltres|95/100
|move|p1a: Gengar|Fire Punch|p2a: Moltres
|-resisted|p2a: Moltres
|-crit|p2a: Moltres
|-damage|p2a: Moltres|70/100
|
|-heal|p1a: Gengar|38/100|[from] item: Leftovers
|-heal|p2a: Moltres|76/100|[from] item: Leftovers
|upkeep
|turn|57
|
|t:|1729904108
|switch|p1a: Blissey|Blissey, F|82/100
|-damage|p1a: Blissey|69/100|[from] Spikes
|move|p2a: Moltres|Flamethrower|p1a: Blissey
|-damage|p1a: Blissey|48/100
|-status|p1a: Blissey|brn
|
|-heal|p2a: Moltres|82/100|[from] item: Leftovers
|-heal|p1a: Blissey|54/100 brn|[from] item: Leftovers
|-damage|p1a: Blissey|41/100 brn|[from] brn
|upkeep
|turn|58
|
|t:|1729904120
|move|p2a: Moltres|Sunny Day|p2a: Moltres
|-weather|SunnyDay
|move|p1a: Blissey|Soft-Boiled|p1a: Blissey
|-heal|p1a: Blissey|91/100 brn
|
|-weather|SunnyDay|[upkeep]
|-heal|p2a: Moltres|88/100|[from] item: Leftovers
|-heal|p1a: Blissey|97/100 brn|[from] item: Leftovers
|-damage|p1a: Blissey|85/100 brn|[from] brn
|upkeep
|turn|59
|
|t:|1729904135
|switch|p2a: Forretress|Forretress, M|100/100
|-damage|p2a: Forretress|76/100|[from] Spikes
|move|p1a: Blissey|Thunder Wave|p2a: Forretress
|-status|p2a: Forretress|par
|
|-weather|SunnyDay|[upkeep]
|-heal|p1a: Blissey|91/100 brn|[from] item: Leftovers
|-damage|p1a: Blissey|79/100 brn|[from] brn
|-heal|p2a: Forretress|82/100 par|[from] item: Leftovers
|upkeep
|turn|60
|
|t:|1729904145
|-curestatus|p1a: Blissey|brn|[from] ability: Natural Cure
|switch|p1a: Gengar|Gengar, M|38/100
|move|p2a: Forretress|Hidden Power|p1a: Gengar
|-damage|p1a: Gengar|19/100
|
|-weather|SunnyDay|[upkeep]
|-heal|p1a: Gengar|25/100|[from] item: Leftovers
|-heal|p2a: Forretress|88/100 par|[from] item: Leftovers
|upkeep
|turn|61
|
|t:|1729904163
|switch|p1a: Blissey|Blissey, F|79/100
|-damage|p1a: Blissey|66/100|[from] Spikes
|switch|p2a: Moltres|Moltres|88/100
|
|-weather|SunnyDay|[upkeep]
|-heal|p2a: Moltres|94/100|[from] item: Leftovers
|-heal|p1a: Blissey|72/100|[from] item: Leftovers
|upkeep
|turn|62
|
|t:|1729904173
|switch|p2a: Forretress|Forretress, M|88/100 par
|-damage|p2a: Forretress|63/100 par|[from] Spikes
|move|p1a: Blissey|Aromatherapy|p1a: Blissey
|-cureteam|p1a: Blissey|[from] move: Aromatherapy
|
|-weather|none
|-heal|p1a: Blissey|78/100|[from] item: Leftovers
|-heal|p2a: Forretress|69/100 par|[from] item: Leftovers
|upkeep
|turn|63
|
|t:|1729904184
|switch|p1a: Moltres|Moltres|82/100
|cant|p2a: Forretress|par
|
|-heal|p1a: Moltres|88/100|[from] item: Leftovers
|-heal|p2a: Forretress|76/100 par|[from] item: Leftovers
|upkeep
|turn|64
|
|t:|1729904192
|move|p2a: Forretress|Spikes|p1a: Moltres
|-sidestart|p1: Big_Squatto|Spikes
|move|p1a: Moltres|Roar|p2a: Forretress
|drag|p2a: Swampert|Swampert, F|64/100
|-damage|p2a: Swampert|39/100|[from] Spikes
|
|-heal|p1a: Moltres|94/100|[from] item: Leftovers
|-heal|p2a: Swampert|45/100|[from] item: Leftovers
|upkeep
|turn|65
|
|t:|1729904201
|move|p2a: Swampert|Protect|p2a: Swampert
|-singleturn|p2a: Swampert|Protect
|move|p1a: Moltres|Hidden Power|p2a: Swampert
|-activate|p2a: Swampert|Protect
|
|-heal|p1a: Moltres|100/100|[from] item: Leftovers
|-heal|p2a: Swampert|51/100|[from] item: Leftovers
|upkeep
|turn|66
|
|t:|1729904210
|switch|p1a: Zapdos|Zapdos|90/100
|switch|p2a: Moltres|Moltres|94/100
|
|-heal|p2a: Moltres|100/100|[from] item: Leftovers
|-heal|p1a: Zapdos|96/100|[from] item: Leftovers
|upkeep
|turn|67
|
|t:|1729904219
|move|p2a: Moltres|Toxic|p1a: Zapdos|[miss]
|-miss|p2a: Moltres|p1a: Zapdos
|move|p1a: Zapdos|Thunderbolt|p2a: Moltres
|-supereffective|p2a: Moltres
|-damage|p2a: Moltres|4/100
|
|-heal|p2a: Moltres|10/100|[from] item: Leftovers
|-heal|p1a: Zapdos|100/100|[from] item: Leftovers
|upkeep
|turn|68
|
|t:|1729904227
|switch|p2a: Blissey|Blissey, F|100/100
|-damage|p2a: Blissey|76/100|[from] Spikes
|move|p1a: Zapdos|Roar|p2a: Blissey
|drag|p2a: Moltres|Moltres|10/100
|
|-heal|p2a: Moltres|16/100|[from] item: Leftovers
|upkeep
|turn|69
|
|t:|1729904235
|switch|p2a: Swampert|Swampert, F|51/100
|-damage|p2a: Swampert|26/100|[from] Spikes
|move|p1a: Zapdos|Thunderbolt|p2a: Swampert
|-immune|p2a: Swampert
|
|-heal|p2a: Swampert|33/100|[from] item: Leftovers
|upkeep
|turn|70
|
|t:|1729904242
|switch|p1a: Moltres|Moltres|100/100
|move|p2a: Swampert|Surf|p1a: Moltres
|-supereffective|p1a: Moltres
|-damage|p1a: Moltres|0 fnt
|faint|p1a: Moltres
|
|t:|1729904248
|switch|p1a: Gengar|Gengar, M|25/100
|
|-heal|p1a: Gengar|31/100|[from] item: Leftovers
|-heal|p2a: Swampert|39/100|[from] item: Leftovers
|upkeep
|turn|71
|
|t:|1729904254
|move|p2a: Swampert|Protect|p2a: Swampert
|-singleturn|p2a: Swampert|Protect
|move|p1a: Gengar|Giga Drain|p2a: Swampert
|-activate|p2a: Swampert|Protect
|
|-heal|p1a: Gengar|37/100|[from] item: Leftovers
|-heal|p2a: Swampert|45/100|[from] item: Leftovers
|upkeep
|turn|72
|
|t:|1729904264
|switch|p2a: Umbreon|Umbreon, M|15/100
|-damage|p2a: Umbreon|0 fnt|[from] Spikes
|faint|p2a: Umbreon
|
|t:|1729904266
|switch|p2a: Moltres|Moltres|16/100
|
|-heal|p1a: Gengar|43/100|[from] item: Leftovers
|-heal|p2a: Moltres|22/100|[from] item: Leftovers
|upkeep
|turn|73
|
|t:|1729904274
|switch|p1a: Zapdos|Zapdos|100/100
|move|p2a: Moltres|Flamethrower|p1a: Zapdos
|-damage|p1a: Zapdos|68/100
|
|-heal|p2a: Moltres|28/100|[from] item: Leftovers
|-heal|p1a: Zapdos|74/100|[from] item: Leftovers
|upkeep
|turn|74
|
|t:|1729904282
|switch|p2a: Blissey|Blissey, F|76/100
|-damage|p2a: Blissey|51/100|[from] Spikes
|move|p1a: Zapdos|Roar|p2a: Blissey
|drag|p2a: Swampert|Swampert, F|45/100
|-damage|p2a: Swampert|20/100|[from] Spikes
|
|-heal|p1a: Zapdos|80/100|[from] item: Leftovers
|-heal|p2a: Swampert|26/100|[from] item: Leftovers
|upkeep
|turn|75
|
|t:|1729904292
|move|p2a: Swampert|Surf|p1a: Zapdos
|-damage|p1a: Zapdos|52/100
|move|p1a: Zapdos|Roar|p2a: Swampert
|drag|p2a: Forretress|Forretress, M|76/100 par
|-damage|p2a: Forretress|51/100 par|[from] Spikes
|
|-heal|p1a: Zapdos|58/100|[from] item: Leftovers
|-heal|p2a: Forretress|57/100 par|[from] item: Leftovers
|upkeep
|turn|76
|
|t:|1729904300
|move|p1a: Zapdos|Thunderbolt|p2a: Forretress
|-damage|p2a: Forretress|0 fnt
|faint|p2a: Forretress
|
|t:|1729904327
|switch|p2a: Blissey|Blissey, F|51/100
|-damage|p2a: Blissey|26/100|[from] Spikes
|
|-heal|p1a: Zapdos|64/100|[from] item: Leftovers
|-heal|p2a: Blissey|32/100|[from] item: Leftovers
|upkeep
|turn|77
|
|t:|1729904339
|move|p2a: Blissey|Soft-Boiled|p2a: Blissey
|-heal|p2a: Blissey|82/100
|move|p1a: Zapdos|Roar|p2a: Blissey
|drag|p2a: Moltres|Moltres|28/100
|
|-heal|p2a: Moltres|34/100|[from] item: Leftovers
|-heal|p1a: Zapdos|70/100|[from] item: Leftovers
|upkeep
|turn|78
|
|t:|1729904348
|switch|p2a: Swampert|Swampert, F|26/100
|-damage|p2a: Swampert|1/100|[from] Spikes
|move|p1a: Zapdos|Thunderbolt|p2a: Swampert
|-immune|p2a: Swampert
|
|-heal|p1a: Zapdos|77/100|[from] item: Leftovers
|-heal|p2a: Swampert|8/100|[from] item: Leftovers
|upkeep
|turn|79
|
|t:|1729904356
|move|p2a: Swampert|Surf|p1a: Zapdos
|-crit|p1a: Zapdos
|-damage|p1a: Zapdos|18/100
|move|p1a: Zapdos|Roar|p2a: Swampert
|drag|p2a: Moltres|Moltres|34/100
|
|-heal|p2a: Moltres|40/100|[from] item: Leftovers
|-heal|p1a: Zapdos|25/100|[from] item: Leftovers
|upkeep
|turn|80
|
|t:|1729904369
|switch|p1a: Blissey|Blissey, F|78/100
|-damage|p1a: Blissey|62/100|[from] Spikes
|move|p2a: Moltres|Toxic|p1a: Blissey
|-status|p1a: Blissey|tox
|
|-heal|p2a: Moltres|46/100|[from] item: Leftovers
|-heal|p1a: Blissey|68/100 tox|[from] item: Leftovers
|-damage|p1a: Blissey|62/100 tox|[from] psn
|upkeep
|turn|81
|
|t:|1729904383
|move|p2a: Moltres|Morning Sun|p2a: Moltres
|-heal|p2a: Moltres|96/100
|move|p1a: Blissey|Thunder Wave|p2a: Moltres
|-status|p2a: Moltres|par
|
|-heal|p1a: Blissey|68/100 tox|[from] item: Leftovers
|-damage|p1a: Blissey|56/100 tox|[from] psn
|-heal|p2a: Moltres|100/100 par|[from] item: Leftovers
|upkeep
|turn|82
|
|t:|1729904396
|switch|p2a: Blissey|Blissey, F|82/100
|-damage|p2a: Blissey|57/100|[from] Spikes
|move|p1a: Blissey|Soft-Boiled|p1a: Blissey
|-heal|p1a: Blissey|100/100 tox
|
|-damage|p1a: Blissey|82/100 tox|[from] psn
|-heal|p2a: Blissey|63/100|[from] item: Leftovers
|upkeep
|turn|83
|
|t:|1729904405
|-curestatus|p1a: Blissey|tox|[from] ability: Natural Cure
|switch|p1a: Zapdos|Zapdos|25/100
|move|p2a: Blissey|Seismic Toss|p1a: Zapdos
|-damage|p1a: Zapdos|0 fnt
|faint|p1a: Zapdos
|
|t:|1729904419
|switch|p1a: Skarmory|Skarmory, M|99/100
|
|-heal|p1a: Skarmory|100/100|[from] item: Leftovers
|-heal|p2a: Blissey|69/100|[from] item: Leftovers
|upkeep
|turn|84
|
|t:|1729904425
|move|p2a: Blissey|Aromatherapy|p2a: Blissey
|-cureteam|p2a: Blissey|[from] move: Aromatherapy
|move|p1a: Skarmory|Roar|p2a: Blissey
|drag|p2a: Slaking|Slaking, M|26/100
|-damage|p2a: Slaking|1/100|[from] Spikes
|
|upkeep
|turn|85
|
|t:|1729904434
|switch|p2a: Moltres|Moltres|100/100
|move|p1a: Skarmory|Protect||[still]
|-fail|p1a: Skarmory
|
|upkeep
|turn|86
|
|t:|1729904443
|switch|p1a: Flygon|Flygon, F|100/100
|move|p2a: Moltres|Sunny Day|p2a: Moltres
|-weather|SunnyDay
|
|-weather|SunnyDay|[upkeep]
|upkeep
|turn|87
|
|t:|1729904452
|move|p2a: Moltres|Toxic|p1a: Flygon
|-status|p1a: Flygon|tox
|move|p1a: Flygon|Rock Slide|p2a: Moltres
|-supereffective|p2a: Moltres
|-damage|p2a: Moltres|28/100
|
|-weather|SunnyDay|[upkeep]
|-heal|p2a: Moltres|34/100|[from] item: Leftovers
|-damage|p1a: Flygon|94/100 tox|[from] psn
|upkeep
|turn|88
|
|t:|1729904462
|move|p2a: Moltres|Morning Sun|p2a: Moltres
|-heal|p2a: Moltres|99/100
|move|p1a: Flygon|Toxic|p2a: Moltres
|-status|p2a: Moltres|tox
|
|-weather|SunnyDay|[upkeep]
|-heal|p2a: Moltres|100/100 tox|[from] item: Leftovers
|-damage|p2a: Moltres|94/100 tox|[from] psn
|-heal|p1a: Flygon|100/100 tox|[from] item: Leftovers
|-damage|p1a: Flygon|88/100 tox|[from] psn
|upkeep
|turn|89
|
|t:|1729904472
|switch|p1a: Blissey|Blissey, F|82/100
|-damage|p1a: Blissey|65/100|[from] Spikes
|move|p2a: Moltres|Flamethrower|p1a: Blissey
|-damage|p1a: Blissey|36/100
|
|-weather|SunnyDay|[upkeep]
|-heal|p2a: Moltres|100/100 tox|[from] item: Leftovers
|-damage|p2a: Moltres|88/100 tox|[from] psn
|-heal|p1a: Blissey|42/100|[from] item: Leftovers
|upkeep
|turn|90
|
|t:|1729904484
|move|p2a: Moltres|Flamethrower|p1a: Blissey
|-damage|p1a: Blissey|14/100
|move|p1a: Blissey|Aromatherapy|p1a: Blissey
|-cureteam|p1a: Blissey|[from] move: Aromatherapy
|
|-weather|none
|-heal|p2a: Moltres|94/100 tox|[from] item: Leftovers
|-damage|p2a: Moltres|76/100 tox|[from] psn
|-heal|p1a: Blissey|20/100|[from] item: Leftovers
|upkeep
|turn|91
|inactive|knexhawk2 has 270 seconds left.
|
|t:|1729904522
|move|p2a: Moltres|Flamethrower|p1a: Blissey
|-damage|p1a: Blissey|0 fnt
|faint|p1a: Blissey
|
|t:|1729904528
|switch|p1a: Flygon|Flygon, F|88/100
|
|-heal|p2a: Moltres|82/100 tox|[from] item: Leftovers
|-damage|p2a: Moltres|58/100 tox|[from] psn
|-heal|p1a: Flygon|94/100|[from] item: Leftovers
|upkeep
|turn|92
|
|t:|1729904538
|switch|p2a: Swampert|Swampert, F|8/100
|-damage|p2a: Swampert|0 fnt|[from] Spikes
|faint|p2a: Swampert
|
|t:|1729904542
|switch|p2a: Blissey|Blissey, F|69/100
|-damage|p2a: Blissey|44/100|[from] Spikes
|
|-heal|p1a: Flygon|100/100|[from] item: Leftovers
|-heal|p2a: Blissey|50/100|[from] item: Leftovers
|upkeep
|turn|93
|
|t:|1729904550
|move|p1a: Flygon|Toxic|p2a: Blissey
|-status|p2a: Blissey|tox
|move|p2a: Blissey|Soft-Boiled|p2a: Blissey
|-heal|p2a: Blissey|100/100 tox
|
|-damage|p2a: Blissey|94/100 tox|[from] psn
|upkeep
|turn|94
|
|t:|1729904557
|switch|p1a: Gengar|Gengar, M|43/100
|move|p2a: Blissey|Aromatherapy|p2a: Blissey
|-cureteam|p2a: Blissey|[from] move: Aromatherapy
|
|-heal|p1a: Gengar|49/100|[from] item: Leftovers
|-heal|p2a: Blissey|100/100|[from] item: Leftovers
|upkeep
|turn|95
|
|t:|1729904564
|switch|p2a: Moltres|Moltres|58/100
|move|p1a: Gengar|Taunt|p2a: Moltres
|-start|p2a: Moltres|move: Taunt
|
|-heal|p1a: Gengar|55/100|[from] item: Leftovers
|-heal|p2a: Moltres|64/100|[from] item: Leftovers
|upkeep
|turn|96
|
|t:|1729904571
|switch|p1a: Flygon|Flygon, F|100/100
|switch|p2a: Blissey|Blissey, F|100/100
|-damage|p2a: Blissey|76/100|[from] Spikes
|
|-heal|p2a: Blissey|82/100|[from] item: Leftovers
|upkeep
|turn|97
|
|t:|1729904580
|switch|p1a: Skarmory|Skarmory, M|100/100
|move|p2a: Blissey|Sing|p1a: Skarmory|[miss]
|-miss|p2a: Blissey|p1a: Skarmory
|
|-heal|p2a: Blissey|88/100|[from] item: Leftovers
|upkeep
|turn|98
|
|t:|1729904587
|move|p1a: Skarmory|Toxic|p2a: Blissey
|-status|p2a: Blissey|tox
|move|p2a: Blissey|Seismic Toss|p1a: Skarmory
|-damage|p1a: Skarmory|71/100
|
|-heal|p1a: Skarmory|77/100|[from] item: Leftovers
|-heal|p2a: Blissey|94/100 tox|[from] item: Leftovers
|-damage|p2a: Blissey|88/100 tox|[from] psn
|upkeep
|turn|99
|
|t:|1729904597
|switch|p1a: Flygon|Flygon, F|100/100
|move|p2a: Blissey|Aromatherapy|p2a: Blissey
|-cureteam|p2a: Blissey|[from] move: Aromatherapy
|
|-heal|p2a: Blissey|94/100|[from] item: Leftovers
|upkeep
|turn|100
|
|t:|1729904606
|move|p1a: Flygon|Toxic|p2a: Blissey
|-status|p2a: Blissey|tox
|move|p2a: Blissey|Sing|p1a: Flygon
|-status|p1a: Flygon|slp|[from] move: Sing
|
|-heal|p2a: Blissey|99/100 tox|[from] item: Leftovers
|-damage|p2a: Blissey|94/100 tox|[from] psn
|upkeep
|turn|101
|inactive|knexhawk2 has 270 seconds left.
|
|t:|1729904650
|-curestatus|p2a: Blissey|tox|[from] ability: Natural Cure
|switch|p2a: Slaking|Slaking, M|1/100
|-damage|p2a: Slaking|0 fnt|[from] Spikes
|faint|p2a: Slaking
|
|t:|1729904652
|switch|p2a: Moltres|Moltres|64/100
|
|-heal|p2a: Moltres|70/100|[from] item: Leftovers
|upkeep
|turn|102
|
|t:|1729904660
|move|p2a: Moltres|Sunny Day|p2a: Moltres
|-weather|SunnyDay
|cant|p1a: Flygon|slp
|
|-weather|SunnyDay|[upkeep]
|-heal|p2a: Moltres|76/100|[from] item: Leftovers
|upkeep
|turn|103
|
|t:|1729904665
|move|p2a: Moltres|Flamethrower|p1a: Flygon
|-resisted|p1a: Flygon
|-damage|p1a: Flygon|59/100 slp
|cant|p1a: Flygon|slp
|
|-weather|SunnyDay|[upkeep]
|-heal|p2a: Moltres|82/100|[from] item: Leftovers
|-heal|p1a: Flygon|65/100 slp|[from] item: Leftovers
|upkeep
|turn|104
|
|t:|1729904674
|cant|p1a: Flygon|slp
|move|p2a: Moltres|Flamethrower|p1a: Flygon
|-resisted|p1a: Flygon
|-crit|p1a: Flygon
|-damage|p1a: Flygon|0 fnt
|faint|p1a: Flygon
|c|☆Big_Squatto|gg
|-message|Big_Squatto forfeited.
|
|win|knexhawk2

</script>
<script type="application/json" class="data" id="replaydata-smogtours-gen3ou-802015">
{"id":"smogtours-gen3ou-802015","format":"[Gen 3] OU","players":["Big_Squatto","knexhawk2"],"uploadtime":1729904685,"views":125,"formatid":"gen3ou","rating":null,"private":0,"password":null}
</script>

<script defer src="js/replays.js?9d40a366"></script>
