<!DOCTYPE html>
<meta charset="utf-8" />
<meta name="viewport" content="width=device-width" />

<title>[Gen 3] OU: thunderousbagel vs. cyberodin - Replays - Pok&eacute;mon Showdown!</title>

<meta name="description" content="Watch a replay of a Pok&eacute;mon battle between thunderousbagel and cyberodin! Format: [Gen 3] OU; Date: Oct 26, 2024" />
<!--

Hey, you! Looking in the source for the replay log?

You can find them in JSON format, just add `.json` at the end of a replay URL.

https://replay.pokemonshowdown.com/gen7randomdoublesbattle-865046831.json

Or, if you only need the log itself, add `.log` instead:

https://replay.pokemonshowdown.com/gen7randomdoublesbattle-865046831.log

-->

<link rel="stylesheet" href="//pokemonshowdown.com/style/global.css?0.767286132409787" />
<link rel="stylesheet" href="//play.pokemonshowdown.com/style/font-awesome.css?0.9266228007934947" />
<link rel="stylesheet" href="//play.pokemonshowdown.com/style/battle.css?0.7924700842790926" />
<link rel="stylesheet" href="//play.pokemonshowdown.com/style/utilichart.css?0.8777417872839479" />

<!-- Global site tag (gtag.js) - Google Analytics -->
<script async src="https://www.googletagmanager.com/gtag/js?id=UA-26211653-1"></script>
<script>
  window.dataLayer = window.dataLayer || [];
  function gtag(){dataLayer.push(arguments);}
  gtag('js', new Date());

  gtag('config', 'UA-26211653-1');
</script>
<!-- End Google Analytics -->
<!-- Venatus Ad Manager - Install in <HEAD> of page -->
	<script src="https://hb.vntsm.com/v3/live/ad-manager.min.js" type="text/javascript" data-site-id="642aba63ec9a7b11c3c9c1be" data-mode="scan" async></script>
<!-- / Venatus Ad Manager -->

<style>
	@media (max-width:820px) {
		.battle {
			margin: 0 auto;
		}
		.battle-log {
			margin: 7px auto 0;
			max-width: 640px;
			height: 300px;
			position: static;
		}
	}
	.optgroup {
		display: inline-block;
		line-height: 22px;
		font-size: 10pt;
	}
	.optgroup .button {
		height: 25px;
		padding-top: 0;
		padding-bottom: 0;
	}
	.optgroup button.button {
		padding-left: 12px;
		padding-right: 12px;
	}
	.linklist {
		list-style: none;
		margin: 0.5em 0;
		padding: 0;
	}
	.linklist li {
		padding: 2px 0;
	}
	.sidebar {
		float: left;
		width: 320px;
	}
	.bar-wrapper {
		max-width: 1100px;
		margin: 0 auto;
	}
	.bar-wrapper.has-sidebar {
		max-width: 1430px;
	}
	.mainbar {
		margin: 0;
		padding-right: 1px;
	}
	.mainbar.has-sidebar {
		margin-left: 330px;
	}
	@media (min-width: 1511px) {
		.sidebar {
			width: 400px;
		}
		.bar-wrapper.has-sidebar {
			max-width: 1510px;
		}
		.mainbar.has-sidebar {
			margin-left: 410px;
		}
	}
	.section.first-section {
		margin-top: 9px;
	}
	.blocklink small {
		white-space: normal;
	}
	.button {
		vertical-align: middle;
	}
	.replay-controls {
		padding-top: 10px;
	}
	.replay-controls h1 {
		font-size: 16pt;
		font-weight: normal;
		color: #CCC;
	}
	.pagelink {
		text-align: center;
	}
	.pagelink a {
		width: 150px;
	}
	.textbox, .button {
		font-size: 11pt;
		vertical-align: middle;
	}
	@media (max-width: 450px) {
		.button {
			font-size: 9pt;
		}
	}
</style>

<div>

	<header>
		<div class="nav-wrapper"><ul class="nav">
			<li><a class="button nav-first" href="//pokemonshowdown.com/"><img src="//pokemonshowdown.com/images/pokemonshowdownbeta.png" srcset="//pokemonshowdown.com/images/pokemonshowdownbeta.png 1x, //pokemonshowdown.com/images/pokemonshowdownbeta@2x.png 2x" alt="Pok&eacute;mon Showdown" width="146" height="44" /> Home</a></li>
			<li><a class="button" href="//pokemonshowdown.com/dex/">Pok&eacute;dex</a></li>
			<li><a class="button cur" href="/">Replays</a></li>
			<li><a class="button" href="//pokemonshowdown.com/ladder/">Ladder</a></li>
			<li><a class="button nav-last" href="//pokemonshowdown.com/forums/">Forum</a></li>
			<li><a class="button greenbutton nav-first nav-last" href="//play.pokemonshowdown.com/">Play</a></li>
		</ul></div>
	</header>

	<div class="main" id="main">

		<noscript><section class="section">You need to enable JavaScript to use this page; sorry!</section></noscript>

	</div>

</div>

<script defer nomodule src="//play.pokemonshowdown.com/js/lib/ps-polyfill.js"></script>
<script defer src="//play.pokemonshowdown.com/js/lib/preact.min.js"></script>

<script defer src="//play.pokemonshowdown.com/config/config.js?6dec07f6"></script>
<script defer src="//play.pokemonshowdown.com/js/lib/jquery-1.11.0.min.js"></script>
<script defer src="//play.pokemonshowdown.com/js/lib/html-sanitizer-minified.js"></script>
<script defer src="//play.pokemonshowdown.com/js/battle-sound.js"></script>
<script defer src="//play.pokemonshowdown.com/js/battledata.js?0.6315294753075389"></script>
<script defer src="//play.pokemonshowdown.com/data/pokedex-mini.js?0.7603743185311358"></script>
<script defer src="//play.pokemonshowdown.com/data/pokedex-mini-bw.js?0.030888842834281283"></script>
<script defer src="//play.pokemonshowdown.com/data/graphics.js?0.05593094747507488"></script>
<script defer src="//play.pokemonshowdown.com/data/pokedex.js?0.47064822249611904"></script>
<script defer src="//play.pokemonshowdown.com/data/moves.js?0.8583693120512459"></script>
<script defer src="//play.pokemonshowdown.com/data/abilities.js?0.16017181182386842"></script>
<script defer src="//play.pokemonshowdown.com/data/items.js?0.4163379185673943"></script>
<script defer src="//play.pokemonshowdown.com/data/teambuilder-tables.js?0.31075597372830477"></script>
<script defer src="//play.pokemonshowdown.com/js/battle-tooltips.js?0.6536193500708172"></script>
<script defer src="//play.pokemonshowdown.com/js/battle.js?0.1916591943277901"></script>

<script defer src="js/utils.js?e31f9a17"></script>
<script defer src="js/replays-battle.js?7008c182"></script>

<!-- don't scrape this data! just add .json or .log after the URL!
Full API docs: https://github.com/smogon/pokemon-showdown-client/blob/master/WEB-API.md -->
<script type="text/plain" class="log" id="replaylog-gen3ou-2231073181">
|j|☆thunderousbagel
|j|☆cyberodin
|t:|1729906956
|gametype|singles
|player|p1|thunderousbagel|cameraman|
|player|p2|cyberodin|#wcop2020latinamerica|
|teamsize|p1|6
|teamsize|p2|6
|gen|3
|tier|[Gen 3] OU
|rule|Sleep Clause Mod: Limit one foe put to sleep
|rule|Switch Priority Clause Mod: Faster Pokémon switch first
|rule|Species Clause: Limit one of each Pokémon
|rule|OHKO Clause: OHKO moves are banned
|rule|Evasion Items Clause: Evasion items are banned
|rule|Evasion Moves Clause: Evasion moves are banned
|rule|Endless Battle Clause: Forcing endless battles is banned
|rule|HP Percentage Mod: HP is shown in percentages
|rule|One Boost Passer Clause: Limit one Baton Passer that has a way to boost its stats
|rule|Freeze Clause Mod: Limit one foe frozen
|
|t:|1729906956
|start
|switch|p1a: Metagross|Metagross|100/100
|switch|p2a: Jirachi|Jirachi|100/100
|turn|1
|c|☆cyberodin|Gl hf
|c|☆thunderousbagel|u2
|inactive|Battle timer is ON: inactive players will automatically lose when time's up. (requested by cyberodin)
|j| EG Sato
|inactive|thunderousbagel has 270 seconds left.
|inactive|thunderousbagel has 240 seconds left.
|j| Ooziegib
|inactive|thunderousbagel has 210 seconds left.
|j| Emerald_Harrold
|j| Queueueuebone
|
|t:|1729907089
|move|p2a: Jirachi|Protect|p2a: Jirachi
|-singleturn|p2a: Jirachi|Protect
|move|p1a: Metagross|Explosion|p2a: Jirachi
|-activate|p2a: Jirachi|Protect
|faint|p1a: Metagross
|inactive|thunderousbagel has 240 seconds left.
|j| 3 blades
|
|t:|1729907122
|switch|p1a: Breloom|Breloom, F|100/100
|
|upkeep
|turn|2
|
|t:|1729907134
|switch|p2a: Claydol|Claydol|100/100
|move|p1a: Breloom|Spore|p2a: Claydol
|-status|p2a: Claydol|slp|[from] move: Spore
|
|upkeep
|turn|3
|l| Queueueuebone
|
|t:|1729907159
|-singleturn|p1a: Breloom|move: Focus Punch
|cant|p2a: Claydol|slp
|move|p1a: Breloom|Focus Punch|p2a: Claydol
|-resisted|p2a: Claydol
|-damage|p2a: Claydol|67/100 slp
|
|-heal|p2a: Claydol|73/100 slp|[from] item: Leftovers
|upkeep
|turn|4
|inactive|thunderousbagel has 210 seconds left.
|
|t:|1729907186
|move|p1a: Breloom|Hidden Power|p2a: Claydol
|-supereffective|p2a: Claydol
|-damage|p2a: Claydol|32/100 slp
|cant|p2a: Claydol|slp
|
|-heal|p2a: Claydol|38/100 slp|[from] item: Leftovers
|upkeep
|turn|5
|inactive|thunderousbagel has 210 seconds left.
|
|t:|1729907192
|move|p1a: Breloom|Hidden Power|p2a: Claydol
|-supereffective|p2a: Claydol
|-damage|p2a: Claydol|0 fnt
|faint|p2a: Claydol
|inactive|cyberodin has 270 seconds left.
|inactive|cyberodin has 240 seconds left.
|
|t:|1729907268
|switch|p2a: Gengar|Gengar, M|100/100
|
|upkeep
|turn|6
|inactive|thunderousbagel has 210 seconds left.
|j| Queueueuebone
|
|t:|1729907299
|switch|p1a: Charizard|Charizard, M|100/100
|move|p2a: Gengar|Ice Punch|p1a: Charizard
|-damage|p1a: Charizard|70/100
|
|-heal|p1a: Charizard|76/100|[from] item: Leftovers
|upkeep
|turn|7
|inactive|cyberodin has 240 seconds left.
|inactive|thunderousbagel has 180 seconds left.
|inactive|cyberodin has 210 seconds left.
|
|t:|1729907340
|switch|p2a: Milotic|Milotic, F, shiny|100/100
|switch|p1a: Snorlax|Snorlax, M|100/100
|
|upkeep
|turn|8
|inactive|thunderousbagel has 180 seconds left.
|inactive|cyberodin has 210 seconds left.
|
|t:|1729907354
|switch|p2a: Jirachi|Jirachi|100/100
|move|p1a: Snorlax|Body Slam|p2a: Jirachi
|-resisted|p2a: Jirachi
|-damage|p2a: Jirachi|83/100
|
|-heal|p2a: Jirachi|89/100|[from] item: Leftovers
|upkeep
|turn|9
|inactive|thunderousbagel has 180 seconds left.
|inactive|thunderousbagel has 150 seconds left.
|
|t:|1729907417
|switch|p2a: Skarmory|Skarmory, M|100/100
|move|p1a: Snorlax|Body Slam|p2a: Skarmory
|-resisted|p2a: Skarmory
|-damage|p2a: Skarmory|85/100
|
|-heal|p2a: Skarmory|91/100|[from] item: Leftovers
|upkeep
|turn|10
|l| Queueueuebone
|
|t:|1729907426
|switch|p2a: Jirachi|Jirachi|89/100
|switch|p1a: Charizard|Charizard, M|76/100
|
|-heal|p1a: Charizard|82/100|[from] item: Leftovers
|-heal|p2a: Jirachi|95/100|[from] item: Leftovers
|upkeep
|turn|11
|j| Queueueuebone
|
|t:|1729907434
|switch|p2a: Milotic|Milotic, F, shiny|100/100
|move|p1a: Charizard|Overheat|p2a: Milotic
|-resisted|p2a: Milotic
|-damage|p2a: Milotic|77/100
|-unboost|p1a: Charizard|spa|2
|
|-heal|p1a: Charizard|88/100|[from] item: Leftovers
|-heal|p2a: Milotic|83/100|[from] item: Leftovers
|upkeep
|turn|12
|
|t:|1729907448
|switch|p1a: Snorlax|Snorlax, M|100/100
|switch|p2a: Tyranitar|Tyranitar, F|100/100
|-weather|Sandstorm|[from] ability: Sand Stream|[of] p2a: Tyranitar
|
|-weather|Sandstorm|[upkeep]
|-damage|p1a: Snorlax|94/100|[from] Sandstorm
|-heal|p1a: Snorlax|100/100|[from] item: Leftovers
|upkeep
|turn|13
|
|t:|1729907464
|move|p2a: Tyranitar|Hidden Power|p1a: Snorlax
|-damage|p1a: Snorlax|82/100
|move|p1a: Snorlax|Brick Break|p2a: Tyranitar
|-supereffective|p2a: Tyranitar
|-damage|p2a: Tyranitar|13/100
|
|-weather|Sandstorm|[upkeep]
|-damage|p1a: Snorlax|76/100|[from] Sandstorm
|-heal|p1a: Snorlax|82/100|[from] item: Leftovers
|upkeep
|turn|14
|inactive|cyberodin has 210 seconds left.
|inactive|thunderousbagel has 120 seconds left.
|inactive|cyberodin has 180 seconds left.
|inactive|thunderousbagel has 90 seconds left.
|j| Sheik
|
|t:|1729907550
|switch|p2a: Jirachi|Jirachi|95/100
|move|p1a: Snorlax|Body Slam|p2a: Jirachi
|-resisted|p2a: Jirachi
|-damage|p2a: Jirachi|77/100
|-status|p2a: Jirachi|par
|
|-weather|Sandstorm|[upkeep]
|-damage|p1a: Snorlax|76/100|[from] Sandstorm
|-heal|p1a: Snorlax|82/100|[from] item: Leftovers
|-heal|p2a: Jirachi|84/100 par|[from] item: Leftovers
|upkeep
|turn|15
|inactive|cyberodin has 180 seconds left.
|j| I'm the Dome Ace
|
|t:|1729907569
|switch|p1a: Jirachi|Jirachi|100/100
|cant|p2a: Jirachi|par
|
|-weather|Sandstorm|[upkeep]
|-heal|p2a: Jirachi|90/100 par|[from] item: Leftovers
|upkeep
|turn|16
|inactive|cyberodin has 180 seconds left.
|
|t:|1729907579
|switch|p2a: Skarmory|Skarmory, M|91/100
|move|p1a: Jirachi|Wish|p1a: Jirachi
|
|-weather|Sandstorm|[upkeep]
|-heal|p2a: Skarmory|97/100|[from] item: Leftovers
|upkeep
|turn|17
|
|t:|1729907584
|move|p2a: Skarmory|Protect|p2a: Skarmory
|-singleturn|p2a: Skarmory|Protect
|move|p1a: Jirachi|Thunderbolt|p2a: Skarmory
|-activate|p2a: Skarmory|Protect
|
|-weather|Sandstorm|[upkeep]
|-heal|p2a: Skarmory|100/100|[from] item: Leftovers
|upkeep
|turn|18
|
|t:|1729907593
|move|p1a: Jirachi|Thunderbolt|p2a: Skarmory
|-supereffective|p2a: Skarmory
|-damage|p2a: Skarmory|51/100
|-status|p2a: Skarmory|par
|cant|p2a: Skarmory|par
|
|-weather|Sandstorm|[upkeep]
|-heal|p2a: Skarmory|57/100 par|[from] item: Leftovers
|upkeep
|turn|19
|
|t:|1729907603
|switch|p2a: Jirachi|Jirachi|90/100 par
|move|p1a: Jirachi|Thunderbolt|p2a: Jirachi
|-damage|p2a: Jirachi|73/100 par
|
|-weather|Sandstorm|[upkeep]
|-heal|p2a: Jirachi|79/100 par|[from] item: Leftovers
|upkeep
|turn|20
|inactive|thunderousbagel has 90 seconds left.
|
|t:|1729907623
|switch|p1a: Charizard|Charizard, M|88/100
|move|p2a: Jirachi|Fire Punch|p1a: Charizard
|-resisted|p1a: Charizard
|-damage|p1a: Charizard|77/100
|
|-weather|Sandstorm|[upkeep]
|-damage|p1a: Charizard|71/100|[from] Sandstorm
|-heal|p1a: Charizard|77/100|[from] item: Leftovers
|-heal|p2a: Jirachi|86/100 par|[from] item: Leftovers
|upkeep
|turn|21
|inactive|cyberodin has 210 seconds left.
|l| Queueueuebone
|inactive|cyberodin has 180 seconds left.
|
|t:|1729907667
|switch|p2a: Milotic|Milotic, F, shiny|83/100
|move|p1a: Charizard|Sunny Day|p1a: Charizard
|-weather|SunnyDay
|
|-weather|SunnyDay|[upkeep]
|-heal|p1a: Charizard|83/100|[from] item: Leftovers
|-heal|p2a: Milotic|89/100|[from] item: Leftovers
|upkeep
|turn|22
|inactive|thunderousbagel has 90 seconds left.
|
|t:|1729907683
|switch|p1a: Snorlax|Snorlax, M|82/100
|switch|p2a: Jirachi|Jirachi|86/100 par
|
|-weather|SunnyDay|[upkeep]
|-heal|p1a: Snorlax|88/100|[from] item: Leftovers
|-heal|p2a: Jirachi|92/100 par|[from] item: Leftovers
|upkeep
|turn|23
|inactive|thunderousbagel has 90 seconds left.
|
|t:|1729907695
|move|p1a: Snorlax|Self-Destruct|p2a: Jirachi
|-resisted|p2a: Jirachi
|-damage|p2a: Jirachi|8/100 par
|faint|p1a: Snorlax
|j| Queueueuebone
|inactive|thunderousbagel has 90 seconds left.
|
|t:|1729907705
|switch|p1a: Charizard|Charizard, M|83/100
|
|-weather|SunnyDay|[upkeep]
|-heal|p1a: Charizard|89/100|[from] item: Leftovers
|-heal|p2a: Jirachi|14/100 par|[from] item: Leftovers
|upkeep
|turn|24
|inactive|cyberodin has 180 seconds left.
|
|t:|1729907731
|move|p2a: Jirachi|Protect|p2a: Jirachi
|-singleturn|p2a: Jirachi|Protect
|move|p1a: Charizard|Fire Blast|p2a: Jirachi
|-activate|p2a: Jirachi|Protect
|
|-weather|SunnyDay|[upkeep]
|-heal|p1a: Charizard|95/100|[from] item: Leftovers
|-heal|p2a: Jirachi|20/100 par|[from] item: Leftovers
|upkeep
|turn|25
|inactive|cyberodin has 180 seconds left.
|l| 3 blades
|inactive|thunderousbagel has 90 seconds left.
|
|t:|1729907762
|switch|p2a: Skarmory|Skarmory, M|57/100 par
|move|p1a: Charizard|Fire Blast|p2a: Skarmory
|-supereffective|p2a: Skarmory
|-damage|p2a: Skarmory|0 fnt
|faint|p2a: Skarmory
|
|t:|1729907770
|switch|p2a: Gengar|Gengar, M|100/100
|
|-weather|none
|-heal|p1a: Charizard|100/100|[from] item: Leftovers
|upkeep
|turn|26
|l| I'm the Dome Ace
|
|t:|1729907789
|move|p2a: Gengar|Hypnosis|p1a: Charizard
|-status|p1a: Charizard|slp|[from] move: Hypnosis
|cant|p1a: Charizard|slp
|
|upkeep
|turn|27
|inactive|cyberodin has 180 seconds left.
|
|t:|1729907815
|switch|p2a: Jirachi|Jirachi|20/100 par
|switch|p1a: Jirachi|Jirachi|100/100
|
|-heal|p2a: Jirachi|26/100 par|[from] item: Leftovers
|upkeep
|turn|28
|inactive|thunderousbagel has 60 seconds left.
|inactive|thunderousbagel has 30 seconds left.
|
|t:|1729907879
|move|p1a: Jirachi|Calm Mind|p1a: Jirachi
|-boost|p1a: Jirachi|spa|1
|-boost|p1a: Jirachi|spd|1
|move|p2a: Jirachi|Wish|p2a: Jirachi
|
|-heal|p2a: Jirachi|33/100 par|[from] item: Leftovers
|upkeep
|turn|29
|
|t:|1729907888
|move|p1a: Jirachi|Thunderbolt|p2a: Jirachi
|-damage|p2a: Jirachi|9/100 par
|move|p2a: Jirachi|Fire Punch|p1a: Jirachi
|-supereffective|p1a: Jirachi
|-damage|p1a: Jirachi|82/100
|
|-heal|p2a: Jirachi|59/100 par|[from] move: Wish|[wisher] Jirachi
|-heal|p1a: Jirachi|88/100|[from] item: Leftovers
|-heal|p2a: Jirachi|65/100 par|[from] item: Leftovers
|upkeep
|turn|30
|inactive|thunderousbagel has 30 seconds left.
|
|t:|1729907908
|switch|p1a: Suicune|Suicune|100/100
|move|p2a: Jirachi|Fire Punch|p1a: Suicune
|-resisted|p1a: Suicune
|-damage|p1a: Suicune|94/100
|
|-heal|p1a: Suicune|99/100|[from] item: Leftovers
|-heal|p2a: Jirachi|71/100 par|[from] item: Leftovers
|upkeep
|turn|31
|inactive|thunderousbagel has 30 seconds left.
|
|t:|1729907927
|switch|p2a: Milotic|Milotic, F, shiny|89/100
|move|p1a: Suicune|Substitute|p1a: Suicune
|-start|p1a: Suicune|Substitute
|-damage|p1a: Suicune|75/100
|
|-heal|p1a: Suicune|81/100|[from] item: Leftovers
|-heal|p2a: Milotic|95/100|[from] item: Leftovers
|upkeep
|turn|32
|inactive|thunderousbagel has 30 seconds left.
|inactive|thunderousbagel has 20 seconds left.
|
|t:|1729907947
|switch|p2a: Gengar|Gengar, M|100/100
|move|p1a: Suicune|Calm Mind|p1a: Suicune
|-boost|p1a: Suicune|spa|1
|-boost|p1a: Suicune|spd|1
|
|-heal|p1a: Suicune|87/100|[from] item: Leftovers
|upkeep
|turn|33
|inactive|thunderousbagel has 30 seconds left this turn.
|inactive|cyberodin has 180 seconds left.
|
|t:|1729907953
|move|p2a: Gengar|Thunderbolt|p1a: Suicune
|-supereffective|p1a: Suicune
|-end|p1a: Suicune|Substitute
|move|p1a: Suicune|Hydro Pump|p2a: Gengar
|-damage|p2a: Gengar|0 fnt
|faint|p2a: Gengar
|inactive|cyberodin has 180 seconds left.
|
|t:|1729907959
|switch|p2a: Tyranitar|Tyranitar, F|13/100
|-weather|Sandstorm|[from] ability: Sand Stream|[of] p2a: Tyranitar
|
|-weather|Sandstorm|[upkeep]
|-damage|p1a: Suicune|81/100|[from] Sandstorm
|-heal|p1a: Suicune|87/100|[from] item: Leftovers
|upkeep
|turn|34
|
|t:|1729907963
|switch|p2a: Milotic|Milotic, F, shiny|95/100
|move|p1a: Suicune|Ice Beam|p2a: Milotic
|-resisted|p2a: Milotic
|-damage|p2a: Milotic|83/100
|
|-weather|Sandstorm|[upkeep]
|-damage|p1a: Suicune|81/100|[from] Sandstorm
|-damage|p2a: Milotic|77/100|[from] Sandstorm
|-heal|p1a: Suicune|87/100|[from] item: Leftovers
|-heal|p2a: Milotic|83/100|[from] item: Leftovers
|upkeep
|turn|35
|
|t:|1729907973
|switch|p2a: Jirachi|Jirachi|71/100 par
|move|p1a: Suicune|Substitute|p1a: Suicune
|-start|p1a: Suicune|Substitute
|-damage|p1a: Suicune|62/100
|
|-weather|Sandstorm|[upkeep]
|-damage|p1a: Suicune|56/100|[from] Sandstorm
|-heal|p1a: Suicune|62/100|[from] item: Leftovers
|-heal|p2a: Jirachi|77/100 par|[from] item: Leftovers
|upkeep
|turn|36
|l| Queueueuebone
|
|t:|1729907989
|move|p1a: Suicune|Hydro Pump|p2a: Jirachi|[miss]
|-miss|p1a: Suicune|p2a: Jirachi
|move|p2a: Jirachi|Wish|p2a: Jirachi
|
|-weather|Sandstorm|[upkeep]
|-damage|p1a: Suicune|56/100|[from] Sandstorm
|-heal|p1a: Suicune|62/100|[from] item: Leftovers
|-heal|p2a: Jirachi|84/100 par|[from] item: Leftovers
|upkeep
|turn|37
|j| Queueueuebone
|
|t:|1729907994
|move|p1a: Suicune|Calm Mind|p1a: Suicune
|-boost|p1a: Suicune|spa|1
|-boost|p1a: Suicune|spd|1
|move|p2a: Jirachi|Body Slam|p1a: Suicune
|-activate|p1a: Suicune|Substitute|[damage]
|
|-heal|p2a: Jirachi|100/100 par|[from] move: Wish|[wisher] Jirachi
|-weather|Sandstorm|[upkeep]
|-damage|p1a: Suicune|56/100|[from] Sandstorm
|-heal|p1a: Suicune|62/100|[from] item: Leftovers
|upkeep
|turn|38
|
|t:|1729908002
|move|p1a: Suicune|Calm Mind|p1a: Suicune
|-boost|p1a: Suicune|spa|1
|-boost|p1a: Suicune|spd|1
|move|p2a: Jirachi|Body Slam|p1a: Suicune
|-end|p1a: Suicune|Substitute
|
|-weather|Sandstorm|[upkeep]
|-damage|p1a: Suicune|56/100|[from] Sandstorm
|-heal|p1a: Suicune|62/100|[from] item: Leftovers
|upkeep
|turn|39
|
|t:|1729908008
|move|p1a: Suicune|Hydro Pump|p2a: Jirachi
|-damage|p2a: Jirachi|32/100 par
|move|p2a: Jirachi|Body Slam|p1a: Suicune
|-crit|p1a: Suicune
|-damage|p1a: Suicune|31/100
|-status|p1a: Suicune|par
|
|-weather|Sandstorm|[upkeep]
|-damage|p1a: Suicune|25/100 par|[from] Sandstorm
|-heal|p1a: Suicune|31/100 par|[from] item: Leftovers
|-heal|p2a: Jirachi|38/100 par|[from] item: Leftovers
|upkeep
|turn|40
|inactive|thunderousbagel has 60 seconds left.
|c| Sheik|Why hydropump in sub cune
|
|t:|1729908022
|switch|p2a: Milotic|Milotic, F, shiny|83/100
|cant|p1a: Suicune|par
|
|-weather|Sandstorm|[upkeep]
|-damage|p2a: Milotic|77/100|[from] Sandstorm
|-damage|p1a: Suicune|25/100 par|[from] Sandstorm
|-heal|p2a: Milotic|83/100|[from] item: Leftovers
|-heal|p1a: Suicune|31/100 par|[from] item: Leftovers
|upkeep
|turn|41
|inactive|thunderousbagel has 60 seconds left.
|
|t:|1729908029
|switch|p1a: Jirachi|Jirachi|88/100
|move|p2a: Milotic|Surf|p1a: Jirachi
|-damage|p1a: Jirachi|60/100
|
|-weather|Sandstorm|[upkeep]
|-damage|p2a: Milotic|77/100|[from] Sandstorm
|-heal|p1a: Jirachi|66/100|[from] item: Leftovers
|-heal|p2a: Milotic|83/100|[from] item: Leftovers
|upkeep
|turn|42
|
|t:|1729908036
|switch|p2a: Jirachi|Jirachi|38/100 par
|move|p1a: Jirachi|Wish|p1a: Jirachi
|
|-weather|Sandstorm|[upkeep]
|-heal|p1a: Jirachi|73/100|[from] item: Leftovers
|-heal|p2a: Jirachi|45/100 par|[from] item: Leftovers
|upkeep
|turn|43
|j| OOF_MAXIMA
|
|t:|1729908045
|switch|p1a: Suicune|Suicune|31/100 par
|move|p2a: Jirachi|Wish|p2a: Jirachi
|
|-heal|p1a: Suicune|81/100 par|[from] move: Wish|[wisher] Jirachi
|-weather|Sandstorm|[upkeep]
|-damage|p1a: Suicune|75/100 par|[from] Sandstorm
|-heal|p1a: Suicune|81/100 par|[from] item: Leftovers
|-heal|p2a: Jirachi|51/100 par|[from] item: Leftovers
|upkeep
|turn|44
|
|t:|1729908056
|move|p1a: Suicune|Ice Beam|p2a: Jirachi
|-resisted|p2a: Jirachi
|-damage|p2a: Jirachi|43/100 par
|move|p2a: Jirachi|Body Slam|p1a: Suicune
|-damage|p1a: Suicune|67/100 par
|
|-heal|p2a: Jirachi|93/100 par|[from] move: Wish|[wisher] Jirachi
|-weather|Sandstorm|[upkeep]
|-damage|p1a: Suicune|61/100 par|[from] Sandstorm
|-heal|p1a: Suicune|67/100 par|[from] item: Leftovers
|-heal|p2a: Jirachi|99/100 par|[from] item: Leftovers
|upkeep
|turn|45
|
|t:|1729908062
|switch|p1a: Jirachi|Jirachi|73/100
|move|p2a: Jirachi|Fire Punch|p1a: Jirachi
|-supereffective|p1a: Jirachi
|-damage|p1a: Jirachi|42/100
|
|-weather|Sandstorm|[upkeep]
|-heal|p1a: Jirachi|48/100|[from] item: Leftovers
|-heal|p2a: Jirachi|100/100 par|[from] item: Leftovers
|upkeep
|turn|46
|
|t:|1729908072
|switch|p1a: Charizard|Charizard, M|100/100 slp
|move|p2a: Jirachi|Fire Punch|p1a: Charizard
|-resisted|p1a: Charizard
|-crit|p1a: Charizard
|-damage|p1a: Charizard|79/100 slp
|
|-weather|Sandstorm|[upkeep]
|-damage|p1a: Charizard|73/100 slp|[from] Sandstorm
|-heal|p1a: Charizard|79/100 slp|[from] item: Leftovers
|upkeep
|turn|47
|l| Queueueuebone
|
|t:|1729908077
|cant|p1a: Charizard|slp
|move|p2a: Jirachi|Wish|p2a: Jirachi
|
|-weather|Sandstorm|[upkeep]
|-damage|p1a: Charizard|73/100 slp|[from] Sandstorm
|-heal|p1a: Charizard|79/100 slp|[from] item: Leftovers
|upkeep
|turn|48
|
|t:|1729908082
|switch|p2a: Tyranitar|Tyranitar, F|13/100
|cant|p1a: Charizard|slp
|
|-heal|p2a: Tyranitar|63/100|[from] move: Wish|[wisher] Jirachi
|-weather|Sandstorm|[upkeep]
|-damage|p1a: Charizard|73/100 slp|[from] Sandstorm
|-heal|p1a: Charizard|79/100 slp|[from] item: Leftovers
|upkeep
|turn|49
|j| Xenocles
|l| OOF_MAXIMA
|inactive|thunderousbagel has 90 seconds left.
|j| Queueueuebone
|
|t:|1729908110
|switch|p1a: Breloom|Breloom, F|100/100
|switch|p2a: Milotic|Milotic, F, shiny|83/100
|
|-weather|Sandstorm|[upkeep]
|-damage|p1a: Breloom|94/100|[from] Sandstorm
|-damage|p2a: Milotic|77/100|[from] Sandstorm
|-heal|p1a: Breloom|100/100|[from] item: Leftovers
|-heal|p2a: Milotic|83/100|[from] item: Leftovers
|upkeep
|turn|50
|
|t:|1729908114
|switch|p2a: Jirachi|Jirachi|100/100 par
|move|p1a: Breloom|Spore||[still]
|-fail|p1a: Breloom
|
|-weather|Sandstorm|[upkeep]
|-damage|p1a: Breloom|94/100|[from] Sandstorm
|-heal|p1a: Breloom|100/100|[from] item: Leftovers
|upkeep
|turn|51
|
|t:|1729908121
|switch|p1a: Charizard|Charizard, M|79/100 slp
|move|p2a: Jirachi|Body Slam|p1a: Charizard
|-damage|p1a: Charizard|51/100 slp
|
|-weather|Sandstorm|[upkeep]
|-damage|p1a: Charizard|45/100 slp|[from] Sandstorm
|-heal|p1a: Charizard|51/100 slp|[from] item: Leftovers
|upkeep
|turn|52
|
|t:|1729908134
|switch|p2a: Milotic|Milotic, F, shiny|83/100
|cant|p1a: Charizard|slp
|
|-weather|Sandstorm|[upkeep]
|-damage|p1a: Charizard|45/100 slp|[from] Sandstorm
|-damage|p2a: Milotic|77/100|[from] Sandstorm
|-heal|p1a: Charizard|51/100 slp|[from] item: Leftovers
|-heal|p2a: Milotic|83/100|[from] item: Leftovers
|upkeep
|turn|53
|
|t:|1729908140
|switch|p1a: Suicune|Suicune|67/100 par
|move|p2a: Milotic|Surf|p1a: Suicune
|-resisted|p1a: Suicune
|-damage|p1a: Suicune|56/100 par
|
|-weather|Sandstorm|[upkeep]
|-damage|p2a: Milotic|77/100|[from] Sandstorm
|-damage|p1a: Suicune|50/100 par|[from] Sandstorm
|-heal|p2a: Milotic|83/100|[from] item: Leftovers
|-heal|p1a: Suicune|56/100 par|[from] item: Leftovers
|upkeep
|turn|54
|inactive|thunderousbagel has 90 seconds left.
|
|t:|1729908178
|switch|p1a: Jirachi|Jirachi|48/100
|move|p2a: Milotic|Surf|p1a: Jirachi
|-damage|p1a: Jirachi|22/100
|
|-weather|Sandstorm|[upkeep]
|-damage|p2a: Milotic|77/100|[from] Sandstorm
|-heal|p1a: Jirachi|28/100|[from] item: Leftovers
|-heal|p2a: Milotic|83/100|[from] item: Leftovers
|upkeep
|turn|55
|
|t:|1729908186
|move|p1a: Jirachi|Wish|p1a: Jirachi
|move|p2a: Milotic|Surf|p1a: Jirachi
|-damage|p1a: Jirachi|1/100
|
|-weather|Sandstorm|[upkeep]
|-damage|p2a: Milotic|77/100|[from] Sandstorm
|-heal|p1a: Jirachi|7/100|[from] item: Leftovers
|-heal|p2a: Milotic|83/100|[from] item: Leftovers
|upkeep
|turn|56
|inactive|thunderousbagel has 90 seconds left.
|
|t:|1729908204
|switch|p1a: Suicune|Suicune|56/100 par
|move|p2a: Milotic|Surf|p1a: Suicune
|-resisted|p1a: Suicune
|-damage|p1a: Suicune|43/100 par
|
|-heal|p1a: Suicune|93/100 par|[from] move: Wish|[wisher] Jirachi
|-weather|Sandstorm|[upkeep]
|-damage|p2a: Milotic|77/100|[from] Sandstorm
|-damage|p1a: Suicune|86/100 par|[from] Sandstorm
|-heal|p2a: Milotic|83/100|[from] item: Leftovers
|-heal|p1a: Suicune|93/100 par|[from] item: Leftovers
|upkeep
|turn|57
|
|t:|1729908217
|switch|p2a: Jirachi|Jirachi|100/100 par
|cant|p1a: Suicune|par
|
|-weather|Sandstorm|[upkeep]
|-damage|p1a: Suicune|86/100 par|[from] Sandstorm
|-heal|p1a: Suicune|93/100 par|[from] item: Leftovers
|upkeep
|turn|58
|
|t:|1729908226
|cant|p1a: Suicune|par
|move|p2a: Jirachi|Body Slam|p1a: Suicune
|-damage|p1a: Suicune|77/100 par
|
|-weather|Sandstorm|[upkeep]
|-damage|p1a: Suicune|71/100 par|[from] Sandstorm
|-heal|p1a: Suicune|77/100 par|[from] item: Leftovers
|upkeep
|turn|59
|inactive|thunderousbagel has 90 seconds left.
|inactive|thunderousbagel has 60 seconds left.
|
|t:|1729908278
|switch|p1a: Jirachi|Jirachi|7/100
|move|p2a: Jirachi|Body Slam|p1a: Jirachi
|-resisted|p1a: Jirachi
|-damage|p1a: Jirachi|0 fnt
|faint|p1a: Jirachi
|
|t:|1729908282
|switch|p1a: Charizard|Charizard, M|51/100 slp
|
|-weather|Sandstorm|[upkeep]
|-damage|p1a: Charizard|45/100 slp|[from] Sandstorm
|-heal|p1a: Charizard|51/100 slp|[from] item: Leftovers
|upkeep
|turn|60
|
|t:|1729908288
|switch|p2a: Milotic|Milotic, F, shiny|83/100
|-curestatus|p1a: Charizard|slp|[msg]
|move|p1a: Charizard|Sunny Day|p1a: Charizard
|-weather|SunnyDay
|
|-weather|SunnyDay|[upkeep]
|-heal|p1a: Charizard|57/100|[from] item: Leftovers
|-heal|p2a: Milotic|89/100|[from] item: Leftovers
|upkeep
|turn|61
|inactive|thunderousbagel has 60 seconds left.
|
|t:|1729908331
|move|p1a: Charizard|Fire Blast|p2a: Milotic
|-resisted|p2a: Milotic
|-crit|p2a: Milotic
|-damage|p2a: Milotic|26/100
|move|p2a: Milotic|Ice Beam|p1a: Charizard
|-damage|p1a: Charizard|27/100
|
|-weather|SunnyDay|[upkeep]
|-heal|p1a: Charizard|33/100|[from] item: Leftovers
|-heal|p2a: Milotic|32/100|[from] item: Leftovers
|upkeep
|turn|62
|inactive|cyberodin has 270 seconds left.
|
|t:|1729908361
|switch|p2a: Tyranitar|Tyranitar, F|63/100
|-weather|Sandstorm|[from] ability: Sand Stream|[of] p2a: Tyranitar
|move|p1a: Charizard|Hidden Power|p2a: Tyranitar
|-supereffective|p2a: Tyranitar
|-damage|p2a: Tyranitar|20/100
|
|-weather|Sandstorm|[upkeep]
|-damage|p1a: Charizard|27/100|[from] Sandstorm
|-heal|p1a: Charizard|33/100|[from] item: Leftovers
|upkeep
|turn|63
|
|t:|1729908367
|switch|p2a: Jirachi|Jirachi|100/100 par
|move|p1a: Charizard|Hidden Power|p2a: Jirachi
|-resisted|p2a: Jirachi
|-damage|p2a: Jirachi|94/100 par
|
|-weather|Sandstorm|[upkeep]
|-damage|p1a: Charizard|27/100|[from] Sandstorm
|-heal|p1a: Charizard|33/100|[from] item: Leftovers
|-heal|p2a: Jirachi|100/100 par|[from] item: Leftovers
|upkeep
|turn|64
|inactive|thunderousbagel has 30 seconds left.
|
|t:|1729908396
|switch|p1a: Breloom|Breloom, F|100/100
|move|p2a: Jirachi|Body Slam|p1a: Breloom
|-damage|p1a: Breloom|70/100
|-status|p1a: Breloom|par
|
|-weather|Sandstorm|[upkeep]
|-damage|p1a: Breloom|64/100 par|[from] Sandstorm
|-heal|p1a: Breloom|70/100 par|[from] item: Leftovers
|upkeep
|turn|65
|
|t:|1729908406
|move|p1a: Breloom|Brick Break|p2a: Jirachi
|-damage|p2a: Jirachi|66/100 par
|move|p2a: Jirachi|Fire Punch|p1a: Breloom
|-supereffective|p1a: Breloom
|-damage|p1a: Breloom|0 fnt
|faint|p1a: Breloom
|
|t:|1729908412
|switch|p1a: Charizard|Charizard, M|33/100
|
|-weather|Sandstorm|[upkeep]
|-damage|p1a: Charizard|27/100|[from] Sandstorm
|-heal|p1a: Charizard|33/100|[from] item: Leftovers
|-heal|p2a: Jirachi|73/100 par|[from] item: Leftovers
|upkeep
|turn|66
|inactive|cyberodin has 270 seconds left.
|
|t:|1729908435
|move|p2a: Jirachi|Protect|p2a: Jirachi
|-singleturn|p2a: Jirachi|Protect
|move|p1a: Charizard|Fire Blast|p2a: Jirachi
|-activate|p2a: Jirachi|Protect
|
|-weather|Sandstorm|[upkeep]
|-damage|p1a: Charizard|27/100|[from] Sandstorm
|-heal|p1a: Charizard|33/100|[from] item: Leftovers
|-heal|p2a: Jirachi|79/100 par|[from] item: Leftovers
|upkeep
|turn|67
|
|t:|1729908445
|move|p1a: Charizard|Overheat|p2a: Jirachi
|-supereffective|p2a: Jirachi
|-damage|p2a: Jirachi|0 fnt
|-unboost|p1a: Charizard|spa|2
|faint|p2a: Jirachi
|j| OOF_MAXIMA
|
|t:|1729908453
|switch|p2a: Milotic|Milotic, F, shiny|32/100
|
|-weather|Sandstorm|[upkeep]
|-damage|p1a: Charizard|27/100|[from] Sandstorm
|-damage|p2a: Milotic|26/100|[from] Sandstorm
|-heal|p1a: Charizard|33/100|[from] item: Leftovers
|-heal|p2a: Milotic|32/100|[from] item: Leftovers
|upkeep
|turn|68
|inactive|thunderousbagel has 60 seconds left.
|
|t:|1729908485
|switch|p1a: Suicune|Suicune|77/100 par
|move|p2a: Milotic|Surf|p1a: Suicune
|-resisted|p1a: Suicune
|-damage|p1a: Suicune|65/100 par
|
|-weather|Sandstorm|[upkeep]
|-damage|p2a: Milotic|26/100|[from] Sandstorm
|-damage|p1a: Suicune|59/100 par|[from] Sandstorm
|-heal|p2a: Milotic|32/100|[from] item: Leftovers
|-heal|p1a: Suicune|65/100 par|[from] item: Leftovers
|upkeep
|turn|69
|
|t:|1729908490
|move|p2a: Milotic|Recover|p2a: Milotic
|-heal|p2a: Milotic|82/100
|move|p1a: Suicune|Ice Beam|p2a: Milotic
|-resisted|p2a: Milotic
|-damage|p2a: Milotic|75/100
|
|-weather|Sandstorm|[upkeep]
|-damage|p2a: Milotic|69/100|[from] Sandstorm
|-damage|p1a: Suicune|59/100 par|[from] Sandstorm
|-heal|p2a: Milotic|75/100|[from] item: Leftovers
|-heal|p1a: Suicune|65/100 par|[from] item: Leftovers
|upkeep
|turn|70
|
|t:|1729908506
|move|p2a: Milotic|Surf|p1a: Suicune
|-resisted|p1a: Suicune
|-damage|p1a: Suicune|52/100 par
|move|p1a: Suicune|Ice Beam|p2a: Milotic
|-resisted|p2a: Milotic
|-damage|p2a: Milotic|67/100
|
|-weather|Sandstorm|[upkeep]
|-damage|p2a: Milotic|61/100|[from] Sandstorm
|-damage|p1a: Suicune|46/100 par|[from] Sandstorm
|-heal|p2a: Milotic|67/100|[from] item: Leftovers
|-heal|p1a: Suicune|52/100 par|[from] item: Leftovers
|upkeep
|turn|71
|
|t:|1729908512
|move|p2a: Milotic|Surf|p1a: Suicune
|-resisted|p1a: Suicune
|-damage|p1a: Suicune|39/100 par
|move|p1a: Suicune|Ice Beam|p2a: Milotic
|-resisted|p2a: Milotic
|-damage|p2a: Milotic|59/100
|
|-weather|Sandstorm|[upkeep]
|-damage|p2a: Milotic|53/100|[from] Sandstorm
|-damage|p1a: Suicune|33/100 par|[from] Sandstorm
|-heal|p2a: Milotic|59/100|[from] item: Leftovers
|-heal|p1a: Suicune|39/100 par|[from] item: Leftovers
|upkeep
|turn|72
|
|t:|1729908530
|move|p2a: Milotic|Surf|p1a: Suicune
|-resisted|p1a: Suicune
|-damage|p1a: Suicune|27/100 par
|move|p1a: Suicune|Ice Beam|p2a: Milotic
|-resisted|p2a: Milotic
|-damage|p2a: Milotic|50/100
|
|-weather|Sandstorm|[upkeep]
|-damage|p2a: Milotic|44/100|[from] Sandstorm
|-damage|p1a: Suicune|21/100 par|[from] Sandstorm
|-heal|p2a: Milotic|50/100|[from] item: Leftovers
|-heal|p1a: Suicune|27/100 par|[from] item: Leftovers
|upkeep
|turn|73
|
|t:|1729908536
|move|p2a: Milotic|Recover|p2a: Milotic
|-heal|p2a: Milotic|100/100
|move|p1a: Suicune|Ice Beam|p2a: Milotic
|-resisted|p2a: Milotic
|-damage|p2a: Milotic|92/100
|
|-weather|Sandstorm|[upkeep]
|-damage|p2a: Milotic|86/100|[from] Sandstorm
|-damage|p1a: Suicune|21/100 par|[from] Sandstorm
|-heal|p2a: Milotic|92/100|[from] item: Leftovers
|-heal|p1a: Suicune|27/100 par|[from] item: Leftovers
|upkeep
|turn|74
|
|t:|1729908541
|move|p2a: Milotic|Surf|p1a: Suicune
|-resisted|p1a: Suicune
|-damage|p1a: Suicune|14/100 par
|move|p1a: Suicune|Ice Beam|p2a: Milotic
|-resisted|p2a: Milotic
|-damage|p2a: Milotic|83/100
|
|-weather|Sandstorm|[upkeep]
|-damage|p2a: Milotic|77/100|[from] Sandstorm
|-damage|p1a: Suicune|8/100 par|[from] Sandstorm
|-heal|p2a: Milotic|83/100|[from] item: Leftovers
|-heal|p1a: Suicune|14/100 par|[from] item: Leftovers
|upkeep
|turn|75
|l| OOF_MAXIMA
|
|t:|1729908564
|move|p2a: Milotic|Surf|p1a: Suicune
|-resisted|p1a: Suicune
|-damage|p1a: Suicune|1/100 par
|move|p1a: Suicune|Ice Beam|p2a: Milotic
|-resisted|p2a: Milotic
|-damage|p2a: Milotic|75/100
|
|-weather|Sandstorm|[upkeep]
|-damage|p2a: Milotic|69/100|[from] Sandstorm
|-damage|p1a: Suicune|0 fnt|[from] Sandstorm
|faint|p1a: Suicune
|-heal|p2a: Milotic|75/100|[from] item: Leftovers
|upkeep
|
|t:|1729908571
|switch|p1a: Charizard|Charizard, M|33/100
|turn|76
|
|t:|1729908584
|move|p1a: Charizard|Hidden Power|p2a: Milotic
|-supereffective|p2a: Milotic
|-damage|p2a: Milotic|45/100
|move|p2a: Milotic|Surf|p1a: Charizard
|-supereffective|p1a: Charizard
|-damage|p1a: Charizard|0 fnt
|faint|p1a: Charizard
|
|win|cyberodin
|c|☆thunderousbagel|ggs
|c|☆cyberodin|ggs

</script>
<script type="application/json" class="data" id="replaydata-gen3ou-2231073181">
{"id":"gen3ou-2231073181","format":"[Gen 3] OU","players":["thunderousbagel","cyberodin"],"uploadtime":1729908592,"views":277,"formatid":"gen3ou","rating":null,"private":0,"password":null}
</script>

<script defer src="js/replays.js?9d40a366"></script>
