<!DOCTYPE html>
<meta charset="utf-8" />
<meta name="viewport" content="width=device-width" />

<title>[Gen 3] OU: GSC_Lover_Boy vs. CCGeek - Replays - Pok&eacute;mon Showdown!</title>

<meta name="description" content="Watch a replay of a Pok&eacute;mon battle between GSC_Lover_Boy and CCGeek! Format: [Gen 3] OU; Date: Oct 4, 2024" />
<!--

Hey, you! Looking in the source for the replay log?

You can find them in JSON format, just add `.json` at the end of a replay URL.

https://replay.pokemonshowdown.com/gen7randomdoublesbattle-865046831.json

Or, if you only need the log itself, add `.log` instead:

https://replay.pokemonshowdown.com/gen7randomdoublesbattle-865046831.log

-->

<link rel="stylesheet" href="//pokemonshowdown.com/style/global.css?0.767286132409787" />
<link rel="stylesheet" href="//play.pokemonshowdown.com/style/font-awesome.css?0.9266228007934947" />
<link rel="stylesheet" href="//play.pokemonshowdown.com/style/battle.css?0.7924700842790926" />
<link rel="stylesheet" href="//play.pokemonshowdown.com/style/utilichart.css?0.8777417872839479" />

<!-- Global site tag (gtag.js) - Google Analytics -->
<script async src="https://www.googletagmanager.com/gtag/js?id=UA-26211653-1"></script>
<script>
  window.dataLayer = window.dataLayer || [];
  function gtag(){dataLayer.push(arguments);}
  gtag('js', new Date());

  gtag('config', 'UA-26211653-1');
</script>
<!-- End Google Analytics -->
<!-- Venatus Ad Manager - Install in <HEAD> of page -->
	<script src="https://hb.vntsm.com/v3/live/ad-manager.min.js" type="text/javascript" data-site-id="642aba63ec9a7b11c3c9c1be" data-mode="scan" async></script>
<!-- / Venatus Ad Manager -->

<style>
	@media (max-width:820px) {
		.battle {
			margin: 0 auto;
		}
		.battle-log {
			margin: 7px auto 0;
			max-width: 640px;
			height: 300px;
			position: static;
		}
	}
	.optgroup {
		display: inline-block;
		line-height: 22px;
		font-size: 10pt;
	}
	.optgroup .button {
		height: 25px;
		padding-top: 0;
		padding-bottom: 0;
	}
	.optgroup button.button {
		padding-left: 12px;
		padding-right: 12px;
	}
	.linklist {
		list-style: none;
		margin: 0.5em 0;
		padding: 0;
	}
	.linklist li {
		padding: 2px 0;
	}
	.sidebar {
		float: left;
		width: 320px;
	}
	.bar-wrapper {
		max-width: 1100px;
		margin: 0 auto;
	}
	.bar-wrapper.has-sidebar {
		max-width: 1430px;
	}
	.mainbar {
		margin: 0;
		padding-right: 1px;
	}
	.mainbar.has-sidebar {
		margin-left: 330px;
	}
	@media (min-width: 1511px) {
		.sidebar {
			width: 400px;
		}
		.bar-wrapper.has-sidebar {
			max-width: 1510px;
		}
		.mainbar.has-sidebar {
			margin-left: 410px;
		}
	}
	.section.first-section {
		margin-top: 9px;
	}
	.blocklink small {
		white-space: normal;
	}
	.button {
		vertical-align: middle;
	}
	.replay-controls {
		padding-top: 10px;
	}
	.replay-controls h1 {
		font-size: 16pt;
		font-weight: normal;
		color: #CCC;
	}
	.pagelink {
		text-align: center;
	}
	.pagelink a {
		width: 150px;
	}
	.textbox, .button {
		font-size: 11pt;
		vertical-align: middle;
	}
	@media (max-width: 450px) {
		.button {
			font-size: 9pt;
		}
	}
</style>

<div>

	<header>
		<div class="nav-wrapper"><ul class="nav">
			<li><a class="button nav-first" href="//pokemonshowdown.com/"><img src="//pokemonshowdown.com/images/pokemonshowdownbeta.png" srcset="//pokemonshowdown.com/images/pokemonshowdownbeta.png 1x, //pokemonshowdown.com/images/pokemonshowdownbeta@2x.png 2x" alt="Pok&eacute;mon Showdown" width="146" height="44" /> Home</a></li>
			<li><a class="button" href="//pokemonshowdown.com/dex/">Pok&eacute;dex</a></li>
			<li><a class="button cur" href="/">Replays</a></li>
			<li><a class="button" href="//pokemonshowdown.com/ladder/">Ladder</a></li>
			<li><a class="button nav-last" href="//pokemonshowdown.com/forums/">Forum</a></li>
			<li><a class="button greenbutton nav-first nav-last" href="//play.pokemonshowdown.com/">Play</a></li>
		</ul></div>
	</header>

	<div class="main" id="main">

		<noscript><section class="section">You need to enable JavaScript to use this page; sorry!</section></noscript>

	</div>

</div>

<script defer nomodule src="//play.pokemonshowdown.com/js/lib/ps-polyfill.js"></script>
<script defer src="//play.pokemonshowdown.com/js/lib/preact.min.js"></script>

<script defer src="//play.pokemonshowdown.com/config/config.js?6dec07f6"></script>
<script defer src="//play.pokemonshowdown.com/js/lib/jquery-1.11.0.min.js"></script>
<script defer src="//play.pokemonshowdown.com/js/lib/html-sanitizer-minified.js"></script>
<script defer src="//play.pokemonshowdown.com/js/battle-sound.js"></script>
<script defer src="//play.pokemonshowdown.com/js/battledata.js?0.6315294753075389"></script>
<script defer src="//play.pokemonshowdown.com/data/pokedex-mini.js?0.7603743185311358"></script>
<script defer src="//play.pokemonshowdown.com/data/pokedex-mini-bw.js?0.030888842834281283"></script>
<script defer src="//play.pokemonshowdown.com/data/graphics.js?0.05593094747507488"></script>
<script defer src="//play.pokemonshowdown.com/data/pokedex.js?0.47064822249611904"></script>
<script defer src="//play.pokemonshowdown.com/data/moves.js?0.8583693120512459"></script>
<script defer src="//play.pokemonshowdown.com/data/abilities.js?0.16017181182386842"></script>
<script defer src="//play.pokemonshowdown.com/data/items.js?0.4163379185673943"></script>
<script defer src="//play.pokemonshowdown.com/data/teambuilder-tables.js?0.31075597372830477"></script>
<script defer src="//play.pokemonshowdown.com/js/battle-tooltips.js?0.6536193500708172"></script>
<script defer src="//play.pokemonshowdown.com/js/battle.js?0.1916591943277901"></script>

<script defer src="js/utils.js?e31f9a17"></script>
<script defer src="js/replays-battle.js?7008c182"></script>

<!-- don't scrape this data! just add .json or .log after the URL!
Full API docs: https://github.com/smogon/pokemon-showdown-client/blob/master/WEB-API.md -->
<script type="text/plain" class="log" id="replaylog-smogtours-gen3ou-794632">
|inactive|Battle timer is ON: inactive players will automatically lose when time's up.
|t:|1728065877
|gametype|singles
|player|p1|GSC_Lover_Boy|2|
|player|p2|CCGeek|266|
|teamsize|p1|6
|teamsize|p2|6
|gen|3
|tier|[Gen 3] OU
|rule|Sleep Clause Mod: Limit one foe put to sleep
|rule|Switch Priority Clause Mod: Faster Pokémon switch first
|rule|Species Clause: Limit one of each Pokémon
|rule|OHKO Clause: OHKO moves are banned
|rule|Evasion Items Clause: Evasion items are banned
|rule|Evasion Moves Clause: Evasion moves are banned
|rule|Endless Battle Clause: Forcing endless battles is banned
|rule|HP Percentage Mod: HP is shown in percentages
|rule|One Boost Passer Clause: Limit one Baton Passer that has a way to boost its stats
|rule|Freeze Clause Mod: Limit one foe frozen
|
|t:|1728065877
|start
|switch|p1a: Metagross|Metagross|100/100
|switch|p2a: Salamence|Salamence, F|100/100
|-ability|p2a: Salamence|Intimidate|boost
|-fail|p1a: Metagross|unboost|[from] ability: Clear Body|[of] p1a: Metagross
|turn|1
|inactive|GSC_Lover_Boy has 270 seconds left.
|inactive|CCGeek has 270 seconds left.
|
|t:|1728065924
|switch|p2a: Jirachi|Jirachi|100/100
|switch|p1a: Snorlax|Snorlax, M|100/100
|
|upkeep
|turn|2
|
|t:|1728065933
|switch|p2a: Metagross|Metagross|100/100
|move|p1a: Snorlax|Curse|p1a: Snorlax
|-unboost|p1a: Snorlax|spe|1
|-boost|p1a: Snorlax|atk|1
|-boost|p1a: Snorlax|def|1
|
|upkeep
|turn|3
|c|☆CCGeek|i
|c|☆CCGeek|wait.
|inactive|CCGeek has 270 seconds left.
|c|☆CCGeek|i might be a little stupid
|inactive|GSC_Lover_Boy has 270 seconds left.
|c|☆GSC_Lover_Boy|I always feel like that when playing hahah
|inactive|CCGeek has 240 seconds left.
|
|t:|1728065996
|move|p2a: Metagross|Dynamic Punch|p1a: Snorlax
|-supereffective|p1a: Snorlax
|-damage|p1a: Snorlax|54/100
|-start|p1a: Snorlax|confusion
|-activate|p1a: Snorlax|confusion
|-damage|p1a: Snorlax|40/100|[from] confusion
|
|-heal|p1a: Snorlax|46/100|[from] item: Leftovers
|upkeep
|turn|4
|c|☆GSC_Lover_Boy|WOAH
|c|☆CCGeek|this is why.
|inactive|CCGeek has 240 seconds left.
|c|☆GSC_Lover_Boy|Might be a little smart more like it, rough for me here
|c|☆CCGeek|it was a literal coinflip
|inactive|CCGeek has 210 seconds left.
|c|☆GSC_Lover_Boy|Yeah but it worked is the main thing
|
|t:|1728066050
|move|p2a: Metagross|Meteor Mash|p1a: Snorlax
|-damage|p1a: Snorlax|13/100
|-activate|p1a: Snorlax|confusion
|-damage|p1a: Snorlax|1/100|[from] confusion
|
|-heal|p1a: Snorlax|7/100|[from] item: Leftovers
|upkeep
|turn|5
|
|t:|1728066059
|move|p2a: Metagross|Earthquake|p1a: Snorlax
|-crit|p1a: Snorlax
|-damage|p1a: Snorlax|0 fnt
|faint|p1a: Snorlax
|
|t:|1728066076
|switch|p1a: Metagross|Metagross|100/100
|
|upkeep
|turn|6
|inactive|CCGeek has 210 seconds left.
|
|t:|1728066097
|switch|p2a: Jirachi|Jirachi|100/100
|move|p1a: Metagross|Earthquake|p2a: Jirachi
|-supereffective|p2a: Jirachi
|-damage|p2a: Jirachi|52/100
|
|-heal|p2a: Jirachi|58/100|[from] item: Leftovers
|upkeep
|turn|7
|
|t:|1728066108
|move|p2a: Jirachi|Fire Punch|p1a: Metagross
|-supereffective|p1a: Metagross
|-damage|p1a: Metagross|52/100
|-status|p1a: Metagross|brn
|move|p1a: Metagross|Earthquake|p2a: Jirachi
|-supereffective|p2a: Jirachi
|-damage|p2a: Jirachi|30/100
|
|-heal|p2a: Jirachi|36/100|[from] item: Leftovers
|-heal|p1a: Metagross|58/100 brn|[from] item: Leftovers
|-damage|p1a: Metagross|46/100 brn|[from] brn
|upkeep
|turn|8
|c|☆CCGeek|oh man
|c|☆CCGeek|sorry
|
|t:|1728066124
|move|p2a: Jirachi|Wish|p2a: Jirachi
|move|p1a: Metagross|Explosion|p2a: Jirachi
|-resisted|p2a: Jirachi
|-damage|p2a: Jirachi|1/100
|faint|p1a: Metagross
|c|☆GSC_Lover_Boy|it's ok
|c|☆GSC_Lover_Boy|aw man
|inactive|GSC_Lover_Boy has 240 seconds left.
|
|t:|1728066149
|switch|p1a: Celebi|Celebi|100/100
|
|-heal|p2a: Jirachi|8/100|[from] item: Leftovers
|upkeep
|turn|9
|
|t:|1728066161
|move|p1a: Celebi|Calm Mind|p1a: Celebi
|-boost|p1a: Celebi|spa|1
|-boost|p1a: Celebi|spd|1
|move|p2a: Jirachi|Fire Punch|p1a: Celebi
|-supereffective|p1a: Celebi
|-damage|p1a: Celebi|79/100
|-status|p1a: Celebi|brn
|
|-heal|p2a: Jirachi|58/100|[from] move: Wish|[wisher] Jirachi
|-heal|p1a: Celebi|85/100 brn|[from] item: Leftovers
|-damage|p1a: Celebi|73/100 brn|[from] brn
|-heal|p2a: Jirachi|64/100|[from] item: Leftovers
|upkeep
|turn|10
|
|t:|1728066177
|move|p1a: Celebi|Calm Mind|p1a: Celebi
|-boost|p1a: Celebi|spa|1
|-boost|p1a: Celebi|spd|1
|move|p2a: Jirachi|Wish|p2a: Jirachi
|
|-heal|p1a: Celebi|79/100 brn|[from] item: Leftovers
|-damage|p1a: Celebi|67/100 brn|[from] brn
|-heal|p2a: Jirachi|70/100|[from] item: Leftovers
|upkeep
|turn|11
|
|t:|1728066192
|move|p1a: Celebi|Baton Pass|p1a: Celebi
|
|t:|1728066194
|-curestatus|p1a: Celebi|brn|[from] ability: Natural Cure
|switch|p1a: Kingdra|Kingdra, M|100/100|[from] Baton Pass
|move|p2a: Jirachi|Fire Punch|p1a: Kingdra
|-resisted|p1a: Kingdra
|-damage|p1a: Kingdra|98/100
|-status|p1a: Kingdra|brn
|-enditem|p1a: Kingdra|Lum Berry|[eat]
|-curestatus|p1a: Kingdra|brn|[msg]
|
|-heal|p2a: Jirachi|100/100|[from] move: Wish|[wisher] Jirachi
|upkeep
|turn|12
|inactive|CCGeek has 210 seconds left.
|
|t:|1728066217
|move|p1a: Kingdra|Rain Dance|p1a: Kingdra
|-weather|RainDance
|move|p2a: Jirachi|Fire Punch|p1a: Kingdra
|-resisted|p1a: Kingdra
|-damage|p1a: Kingdra|97/100
|
|-weather|RainDance|[upkeep]
|upkeep
|turn|13
|
|t:|1728066226
|switch|p2a: Suicune|Suicune|100/100
|move|p1a: Kingdra|Surf|p2a: Suicune
|-resisted|p2a: Suicune
|-damage|p2a: Suicune|55/100
|
|-weather|RainDance|[upkeep]
|-heal|p2a: Suicune|61/100|[from] item: Leftovers
|upkeep
|turn|14
|inactive|CCGeek has 210 seconds left.
|
|t:|1728066235
|switch|p2a: Blissey|Blissey, F|100/100
|move|p1a: Kingdra|Hidden Power|p2a: Blissey
|-damage|p2a: Blissey|85/100
|
|-weather|RainDance|[upkeep]
|-heal|p2a: Blissey|91/100|[from] item: Leftovers
|upkeep
|turn|15
|inactive|CCGeek has 210 seconds left.
|
|t:|1728066255
|move|p1a: Kingdra|Surf|p2a: Blissey
|-damage|p2a: Blissey|34/100
|move|p2a: Blissey|Toxic|p1a: Kingdra
|-status|p1a: Kingdra|tox
|
|-weather|RainDance|[upkeep]
|-damage|p1a: Kingdra|91/100 tox|[from] psn
|-heal|p2a: Blissey|40/100|[from] item: Leftovers
|upkeep
|turn|16
|
|t:|1728066274
|move|p1a: Kingdra|Surf|p2a: Blissey
|-crit|p2a: Blissey
|-damage|p2a: Blissey|0 fnt
|faint|p2a: Blissey
|
|t:|1728066276
|switch|p2a: Suicune|Suicune|61/100
|
|-weather|none
|-damage|p1a: Kingdra|79/100 tox|[from] psn
|-heal|p2a: Suicune|67/100|[from] item: Leftovers
|upkeep
|turn|17
|inactive|GSC_Lover_Boy has 270 seconds left.
|
|t:|1728066283
|switch|p1a: Celebi|Celebi|67/100
|move|p2a: Suicune|Roar|p1a: Celebi
|drag|p1a: Kingdra|Kingdra, M|79/100 tox
|
|-damage|p1a: Kingdra|73/100 tox|[from] psn
|-heal|p2a: Suicune|74/100|[from] item: Leftovers
|upkeep
|turn|18
|inactive|CCGeek has 210 seconds left.
|
|t:|1728066292
|move|p1a: Kingdra|Hidden Power|p2a: Suicune
|-supereffective|p2a: Suicune
|-damage|p2a: Suicune|44/100
|move|p2a: Suicune|Roar|p1a: Kingdra
|drag|p1a: Celebi|Celebi|67/100
|
|-heal|p1a: Celebi|73/100|[from] item: Leftovers
|-heal|p2a: Suicune|50/100|[from] item: Leftovers
|upkeep
|turn|19
|
|t:|1728066304
|switch|p2a: Salamence|Salamence, F|100/100
|-ability|p2a: Salamence|Intimidate|boost
|-unboost|p1a: Celebi|atk|1
|move|p1a: Celebi|Giga Drain|p2a: Salamence
|-resisted|p2a: Salamence
|-damage|p2a: Salamence|94/100
|-heal|p1a: Celebi|76/100|[from] drain|[of] p2a: Salamence
|
|-heal|p1a: Celebi|82/100|[from] item: Leftovers
|upkeep
|turn|20
|
|t:|1728066316
|move|p1a: Celebi|Hidden Power|p2a: Salamence
|-supereffective|p2a: Salamence
|-crit|p2a: Salamence
|-damage|p2a: Salamence|0 fnt
|faint|p2a: Salamence
|inactive|CCGeek has 210 seconds left.
|
|t:|1728066333
|switch|p2a: Claydol|Claydol|100/100
|
|-heal|p1a: Celebi|88/100|[from] item: Leftovers
|upkeep
|turn|21
|
|t:|1728066347
|move|p1a: Celebi|Giga Drain|p2a: Claydol
|-supereffective|p2a: Claydol
|-damage|p2a: Claydol|62/100
|-heal|p1a: Celebi|100/100|[from] drain|[of] p2a: Claydol
|move|p2a: Claydol|Explosion|p1a: Celebi
|-damage|p1a: Celebi|0 fnt
|faint|p2a: Claydol
|faint|p1a: Celebi
|
|t:|1728066365
|switch|p1a: Kingdra|Kingdra, M|73/100 tox
|switch|p2a: Suicune|Suicune|50/100
|
|-damage|p1a: Kingdra|67/100 tox|[from] psn
|-heal|p2a: Suicune|56/100|[from] item: Leftovers
|upkeep
|turn|22
|inactive|CCGeek has 210 seconds left.
|
|t:|1728066413
|move|p1a: Kingdra|Hidden Power|p2a: Suicune
|-supereffective|p2a: Suicune
|-damage|p2a: Suicune|25/100
|move|p2a: Suicune|Calm Mind|p2a: Suicune
|-boost|p2a: Suicune|spa|1
|-boost|p2a: Suicune|spd|1
|
|-damage|p1a: Kingdra|55/100 tox|[from] psn
|-heal|p2a: Suicune|31/100|[from] item: Leftovers
|upkeep
|turn|23
|
|t:|1728066427
|move|p1a: Kingdra|Hidden Power|p2a: Suicune
|-supereffective|p2a: Suicune
|-damage|p2a: Suicune|8/100
|move|p2a: Suicune|Rest|p2a: Suicune
|-status|p2a: Suicune|slp|[from] move: Rest
|-heal|p2a: Suicune|100/100 slp|[silent]
|
|-damage|p1a: Kingdra|37/100 tox|[from] psn
|upkeep
|turn|24
|inactive|CCGeek has 180 seconds left.
|
|t:|1728066451
|switch|p1a: Heracross|Heracross, M|100/100
|cant|p2a: Suicune|slp
|
|upkeep
|turn|25
|
|t:|1728066459
|move|p1a: Heracross|Swords Dance|p1a: Heracross
|-boost|p1a: Heracross|atk|2
|cant|p2a: Suicune|slp
|
|upkeep
|turn|26
|
|t:|1728066465
|move|p1a: Heracross|Swords Dance|p1a: Heracross
|-boost|p1a: Heracross|atk|2
|-curestatus|p2a: Suicune|slp|[msg]
|move|p2a: Suicune|Roar|p1a: Heracross
|drag|p1a: Kingdra|Kingdra, M|37/100 tox
|
|-damage|p1a: Kingdra|31/100 tox|[from] psn
|upkeep
|turn|27
|c|☆GSC_Lover_Boy|Nooooo I misclicked
|
|t:|1728066480
|switch|p1a: Magneton|Magneton|100/100
|move|p2a: Suicune|Calm Mind|p2a: Suicune
|-boost|p2a: Suicune|spa|1
|-boost|p2a: Suicune|spd|1
|
|upkeep
|turn|28
|
|t:|1728066491
|move|p1a: Magneton|Thunder Wave|p2a: Suicune
|-status|p2a: Suicune|par
|move|p2a: Suicune|Surf|p1a: Magneton
|-damage|p1a: Magneton|0 fnt
|faint|p1a: Magneton
|
|t:|1728066498
|switch|p1a: Heracross|Heracross, M|100/100
|
|upkeep
|turn|29
|
|t:|1728066503
|switch|p1a: Kingdra|Kingdra, M|31/100 tox
|cant|p2a: Suicune|par
|
|-damage|p1a: Kingdra|25/100 tox|[from] psn
|upkeep
|turn|30
|
|t:|1728066509
|move|p1a: Kingdra|Hidden Power|p2a: Suicune
|-supereffective|p2a: Suicune
|-damage|p2a: Suicune|85/100 par
|move|p2a: Suicune|Surf|p1a: Kingdra
|-resisted|p1a: Kingdra
|-damage|p1a: Kingdra|8/100 tox
|
|-damage|p1a: Kingdra|0 fnt|[from] psn
|faint|p1a: Kingdra
|-heal|p2a: Suicune|91/100 par|[from] item: Leftovers
|upkeep
|
|t:|1728066519
|switch|p1a: Heracross|Heracross, M|100/100
|turn|31
|inactive|CCGeek has 240 seconds left.
|
|t:|1728066534
|move|p1a: Heracross|Substitute|p1a: Heracross
|-start|p1a: Heracross|Substitute
|-damage|p1a: Heracross|76/100
|move|p2a: Suicune|Surf|p1a: Heracross
|-end|p1a: Heracross|Substitute
|
|-heal|p2a: Suicune|97/100 par|[from] item: Leftovers
|upkeep
|turn|32
|
|t:|1728066543
|move|p1a: Heracross|Substitute|p1a: Heracross
|-start|p1a: Heracross|Substitute
|-damage|p1a: Heracross|51/100
|cant|p2a: Suicune|par
|
|-heal|p2a: Suicune|100/100 par|[from] item: Leftovers
|upkeep
|turn|33
|
|t:|1728066549
|move|p1a: Heracross|Swords Dance|p1a: Heracross
|-boost|p1a: Heracross|atk|2
|move|p2a: Suicune|Surf|p1a: Heracross
|-end|p1a: Heracross|Substitute
|
|upkeep
|turn|34
|
|t:|1728066557
|move|p1a: Heracross|Substitute|p1a: Heracross
|-start|p1a: Heracross|Substitute
|-damage|p1a: Heracross|26/100
|move|p2a: Suicune|Surf|p1a: Heracross
|-end|p1a: Heracross|Substitute
|
|upkeep
|turn|35
|
|t:|1728066571
|move|p1a: Heracross|Substitute|p1a: Heracross
|-start|p1a: Heracross|Substitute
|-damage|p1a: Heracross|1/100
|move|p2a: Suicune|Surf|p1a: Heracross
|-end|p1a: Heracross|Substitute
|
|-enditem|p1a: Heracross|Salac Berry|[eat]
|-boost|p1a: Heracross|spe|1|[from] item: Salac Berry
|upkeep
|turn|36
|inactive|CCGeek has 270 seconds left.
|
|t:|1728066579
|move|p1a: Heracross|Megahorn|p2a: Suicune
|-damage|p2a: Suicune|0 fnt
|faint|p2a: Suicune
|inactive|CCGeek has 270 seconds left.
|
|t:|1728066592
|switch|p2a: Jirachi|Jirachi|100/100
|
|upkeep
|turn|37
|
|t:|1728066597
|move|p1a: Heracross|Megahorn|p2a: Jirachi
|-damage|p2a: Jirachi|0 fnt
|faint|p2a: Jirachi
|
|t:|1728066600
|switch|p2a: Metagross|Metagross|100/100
|
|upkeep
|turn|38
|
|t:|1728066603
|move|p1a: Heracross|Megahorn|p2a: Metagross|[miss]
|-miss|p1a: Heracross|p2a: Metagross
|move|p2a: Metagross|Earthquake|p1a: Heracross
|-resisted|p1a: Heracross
|-damage|p1a: Heracross|0 fnt
|faint|p1a: Heracross
|
|win|CCGeek
|c|☆GSC_Lover_Boy|gg
|c|☆CCGeek|OH MAN
|c|☆CCGeek|sorry D:
|c|☆GSC_Lover_Boy|that's ok, well played

</script>
<script type="application/json" class="data" id="replaydata-smogtours-gen3ou-794632">
{"id":"smogtours-gen3ou-794632","format":"[Gen 3] OU","players":["GSC_Lover_Boy","CCGeek"],"uploadtime":1728066603,"views":138,"formatid":"gen3ou","rating":null,"private":0,"password":null}
</script>

<script defer src="js/replays.js?9d40a366"></script>
