<!DOCTYPE html>
<meta charset="utf-8" />
<meta name="viewport" content="width=device-width" />

<title>[Gen 3] OU: azepto vs. mysticaisand - Replays - Pok&eacute;mon Showdown!</title>

<meta name="description" content="Watch a replay of a Pok&eacute;mon battle between azepto and mysticaisand! Format: [Gen 3] OU; Date: Oct 2, 2024" />
<!--

Hey, you! Looking in the source for the replay log?

You can find them in JSON format, just add `.json` at the end of a replay URL.

https://replay.pokemonshowdown.com/gen7randomdoublesbattle-865046831.json

Or, if you only need the log itself, add `.log` instead:

https://replay.pokemonshowdown.com/gen7randomdoublesbattle-865046831.log

-->

<link rel="stylesheet" href="//pokemonshowdown.com/style/global.css?0.023195364461161105" />
<link rel="stylesheet" href="//play.pokemonshowdown.com/style/font-awesome.css?0.13261647063804238" />
<link rel="stylesheet" href="//play.pokemonshowdown.com/style/battle.css?0.8753245789963631" />
<link rel="stylesheet" href="//play.pokemonshowdown.com/style/utilichart.css?0.8627959624976733" />

<!-- Global site tag (gtag.js) - Google Analytics -->
<script async src="https://www.googletagmanager.com/gtag/js?id=UA-26211653-1"></script>
<script>
  window.dataLayer = window.dataLayer || [];
  function gtag(){dataLayer.push(arguments);}
  gtag('js', new Date());

  gtag('config', 'UA-26211653-1');
</script>
<!-- End Google Analytics -->
<!-- Venatus Ad Manager - Install in <HEAD> of page -->
	<script src="https://hb.vntsm.com/v3/live/ad-manager.min.js" type="text/javascript" data-site-id="642aba63ec9a7b11c3c9c1be" data-mode="scan" async></script>
<!-- / Venatus Ad Manager -->

<style>
	@media (max-width:820px) {
		.battle {
			margin: 0 auto;
		}
		.battle-log {
			margin: 7px auto 0;
			max-width: 640px;
			height: 300px;
			position: static;
		}
	}
	.optgroup {
		display: inline-block;
		line-height: 22px;
		font-size: 10pt;
	}
	.optgroup .button {
		height: 25px;
		padding-top: 0;
		padding-bottom: 0;
	}
	.optgroup button.button {
		padding-left: 12px;
		padding-right: 12px;
	}
	.linklist {
		list-style: none;
		margin: 0.5em 0;
		padding: 0;
	}
	.linklist li {
		padding: 2px 0;
	}
	.sidebar {
		float: left;
		width: 320px;
	}
	.bar-wrapper {
		max-width: 1100px;
		margin: 0 auto;
	}
	.bar-wrapper.has-sidebar {
		max-width: 1430px;
	}
	.mainbar {
		margin: 0;
		padding-right: 1px;
	}
	.mainbar.has-sidebar {
		margin-left: 330px;
	}
	@media (min-width: 1511px) {
		.sidebar {
			width: 400px;
		}
		.bar-wrapper.has-sidebar {
			max-width: 1510px;
		}
		.mainbar.has-sidebar {
			margin-left: 410px;
		}
	}
	.section.first-section {
		margin-top: 9px;
	}
	.blocklink small {
		white-space: normal;
	}
	.button {
		vertical-align: middle;
	}
	.replay-controls {
		padding-top: 10px;
	}
	.replay-controls h1 {
		font-size: 16pt;
		font-weight: normal;
		color: #CCC;
	}
	.pagelink {
		text-align: center;
	}
	.pagelink a {
		width: 150px;
	}
	.textbox, .button {
		font-size: 11pt;
		vertical-align: middle;
	}
	@media (max-width: 450px) {
		.button {
			font-size: 9pt;
		}
	}
</style>

<div>

	<header>
		<div class="nav-wrapper"><ul class="nav">
			<li><a class="button nav-first" href="//pokemonshowdown.com/"><img src="//pokemonshowdown.com/images/pokemonshowdownbeta.png" srcset="//pokemonshowdown.com/images/pokemonshowdownbeta.png 1x, //pokemonshowdown.com/images/pokemonshowdownbeta@2x.png 2x" alt="Pok&eacute;mon Showdown" width="146" height="44" /> Home</a></li>
			<li><a class="button" href="//pokemonshowdown.com/dex/">Pok&eacute;dex</a></li>
			<li><a class="button cur" href="/">Replays</a></li>
			<li><a class="button" href="//pokemonshowdown.com/ladder/">Ladder</a></li>
			<li><a class="button nav-last" href="//pokemonshowdown.com/forums/">Forum</a></li>
			<li><a class="button greenbutton nav-first nav-last" href="//play.pokemonshowdown.com/">Play</a></li>
		</ul></div>
	</header>

	<div class="main" id="main">

		<noscript><section class="section">You need to enable JavaScript to use this page; sorry!</section></noscript>

	</div>

</div>

<script defer nomodule src="//play.pokemonshowdown.com/js/lib/ps-polyfill.js"></script>
<script defer src="//play.pokemonshowdown.com/js/lib/preact.min.js"></script>

<script defer src="//play.pokemonshowdown.com/config/config.js?2bddbc15"></script>
<script defer src="//play.pokemonshowdown.com/js/lib/jquery-1.11.0.min.js"></script>
<script defer src="//play.pokemonshowdown.com/js/lib/html-sanitizer-minified.js"></script>
<script defer src="//play.pokemonshowdown.com/js/battle-sound.js"></script>
<script defer src="//play.pokemonshowdown.com/js/battledata.js?0.7209276989879541"></script>
<script defer src="//play.pokemonshowdown.com/data/pokedex-mini.js?0.6111056340867951"></script>
<script defer src="//play.pokemonshowdown.com/data/pokedex-mini-bw.js?0.3532142036491459"></script>
<script defer src="//play.pokemonshowdown.com/data/graphics.js?0.24223875632456182"></script>
<script defer src="//play.pokemonshowdown.com/data/pokedex.js?0.38839984266356864"></script>
<script defer src="//play.pokemonshowdown.com/data/moves.js?0.21866028504024015"></script>
<script defer src="//play.pokemonshowdown.com/data/abilities.js?0.2005157953846628"></script>
<script defer src="//play.pokemonshowdown.com/data/items.js?0.9894211263848525"></script>
<script defer src="//play.pokemonshowdown.com/data/teambuilder-tables.js?0.6008791140282215"></script>
<script defer src="//play.pokemonshowdown.com/js/battle-tooltips.js?0.7580118955022959"></script>
<script defer src="//play.pokemonshowdown.com/js/battle.js?0.6057722274234274"></script>

<script defer src="js/utils.js?e31f9a17"></script>
<script defer src="js/replays-battle.js?7008c182"></script>

<!-- don't scrape this data! just add .json or .log after the URL!
Full API docs: https://github.com/smogon/pokemon-showdown-client/blob/master/WEB-API.md -->
<script type="text/plain" class="log" id="replaylog-smogtours-gen3ou-793950">
|inactive|Battle timer is ON: inactive players will automatically lose when time's up.
|t:|1727881757
|gametype|singles
|player|p1|azepto|officeworker|
|player|p2|mysticaisand|clair|
|teamsize|p1|6
|teamsize|p2|6
|gen|3
|tier|[Gen 3] OU
|rule|Sleep Clause Mod: Limit one foe put to sleep
|rule|Switch Priority Clause Mod: Faster Pokémon switch first
|rule|Species Clause: Limit one of each Pokémon
|rule|OHKO Clause: OHKO moves are banned
|rule|Evasion Items Clause: Evasion items are banned
|rule|Evasion Moves Clause: Evasion moves are banned
|rule|Endless Battle Clause: Forcing endless battles is banned
|rule|HP Percentage Mod: HP is shown in percentages
|rule|One Boost Passer Clause: Limit one Baton Passer that has a way to boost its stats
|rule|Freeze Clause Mod: Limit one foe frozen
|
|t:|1727881757
|start
|switch|p1a: Metagross|Metagross|100/100
|switch|p2a: Great Musk|Suicune, shiny|100/100
|turn|1
|inactive|azepto has 270 seconds left.
|inactive|azepto has 240 seconds left.
|
|t:|1727881828
|switch|p1a: Blissey|Blissey, F|100/100
|move|p2a: Great Musk|Substitute|p2a: Great Musk
|-start|p2a: Great Musk|Substitute
|-damage|p2a: Great Musk|75/100
|
|-heal|p2a: Great Musk|82/100|[from] item: Leftovers
|upkeep
|turn|2
|
|t:|1727881831
|move|p2a: Great Musk|Calm Mind|p2a: Great Musk
|-boost|p2a: Great Musk|spa|1
|-boost|p2a: Great Musk|spd|1
|move|p1a: Blissey|Seismic Toss|p2a: Great Musk
|-end|p2a: Great Musk|Substitute
|
|-heal|p2a: Great Musk|88/100|[from] item: Leftovers
|upkeep
|turn|3
|
|t:|1727881838
|switch|p2a: Iron Coward|Celebi|100/100
|move|p1a: Blissey|Seismic Toss|p2a: Iron Coward
|-damage|p2a: Iron Coward|74/100
|
|-heal|p2a: Iron Coward|81/100|[from] item: Leftovers
|upkeep
|turn|4
|inactive|azepto has 270 seconds left.
|
|t:|1727881889
|move|p2a: Iron Coward|Leech Seed|p1a: Blissey
|-start|p1a: Blissey|move: Leech Seed
|move|p1a: Blissey|Sing|p2a: Iron Coward
|-status|p2a: Iron Coward|slp|[from] move: Sing
|
|-heal|p2a: Iron Coward|87/100 slp|[from] item: Leftovers
|-damage|p1a: Blissey|88/100|[from] Leech Seed|[of] p2a: Iron Coward
|-heal|p2a: Iron Coward|100/100 slp|[silent]
|upkeep
|turn|5
|
|t:|1727881900
|-curestatus|p2a: Iron Coward|slp|[from] ability: Natural Cure
|switch|p2a: Great Musk|Suicune, shiny|88/100
|switch|p1a: Metagross|Metagross|100/100
|
|-heal|p2a: Great Musk|94/100|[from] item: Leftovers
|upkeep
|turn|6
|
|t:|1727881904
|switch|p1a: Blissey|Blissey, F|88/100
|move|p2a: Great Musk|Hydro Pump|p1a: Blissey
|-damage|p1a: Blissey|67/100
|
|-heal|p2a: Great Musk|99/100|[from] item: Leftovers
|-heal|p1a: Blissey|73/100|[from] item: Leftovers
|upkeep
|turn|7
|
|t:|1727881909
|switch|p2a: Iron Coward|Celebi|100/100
|move|p1a: Blissey|Seismic Toss|p2a: Iron Coward
|-damage|p2a: Iron Coward|74/100
|
|-heal|p2a: Iron Coward|81/100|[from] item: Leftovers
|-heal|p1a: Blissey|79/100|[from] item: Leftovers
|upkeep
|turn|8
|inactive|azepto has 270 seconds left.
|
|t:|1727881925
|switch|p1a: Metagross|Metagross|100/100
|move|p2a: Iron Coward|Leech Seed|p1a: Metagross
|-start|p1a: Metagross|move: Leech Seed
|
|-heal|p2a: Iron Coward|87/100|[from] item: Leftovers
|-damage|p1a: Metagross|88/100|[from] Leech Seed|[of] p2a: Iron Coward
|-heal|p2a: Iron Coward|99/100|[silent]
|upkeep
|turn|9
|
|t:|1727881932
|switch|p2a: Great Musk|Suicune, shiny|99/100
|move|p1a: Metagross|Explosion|p2a: Great Musk
|-damage|p2a: Great Musk|0 fnt
|faint|p1a: Metagross
|faint|p2a: Great Musk
|inactive|azepto has 270 seconds left.
|
|t:|1727881948
|switch|p2a: Iron Coward|Celebi|99/100
|switch|p1a: Blissey|Blissey, F|79/100
|
|-heal|p2a: Iron Coward|100/100|[from] item: Leftovers
|-heal|p1a: Blissey|86/100|[from] item: Leftovers
|upkeep
|turn|10
|inactive|azepto has 270 seconds left.
|
|t:|1727881959
|move|p2a: Iron Coward|Leech Seed|p1a: Blissey
|-start|p1a: Blissey|move: Leech Seed
|move|p1a: Blissey|Sing|p2a: Iron Coward|[miss]
|-miss|p1a: Blissey|p2a: Iron Coward
|
|-heal|p1a: Blissey|92/100|[from] item: Leftovers
|-damage|p1a: Blissey|79/100|[from] Leech Seed|[of] p2a: Iron Coward
|upkeep
|turn|11
|
|t:|1727881967
|switch|p1a: Claydol|Claydol|100/100
|move|p2a: Iron Coward|Calm Mind|p2a: Iron Coward
|-boost|p2a: Iron Coward|spa|1
|-boost|p2a: Iron Coward|spd|1
|
|upkeep
|turn|12
|
|t:|1727881971
|move|p2a: Iron Coward|Baton Pass|p2a: Iron Coward
|
|t:|1727881976
|switch|p2a: Silverdengo|Porygon2, shiny|100/100|[from] Baton Pass
|-ability|p2a: Silverdengo|Levitate|[from] ability: Trace|[of] p1a: Claydol
|move|p1a: Claydol|Explosion|p2a: Silverdengo
|-damage|p2a: Silverdengo|40/100
|faint|p1a: Claydol
|inactive|azepto has 270 seconds left.
|inactive|azepto has 240 seconds left.
|
|t:|1727882055
|switch|p1a: Blissey|Blissey, F|79/100
|
|-heal|p1a: Blissey|85/100|[from] item: Leftovers
|-heal|p2a: Silverdengo|46/100|[from] item: Leftovers
|upkeep
|turn|13
|
|t:|1727882063
|switch|p2a: Iron Coward|Celebi|100/100
|move|p1a: Blissey|Sing|p2a: Iron Coward
|-status|p2a: Iron Coward|slp|[from] move: Sing
|
|-heal|p1a: Blissey|92/100|[from] item: Leftovers
|upkeep
|turn|14
|
|t:|1727882067
|-curestatus|p2a: Iron Coward|slp|[from] ability: Natural Cure
|switch|p2a: Silverdengo|Porygon2, shiny|46/100
|-ability|p2a: Silverdengo|Natural Cure|[from] ability: Trace|[of] p1a: Blissey
|move|p1a: Blissey|Ice Beam|p2a: Silverdengo
|-damage|p2a: Silverdengo|21/100
|
|-heal|p1a: Blissey|98/100|[from] item: Leftovers
|-heal|p2a: Silverdengo|28/100|[from] item: Leftovers
|upkeep
|turn|15
|
|t:|1727882071
|move|p1a: Blissey|Sing|p2a: Silverdengo|[miss]
|-miss|p1a: Blissey|p2a: Silverdengo
|move|p2a: Silverdengo|Recover|p2a: Silverdengo
|-heal|p2a: Silverdengo|78/100
|
|-heal|p1a: Blissey|100/100|[from] item: Leftovers
|-heal|p2a: Silverdengo|84/100|[from] item: Leftovers
|upkeep
|turn|16
|
|t:|1727882074
|move|p1a: Blissey|Sing|p2a: Silverdengo
|-status|p2a: Silverdengo|slp|[from] move: Sing
|cant|p2a: Silverdengo|slp
|
|-heal|p2a: Silverdengo|90/100 slp|[from] item: Leftovers
|upkeep
|turn|17
|
|t:|1727882084
|-curestatus|p2a: Silverdengo|slp|[from] ability: Natural Cure
|switch|p2a: Iron Coward|Celebi|100/100
|move|p1a: Blissey|Seismic Toss|p2a: Iron Coward
|-damage|p2a: Iron Coward|74/100
|
|-heal|p2a: Iron Coward|81/100|[from] item: Leftovers
|upkeep
|turn|18
|
|t:|1727882088
|move|p2a: Iron Coward|Leech Seed|p1a: Blissey
|-start|p1a: Blissey|move: Leech Seed
|move|p1a: Blissey|Sing|p2a: Iron Coward
|-status|p2a: Iron Coward|slp|[from] move: Sing
|
|-heal|p2a: Iron Coward|87/100 slp|[from] item: Leftovers
|-damage|p1a: Blissey|88/100|[from] Leech Seed|[of] p2a: Iron Coward
|-heal|p2a: Iron Coward|100/100 slp|[silent]
|upkeep
|turn|19
|inactive|azepto has 270 seconds left.
|
|t:|1727882116
|-curestatus|p2a: Iron Coward|slp|[from] ability: Natural Cure
|switch|p2a: Silverdengo|Porygon2, shiny|90/100
|-ability|p2a: Silverdengo|Natural Cure|[from] ability: Trace|[of] p1a: Blissey
|switch|p1a: Gengar|Gengar, M|100/100
|
|-heal|p2a: Silverdengo|96/100|[from] item: Leftovers
|upkeep
|turn|20
|
|t:|1727882122
|switch|p1a: Blissey|Blissey, F|88/100
|move|p2a: Silverdengo|Thunderbolt|p1a: Blissey
|-damage|p1a: Blissey|79/100
|
|-heal|p1a: Blissey|85/100|[from] item: Leftovers
|-heal|p2a: Silverdengo|100/100|[from] item: Leftovers
|upkeep
|turn|21
|
|t:|1727882126
|move|p1a: Blissey|Ice Beam|p2a: Silverdengo
|-damage|p2a: Silverdengo|77/100
|move|p2a: Silverdengo|Toxic|p1a: Blissey|[miss]
|-miss|p2a: Silverdengo|p1a: Blissey
|
|-heal|p1a: Blissey|91/100|[from] item: Leftovers
|-heal|p2a: Silverdengo|83/100|[from] item: Leftovers
|upkeep
|turn|22
|
|t:|1727882130
|move|p1a: Blissey|Sing|p2a: Silverdengo|[miss]
|-miss|p1a: Blissey|p2a: Silverdengo
|move|p2a: Silverdengo|Toxic|p1a: Blissey
|-status|p1a: Blissey|tox
|
|-heal|p1a: Blissey|97/100 tox|[from] item: Leftovers
|-damage|p1a: Blissey|91/100 tox|[from] psn
|-heal|p2a: Silverdengo|89/100|[from] item: Leftovers
|upkeep
|turn|23
|
|t:|1727882143
|-curestatus|p1a: Blissey|tox|[from] ability: Natural Cure
|switch|p1a: Snorlax|Snorlax, F|100/100
|switch|p2a: Iron Coward|Celebi|100/100
|
|upkeep
|turn|24
|inactive|azepto has 270 seconds left.
|
|t:|1727882175
|switch|p1a: Blissey|Blissey, F|91/100
|move|p2a: Iron Coward|Leech Seed|p1a: Blissey
|-start|p1a: Blissey|move: Leech Seed
|
|-heal|p1a: Blissey|97/100|[from] item: Leftovers
|-damage|p1a: Blissey|85/100|[from] Leech Seed|[of] p2a: Iron Coward
|upkeep
|turn|25
|
|t:|1727882181
|switch|p1a: Snorlax|Snorlax, F|100/100
|move|p2a: Iron Coward|Calm Mind|p2a: Iron Coward
|-boost|p2a: Iron Coward|spa|1
|-boost|p2a: Iron Coward|spd|1
|
|upkeep
|turn|26
|
|t:|1727882191
|move|p2a: Iron Coward|Leech Seed|p1a: Snorlax
|-start|p1a: Snorlax|move: Leech Seed
|move|p1a: Snorlax|Body Slam|p2a: Iron Coward
|-damage|p2a: Iron Coward|68/100
|-status|p2a: Iron Coward|par
|
|-damage|p1a: Snorlax|88/100|[from] Leech Seed|[of] p2a: Iron Coward
|-heal|p2a: Iron Coward|84/100 par|[silent]
|-heal|p2a: Iron Coward|90/100 par|[from] item: Leftovers
|upkeep
|turn|27
|inactive|azepto has 270 seconds left.
|
|t:|1727882226
|switch|p1a: Gengar|Gengar, M|100/100
|move|p2a: Iron Coward|Calm Mind|p2a: Iron Coward
|-boost|p2a: Iron Coward|spa|1
|-boost|p2a: Iron Coward|spd|1
|
|-heal|p2a: Iron Coward|97/100 par|[from] item: Leftovers
|upkeep
|turn|28
|inactive|azepto has 270 seconds left.
|
|t:|1727882244
|move|p1a: Gengar|Ice Punch|p2a: Iron Coward
|-supereffective|p2a: Iron Coward
|-crit|p2a: Iron Coward
|-damage|p2a: Iron Coward|18/100 par
|move|p2a: Iron Coward|Baton Pass|p2a: Iron Coward
|inactive|mysticaisand has 270 seconds left.
|
|t:|1727882271
|-curestatus|p2a: Iron Coward|par|[from] ability: Natural Cure
|switch|p2a: Queengambit|Raikou, shiny|100/100|[from] Baton Pass
|
|upkeep
|turn|29
|inactive|azepto has 270 seconds left.
|inactive|azepto has 240 seconds left.
|inactive|azepto has 210 seconds left.
|
|t:|1727882355
|move|p2a: Queengambit|Substitute|p2a: Queengambit
|-start|p2a: Queengambit|Substitute
|-damage|p2a: Queengambit|76/100
|move|p1a: Gengar|Explosion|p2a: Queengambit
|-end|p2a: Queengambit|Substitute
|faint|p1a: Gengar
|
|t:|1727882361
|switch|p1a: Snorlax|Snorlax, F|88/100
|
|-heal|p2a: Queengambit|82/100|[from] item: Leftovers
|-heal|p1a: Snorlax|94/100|[from] item: Leftovers
|upkeep
|turn|30
|
|t:|1727882369
|move|p2a: Queengambit|Thunderbolt|p1a: Snorlax
|-damage|p1a: Snorlax|40/100
|move|p1a: Snorlax|Body Slam|p2a: Queengambit
|-damage|p2a: Queengambit|35/100
|-status|p2a: Queengambit|par
|
|-heal|p2a: Queengambit|41/100 par|[from] item: Leftovers
|-heal|p1a: Snorlax|46/100|[from] item: Leftovers
|upkeep
|turn|31
|inactive|azepto has 210 seconds left.
|
|t:|1727882383
|move|p2a: Queengambit|Thunderbolt|p1a: Snorlax
|-damage|p1a: Snorlax|0 fnt
|faint|p1a: Snorlax
|
|t:|1727882389
|switch|p1a: Dugtrio|Dugtrio, M|100/100
|
|-heal|p2a: Queengambit|47/100 par|[from] item: Leftovers
|upkeep
|turn|32
|
|t:|1727882393
|move|p1a: Dugtrio|Earthquake|p2a: Queengambit
|-supereffective|p2a: Queengambit
|-damage|p2a: Queengambit|0 fnt
|faint|p2a: Queengambit
|
|t:|1727882396
|switch|p2a: Silverdengo|Porygon2, shiny|89/100
|-ability|p2a: Silverdengo|Arena Trap|[from] ability: Trace|[of] p1a: Dugtrio
|
|-heal|p2a: Silverdengo|95/100|[from] item: Leftovers
|upkeep
|turn|33
|
|t:|1727882399
|move|p1a: Dugtrio|Earthquake|p2a: Silverdengo
|-damage|p2a: Silverdengo|48/100
|move|p2a: Silverdengo|Recover|p2a: Silverdengo
|-heal|p2a: Silverdengo|98/100
|
|-heal|p2a: Silverdengo|100/100|[from] item: Leftovers
|upkeep
|turn|34
|
|t:|1727882402
|move|p1a: Dugtrio|Earthquake|p2a: Silverdengo
|-damage|p2a: Silverdengo|57/100
|move|p2a: Silverdengo|Recover|p2a: Silverdengo
|-heal|p2a: Silverdengo|100/100
|
|upkeep
|turn|35
|
|t:|1727882404
|move|p1a: Dugtrio|Earthquake|p2a: Silverdengo
|-damage|p2a: Silverdengo|58/100
|move|p2a: Silverdengo|Recover|p2a: Silverdengo
|-heal|p2a: Silverdengo|100/100
|
|upkeep
|turn|36
|
|t:|1727882406
|move|p1a: Dugtrio|Earthquake|p2a: Silverdengo
|-damage|p2a: Silverdengo|59/100
|move|p2a: Silverdengo|Recover|p2a: Silverdengo
|-heal|p2a: Silverdengo|100/100
|
|upkeep
|turn|37
|
|t:|1727882408
|move|p1a: Dugtrio|Earthquake|p2a: Silverdengo
|-damage|p2a: Silverdengo|56/100
|move|p2a: Silverdengo|Recover|p2a: Silverdengo
|-heal|p2a: Silverdengo|100/100
|
|upkeep
|turn|38
|
|t:|1727882410
|move|p1a: Dugtrio|Earthquake|p2a: Silverdengo
|-damage|p2a: Silverdengo|57/100
|move|p2a: Silverdengo|Recover|p2a: Silverdengo
|-heal|p2a: Silverdengo|100/100
|
|upkeep
|turn|39
|
|t:|1727882412
|move|p1a: Dugtrio|Earthquake|p2a: Silverdengo
|-damage|p2a: Silverdengo|55/100
|move|p2a: Silverdengo|Recover|p2a: Silverdengo
|-heal|p2a: Silverdengo|100/100
|
|upkeep
|turn|40
|
|t:|1727882414
|move|p1a: Dugtrio|Earthquake|p2a: Silverdengo
|-damage|p2a: Silverdengo|55/100
|move|p2a: Silverdengo|Recover|p2a: Silverdengo
|-heal|p2a: Silverdengo|100/100
|
|upkeep
|turn|41
|
|t:|1727882417
|move|p1a: Dugtrio|Earthquake|p2a: Silverdengo
|-damage|p2a: Silverdengo|58/100
|move|p2a: Silverdengo|Recover|p2a: Silverdengo
|-heal|p2a: Silverdengo|100/100
|
|upkeep
|turn|42
|
|t:|1727882419
|move|p1a: Dugtrio|Earthquake|p2a: Silverdengo
|-damage|p2a: Silverdengo|53/100
|move|p2a: Silverdengo|Recover|p2a: Silverdengo
|-heal|p2a: Silverdengo|100/100
|
|upkeep
|turn|43
|
|t:|1727882421
|move|p1a: Dugtrio|Earthquake|p2a: Silverdengo
|-damage|p2a: Silverdengo|60/100
|move|p2a: Silverdengo|Recover|p2a: Silverdengo
|-heal|p2a: Silverdengo|100/100
|
|upkeep
|turn|44
|
|t:|1727882423
|move|p1a: Dugtrio|Earthquake|p2a: Silverdengo
|-crit|p2a: Silverdengo
|-damage|p2a: Silverdengo|15/100
|move|p2a: Silverdengo|Recover|p2a: Silverdengo
|-heal|p2a: Silverdengo|65/100
|
|-heal|p2a: Silverdengo|72/100|[from] item: Leftovers
|upkeep
|turn|45
|
|t:|1727882425
|move|p1a: Dugtrio|Earthquake|p2a: Silverdengo
|-damage|p2a: Silverdengo|29/100
|move|p2a: Silverdengo|Recover|p2a: Silverdengo
|-heal|p2a: Silverdengo|79/100
|
|-heal|p2a: Silverdengo|85/100|[from] item: Leftovers
|upkeep
|turn|46
|
|t:|1727882427
|move|p1a: Dugtrio|Earthquake|p2a: Silverdengo
|-damage|p2a: Silverdengo|40/100
|move|p2a: Silverdengo|Recover|p2a: Silverdengo
|-heal|p2a: Silverdengo|90/100
|
|-heal|p2a: Silverdengo|96/100|[from] item: Leftovers
|upkeep
|turn|47
|
|t:|1727882431
|move|p1a: Dugtrio|Struggle|p2a: Silverdengo
|-damage|p2a: Silverdengo|80/100
|-damage|p1a: Dugtrio|93/100|[from] Recoil|[of] p2a: Silverdengo
|move|p2a: Silverdengo|Ice Beam|p1a: Dugtrio
|-supereffective|p1a: Dugtrio
|-damage|p1a: Dugtrio|0 fnt
|faint|p1a: Dugtrio
|
|t:|1727882432
|switch|p1a: Blissey|Blissey, F|85/100
|
|-heal|p1a: Blissey|91/100|[from] item: Leftovers
|-heal|p2a: Silverdengo|86/100|[from] item: Leftovers
|upkeep
|turn|48
|
|t:|1727882434
|move|p1a: Blissey|Sing|p2a: Silverdengo
|-status|p2a: Silverdengo|slp|[from] move: Sing
|cant|p2a: Silverdengo|slp
|
|-heal|p1a: Blissey|97/100|[from] item: Leftovers
|-heal|p2a: Silverdengo|92/100 slp|[from] item: Leftovers
|upkeep
|turn|49
|
|t:|1727882455
|switch|p2a: Iron Coward|Celebi|18/100
|move|p1a: Blissey|Seismic Toss|p2a: Iron Coward
|-damage|p2a: Iron Coward|0 fnt
|faint|p2a: Iron Coward
|
|t:|1727882459
|switch|p2a: Roaring Sun|Dugtrio, M|100/100
|
|-heal|p1a: Blissey|100/100|[from] item: Leftovers
|upkeep
|turn|50
|
|t:|1727882461
|move|p2a: Roaring Sun|Earthquake|p1a: Blissey
|-damage|p1a: Blissey|45/100
|move|p1a: Blissey|Ice Beam|p2a: Roaring Sun
|-supereffective|p2a: Roaring Sun
|-damage|p2a: Roaring Sun|17/100
|
|-heal|p1a: Blissey|51/100|[from] item: Leftovers
|upkeep
|turn|51
|
|t:|1727882466
|move|p2a: Roaring Sun|Earthquake|p1a: Blissey
|-damage|p1a: Blissey|0 fnt
|faint|p1a: Blissey
|
|win|mysticaisand
|c|☆azepto|gg!
|c|☆mysticaisand|gg
|player|p1|

</script>
<script type="application/json" class="data" id="replaydata-smogtours-gen3ou-793950">
{"id":"smogtours-gen3ou-793950","format":"[Gen 3] OU","players":["azepto","mysticaisand"],"uploadtime":1727882466,"views":89,"formatid":"gen3ou","rating":null,"private":0,"password":null}
</script>

<script defer src="js/replays.js?9d40a366"></script>
