<!DOCTYPE html>
<meta charset="utf-8" />
<meta name="viewport" content="width=device-width" />

<title>[Gen 3] OU: no more bad dreams vs. ShotoNC - Replays - Pok&eacute;mon Showdown!</title>

<meta name="description" content="Watch a replay of a Pok&eacute;mon battle between no more bad dreams and ShotoNC! Format: [Gen 3] OU; Date: Oct 12, 2024" />
<!--

Hey, you! Looking in the source for the replay log?

You can find them in JSON format, just add `.json` at the end of a replay URL.

https://replay.pokemonshowdown.com/gen7randomdoublesbattle-865046831.json

Or, if you only need the log itself, add `.log` instead:

https://replay.pokemonshowdown.com/gen7randomdoublesbattle-865046831.log

-->

<link rel="stylesheet" href="//pokemonshowdown.com/style/global.css?0.767286132409787" />
<link rel="stylesheet" href="//play.pokemonshowdown.com/style/font-awesome.css?0.9266228007934947" />
<link rel="stylesheet" href="//play.pokemonshowdown.com/style/battle.css?0.7924700842790926" />
<link rel="stylesheet" href="//play.pokemonshowdown.com/style/utilichart.css?0.8777417872839479" />

<!-- Global site tag (gtag.js) - Google Analytics -->
<script async src="https://www.googletagmanager.com/gtag/js?id=UA-26211653-1"></script>
<script>
  window.dataLayer = window.dataLayer || [];
  function gtag(){dataLayer.push(arguments);}
  gtag('js', new Date());

  gtag('config', 'UA-26211653-1');
</script>
<!-- End Google Analytics -->
<!-- Venatus Ad Manager - Install in <HEAD> of page -->
	<script src="https://hb.vntsm.com/v3/live/ad-manager.min.js" type="text/javascript" data-site-id="642aba63ec9a7b11c3c9c1be" data-mode="scan" async></script>
<!-- / Venatus Ad Manager -->

<style>
	@media (max-width:820px) {
		.battle {
			margin: 0 auto;
		}
		.battle-log {
			margin: 7px auto 0;
			max-width: 640px;
			height: 300px;
			position: static;
		}
	}
	.optgroup {
		display: inline-block;
		line-height: 22px;
		font-size: 10pt;
	}
	.optgroup .button {
		height: 25px;
		padding-top: 0;
		padding-bottom: 0;
	}
	.optgroup button.button {
		padding-left: 12px;
		padding-right: 12px;
	}
	.linklist {
		list-style: none;
		margin: 0.5em 0;
		padding: 0;
	}
	.linklist li {
		padding: 2px 0;
	}
	.sidebar {
		float: left;
		width: 320px;
	}
	.bar-wrapper {
		max-width: 1100px;
		margin: 0 auto;
	}
	.bar-wrapper.has-sidebar {
		max-width: 1430px;
	}
	.mainbar {
		margin: 0;
		padding-right: 1px;
	}
	.mainbar.has-sidebar {
		margin-left: 330px;
	}
	@media (min-width: 1511px) {
		.sidebar {
			width: 400px;
		}
		.bar-wrapper.has-sidebar {
			max-width: 1510px;
		}
		.mainbar.has-sidebar {
			margin-left: 410px;
		}
	}
	.section.first-section {
		margin-top: 9px;
	}
	.blocklink small {
		white-space: normal;
	}
	.button {
		vertical-align: middle;
	}
	.replay-controls {
		padding-top: 10px;
	}
	.replay-controls h1 {
		font-size: 16pt;
		font-weight: normal;
		color: #CCC;
	}
	.pagelink {
		text-align: center;
	}
	.pagelink a {
		width: 150px;
	}
	.textbox, .button {
		font-size: 11pt;
		vertical-align: middle;
	}
	@media (max-width: 450px) {
		.button {
			font-size: 9pt;
		}
	}
</style>

<div>

	<header>
		<div class="nav-wrapper"><ul class="nav">
			<li><a class="button nav-first" href="//pokemonshowdown.com/"><img src="//pokemonshowdown.com/images/pokemonshowdownbeta.png" srcset="//pokemonshowdown.com/images/pokemonshowdownbeta.png 1x, //pokemonshowdown.com/images/pokemonshowdownbeta@2x.png 2x" alt="Pok&eacute;mon Showdown" width="146" height="44" /> Home</a></li>
			<li><a class="button" href="//pokemonshowdown.com/dex/">Pok&eacute;dex</a></li>
			<li><a class="button cur" href="/">Replays</a></li>
			<li><a class="button" href="//pokemonshowdown.com/ladder/">Ladder</a></li>
			<li><a class="button nav-last" href="//pokemonshowdown.com/forums/">Forum</a></li>
			<li><a class="button greenbutton nav-first nav-last" href="//play.pokemonshowdown.com/">Play</a></li>
		</ul></div>
	</header>

	<div class="main" id="main">

		<noscript><section class="section">You need to enable JavaScript to use this page; sorry!</section></noscript>

	</div>

</div>

<script defer nomodule src="//play.pokemonshowdown.com/js/lib/ps-polyfill.js"></script>
<script defer src="//play.pokemonshowdown.com/js/lib/preact.min.js"></script>

<script defer src="//play.pokemonshowdown.com/config/config.js?6dec07f6"></script>
<script defer src="//play.pokemonshowdown.com/js/lib/jquery-1.11.0.min.js"></script>
<script defer src="//play.pokemonshowdown.com/js/lib/html-sanitizer-minified.js"></script>
<script defer src="//play.pokemonshowdown.com/js/battle-sound.js"></script>
<script defer src="//play.pokemonshowdown.com/js/battledata.js?0.6315294753075389"></script>
<script defer src="//play.pokemonshowdown.com/data/pokedex-mini.js?0.7603743185311358"></script>
<script defer src="//play.pokemonshowdown.com/data/pokedex-mini-bw.js?0.030888842834281283"></script>
<script defer src="//play.pokemonshowdown.com/data/graphics.js?0.05593094747507488"></script>
<script defer src="//play.pokemonshowdown.com/data/pokedex.js?0.47064822249611904"></script>
<script defer src="//play.pokemonshowdown.com/data/moves.js?0.8583693120512459"></script>
<script defer src="//play.pokemonshowdown.com/data/abilities.js?0.16017181182386842"></script>
<script defer src="//play.pokemonshowdown.com/data/items.js?0.4163379185673943"></script>
<script defer src="//play.pokemonshowdown.com/data/teambuilder-tables.js?0.31075597372830477"></script>
<script defer src="//play.pokemonshowdown.com/js/battle-tooltips.js?0.6536193500708172"></script>
<script defer src="//play.pokemonshowdown.com/js/battle.js?0.1916591943277901"></script>

<script defer src="js/utils.js?e31f9a17"></script>
<script defer src="js/replays-battle.js?7008c182"></script>

<!-- don't scrape this data! just add .json or .log after the URL!
Full API docs: https://github.com/smogon/pokemon-showdown-client/blob/master/WEB-API.md -->
<script type="text/plain" class="log" id="replaylog-smogtours-gen3ou-797661">
|inactive|Battle timer is ON: inactive players will automatically lose when time's up.
|t:|1728757527
|gametype|singles
|player|p1|no more bad dreams|skullgruntf|
|player|p2|ShotoNC|benga|
|teamsize|p1|6
|teamsize|p2|6
|gen|3
|tier|[Gen 3] OU
|rule|Sleep Clause Mod: Limit one foe put to sleep
|rule|Switch Priority Clause Mod: Faster Pokémon switch first
|rule|Species Clause: Limit one of each Pokémon
|rule|OHKO Clause: OHKO moves are banned
|rule|Evasion Items Clause: Evasion items are banned
|rule|Evasion Moves Clause: Evasion moves are banned
|rule|Endless Battle Clause: Forcing endless battles is banned
|rule|HP Percentage Mod: HP is shown in percentages
|rule|One Boost Passer Clause: Limit one Baton Passer that has a way to boost its stats
|rule|Freeze Clause Mod: Limit one foe frozen
|
|t:|1728757527
|start
|switch|p1a: Zapdos|Zapdos|100/100
|switch|p2a: CB HP Fighting|Zapdos|100/100
|turn|1
|c|☆no more bad dreams|glhf
|c|☆ShotoNC|glhf
|
|t:|1728757545
|switch|p1a: Blissey|Blissey, F|100/100
|move|p2a: CB HP Fighting|Toxic|p1a: Blissey
|-status|p1a: Blissey|tox
|
|-damage|p1a: Blissey|94/100 tox|[from] psn
|upkeep
|turn|2
|
|t:|1728757556
|switch|p2a: CB HP Water|Jirachi, shiny|100/100
|move|p1a: Blissey|Ice Beam|p2a: CB HP Water
|-resisted|p2a: CB HP Water
|-damage|p2a: CB HP Water|91/100
|
|-heal|p2a: CB HP Water|97/100|[from] item: Leftovers
|-heal|p1a: Blissey|100/100 tox|[from] item: Leftovers
|-damage|p1a: Blissey|88/100 tox|[from] psn
|upkeep
|turn|3
|
|t:|1728757568
|-curestatus|p1a: Blissey|tox|[from] ability: Natural Cure
|switch|p1a: Tyranitar|Tyranitar, M|100/100
|-weather|Sandstorm|[from] ability: Sand Stream|[of] p1a: Tyranitar
|move|p2a: CB HP Water|Wish|p2a: CB HP Water
|
|-weather|Sandstorm|[upkeep]
|-heal|p2a: CB HP Water|100/100|[from] item: Leftovers
|upkeep
|turn|4
|
|t:|1728757577
|switch|p2a: CB HP Bug|Dugtrio, F|100/100
|move|p1a: Tyranitar|Fire Blast|p2a: CB HP Bug|[miss]
|-miss|p1a: Tyranitar|p2a: CB HP Bug
|
|-weather|Sandstorm|[upkeep]
|upkeep
|turn|5
|
|t:|1728757581
|move|p2a: CB HP Bug|Earthquake|p1a: Tyranitar
|-supereffective|p1a: Tyranitar
|-damage|p1a: Tyranitar|16/100
|move|p1a: Tyranitar|Roar|p2a: CB HP Bug
|drag|p2a: Not CB :)|Starmie, shiny|100/100
|
|-weather|Sandstorm|[upkeep]
|-damage|p2a: Not CB :)|94/100|[from] Sandstorm
|-heal|p2a: Not CB :)|100/100|[from] item: Leftovers
|-heal|p1a: Tyranitar|22/100|[from] item: Leftovers
|upkeep
|turn|6
|
|t:|1728757593
|switch|p1a: Zapdos|Zapdos|100/100
|move|p2a: Not CB :)|Surf|p1a: Zapdos
|-damage|p1a: Zapdos|76/100
|
|-weather|Sandstorm|[upkeep]
|-damage|p2a: Not CB :)|94/100|[from] Sandstorm
|-damage|p1a: Zapdos|70/100|[from] Sandstorm
|-heal|p2a: Not CB :)|100/100|[from] item: Leftovers
|-heal|p1a: Zapdos|76/100|[from] item: Leftovers
|upkeep
|turn|7
|
|t:|1728757609
|switch|p2a: CB HP Fighting|Zapdos|100/100
|move|p1a: Zapdos|Thunderbolt|p2a: CB HP Fighting
|-damage|p2a: CB HP Fighting|71/100
|-status|p2a: CB HP Fighting|par
|
|-weather|Sandstorm|[upkeep]
|-damage|p1a: Zapdos|70/100|[from] Sandstorm
|-damage|p2a: CB HP Fighting|65/100 par|[from] Sandstorm
|-heal|p1a: Zapdos|76/100|[from] item: Leftovers
|-heal|p2a: CB HP Fighting|71/100 par|[from] item: Leftovers
|upkeep
|turn|8
|
|t:|1728757616
|switch|p1a: Blissey|Blissey, F|88/100
|cant|p2a: CB HP Fighting|par
|
|-weather|Sandstorm|[upkeep]
|-damage|p1a: Blissey|82/100|[from] Sandstorm
|-damage|p2a: CB HP Fighting|65/100 par|[from] Sandstorm
|-heal|p1a: Blissey|88/100|[from] item: Leftovers
|-heal|p2a: CB HP Fighting|71/100 par|[from] item: Leftovers
|upkeep
|turn|9
|
|t:|1728757621
|switch|p1a: Suicune|Suicune|100/100
|switch|p2a: CB HP Water|Jirachi, shiny|100/100
|
|-weather|Sandstorm|[upkeep]
|-damage|p1a: Suicune|94/100|[from] Sandstorm
|-heal|p1a: Suicune|100/100|[from] item: Leftovers
|upkeep
|turn|10
|inactive|ShotoNC has 270 seconds left.
|
|t:|1728757651
|move|p2a: CB HP Water|Wish|p2a: CB HP Water
|move|p1a: Suicune|Calm Mind|p1a: Suicune
|-boost|p1a: Suicune|spa|1
|-boost|p1a: Suicune|spd|1
|
|-weather|Sandstorm|[upkeep]
|-damage|p1a: Suicune|94/100|[from] Sandstorm
|-heal|p1a: Suicune|100/100|[from] item: Leftovers
|upkeep
|turn|11
|
|t:|1728757655
|switch|p2a: CB HP Fighting|Zapdos|71/100 par
|move|p1a: Suicune|Calm Mind|p1a: Suicune
|-boost|p1a: Suicune|spa|1
|-boost|p1a: Suicune|spd|1
|
|-heal|p2a: CB HP Fighting|100/100 par|[from] move: Wish|[wisher] CB HP Water
|-weather|Sandstorm|[upkeep]
|-damage|p1a: Suicune|94/100|[from] Sandstorm
|-damage|p2a: CB HP Fighting|94/100 par|[from] Sandstorm
|-heal|p1a: Suicune|100/100|[from] item: Leftovers
|-heal|p2a: CB HP Fighting|100/100 par|[from] item: Leftovers
|upkeep
|turn|12
|
|t:|1728757659
|move|p1a: Suicune|Surf|p2a: CB HP Fighting
|-damage|p2a: CB HP Fighting|56/100 par
|move|p2a: CB HP Fighting|Toxic|p1a: Suicune|[miss]
|-miss|p2a: CB HP Fighting|p1a: Suicune
|
|-weather|Sandstorm|[upkeep]
|-damage|p1a: Suicune|94/100|[from] Sandstorm
|-damage|p2a: CB HP Fighting|49/100 par|[from] Sandstorm
|-heal|p1a: Suicune|100/100|[from] item: Leftovers
|-heal|p2a: CB HP Fighting|56/100 par|[from] item: Leftovers
|upkeep
|turn|13
|
|t:|1728757662
|move|p1a: Suicune|Surf|p2a: CB HP Fighting
|-damage|p2a: CB HP Fighting|11/100 par
|move|p2a: CB HP Fighting|Toxic|p1a: Suicune|[miss]
|-miss|p2a: CB HP Fighting|p1a: Suicune
|
|-weather|Sandstorm|[upkeep]
|-damage|p1a: Suicune|94/100|[from] Sandstorm
|-damage|p2a: CB HP Fighting|5/100 par|[from] Sandstorm
|-heal|p1a: Suicune|100/100|[from] item: Leftovers
|-heal|p2a: CB HP Fighting|11/100 par|[from] item: Leftovers
|upkeep
|turn|14
|c|☆no more bad dreams|sorry
|inactive|ShotoNC has 270 seconds left.
|
|t:|1728757701
|switch|p2a: CB HP Water|Jirachi, shiny|100/100
|move|p1a: Suicune|Surf|p2a: CB HP Water
|-damage|p2a: CB HP Water|50/100
|
|-weather|Sandstorm|[upkeep]
|-damage|p1a: Suicune|94/100|[from] Sandstorm
|-heal|p2a: CB HP Water|57/100|[from] item: Leftovers
|-heal|p1a: Suicune|100/100|[from] item: Leftovers
|upkeep
|turn|15
|inactive|ShotoNC has 270 seconds left.
|
|t:|1728757711
|move|p2a: CB HP Water|Wish|p2a: CB HP Water
|move|p1a: Suicune|Surf|p2a: CB HP Water
|-damage|p2a: CB HP Water|10/100
|
|-weather|Sandstorm|[upkeep]
|-damage|p1a: Suicune|94/100|[from] Sandstorm
|-heal|p2a: CB HP Water|16/100|[from] item: Leftovers
|-heal|p1a: Suicune|100/100|[from] item: Leftovers
|upkeep
|turn|16
|inactive|ShotoNC has 270 seconds left.
|
|t:|1728757736
|move|p2a: CB HP Water|Ice Punch|p1a: Suicune
|-resisted|p1a: Suicune
|-damage|p1a: Suicune|97/100
|move|p1a: Suicune|Calm Mind|p1a: Suicune
|-boost|p1a: Suicune|spa|1
|-boost|p1a: Suicune|spd|1
|
|-heal|p2a: CB HP Water|66/100|[from] move: Wish|[wisher] CB HP Water
|-weather|Sandstorm|[upkeep]
|-damage|p1a: Suicune|91/100|[from] Sandstorm
|-heal|p2a: CB HP Water|73/100|[from] item: Leftovers
|-heal|p1a: Suicune|97/100|[from] item: Leftovers
|upkeep
|turn|17
|
|t:|1728757741
|move|p2a: CB HP Water|Wish|p2a: CB HP Water
|move|p1a: Suicune|Surf|p2a: CB HP Water
|-crit|p2a: CB HP Water
|-damage|p2a: CB HP Water|0 fnt
|faint|p2a: CB HP Water
|
|t:|1728757745
|switch|p2a: CB HP Fighting|Zapdos|11/100 par
|
|-weather|Sandstorm|[upkeep]
|-damage|p1a: Suicune|91/100|[from] Sandstorm
|-damage|p2a: CB HP Fighting|5/100 par|[from] Sandstorm
|-heal|p1a: Suicune|97/100|[from] item: Leftovers
|-heal|p2a: CB HP Fighting|11/100 par|[from] item: Leftovers
|upkeep
|turn|18
|inactive|ShotoNC has 270 seconds left.
|
|t:|1728757758
|move|p1a: Suicune|Surf|p2a: CB HP Fighting
|-damage|p2a: CB HP Fighting|0 fnt
|faint|p2a: CB HP Fighting
|inactive|ShotoNC has 270 seconds left.
|
|t:|1728757767
|switch|p2a: CB HP Grass|Gengar, F|100/100
|
|-weather|Sandstorm|[upkeep]
|-damage|p2a: CB HP Grass|94/100|[from] Sandstorm
|-damage|p1a: Suicune|91/100|[from] Sandstorm
|-heal|p2a: CB HP Grass|100/100|[from] item: Leftovers
|-heal|p1a: Suicune|97/100|[from] item: Leftovers
|upkeep
|turn|19
|
|t:|1728757775
|switch|p1a: Tyranitar|Tyranitar, M|22/100
|move|p2a: CB HP Grass|Will-O-Wisp|p1a: Tyranitar
|-status|p1a: Tyranitar|brn
|
|-weather|Sandstorm|[upkeep]
|-damage|p2a: CB HP Grass|94/100|[from] Sandstorm
|-heal|p2a: CB HP Grass|100/100|[from] item: Leftovers
|-heal|p1a: Tyranitar|28/100 brn|[from] item: Leftovers
|-damage|p1a: Tyranitar|16/100 brn|[from] brn
|upkeep
|turn|20
|
|t:|1728757782
|switch|p2a: Not CB :)|Starmie, shiny|100/100
|move|p1a: Tyranitar|Crunch|p2a: Not CB :)
|-supereffective|p2a: Not CB :)
|-damage|p2a: Not CB :)|26/100
|
|-weather|Sandstorm|[upkeep]
|-damage|p2a: Not CB :)|20/100|[from] Sandstorm
|-heal|p2a: Not CB :)|26/100|[from] item: Leftovers
|-heal|p1a: Tyranitar|22/100 brn|[from] item: Leftovers
|-damage|p1a: Tyranitar|10/100 brn|[from] brn
|upkeep
|turn|21
|
|t:|1728757800
|move|p2a: Not CB :)|Surf|p1a: Tyranitar
|-supereffective|p1a: Tyranitar
|-damage|p1a: Tyranitar|0 fnt
|faint|p1a: Tyranitar
|
|t:|1728757802
|switch|p1a: Zapdos|Zapdos|76/100
|
|-weather|Sandstorm|[upkeep]
|-damage|p2a: Not CB :)|20/100|[from] Sandstorm
|-damage|p1a: Zapdos|70/100|[from] Sandstorm
|-heal|p2a: Not CB :)|26/100|[from] item: Leftovers
|-heal|p1a: Zapdos|76/100|[from] item: Leftovers
|upkeep
|turn|22
|
|t:|1728757810
|switch|p2a: CB HP Bug|Dugtrio, F|100/100
|move|p1a: Zapdos|Thunderbolt|p2a: CB HP Bug
|-immune|p2a: CB HP Bug
|
|-weather|Sandstorm|[upkeep]
|-damage|p1a: Zapdos|70/100|[from] Sandstorm
|-heal|p1a: Zapdos|76/100|[from] item: Leftovers
|upkeep
|turn|23
|
|t:|1728757817
|switch|p2a: CB HP Grass|Gengar, F|100/100
|switch|p1a: Skarmory|Skarmory, F|100/100
|
|-weather|Sandstorm|[upkeep]
|-damage|p2a: CB HP Grass|94/100|[from] Sandstorm
|-heal|p2a: CB HP Grass|100/100|[from] item: Leftovers
|upkeep
|turn|24
|
|t:|1728757827
|move|p2a: CB HP Grass|Taunt|p1a: Skarmory
|-start|p1a: Skarmory|move: Taunt
|cant|p1a: Skarmory|move: Taunt|Spikes
|
|-weather|Sandstorm|[upkeep]
|-damage|p2a: CB HP Grass|94/100|[from] Sandstorm
|-heal|p2a: CB HP Grass|100/100|[from] item: Leftovers
|upkeep
|turn|25
|
|t:|1728757833
|switch|p1a: Blissey|Blissey, F|88/100
|move|p2a: CB HP Grass|Will-O-Wisp|p1a: Blissey
|-status|p1a: Blissey|brn
|
|-weather|Sandstorm|[upkeep]
|-damage|p2a: CB HP Grass|94/100|[from] Sandstorm
|-damage|p1a: Blissey|82/100 brn|[from] Sandstorm
|-heal|p2a: CB HP Grass|100/100|[from] item: Leftovers
|-heal|p1a: Blissey|88/100 brn|[from] item: Leftovers
|-damage|p1a: Blissey|76/100 brn|[from] brn
|upkeep
|turn|26
|
|t:|1728757851
|switch|p2a: CB HP Ice|Metagross, shiny|100/100
|move|p1a: Blissey|Ice Beam|p2a: CB HP Ice
|-resisted|p2a: CB HP Ice
|-damage|p2a: CB HP Ice|88/100
|
|-weather|Sandstorm|[upkeep]
|-damage|p1a: Blissey|70/100 brn|[from] Sandstorm
|-heal|p1a: Blissey|76/100 brn|[from] item: Leftovers
|-damage|p1a: Blissey|63/100 brn|[from] brn
|upkeep
|turn|27
|
|t:|1728757859
|-curestatus|p1a: Blissey|brn|[from] ability: Natural Cure
|switch|p1a: Skarmory|Skarmory, F|100/100
|move|p2a: CB HP Ice|Agility|p2a: CB HP Ice
|-boost|p2a: CB HP Ice|spe|2
|
|-weather|Sandstorm|[upkeep]
|upkeep
|turn|28
|
|t:|1728757867
|move|p2a: CB HP Ice|Rock Slide|p1a: Skarmory
|-damage|p1a: Skarmory|79/100
|move|p1a: Skarmory|Spikes|p2a: CB HP Ice
|-sidestart|p2: ShotoNC|Spikes
|
|-weather|Sandstorm|[upkeep]
|-heal|p1a: Skarmory|85/100|[from] item: Leftovers
|upkeep
|turn|29
|
|t:|1728757872
|move|p1a: Skarmory|Protect|p1a: Skarmory
|-singleturn|p1a: Skarmory|Protect
|move|p2a: CB HP Ice|Rock Slide|p1a: Skarmory
|-activate|p1a: Skarmory|Protect
|
|-weather|Sandstorm|[upkeep]
|-heal|p1a: Skarmory|91/100|[from] item: Leftovers
|upkeep
|turn|30
|
|t:|1728757873
|move|p2a: CB HP Ice|Rock Slide|p1a: Skarmory
|-damage|p1a: Skarmory|68/100
|move|p1a: Skarmory|Spikes|p2a: CB HP Ice
|-sidestart|p2: ShotoNC|Spikes
|
|-weather|Sandstorm|[upkeep]
|-heal|p1a: Skarmory|74/100|[from] item: Leftovers
|upkeep
|turn|31
|
|t:|1728757877
|move|p1a: Skarmory|Protect|p1a: Skarmory
|-singleturn|p1a: Skarmory|Protect
|move|p2a: CB HP Ice|Rock Slide|p1a: Skarmory|[miss]
|-miss|p2a: CB HP Ice|p1a: Skarmory
|
|-weather|Sandstorm|[upkeep]
|-heal|p1a: Skarmory|80/100|[from] item: Leftovers
|upkeep
|turn|32
|
|t:|1728757878
|move|p2a: CB HP Ice|Rock Slide|p1a: Skarmory|[miss]
|-miss|p2a: CB HP Ice|p1a: Skarmory
|move|p1a: Skarmory|Spikes|p2a: CB HP Ice
|-sidestart|p2: ShotoNC|Spikes
|
|-weather|Sandstorm|[upkeep]
|-heal|p1a: Skarmory|86/100|[from] item: Leftovers
|upkeep
|turn|33
|
|t:|1728757880
|move|p2a: CB HP Ice|Rock Slide|p1a: Skarmory|[miss]
|-miss|p2a: CB HP Ice|p1a: Skarmory
|move|p1a: Skarmory|Roar|p2a: CB HP Ice
|drag|p2a: Not CB :)|Starmie, shiny|26/100
|-damage|p2a: Not CB :)|1/100|[from] Spikes
|
|-weather|Sandstorm|[upkeep]
|-damage|p2a: Not CB :)|0 fnt|[from] Sandstorm
|faint|p2a: Not CB :)
|-heal|p1a: Skarmory|92/100|[from] item: Leftovers
|upkeep
|
|t:|1728757887
|switch|p2a: CB HP Grass|Gengar, F|100/100
|turn|34
|
|t:|1728757891
|move|p2a: CB HP Grass|Will-O-Wisp|p1a: Skarmory
|-status|p1a: Skarmory|brn
|move|p1a: Skarmory|Drill Peck|p2a: CB HP Grass
|-damage|p2a: CB HP Grass|81/100
|
|-weather|Sandstorm|[upkeep]
|-damage|p2a: CB HP Grass|75/100|[from] Sandstorm
|-heal|p2a: CB HP Grass|81/100|[from] item: Leftovers
|-heal|p1a: Skarmory|98/100 brn|[from] item: Leftovers
|-damage|p1a: Skarmory|85/100 brn|[from] brn
|upkeep
|turn|35
|
|t:|1728757896
|switch|p1a: Zapdos|Zapdos|76/100
|move|p2a: CB HP Grass|Fire Punch|p1a: Zapdos
|-damage|p1a: Zapdos|60/100
|
|-weather|Sandstorm|[upkeep]
|-damage|p2a: CB HP Grass|75/100|[from] Sandstorm
|-damage|p1a: Zapdos|54/100|[from] Sandstorm
|-heal|p2a: CB HP Grass|81/100|[from] item: Leftovers
|-heal|p1a: Zapdos|60/100|[from] item: Leftovers
|upkeep
|turn|36
|
|t:|1728757911
|switch|p2a: CB HP Bug|Dugtrio, F|100/100
|-damage|p2a: CB HP Bug|76/100|[from] Spikes
|move|p1a: Zapdos|Thunderbolt|p2a: CB HP Bug
|-immune|p2a: CB HP Bug
|
|-weather|Sandstorm|[upkeep]
|-damage|p1a: Zapdos|54/100|[from] Sandstorm
|-heal|p1a: Zapdos|60/100|[from] item: Leftovers
|upkeep
|turn|37
|
|t:|1728757934
|switch|p1a: Donphan|Donphan, M|100/100
|move|p2a: CB HP Bug|Rock Slide|p1a: Donphan|[miss]
|-miss|p2a: CB HP Bug|p1a: Donphan
|
|-weather|Sandstorm|[upkeep]
|upkeep
|turn|38
|
|t:|1728757950
|switch|p2a: CB HP Grass|Gengar, F|81/100
|move|p1a: Donphan|Hidden Power|p2a: CB HP Grass
|-damage|p2a: CB HP Grass|45/100
|
|-weather|Sandstorm|[upkeep]
|-damage|p2a: CB HP Grass|38/100|[from] Sandstorm
|-heal|p2a: CB HP Grass|45/100|[from] item: Leftovers
|upkeep
|turn|39
|
|t:|1728757955
|move|p2a: CB HP Grass|Will-O-Wisp|p1a: Donphan
|-status|p1a: Donphan|brn
|move|p1a: Donphan|Hidden Power|p2a: CB HP Grass
|-damage|p2a: CB HP Grass|27/100
|
|-weather|Sandstorm|[upkeep]
|-damage|p2a: CB HP Grass|21/100|[from] Sandstorm
|-heal|p2a: CB HP Grass|27/100|[from] item: Leftovers
|-damage|p1a: Donphan|88/100 brn|[from] brn
|upkeep
|turn|40
|
|t:|1728757973
|switch|p2a: CB HP Ice|Metagross, shiny|88/100
|-damage|p2a: CB HP Ice|63/100|[from] Spikes
|move|p1a: Donphan|Hidden Power|p2a: CB HP Ice
|-resisted|p2a: CB HP Ice
|-damage|p2a: CB HP Ice|59/100
|
|-weather|Sandstorm|[upkeep]
|-heal|p1a: Donphan|94/100 brn|[from] item: Leftovers
|-damage|p1a: Donphan|82/100 brn|[from] brn
|upkeep
|turn|41
|
|t:|1728757983
|move|p2a: CB HP Ice|Rock Slide|p1a: Donphan
|-resisted|p1a: Donphan
|-damage|p1a: Donphan|73/100 brn
|move|p1a: Donphan|Earthquake|p2a: CB HP Ice
|-supereffective|p2a: CB HP Ice
|-damage|p2a: CB HP Ice|27/100
|
|-weather|Sandstorm|[upkeep]
|-heal|p1a: Donphan|79/100 brn|[from] item: Leftovers
|-damage|p1a: Donphan|67/100 brn|[from] brn
|upkeep
|turn|42
|
|t:|1728757989
|move|p2a: CB HP Ice|Earthquake|p1a: Donphan
|-damage|p1a: Donphan|42/100 brn
|move|p1a: Donphan|Earthquake|p2a: CB HP Ice
|-supereffective|p2a: CB HP Ice
|-damage|p2a: CB HP Ice|0 fnt
|faint|p2a: CB HP Ice
|
|t:|1728758000
|switch|p2a: CB HP Grass|Gengar, F|27/100
|
|-weather|Sandstorm|[upkeep]
|-damage|p2a: CB HP Grass|21/100|[from] Sandstorm
|-heal|p2a: CB HP Grass|27/100|[from] item: Leftovers
|-heal|p1a: Donphan|48/100 brn|[from] item: Leftovers
|-damage|p1a: Donphan|35/100 brn|[from] brn
|upkeep
|turn|43
|inactive|ShotoNC has 270 seconds left.
|
|t:|1728758016
|move|p2a: CB HP Grass|Fire Punch|p1a: Donphan
|-damage|p1a: Donphan|7/100 brn
|move|p1a: Donphan|Hidden Power|p2a: CB HP Grass
|-damage|p2a: CB HP Grass|10/100
|
|-weather|Sandstorm|[upkeep]
|-damage|p2a: CB HP Grass|4/100|[from] Sandstorm
|-heal|p2a: CB HP Grass|10/100|[from] item: Leftovers
|-heal|p1a: Donphan|13/100 brn|[from] item: Leftovers
|-damage|p1a: Donphan|1/100 brn|[from] brn
|upkeep
|turn|44
|inactive|ShotoNC has 270 seconds left.
|
|t:|1728758026
|move|p2a: CB HP Grass|Fire Punch|p1a: Donphan
|-damage|p1a: Donphan|0 fnt
|faint|p1a: Donphan
|
|t:|1728758028
|switch|p1a: Blissey|Blissey, F|63/100
|
|-weather|Sandstorm|[upkeep]
|-damage|p2a: CB HP Grass|4/100|[from] Sandstorm
|-damage|p1a: Blissey|57/100|[from] Sandstorm
|-heal|p2a: CB HP Grass|10/100|[from] item: Leftovers
|-heal|p1a: Blissey|63/100|[from] item: Leftovers
|upkeep
|turn|45
|
|t:|1728758035
|move|p2a: CB HP Grass|Explosion|p1a: Blissey
|-damage|p1a: Blissey|0 fnt
|faint|p2a: CB HP Grass
|faint|p1a: Blissey
|
|t:|1728758038
|switch|p2a: CB HP Bug|Dugtrio, F|76/100
|switch|p1a: Suicune|Suicune|97/100
|-damage|p2a: CB HP Bug|51/100|[from] Spikes
|
|-weather|Sandstorm|[upkeep]
|-damage|p1a: Suicune|91/100|[from] Sandstorm
|-heal|p1a: Suicune|97/100|[from] item: Leftovers
|upkeep
|turn|46
|
|t:|1728758046
|move|p2a: CB HP Bug|Rock Slide|p1a: Suicune|[miss]
|-miss|p2a: CB HP Bug|p1a: Suicune
|move|p1a: Suicune|Surf|p2a: CB HP Bug
|-supereffective|p2a: CB HP Bug
|-crit|p2a: CB HP Bug
|-damage|p2a: CB HP Bug|0 fnt
|faint|p2a: CB HP Bug
|
|win|no more bad dreams
|c|☆no more bad dreams|ggs
|c|☆ShotoNC|gg
|c|☆no more bad dreams|got some pretty decent rng

</script>
<script type="application/json" class="data" id="replaydata-smogtours-gen3ou-797661">
{"id":"smogtours-gen3ou-797661","format":"[Gen 3] OU","players":["no more bad dreams","ShotoNC"],"uploadtime":1728758046,"views":99,"formatid":"gen3ou","rating":null,"private":0,"password":null}
</script>

<script defer src="js/replays.js?9d40a366"></script>
