<!DOCTYPE html>
<meta charset="utf-8" />
<meta name="viewport" content="width=device-width" />

<title>[Gen 3] OU: ShellyYGO vs. Attalyn - Replays - Pok&eacute;mon Showdown!</title>

<meta name="description" content="Watch a replay of a Pok&eacute;mon battle between ShellyYGO and Attalyn! Format: [Gen 3] OU; Date: Oct 3, 2024" />
<!--

Hey, you! Looking in the source for the replay log?

You can find them in JSON format, just add `.json` at the end of a replay URL.

https://replay.pokemonshowdown.com/gen7randomdoublesbattle-865046831.json

Or, if you only need the log itself, add `.log` instead:

https://replay.pokemonshowdown.com/gen7randomdoublesbattle-865046831.log

-->

<link rel="stylesheet" href="//pokemonshowdown.com/style/global.css?0.023195364461161105" />
<link rel="stylesheet" href="//play.pokemonshowdown.com/style/font-awesome.css?0.13261647063804238" />
<link rel="stylesheet" href="//play.pokemonshowdown.com/style/battle.css?0.8753245789963631" />
<link rel="stylesheet" href="//play.pokemonshowdown.com/style/utilichart.css?0.8627959624976733" />

<!-- Global site tag (gtag.js) - Google Analytics -->
<script async src="https://www.googletagmanager.com/gtag/js?id=UA-26211653-1"></script>
<script>
  window.dataLayer = window.dataLayer || [];
  function gtag(){dataLayer.push(arguments);}
  gtag('js', new Date());

  gtag('config', 'UA-26211653-1');
</script>
<!-- End Google Analytics -->
<!-- Venatus Ad Manager - Install in <HEAD> of page -->
	<script src="https://hb.vntsm.com/v3/live/ad-manager.min.js" type="text/javascript" data-site-id="642aba63ec9a7b11c3c9c1be" data-mode="scan" async></script>
<!-- / Venatus Ad Manager -->

<style>
	@media (max-width:820px) {
		.battle {
			margin: 0 auto;
		}
		.battle-log {
			margin: 7px auto 0;
			max-width: 640px;
			height: 300px;
			position: static;
		}
	}
	.optgroup {
		display: inline-block;
		line-height: 22px;
		font-size: 10pt;
	}
	.optgroup .button {
		height: 25px;
		padding-top: 0;
		padding-bottom: 0;
	}
	.optgroup button.button {
		padding-left: 12px;
		padding-right: 12px;
	}
	.linklist {
		list-style: none;
		margin: 0.5em 0;
		padding: 0;
	}
	.linklist li {
		padding: 2px 0;
	}
	.sidebar {
		float: left;
		width: 320px;
	}
	.bar-wrapper {
		max-width: 1100px;
		margin: 0 auto;
	}
	.bar-wrapper.has-sidebar {
		max-width: 1430px;
	}
	.mainbar {
		margin: 0;
		padding-right: 1px;
	}
	.mainbar.has-sidebar {
		margin-left: 330px;
	}
	@media (min-width: 1511px) {
		.sidebar {
			width: 400px;
		}
		.bar-wrapper.has-sidebar {
			max-width: 1510px;
		}
		.mainbar.has-sidebar {
			margin-left: 410px;
		}
	}
	.section.first-section {
		margin-top: 9px;
	}
	.blocklink small {
		white-space: normal;
	}
	.button {
		vertical-align: middle;
	}
	.replay-controls {
		padding-top: 10px;
	}
	.replay-controls h1 {
		font-size: 16pt;
		font-weight: normal;
		color: #CCC;
	}
	.pagelink {
		text-align: center;
	}
	.pagelink a {
		width: 150px;
	}
	.textbox, .button {
		font-size: 11pt;
		vertical-align: middle;
	}
	@media (max-width: 450px) {
		.button {
			font-size: 9pt;
		}
	}
</style>

<div>

	<header>
		<div class="nav-wrapper"><ul class="nav">
			<li><a class="button nav-first" href="//pokemonshowdown.com/"><img src="//pokemonshowdown.com/images/pokemonshowdownbeta.png" srcset="//pokemonshowdown.com/images/pokemonshowdownbeta.png 1x, //pokemonshowdown.com/images/pokemonshowdownbeta@2x.png 2x" alt="Pok&eacute;mon Showdown" width="146" height="44" /> Home</a></li>
			<li><a class="button" href="//pokemonshowdown.com/dex/">Pok&eacute;dex</a></li>
			<li><a class="button cur" href="/">Replays</a></li>
			<li><a class="button" href="//pokemonshowdown.com/ladder/">Ladder</a></li>
			<li><a class="button nav-last" href="//pokemonshowdown.com/forums/">Forum</a></li>
			<li><a class="button greenbutton nav-first nav-last" href="//play.pokemonshowdown.com/">Play</a></li>
		</ul></div>
	</header>

	<div class="main" id="main">

		<noscript><section class="section">You need to enable JavaScript to use this page; sorry!</section></noscript>

	</div>

</div>

<script defer nomodule src="//play.pokemonshowdown.com/js/lib/ps-polyfill.js"></script>
<script defer src="//play.pokemonshowdown.com/js/lib/preact.min.js"></script>

<script defer src="//play.pokemonshowdown.com/config/config.js?2bddbc15"></script>
<script defer src="//play.pokemonshowdown.com/js/lib/jquery-1.11.0.min.js"></script>
<script defer src="//play.pokemonshowdown.com/js/lib/html-sanitizer-minified.js"></script>
<script defer src="//play.pokemonshowdown.com/js/battle-sound.js"></script>
<script defer src="//play.pokemonshowdown.com/js/battledata.js?0.7209276989879541"></script>
<script defer src="//play.pokemonshowdown.com/data/pokedex-mini.js?0.6111056340867951"></script>
<script defer src="//play.pokemonshowdown.com/data/pokedex-mini-bw.js?0.3532142036491459"></script>
<script defer src="//play.pokemonshowdown.com/data/graphics.js?0.24223875632456182"></script>
<script defer src="//play.pokemonshowdown.com/data/pokedex.js?0.38839984266356864"></script>
<script defer src="//play.pokemonshowdown.com/data/moves.js?0.21866028504024015"></script>
<script defer src="//play.pokemonshowdown.com/data/abilities.js?0.2005157953846628"></script>
<script defer src="//play.pokemonshowdown.com/data/items.js?0.9894211263848525"></script>
<script defer src="//play.pokemonshowdown.com/data/teambuilder-tables.js?0.6008791140282215"></script>
<script defer src="//play.pokemonshowdown.com/js/battle-tooltips.js?0.7580118955022959"></script>
<script defer src="//play.pokemonshowdown.com/js/battle.js?0.6057722274234274"></script>

<script defer src="js/utils.js?e31f9a17"></script>
<script defer src="js/replays-battle.js?7008c182"></script>

<!-- don't scrape this data! just add .json or .log after the URL!
Full API docs: https://github.com/smogon/pokemon-showdown-client/blob/master/WEB-API.md -->
<script type="text/plain" class="log" id="replaylog-smogtours-gen3ou-794157">
|inactive|Battle timer is ON: inactive players will automatically lose when time's up.
|t:|1727920725
|gametype|singles
|player|p1|ShellyYGO|hugh|
|player|p2|Attalyn|1|
|teamsize|p1|6
|teamsize|p2|6
|gen|3
|tier|[Gen 3] OU
|rule|Sleep Clause Mod: Limit one foe put to sleep
|rule|Switch Priority Clause Mod: Faster Pokémon switch first
|rule|Species Clause: Limit one of each Pokémon
|rule|OHKO Clause: OHKO moves are banned
|rule|Evasion Items Clause: Evasion items are banned
|rule|Evasion Moves Clause: Evasion moves are banned
|rule|Endless Battle Clause: Forcing endless battles is banned
|rule|HP Percentage Mod: HP is shown in percentages
|rule|One Boost Passer Clause: Limit one Baton Passer that has a way to boost its stats
|rule|Freeze Clause Mod: Limit one foe frozen
|
|t:|1727920725
|start
|switch|p1a: NeverBackDown|Zapdos|100/100
|switch|p2a: Tyranitar|Tyranitar, M|100/100
|-weather|Sandstorm|[from] ability: Sand Stream|[of] p2a: Tyranitar
|turn|1
|c|☆ShellyYGO|Glhf
|c|☆Attalyn|U2
|
|t:|1727920746
|switch|p1a: The SwampMonster|Swampert, M|100/100
|move|p2a: Tyranitar|Rock Slide|p1a: The SwampMonster
|-resisted|p1a: The SwampMonster
|-damage|p1a: The SwampMonster|78/100
|
|-weather|Sandstorm|[upkeep]
|-heal|p1a: The SwampMonster|84/100|[from] item: Leftovers
|upkeep
|turn|2
|
|t:|1727920755
|switch|p2a: Celebi|Celebi|100/100
|move|p1a: The SwampMonster|Hydro Pump|p2a: Celebi
|-resisted|p2a: Celebi
|-damage|p2a: Celebi|82/100
|
|-weather|Sandstorm|[upkeep]
|-damage|p2a: Celebi|76/100|[from] Sandstorm
|-heal|p2a: Celebi|82/100|[from] item: Leftovers
|-heal|p1a: The SwampMonster|90/100|[from] item: Leftovers
|upkeep
|turn|3
|
|t:|1727920766
|move|p1a: The SwampMonster|Protect|p1a: The SwampMonster
|-singleturn|p1a: The SwampMonster|Protect
|move|p2a: Celebi|Leech Seed|p1a: The SwampMonster
|-activate|p1a: The SwampMonster|Protect
|
|-weather|Sandstorm|[upkeep]
|-damage|p2a: Celebi|76/100|[from] Sandstorm
|-heal|p2a: Celebi|82/100|[from] item: Leftovers
|-heal|p1a: The SwampMonster|97/100|[from] item: Leftovers
|upkeep
|turn|4
|
|t:|1727920776
|switch|p1a: Yuji|Sceptile, M|100/100
|move|p2a: Celebi|Leech Seed|p1a: Yuji
|-immune|p1a: Yuji
|
|-weather|Sandstorm|[upkeep]
|-damage|p1a: Yuji|94/100|[from] Sandstorm
|-damage|p2a: Celebi|76/100|[from] Sandstorm
|-heal|p1a: Yuji|100/100|[from] item: Leftovers
|-heal|p2a: Celebi|82/100|[from] item: Leftovers
|upkeep
|turn|5
|
|t:|1727920799
|move|p1a: Yuji|Substitute|p1a: Yuji
|-start|p1a: Yuji|Substitute
|-damage|p1a: Yuji|76/100
|move|p2a: Celebi|Psychic|p1a: Yuji
|-end|p1a: Yuji|Substitute
|
|-weather|Sandstorm|[upkeep]
|-damage|p1a: Yuji|70/100|[from] Sandstorm
|-damage|p2a: Celebi|76/100|[from] Sandstorm
|-heal|p1a: Yuji|76/100|[from] item: Leftovers
|-heal|p2a: Celebi|82/100|[from] item: Leftovers
|upkeep
|turn|6
|
|t:|1727920811
|switch|p1a: Pipe Cleaner|Forretress, M, shiny|100/100
|move|p2a: Celebi|Psychic|p1a: Pipe Cleaner
|-resisted|p1a: Pipe Cleaner
|-damage|p1a: Pipe Cleaner|82/100
|
|-weather|Sandstorm|[upkeep]
|-damage|p2a: Celebi|76/100|[from] Sandstorm
|-heal|p2a: Celebi|82/100|[from] item: Leftovers
|-heal|p1a: Pipe Cleaner|89/100|[from] item: Leftovers
|upkeep
|turn|7
|
|t:|1727920820
|move|p2a: Celebi|Hidden Power|p1a: Pipe Cleaner
|-supereffective|p1a: Pipe Cleaner
|-damage|p1a: Pipe Cleaner|12/100
|move|p1a: Pipe Cleaner|Hidden Power|p2a: Celebi
|-supereffective|p2a: Celebi
|-damage|p2a: Celebi|0 fnt
|faint|p2a: Celebi
|
|t:|1727920832
|switch|p2a: Tyranitar|Tyranitar, M|100/100
|
|-weather|Sandstorm|[upkeep]
|-heal|p1a: Pipe Cleaner|18/100|[from] item: Leftovers
|upkeep
|turn|8
|
|t:|1727920838
|-singleturn|p2a: Tyranitar|move: Focus Punch
|move|p1a: Pipe Cleaner|Earthquake|p2a: Tyranitar
|-supereffective|p2a: Tyranitar
|-damage|p2a: Tyranitar|65/100
|move|p2a: Tyranitar|Focus Punch||[still]
|cant|p2a: Tyranitar|Focus Punch|Focus Punch
|
|-weather|Sandstorm|[upkeep]
|-heal|p1a: Pipe Cleaner|24/100|[from] item: Leftovers
|upkeep
|turn|9
|
|t:|1727920853
|switch|p2a: Aerodactyl|Aerodactyl, F|100/100
|move|p1a: Pipe Cleaner|Explosion|p2a: Aerodactyl
|-resisted|p2a: Aerodactyl
|-damage|p2a: Aerodactyl|25/100
|faint|p1a: Pipe Cleaner
|
|t:|1727920860
|switch|p1a: The SwampMonster|Swampert, M|97/100
|
|-weather|Sandstorm|[upkeep]
|-heal|p1a: The SwampMonster|100/100|[from] item: Leftovers
|upkeep
|turn|10
|
|t:|1727920872
|switch|p2a: Snorlax|Snorlax, F|100/100
|move|p1a: The SwampMonster|Ice Beam|p2a: Snorlax
|-damage|p2a: Snorlax|89/100
|
|-weather|Sandstorm|[upkeep]
|-damage|p2a: Snorlax|83/100|[from] Sandstorm
|-heal|p2a: Snorlax|89/100|[from] item: Leftovers
|upkeep
|turn|11
|
|t:|1727920886
|move|p1a: The SwampMonster|Hydro Pump|p2a: Snorlax
|-damage|p2a: Snorlax|69/100
|move|p2a: Snorlax|Body Slam|p1a: The SwampMonster
|-damage|p1a: The SwampMonster|74/100
|
|-weather|Sandstorm|[upkeep]
|-damage|p2a: Snorlax|62/100|[from] Sandstorm
|-heal|p1a: The SwampMonster|80/100|[from] item: Leftovers
|-heal|p2a: Snorlax|69/100|[from] item: Leftovers
|upkeep
|turn|12
|
|t:|1727920898
|move|p1a: The SwampMonster|Earthquake|p2a: Snorlax
|-damage|p2a: Snorlax|35/100
|move|p2a: Snorlax|Body Slam|p1a: The SwampMonster
|-damage|p1a: The SwampMonster|52/100
|
|-weather|Sandstorm|[upkeep]
|-damage|p2a: Snorlax|28/100|[from] Sandstorm
|-heal|p1a: The SwampMonster|58/100|[from] item: Leftovers
|-heal|p2a: Snorlax|35/100|[from] item: Leftovers
|upkeep
|turn|13
|
|t:|1727920912
|move|p1a: The SwampMonster|Earthquake|p2a: Snorlax
|-damage|p2a: Snorlax|0 fnt
|faint|p2a: Snorlax
|
|t:|1727920926
|switch|p2a: Swampert|Swampert, M|100/100
|
|-weather|Sandstorm|[upkeep]
|-heal|p1a: The SwampMonster|65/100|[from] item: Leftovers
|upkeep
|turn|14
|
|t:|1727920941
|move|p1a: The SwampMonster|Protect|p1a: The SwampMonster
|-singleturn|p1a: The SwampMonster|Protect
|move|p2a: Swampert|Hydro Pump|p1a: The SwampMonster
|-activate|p1a: The SwampMonster|Protect
|
|-weather|Sandstorm|[upkeep]
|-heal|p1a: The SwampMonster|71/100|[from] item: Leftovers
|upkeep
|turn|15
|
|t:|1727920950
|move|p2a: Swampert|Hydro Pump|p1a: The SwampMonster
|-damage|p1a: The SwampMonster|35/100
|move|p1a: The SwampMonster|Hydro Pump|p2a: Swampert
|-damage|p2a: Swampert|69/100
|
|-weather|Sandstorm|[upkeep]
|-heal|p1a: The SwampMonster|41/100|[from] item: Leftovers
|-heal|p2a: Swampert|76/100|[from] item: Leftovers
|upkeep
|turn|16
|
|t:|1727920964
|switch|p1a: The Tank|Blissey, F|100/100
|move|p2a: Swampert|Ice Beam|p1a: The Tank
|-damage|p1a: The Tank|93/100
|
|-weather|Sandstorm|[upkeep]
|-damage|p1a: The Tank|86/100|[from] Sandstorm
|-heal|p1a: The Tank|93/100|[from] item: Leftovers
|-heal|p2a: Swampert|82/100|[from] item: Leftovers
|upkeep
|turn|17
|
|t:|1727920981
|move|p2a: Swampert|Protect|p2a: Swampert
|-singleturn|p2a: Swampert|Protect
|move|p1a: The Tank|Seismic Toss|p2a: Swampert
|-activate|p2a: Swampert|Protect
|
|-weather|Sandstorm|[upkeep]
|-damage|p1a: The Tank|86/100|[from] Sandstorm
|-heal|p1a: The Tank|93/100|[from] item: Leftovers
|-heal|p2a: Swampert|88/100|[from] item: Leftovers
|upkeep
|turn|18
|
|t:|1727920999
|move|p1a: The Tank|Seismic Toss|p2a: Swampert
|-damage|p2a: Swampert|63/100
|move|p2a: Swampert|Earthquake|p1a: The Tank
|-damage|p1a: The Tank|51/100
|
|-weather|Sandstorm|[upkeep]
|-damage|p1a: The Tank|45/100|[from] Sandstorm
|-heal|p1a: The Tank|51/100|[from] item: Leftovers
|-heal|p2a: Swampert|69/100|[from] item: Leftovers
|upkeep
|turn|19
|
|t:|1727921010
|switch|p1a: NeverBackDown|Zapdos|100/100
|move|p2a: Swampert|Earthquake|p1a: NeverBackDown
|-immune|p1a: NeverBackDown
|
|-weather|Sandstorm|[upkeep]
|-damage|p1a: NeverBackDown|94/100|[from] Sandstorm
|-heal|p1a: NeverBackDown|100/100|[from] item: Leftovers
|-heal|p2a: Swampert|76/100|[from] item: Leftovers
|upkeep
|turn|20
|
|t:|1727921024
|move|p2a: Swampert|Protect|p2a: Swampert
|-singleturn|p2a: Swampert|Protect
|move|p1a: NeverBackDown|Hidden Power|p2a: Swampert
|-activate|p2a: Swampert|Protect
|
|-weather|Sandstorm|[upkeep]
|-damage|p1a: NeverBackDown|94/100|[from] Sandstorm
|-heal|p1a: NeverBackDown|100/100|[from] item: Leftovers
|-heal|p2a: Swampert|82/100|[from] item: Leftovers
|upkeep
|turn|21
|inactive|Attalyn has 270 seconds left.
|
|t:|1727921062
|switch|p2a: Salamence|Salamence, F|100/100
|-ability|p2a: Salamence|Intimidate|boost
|-unboost|p1a: NeverBackDown|atk|1
|move|p1a: NeverBackDown|Hidden Power|p2a: Salamence
|-resisted|p2a: Salamence
|-damage|p2a: Salamence|94/100
|
|-weather|Sandstorm|[upkeep]
|-damage|p1a: NeverBackDown|94/100|[from] Sandstorm
|-damage|p2a: Salamence|88/100|[from] Sandstorm
|-heal|p1a: NeverBackDown|100/100|[from] item: Leftovers
|-heal|p2a: Salamence|94/100|[from] item: Leftovers
|upkeep
|turn|22
|inactive|Attalyn has 240 seconds left.
|
|t:|1727921094
|switch|p2a: Aerodactyl|Aerodactyl, F|25/100
|move|p1a: NeverBackDown|Thunderbolt|p2a: Aerodactyl
|-supereffective|p2a: Aerodactyl
|-damage|p2a: Aerodactyl|0 fnt
|faint|p2a: Aerodactyl
|
|t:|1727921100
|switch|p2a: Salamence|Salamence, F|94/100
|-ability|p2a: Salamence|Intimidate|boost
|-unboost|p1a: NeverBackDown|atk|1
|
|-weather|Sandstorm|[upkeep]
|-damage|p1a: NeverBackDown|94/100|[from] Sandstorm
|-damage|p2a: Salamence|88/100|[from] Sandstorm
|-heal|p1a: NeverBackDown|100/100|[from] item: Leftovers
|-heal|p2a: Salamence|94/100|[from] item: Leftovers
|upkeep
|turn|23
|inactive|Attalyn has 240 seconds left.
|
|t:|1727921108
|move|p1a: NeverBackDown|Thunderbolt|p2a: Salamence
|-damage|p2a: Salamence|40/100
|move|p2a: Salamence|Dragon Dance|p2a: Salamence
|-boost|p2a: Salamence|atk|1
|-boost|p2a: Salamence|spe|1
|
|-weather|Sandstorm|[upkeep]
|-damage|p2a: Salamence|34/100|[from] Sandstorm
|-damage|p1a: NeverBackDown|94/100|[from] Sandstorm
|-heal|p2a: Salamence|40/100|[from] item: Leftovers
|-heal|p1a: NeverBackDown|100/100|[from] item: Leftovers
|upkeep
|turn|24
|inactive|Attalyn has 240 seconds left.
|
|t:|1727921120
|move|p2a: Salamence|Rock Slide|p1a: NeverBackDown
|-supereffective|p1a: NeverBackDown
|-damage|p1a: NeverBackDown|0 fnt
|faint|p1a: NeverBackDown
|
|t:|1727921126
|switch|p1a: Yuji|Sceptile, M|76/100
|
|-weather|Sandstorm|[upkeep]
|-damage|p2a: Salamence|34/100|[from] Sandstorm
|-damage|p1a: Yuji|70/100|[from] Sandstorm
|-heal|p2a: Salamence|40/100|[from] item: Leftovers
|-heal|p1a: Yuji|76/100|[from] item: Leftovers
|upkeep
|turn|25
|
|t:|1727921133
|move|p2a: Salamence|Hidden Power|p1a: Yuji
|-supereffective|p1a: Yuji
|-damage|p1a: Yuji|0 fnt
|faint|p1a: Yuji
|
|t:|1727921141
|switch|p1a: The SwampMonster|Swampert, M|41/100
|
|-weather|Sandstorm|[upkeep]
|-damage|p2a: Salamence|34/100|[from] Sandstorm
|-heal|p2a: Salamence|40/100|[from] item: Leftovers
|-heal|p1a: The SwampMonster|47/100|[from] item: Leftovers
|upkeep
|turn|26
|
|t:|1727921154
|move|p2a: Salamence|Dragon Dance|p2a: Salamence
|-boost|p2a: Salamence|atk|1
|-boost|p2a: Salamence|spe|1
|move|p1a: The SwampMonster|Ice Beam|p2a: Salamence
|-supereffective|p2a: Salamence
|-damage|p2a: Salamence|0 fnt
|faint|p2a: Salamence
|
|t:|1727921169
|switch|p2a: Swampert|Swampert, M|82/100
|
|-weather|Sandstorm|[upkeep]
|-heal|p1a: The SwampMonster|53/100|[from] item: Leftovers
|-heal|p2a: Swampert|88/100|[from] item: Leftovers
|upkeep
|turn|27
|
|t:|1727921177
|move|p1a: The SwampMonster|Hydro Pump|p2a: Swampert
|-damage|p2a: Swampert|58/100
|move|p2a: Swampert|Hydro Pump|p1a: The SwampMonster
|-damage|p1a: The SwampMonster|16/100
|
|-weather|Sandstorm|[upkeep]
|-heal|p2a: Swampert|65/100|[from] item: Leftovers
|-heal|p1a: The SwampMonster|22/100|[from] item: Leftovers
|upkeep
|turn|28
|
|t:|1727921188
|switch|p1a: The Tank|Blissey, F|51/100
|move|p2a: Swampert|Hydro Pump|p1a: The Tank
|-damage|p1a: The Tank|35/100
|
|-weather|Sandstorm|[upkeep]
|-damage|p1a: The Tank|29/100|[from] Sandstorm
|-heal|p1a: The Tank|35/100|[from] item: Leftovers
|-heal|p2a: Swampert|71/100|[from] item: Leftovers
|upkeep
|turn|29
|
|t:|1727921196
|move|p1a: The Tank|Soft-Boiled|p1a: The Tank
|-heal|p1a: The Tank|85/100
|move|p2a: Swampert|Earthquake|p1a: The Tank
|-crit|p1a: The Tank
|-damage|p1a: The Tank|12/100
|
|-weather|Sandstorm|[upkeep]
|-damage|p1a: The Tank|6/100|[from] Sandstorm
|-heal|p1a: The Tank|12/100|[from] item: Leftovers
|-heal|p2a: Swampert|77/100|[from] item: Leftovers
|upkeep
|turn|30
|
|t:|1727921207
|move|p1a: The Tank|Seismic Toss|p2a: Swampert
|-damage|p2a: Swampert|52/100
|move|p2a: Swampert|Earthquake|p1a: The Tank
|-damage|p1a: The Tank|0 fnt
|faint|p1a: The Tank
|
|t:|1727921211
|switch|p1a: BoogieWoogie|Charizard, M|100/100
|
|-weather|Sandstorm|[upkeep]
|-damage|p1a: BoogieWoogie|94/100|[from] Sandstorm
|-heal|p1a: BoogieWoogie|100/100|[from] item: Leftovers
|-heal|p2a: Swampert|58/100|[from] item: Leftovers
|upkeep
|turn|31
|
|t:|1727921236
|move|p2a: Swampert|Protect|p2a: Swampert
|-singleturn|p2a: Swampert|Protect
|move|p1a: BoogieWoogie|Hidden Power|p2a: Swampert
|-activate|p2a: Swampert|Protect
|
|-weather|Sandstorm|[upkeep]
|-damage|p1a: BoogieWoogie|94/100|[from] Sandstorm
|-heal|p1a: BoogieWoogie|100/100|[from] item: Leftovers
|-heal|p2a: Swampert|65/100|[from] item: Leftovers
|upkeep
|turn|32
|
|t:|1727921247
|move|p1a: BoogieWoogie|Hidden Power|p2a: Swampert
|-supereffective|p2a: Swampert
|-damage|p2a: Swampert|0 fnt
|faint|p2a: Swampert
|
|t:|1727921251
|switch|p2a: Tyranitar|Tyranitar, M|65/100
|
|-weather|Sandstorm|[upkeep]
|-damage|p1a: BoogieWoogie|94/100|[from] Sandstorm
|-heal|p1a: BoogieWoogie|100/100|[from] item: Leftovers
|upkeep
|turn|33
|
|t:|1727921259
|move|p1a: BoogieWoogie|Substitute|p1a: BoogieWoogie
|-start|p1a: BoogieWoogie|Substitute
|-damage|p1a: BoogieWoogie|76/100
|move|p2a: Tyranitar|Rock Slide|p1a: BoogieWoogie
|-supereffective|p1a: BoogieWoogie
|-end|p1a: BoogieWoogie|Substitute
|
|-weather|Sandstorm|[upkeep]
|-damage|p1a: BoogieWoogie|70/100|[from] Sandstorm
|-heal|p1a: BoogieWoogie|76/100|[from] item: Leftovers
|upkeep
|turn|34
|
|t:|1727921268
|move|p1a: BoogieWoogie|Substitute|p1a: BoogieWoogie
|-start|p1a: BoogieWoogie|Substitute
|-damage|p1a: BoogieWoogie|51/100
|move|p2a: Tyranitar|Rock Slide|p1a: BoogieWoogie
|-supereffective|p1a: BoogieWoogie
|-end|p1a: BoogieWoogie|Substitute
|
|-weather|Sandstorm|[upkeep]
|-damage|p1a: BoogieWoogie|45/100|[from] Sandstorm
|-heal|p1a: BoogieWoogie|51/100|[from] item: Leftovers
|upkeep
|turn|35
|inactive|Attalyn has 270 seconds left.
|
|t:|1727921276
|move|p1a: BoogieWoogie|Substitute|p1a: BoogieWoogie
|-start|p1a: BoogieWoogie|Substitute
|-damage|p1a: BoogieWoogie|26/100
|move|p2a: Tyranitar|Rock Slide|p1a: BoogieWoogie
|-supereffective|p1a: BoogieWoogie
|-end|p1a: BoogieWoogie|Substitute
|
|-weather|Sandstorm|[upkeep]
|-damage|p1a: BoogieWoogie|20/100|[from] Sandstorm
|-heal|p1a: BoogieWoogie|26/100|[from] item: Leftovers
|upkeep
|turn|36
|
|t:|1727921287
|move|p1a: BoogieWoogie|Hidden Power|p2a: Tyranitar
|-supereffective|p2a: Tyranitar
|-damage|p2a: Tyranitar|21/100
|move|p2a: Tyranitar|Rock Slide|p1a: BoogieWoogie|[miss]
|-miss|p2a: Tyranitar|p1a: BoogieWoogie
|
|-weather|Sandstorm|[upkeep]
|-damage|p1a: BoogieWoogie|20/100|[from] Sandstorm
|-heal|p1a: BoogieWoogie|26/100|[from] item: Leftovers
|upkeep
|turn|37
|
|t:|1727921297
|move|p1a: BoogieWoogie|Hidden Power|p2a: Tyranitar
|-supereffective|p2a: Tyranitar
|-damage|p2a: Tyranitar|0 fnt
|faint|p2a: Tyranitar
|
|win|ShellyYGO
|c|☆Attalyn|gg
|c|☆ShellyYGO|gg
|c|☆ShellyYGO|Its best of 3?
|c|☆Attalyn|yes
|c|☆ShellyYGO|kk
|c|☆ShellyYGO|Ill send a rematch
|player|p1|

</script>
<script type="application/json" class="data" id="replaydata-smogtours-gen3ou-794157">
{"id":"smogtours-gen3ou-794157","format":"[Gen 3] OU","players":["ShellyYGO","Attalyn"],"uploadtime":1727921297,"views":94,"formatid":"gen3ou","rating":null,"private":0,"password":null}
</script>

<script defer src="js/replays.js?9d40a366"></script>
