<!DOCTYPE html>
<meta charset="utf-8" />
<meta name="viewport" content="width=device-width" />

<title>[Gen 3] OU: UnzipsCrogre vs. Colteor - Replays - Pok&eacute;mon Showdown!</title>

<meta name="description" content="Watch a replay of a Pok&eacute;mon battle between UnzipsCrogre and Colteor! Format: [Gen 3] OU; Date: Oct 12, 2024" />
<!--

Hey, you! Looking in the source for the replay log?

You can find them in JSON format, just add `.json` at the end of a replay URL.

https://replay.pokemonshowdown.com/gen7randomdoublesbattle-865046831.json

Or, if you only need the log itself, add `.log` instead:

https://replay.pokemonshowdown.com/gen7randomdoublesbattle-865046831.log

-->

<link rel="stylesheet" href="//pokemonshowdown.com/style/global.css?0.023195364461161105" />
<link rel="stylesheet" href="//play.pokemonshowdown.com/style/font-awesome.css?0.13261647063804238" />
<link rel="stylesheet" href="//play.pokemonshowdown.com/style/battle.css?0.8753245789963631" />
<link rel="stylesheet" href="//play.pokemonshowdown.com/style/utilichart.css?0.8627959624976733" />

<!-- Global site tag (gtag.js) - Google Analytics -->
<script async src="https://www.googletagmanager.com/gtag/js?id=UA-26211653-1"></script>
<script>
  window.dataLayer = window.dataLayer || [];
  function gtag(){dataLayer.push(arguments);}
  gtag('js', new Date());

  gtag('config', 'UA-26211653-1');
</script>
<!-- End Google Analytics -->
<!-- Venatus Ad Manager - Install in <HEAD> of page -->
	<script src="https://hb.vntsm.com/v3/live/ad-manager.min.js" type="text/javascript" data-site-id="642aba63ec9a7b11c3c9c1be" data-mode="scan" async></script>
<!-- / Venatus Ad Manager -->

<style>
	@media (max-width:820px) {
		.battle {
			margin: 0 auto;
		}
		.battle-log {
			margin: 7px auto 0;
			max-width: 640px;
			height: 300px;
			position: static;
		}
	}
	.optgroup {
		display: inline-block;
		line-height: 22px;
		font-size: 10pt;
	}
	.optgroup .button {
		height: 25px;
		padding-top: 0;
		padding-bottom: 0;
	}
	.optgroup button.button {
		padding-left: 12px;
		padding-right: 12px;
	}
	.linklist {
		list-style: none;
		margin: 0.5em 0;
		padding: 0;
	}
	.linklist li {
		padding: 2px 0;
	}
	.sidebar {
		float: left;
		width: 320px;
	}
	.bar-wrapper {
		max-width: 1100px;
		margin: 0 auto;
	}
	.bar-wrapper.has-sidebar {
		max-width: 1430px;
	}
	.mainbar {
		margin: 0;
		padding-right: 1px;
	}
	.mainbar.has-sidebar {
		margin-left: 330px;
	}
	@media (min-width: 1511px) {
		.sidebar {
			width: 400px;
		}
		.bar-wrapper.has-sidebar {
			max-width: 1510px;
		}
		.mainbar.has-sidebar {
			margin-left: 410px;
		}
	}
	.section.first-section {
		margin-top: 9px;
	}
	.blocklink small {
		white-space: normal;
	}
	.button {
		vertical-align: middle;
	}
	.replay-controls {
		padding-top: 10px;
	}
	.replay-controls h1 {
		font-size: 16pt;
		font-weight: normal;
		color: #CCC;
	}
	.pagelink {
		text-align: center;
	}
	.pagelink a {
		width: 150px;
	}
	.textbox, .button {
		font-size: 11pt;
		vertical-align: middle;
	}
	@media (max-width: 450px) {
		.button {
			font-size: 9pt;
		}
	}
</style>

<div>

	<header>
		<div class="nav-wrapper"><ul class="nav">
			<li><a class="button nav-first" href="//pokemonshowdown.com/"><img src="//pokemonshowdown.com/images/pokemonshowdownbeta.png" srcset="//pokemonshowdown.com/images/pokemonshowdownbeta.png 1x, //pokemonshowdown.com/images/pokemonshowdownbeta@2x.png 2x" alt="Pok&eacute;mon Showdown" width="146" height="44" /> Home</a></li>
			<li><a class="button" href="//pokemonshowdown.com/dex/">Pok&eacute;dex</a></li>
			<li><a class="button cur" href="/">Replays</a></li>
			<li><a class="button" href="//pokemonshowdown.com/ladder/">Ladder</a></li>
			<li><a class="button nav-last" href="//pokemonshowdown.com/forums/">Forum</a></li>
			<li><a class="button greenbutton nav-first nav-last" href="//play.pokemonshowdown.com/">Play</a></li>
		</ul></div>
	</header>

	<div class="main" id="main">

		<noscript><section class="section">You need to enable JavaScript to use this page; sorry!</section></noscript>

	</div>

</div>

<script defer nomodule src="//play.pokemonshowdown.com/js/lib/ps-polyfill.js"></script>
<script defer src="//play.pokemonshowdown.com/js/lib/preact.min.js"></script>

<script defer src="//play.pokemonshowdown.com/config/config.js?2bddbc15"></script>
<script defer src="//play.pokemonshowdown.com/js/lib/jquery-1.11.0.min.js"></script>
<script defer src="//play.pokemonshowdown.com/js/lib/html-sanitizer-minified.js"></script>
<script defer src="//play.pokemonshowdown.com/js/battle-sound.js"></script>
<script defer src="//play.pokemonshowdown.com/js/battledata.js?0.7209276989879541"></script>
<script defer src="//play.pokemonshowdown.com/data/pokedex-mini.js?0.6111056340867951"></script>
<script defer src="//play.pokemonshowdown.com/data/pokedex-mini-bw.js?0.3532142036491459"></script>
<script defer src="//play.pokemonshowdown.com/data/graphics.js?0.24223875632456182"></script>
<script defer src="//play.pokemonshowdown.com/data/pokedex.js?0.38839984266356864"></script>
<script defer src="//play.pokemonshowdown.com/data/moves.js?0.21866028504024015"></script>
<script defer src="//play.pokemonshowdown.com/data/abilities.js?0.2005157953846628"></script>
<script defer src="//play.pokemonshowdown.com/data/items.js?0.9894211263848525"></script>
<script defer src="//play.pokemonshowdown.com/data/teambuilder-tables.js?0.6008791140282215"></script>
<script defer src="//play.pokemonshowdown.com/js/battle-tooltips.js?0.7580118955022959"></script>
<script defer src="//play.pokemonshowdown.com/js/battle.js?0.6057722274234274"></script>

<script defer src="js/utils.js?e31f9a17"></script>
<script defer src="js/replays-battle.js?7008c182"></script>

<!-- don't scrape this data! just add .json or .log after the URL!
Full API docs: https://github.com/smogon/pokemon-showdown-client/blob/master/WEB-API.md -->
<script type="text/plain" class="log" id="replaylog-smogtours-gen3ou-797507">
|inactive|Battle timer is ON: inactive players will automatically lose when time's up.
|t:|1728748862
|gametype|singles
|player|p1|UnzipsCrogre|unknown|
|player|p2|Colteor|#roaplixmauvillemagnetons|
|teamsize|p1|6
|teamsize|p2|6
|gen|3
|tier|[Gen 3] OU
|rule|Sleep Clause Mod: Limit one foe put to sleep
|rule|Switch Priority Clause Mod: Faster Pokémon switch first
|rule|Species Clause: Limit one of each Pokémon
|rule|OHKO Clause: OHKO moves are banned
|rule|Evasion Items Clause: Evasion items are banned
|rule|Evasion Moves Clause: Evasion moves are banned
|rule|Endless Battle Clause: Forcing endless battles is banned
|rule|HP Percentage Mod: HP is shown in percentages
|rule|One Boost Passer Clause: Limit one Baton Passer that has a way to boost its stats
|rule|Freeze Clause Mod: Limit one foe frozen
|
|t:|1728748862
|start
|switch|p1a: Tyranitar|Tyranitar, M|100/100
|switch|p2a: Zapdos|Zapdos|100/100
|-weather|Sandstorm|[from] ability: Sand Stream|[of] p1a: Tyranitar
|turn|1
|inactive|UnzipsCrogre also wants the timer to be on.
|c|☆Colteor|gl hf
|c|☆UnzipsCrogre|yt
|
|t:|1728748892
|switch|p2a: Skarmory|Skarmory, F|100/100
|move|p1a: Tyranitar|Ice Beam|p2a: Skarmory
|-damage|p2a: Skarmory|74/100
|
|-weather|Sandstorm|[upkeep]
|-heal|p2a: Skarmory|80/100|[from] item: Leftovers
|upkeep
|turn|2
|
|t:|1728748908
|move|p2a: Skarmory|Spikes|p1a: Tyranitar
|-sidestart|p1: UnzipsCrogre|Spikes
|move|p1a: Tyranitar|Ice Beam|p2a: Skarmory
|-damage|p2a: Skarmory|54/100
|
|-weather|Sandstorm|[upkeep]
|-heal|p2a: Skarmory|60/100|[from] item: Leftovers
|upkeep
|turn|3
|
|t:|1728748923
|switch|p1a: Magneton|Magneton|100/100
|-damage|p1a: Magneton|88/100|[from] Spikes
|move|p2a: Skarmory|Protect||[still]
|-fail|p2a: Skarmory
|
|-weather|Sandstorm|[upkeep]
|-heal|p2a: Skarmory|66/100|[from] item: Leftovers
|upkeep
|turn|4
|
|t:|1728748930
|move|p1a: Magneton|Substitute|p1a: Magneton
|-start|p1a: Magneton|Substitute
|-damage|p1a: Magneton|63/100
|move|p2a: Skarmory|Roar|p1a: Magneton
|drag|p1a: Tyranitar|Tyranitar, M|100/100
|-damage|p1a: Tyranitar|88/100|[from] Spikes
|
|-weather|Sandstorm|[upkeep]
|-heal|p2a: Skarmory|72/100|[from] item: Leftovers
|-heal|p1a: Tyranitar|94/100|[from] item: Leftovers
|upkeep
|turn|5
|
|t:|1728748949
|switch|p2a: Tyranitar|Tyranitar, M|100/100
|move|p1a: Tyranitar|Ice Beam|p2a: Tyranitar
|-damage|p2a: Tyranitar|76/100
|
|-weather|Sandstorm|[upkeep]
|-heal|p2a: Tyranitar|82/100|[from] item: Leftovers
|-heal|p1a: Tyranitar|100/100|[from] item: Leftovers
|upkeep
|turn|6
|
|t:|1728748961
|move|p2a: Tyranitar|Earthquake|p1a: Tyranitar
|-supereffective|p1a: Tyranitar
|-damage|p1a: Tyranitar|39/100
|move|p1a: Tyranitar|Brick Break|p2a: Tyranitar
|-supereffective|p2a: Tyranitar
|-damage|p2a: Tyranitar|10/100
|
|-weather|Sandstorm|[upkeep]
|-heal|p2a: Tyranitar|16/100|[from] item: Leftovers
|-heal|p1a: Tyranitar|45/100|[from] item: Leftovers
|upkeep
|turn|7
|
|t:|1728748980
|switch|p1a: Celebi|Celebi|100/100
|-damage|p1a: Celebi|88/100|[from] Spikes
|move|p2a: Tyranitar|Earthquake|p1a: Celebi
|-resisted|p1a: Celebi
|-damage|p1a: Celebi|75/100
|
|-weather|Sandstorm|[upkeep]
|-damage|p1a: Celebi|69/100|[from] Sandstorm
|-heal|p1a: Celebi|75/100|[from] item: Leftovers
|-heal|p2a: Tyranitar|22/100|[from] item: Leftovers
|upkeep
|turn|8
|
|t:|1728748990
|switch|p2a: Blissey|Blissey, F|100/100
|move|p1a: Celebi|Swords Dance|p1a: Celebi
|-boost|p1a: Celebi|atk|2
|
|-weather|Sandstorm|[upkeep]
|-damage|p1a: Celebi|69/100|[from] Sandstorm
|-damage|p2a: Blissey|94/100|[from] Sandstorm
|-heal|p1a: Celebi|75/100|[from] item: Leftovers
|-heal|p2a: Blissey|100/100|[from] item: Leftovers
|upkeep
|turn|9
|
|t:|1728748997
|move|p1a: Celebi|Leech Seed|p2a: Blissey
|-start|p2a: Blissey|move: Leech Seed
|move|p2a: Blissey|Sing|p1a: Celebi|[miss]
|-miss|p2a: Blissey|p1a: Celebi
|
|-weather|Sandstorm|[upkeep]
|-damage|p1a: Celebi|69/100|[from] Sandstorm
|-damage|p2a: Blissey|94/100|[from] Sandstorm
|-heal|p1a: Celebi|75/100|[from] item: Leftovers
|-heal|p2a: Blissey|100/100|[from] item: Leftovers
|-damage|p2a: Blissey|88/100|[from] Leech Seed|[of] p1a: Celebi
|-heal|p1a: Celebi|96/100|[silent]
|upkeep
|turn|10
|
|t:|1728749012
|move|p1a: Celebi|Baton Pass|p1a: Celebi
|
|t:|1728749029
|switch|p1a: Aerodactyl|Aerodactyl, F|100/100|[from] Baton Pass
|move|p2a: Blissey|Sing|p1a: Aerodactyl
|-status|p1a: Aerodactyl|slp|[from] move: Sing
|
|-weather|Sandstorm|[upkeep]
|-damage|p2a: Blissey|82/100|[from] Sandstorm
|-heal|p2a: Blissey|88/100|[from] item: Leftovers
|-damage|p2a: Blissey|76/100|[from] Leech Seed|[of] p1a: Aerodactyl
|upkeep
|turn|11
|
|t:|1728749042
|switch|p2a: Zapdos|Zapdos|100/100
|cant|p1a: Aerodactyl|slp
|
|-weather|Sandstorm|[upkeep]
|-damage|p2a: Zapdos|94/100|[from] Sandstorm
|-heal|p2a: Zapdos|100/100|[from] item: Leftovers
|upkeep
|turn|12
|
|t:|1728749055
|switch|p1a: Magneton|Magneton|63/100
|-damage|p1a: Magneton|51/100|[from] Spikes
|move|p2a: Zapdos|Thunderbolt|p1a: Magneton
|-resisted|p1a: Magneton
|-damage|p1a: Magneton|11/100
|
|-weather|Sandstorm|[upkeep]
|-damage|p2a: Zapdos|94/100|[from] Sandstorm
|-heal|p2a: Zapdos|100/100|[from] item: Leftovers
|upkeep
|turn|13
|
|t:|1728749059
|move|p2a: Zapdos|Thunderbolt|p1a: Magneton
|-resisted|p1a: Magneton
|-damage|p1a: Magneton|0 fnt
|faint|p1a: Magneton
|inactive|UnzipsCrogre has 270 seconds left.
|
|t:|1728749086
|switch|p1a: Tyranitar|Tyranitar, M|45/100
|-damage|p1a: Tyranitar|33/100|[from] Spikes
|
|-weather|Sandstorm|[upkeep]
|-damage|p2a: Zapdos|94/100|[from] Sandstorm
|-heal|p2a: Zapdos|100/100|[from] item: Leftovers
|-heal|p1a: Tyranitar|39/100|[from] item: Leftovers
|upkeep
|turn|14
|inactive|Colteor has 270 seconds left.
|
|t:|1728749130
|switch|p2a: Tyranitar|Tyranitar, M|22/100
|move|p1a: Tyranitar|Ice Beam|p2a: Tyranitar
|-damage|p2a: Tyranitar|0 fnt
|faint|p2a: Tyranitar
|
|t:|1728749132
|switch|p2a: Swampert|Swampert, F|100/100
|
|-weather|Sandstorm|[upkeep]
|-heal|p1a: Tyranitar|45/100|[from] item: Leftovers
|upkeep
|turn|15
|inactive|Colteor has 270 seconds left.
|
|t:|1728749147
|move|p2a: Swampert|Toxic|p1a: Tyranitar
|-status|p1a: Tyranitar|tox
|move|p1a: Tyranitar|Crunch|p2a: Swampert
|-damage|p2a: Swampert|69/100
|
|-weather|Sandstorm|[upkeep]
|-heal|p2a: Swampert|75/100|[from] item: Leftovers
|-heal|p1a: Tyranitar|51/100 tox|[from] item: Leftovers
|-damage|p1a: Tyranitar|45/100 tox|[from] psn
|upkeep
|turn|16
|
|t:|1728749152
|switch|p1a: Celebi|Celebi|96/100
|-damage|p1a: Celebi|83/100|[from] Spikes
|move|p2a: Swampert|Surf|p1a: Celebi
|-resisted|p1a: Celebi
|-damage|p1a: Celebi|73/100
|
|-weather|Sandstorm|[upkeep]
|-damage|p1a: Celebi|66/100|[from] Sandstorm
|-heal|p1a: Celebi|73/100|[from] item: Leftovers
|-heal|p2a: Swampert|82/100|[from] item: Leftovers
|upkeep
|turn|17
|
|t:|1728749162
|switch|p2a: Skarmory|Skarmory, F|72/100
|move|p1a: Celebi|Swords Dance|p1a: Celebi
|-boost|p1a: Celebi|atk|2
|
|-weather|Sandstorm|[upkeep]
|-damage|p1a: Celebi|66/100|[from] Sandstorm
|-heal|p1a: Celebi|73/100|[from] item: Leftovers
|-heal|p2a: Skarmory|78/100|[from] item: Leftovers
|upkeep
|turn|18
|
|t:|1728749168
|move|p1a: Celebi|Leech Seed|p2a: Skarmory
|-start|p2a: Skarmory|move: Leech Seed
|move|p2a: Skarmory|Roar|p1a: Celebi
|drag|p1a: Swampert|Swampert, F|100/100
|-damage|p1a: Swampert|88/100|[from] Spikes
|
|-weather|Sandstorm|[upkeep]
|-heal|p1a: Swampert|94/100|[from] item: Leftovers
|-heal|p2a: Skarmory|84/100|[from] item: Leftovers
|-damage|p2a: Skarmory|71/100|[from] Leech Seed|[of] p1a: Swampert
|-heal|p1a: Swampert|100/100|[silent]
|upkeep
|turn|19
|
|t:|1728749187
|switch|p2a: Blissey|Blissey, F|76/100
|move|p1a: Swampert|Hydro Pump|p2a: Blissey
|-damage|p2a: Blissey|53/100
|
|-weather|Sandstorm|[upkeep]
|-damage|p2a: Blissey|47/100|[from] Sandstorm
|-heal|p2a: Blissey|53/100|[from] item: Leftovers
|upkeep
|turn|20
|
|t:|1728749190
|-singleturn|p1a: Swampert|move: Focus Punch
|switch|p2a: Zapdos|Zapdos|100/100
|move|p1a: Swampert|Focus Punch|p2a: Zapdos
|-resisted|p2a: Zapdos
|-damage|p2a: Zapdos|78/100
|
|-weather|Sandstorm|[upkeep]
|-damage|p2a: Zapdos|72/100|[from] Sandstorm
|-heal|p2a: Zapdos|78/100|[from] item: Leftovers
|upkeep
|turn|21
|
|t:|1728749205
|switch|p1a: Celebi|Celebi|73/100
|-damage|p1a: Celebi|60/100|[from] Spikes
|move|p2a: Zapdos|Hidden Power|p1a: Celebi
|-resisted|p1a: Celebi
|-damage|p1a: Celebi|53/100
|
|-weather|Sandstorm|[upkeep]
|-damage|p2a: Zapdos|72/100|[from] Sandstorm
|-damage|p1a: Celebi|47/100|[from] Sandstorm
|-heal|p2a: Zapdos|78/100|[from] item: Leftovers
|-heal|p1a: Celebi|53/100|[from] item: Leftovers
|upkeep
|turn|22
|
|t:|1728749209
|move|p2a: Zapdos|Toxic|p1a: Celebi
|-status|p1a: Celebi|tox
|move|p1a: Celebi|Recover|p1a: Celebi
|-heal|p1a: Celebi|100/100 tox
|
|-weather|Sandstorm|[upkeep]
|-damage|p2a: Zapdos|72/100|[from] Sandstorm
|-damage|p1a: Celebi|94/100 tox|[from] Sandstorm
|-heal|p2a: Zapdos|78/100|[from] item: Leftovers
|-heal|p1a: Celebi|100/100 tox|[from] item: Leftovers
|-damage|p1a: Celebi|94/100 tox|[from] psn
|upkeep
|turn|23
|
|t:|1728749219
|move|p2a: Zapdos|Thunderbolt|p1a: Celebi
|-resisted|p1a: Celebi
|-damage|p1a: Celebi|78/100 tox
|move|p1a: Celebi|Swords Dance|p1a: Celebi
|-boost|p1a: Celebi|atk|2
|
|-weather|Sandstorm|[upkeep]
|-damage|p2a: Zapdos|72/100|[from] Sandstorm
|-damage|p1a: Celebi|72/100 tox|[from] Sandstorm
|-heal|p2a: Zapdos|78/100|[from] item: Leftovers
|-heal|p1a: Celebi|78/100 tox|[from] item: Leftovers
|-damage|p1a: Celebi|66/100 tox|[from] psn
|upkeep
|turn|24
|
|t:|1728749236
|switch|p2a: Skarmory|Skarmory, F|71/100
|move|p1a: Celebi|Baton Pass|p1a: Celebi
|
|t:|1728749246
|-curestatus|p1a: Celebi|tox|[from] ability: Natural Cure
|switch|p1a: Swampert|Swampert, F|100/100|[from] Baton Pass
|-damage|p1a: Swampert|88/100|[from] Spikes
|
|-weather|Sandstorm|[upkeep]
|-heal|p1a: Swampert|94/100|[from] item: Leftovers
|-heal|p2a: Skarmory|77/100|[from] item: Leftovers
|upkeep
|turn|25
|
|t:|1728749255
|move|p2a: Skarmory|Protect|p2a: Skarmory
|-singleturn|p2a: Skarmory|Protect
|move|p1a: Swampert|Hydro Pump|p2a: Skarmory
|-activate|p2a: Skarmory|Protect
|
|-weather|Sandstorm|[upkeep]
|-heal|p1a: Swampert|100/100|[from] item: Leftovers
|-heal|p2a: Skarmory|83/100|[from] item: Leftovers
|upkeep
|turn|26
|
|t:|1728749265
|move|p1a: Swampert|Hydro Pump|p2a: Skarmory
|-damage|p2a: Skarmory|35/100
|move|p2a: Skarmory|Roar|p1a: Swampert
|drag|p1a: Tyranitar|Tyranitar, M|45/100 tox
|-damage|p1a: Tyranitar|33/100 tox|[from] Spikes
|
|-weather|Sandstorm|[upkeep]
|-heal|p2a: Skarmory|41/100|[from] item: Leftovers
|-heal|p1a: Tyranitar|39/100 tox|[from] item: Leftovers
|-damage|p1a: Tyranitar|33/100 tox|[from] psn
|upkeep
|turn|27
|
|t:|1728749281
|switch|p2a: Swampert|Swampert, F|82/100
|move|p1a: Tyranitar|Ice Beam|p2a: Swampert
|-damage|p2a: Swampert|54/100
|
|-weather|Sandstorm|[upkeep]
|-heal|p2a: Swampert|60/100|[from] item: Leftovers
|-heal|p1a: Tyranitar|39/100 tox|[from] item: Leftovers
|-damage|p1a: Tyranitar|27/100 tox|[from] psn
|upkeep
|turn|28
|
|t:|1728749285
|move|p2a: Swampert|Surf|p1a: Tyranitar
|-supereffective|p1a: Tyranitar
|-damage|p1a: Tyranitar|0 fnt
|faint|p1a: Tyranitar
|
|t:|1728749303
|switch|p1a: Swampert|Swampert, F|100/100
|-damage|p1a: Swampert|88/100|[from] Spikes
|
|-weather|Sandstorm|[upkeep]
|-heal|p1a: Swampert|94/100|[from] item: Leftovers
|-heal|p2a: Swampert|66/100|[from] item: Leftovers
|upkeep
|turn|29
|
|t:|1728749310
|move|p1a: Swampert|Hydro Pump|p2a: Swampert
|-damage|p2a: Swampert|23/100
|move|p2a: Swampert|Toxic|p1a: Swampert
|-status|p1a: Swampert|tox
|
|-weather|Sandstorm|[upkeep]
|-heal|p1a: Swampert|100/100 tox|[from] item: Leftovers
|-damage|p1a: Swampert|94/100 tox|[from] psn
|-heal|p2a: Swampert|29/100|[from] item: Leftovers
|upkeep
|turn|30
|
|t:|1728749317
|-singleturn|p1a: Swampert|move: Focus Punch
|move|p2a: Swampert|Protect|p2a: Swampert
|-singleturn|p2a: Swampert|Protect
|move|p1a: Swampert|Focus Punch|p2a: Swampert
|-activate|p2a: Swampert|Protect
|
|-weather|Sandstorm|[upkeep]
|-heal|p1a: Swampert|100/100 tox|[from] item: Leftovers
|-damage|p1a: Swampert|88/100 tox|[from] psn
|-heal|p2a: Swampert|35/100|[from] item: Leftovers
|upkeep
|turn|31
|
|t:|1728749327
|switch|p2a: Zapdos|Zapdos|78/100
|move|p1a: Swampert|Hydro Pump|p2a: Zapdos
|-damage|p2a: Zapdos|37/100
|
|-weather|Sandstorm|[upkeep]
|-damage|p2a: Zapdos|31/100|[from] Sandstorm
|-heal|p2a: Zapdos|37/100|[from] item: Leftovers
|-heal|p1a: Swampert|94/100 tox|[from] item: Leftovers
|-damage|p1a: Swampert|76/100 tox|[from] psn
|upkeep
|turn|32
|
|t:|1728749332
|move|p2a: Zapdos|Hidden Power|p1a: Swampert
|-supereffective|p1a: Swampert
|-damage|p1a: Swampert|0 fnt
|faint|p1a: Swampert
|
|t:|1728749339
|switch|p1a: Celebi|Celebi|66/100
|-damage|p1a: Celebi|54/100|[from] Spikes
|
|-weather|Sandstorm|[upkeep]
|-damage|p2a: Zapdos|31/100|[from] Sandstorm
|-damage|p1a: Celebi|48/100|[from] Sandstorm
|-heal|p2a: Zapdos|37/100|[from] item: Leftovers
|-heal|p1a: Celebi|54/100|[from] item: Leftovers
|upkeep
|turn|33
|
|t:|1728749355
|switch|p2a: Skarmory|Skarmory, F|41/100
|move|p1a: Celebi|Recover|p1a: Celebi
|-heal|p1a: Celebi|100/100
|
|-weather|Sandstorm|[upkeep]
|-damage|p1a: Celebi|94/100|[from] Sandstorm
|-heal|p1a: Celebi|100/100|[from] item: Leftovers
|-heal|p2a: Skarmory|47/100|[from] item: Leftovers
|upkeep
|turn|34
|
|t:|1728749364
|move|p1a: Celebi|Leech Seed|p2a: Skarmory
|-start|p2a: Skarmory|move: Leech Seed
|move|p2a: Skarmory|Spikes|p1a: Celebi
|-sidestart|p1: UnzipsCrogre|Spikes
|
|-weather|Sandstorm|[upkeep]
|-damage|p1a: Celebi|94/100|[from] Sandstorm
|-heal|p1a: Celebi|100/100|[from] item: Leftovers
|-heal|p2a: Skarmory|53/100|[from] item: Leftovers
|-damage|p2a: Skarmory|41/100|[from] Leech Seed|[of] p1a: Celebi
|upkeep
|turn|35
|
|t:|1728749371
|move|p1a: Celebi|Swords Dance|p1a: Celebi
|-boost|p1a: Celebi|atk|2
|move|p2a: Skarmory|Spikes|p1a: Celebi
|-sidestart|p1: UnzipsCrogre|Spikes
|
|-weather|Sandstorm|[upkeep]
|-damage|p1a: Celebi|94/100|[from] Sandstorm
|-heal|p1a: Celebi|100/100|[from] item: Leftovers
|-heal|p2a: Skarmory|47/100|[from] item: Leftovers
|-damage|p2a: Skarmory|34/100|[from] Leech Seed|[of] p1a: Celebi
|upkeep
|turn|36
|
|t:|1728749381
|move|p1a: Celebi|Baton Pass|p1a: Celebi
|
|t:|1728749382
|switch|p1a: Aerodactyl|Aerodactyl, F|100/100 slp|[from] Baton Pass
|move|p2a: Skarmory|Roar|p1a: Aerodactyl
|drag|p1a: Metagross|Metagross|100/100
|-damage|p1a: Metagross|76/100|[from] Spikes
|
|-weather|Sandstorm|[upkeep]
|-heal|p2a: Skarmory|40/100|[from] item: Leftovers
|-damage|p2a: Skarmory|28/100|[from] Leech Seed|[of] p1a: Metagross
|-heal|p1a: Metagross|89/100|[silent]
|upkeep
|turn|37
|
|t:|1728749398
|switch|p1a: Celebi|Celebi|100/100
|-damage|p1a: Celebi|75/100|[from] Spikes
|switch|p2a: Blissey|Blissey, F|53/100
|
|-weather|Sandstorm|[upkeep]
|-damage|p1a: Celebi|69/100|[from] Sandstorm
|-damage|p2a: Blissey|47/100|[from] Sandstorm
|-heal|p1a: Celebi|75/100|[from] item: Leftovers
|-heal|p2a: Blissey|53/100|[from] item: Leftovers
|upkeep
|turn|38
|
|t:|1728749422
|switch|p2a: Skarmory|Skarmory, F|28/100
|move|p1a: Celebi|Leech Seed|p2a: Skarmory
|-start|p2a: Skarmory|move: Leech Seed
|
|-weather|Sandstorm|[upkeep]
|-damage|p1a: Celebi|69/100|[from] Sandstorm
|-heal|p1a: Celebi|75/100|[from] item: Leftovers
|-heal|p2a: Skarmory|34/100|[from] item: Leftovers
|-damage|p2a: Skarmory|22/100|[from] Leech Seed|[of] p1a: Celebi
|-heal|p1a: Celebi|86/100|[silent]
|upkeep
|turn|39
|
|t:|1728749429
|move|p1a: Celebi|Swords Dance|p1a: Celebi
|-boost|p1a: Celebi|atk|2
|move|p2a: Skarmory|Roar|p1a: Celebi
|drag|p1a: Metagross|Metagross|89/100
|-damage|p1a: Metagross|64/100|[from] Spikes
|
|-weather|Sandstorm|[upkeep]
|-heal|p2a: Skarmory|28/100|[from] item: Leftovers
|-damage|p2a: Skarmory|16/100|[from] Leech Seed|[of] p1a: Metagross
|-heal|p1a: Metagross|77/100|[silent]
|upkeep
|turn|40
|
|t:|1728749451
|move|p1a: Metagross|Meteor Mash|p2a: Skarmory|[miss]
|-miss|p1a: Metagross|p2a: Skarmory
|move|p2a: Skarmory|Roar|p1a: Metagross
|drag|p1a: Aerodactyl|Aerodactyl, F|100/100 slp
|
|-weather|Sandstorm|[upkeep]
|-heal|p2a: Skarmory|22/100|[from] item: Leftovers
|-damage|p2a: Skarmory|9/100|[from] Leech Seed|[of] p1a: Aerodactyl
|upkeep
|turn|41
|
|t:|1728749462
|switch|p2a: Swampert|Swampert, F|35/100
|cant|p1a: Aerodactyl|slp
|
|-weather|Sandstorm|[upkeep]
|-heal|p2a: Swampert|42/100|[from] item: Leftovers
|upkeep
|turn|42
|
|t:|1728749467
|switch|p1a: Celebi|Celebi|86/100
|-damage|p1a: Celebi|61/100|[from] Spikes
|move|p2a: Swampert|Surf|p1a: Celebi
|-resisted|p1a: Celebi
|-damage|p1a: Celebi|50/100
|
|-weather|Sandstorm|[upkeep]
|-damage|p1a: Celebi|44/100|[from] Sandstorm
|-heal|p1a: Celebi|50/100|[from] item: Leftovers
|-heal|p2a: Swampert|48/100|[from] item: Leftovers
|upkeep
|turn|43
|
|t:|1728749473
|move|p1a: Celebi|Recover|p1a: Celebi
|-heal|p1a: Celebi|99/100
|move|p2a: Swampert|Toxic|p1a: Celebi
|-status|p1a: Celebi|tox
|
|-weather|Sandstorm|[upkeep]
|-damage|p1a: Celebi|94/100 tox|[from] Sandstorm
|-heal|p1a: Celebi|99/100 tox|[from] item: Leftovers
|-damage|p1a: Celebi|94/100 tox|[from] psn
|-heal|p2a: Swampert|54/100|[from] item: Leftovers
|upkeep
|turn|44
|
|t:|1728749477
|switch|p2a: Skarmory|Skarmory, F|9/100
|move|p1a: Celebi|Leech Seed|p2a: Skarmory
|-start|p2a: Skarmory|move: Leech Seed
|
|-weather|Sandstorm|[upkeep]
|-damage|p1a: Celebi|87/100 tox|[from] Sandstorm
|-heal|p1a: Celebi|94/100 tox|[from] item: Leftovers
|-damage|p1a: Celebi|81/100 tox|[from] psn
|-heal|p2a: Skarmory|15/100|[from] item: Leftovers
|-damage|p2a: Skarmory|3/100|[from] Leech Seed|[of] p1a: Celebi
|-heal|p1a: Celebi|91/100 tox|[silent]
|upkeep
|turn|45
|
|t:|1728749487
|move|p1a: Celebi|Swords Dance|p1a: Celebi
|-boost|p1a: Celebi|atk|2
|move|p2a: Skarmory|Roar|p1a: Celebi
|-curestatus|p1a: Celebi|tox|[from] ability: Natural Cure
|drag|p1a: Metagross|Metagross|77/100
|-damage|p1a: Metagross|52/100|[from] Spikes
|
|-weather|Sandstorm|[upkeep]
|-heal|p2a: Skarmory|9/100|[from] item: Leftovers
|-damage|p2a: Skarmory|0 fnt|[from] Leech Seed|[of] p1a: Metagross
|-heal|p1a: Metagross|61/100|[silent]
|faint|p2a: Skarmory
|upkeep
|inactive|Colteor has 270 seconds left.
|
|t:|1728749531
|switch|p2a: Zapdos|Zapdos|37/100
|turn|46
|inactive|UnzipsCrogre has 270 seconds left.
|
|t:|1728749566
|move|p2a: Zapdos|Thunderbolt|p1a: Metagross
|-damage|p1a: Metagross|11/100
|move|p1a: Metagross|Agility|p1a: Metagross
|-boost|p1a: Metagross|spe|2
|
|-weather|Sandstorm|[upkeep]
|-damage|p2a: Zapdos|31/100|[from] Sandstorm
|-heal|p2a: Zapdos|37/100|[from] item: Leftovers
|upkeep
|turn|47
|inactive|UnzipsCrogre has 270 seconds left.
|inactive|Colteor has 270 seconds left.
|inactive|UnzipsCrogre has 240 seconds left.
|
|t:|1728749610
|move|p2a: Zapdos|Protect|p2a: Zapdos
|-singleturn|p2a: Zapdos|Protect
|move|p1a: Metagross|Explosion|p2a: Zapdos
|-activate|p2a: Zapdos|Protect
|faint|p1a: Metagross
|
|t:|1728749613
|switch|p1a: Celebi|Celebi|91/100
|-damage|p1a: Celebi|66/100|[from] Spikes
|
|-weather|Sandstorm|[upkeep]
|-damage|p2a: Zapdos|31/100|[from] Sandstorm
|-damage|p1a: Celebi|60/100|[from] Sandstorm
|-heal|p2a: Zapdos|37/100|[from] item: Leftovers
|-heal|p1a: Celebi|66/100|[from] item: Leftovers
|upkeep
|turn|48
|
|t:|1728749618
|move|p2a: Zapdos|Toxic|p1a: Celebi
|-status|p1a: Celebi|tox
|move|p1a: Celebi|Leech Seed|p2a: Zapdos
|-start|p2a: Zapdos|move: Leech Seed
|
|-weather|Sandstorm|[upkeep]
|-damage|p2a: Zapdos|31/100|[from] Sandstorm
|-damage|p1a: Celebi|60/100 tox|[from] Sandstorm
|-heal|p2a: Zapdos|37/100|[from] item: Leftovers
|-damage|p2a: Zapdos|24/100|[from] Leech Seed|[of] p1a: Celebi
|-heal|p1a: Celebi|71/100 tox|[silent]
|-heal|p1a: Celebi|77/100 tox|[from] item: Leftovers
|-damage|p1a: Celebi|71/100 tox|[from] psn
|upkeep
|turn|49
|
|t:|1728749624
|switch|p2a: Gengar|Gengar, M|100/100
|move|p1a: Celebi|Swords Dance|p1a: Celebi
|-boost|p1a: Celebi|atk|2
|
|-weather|Sandstorm|[upkeep]
|-damage|p2a: Gengar|94/100|[from] Sandstorm
|-damage|p1a: Celebi|65/100 tox|[from] Sandstorm
|-heal|p2a: Gengar|100/100|[from] item: Leftovers
|-heal|p1a: Celebi|71/100 tox|[from] item: Leftovers
|-damage|p1a: Celebi|58/100 tox|[from] psn
|upkeep
|turn|50
|
|t:|1728749631
|move|p2a: Gengar|Fire Punch|p1a: Celebi
|-supereffective|p1a: Celebi
|-damage|p1a: Celebi|23/100 tox
|move|p1a: Celebi|Baton Pass|p1a: Celebi
|
|t:|1728749633
|-curestatus|p1a: Celebi|tox|[from] ability: Natural Cure
|switch|p1a: Aerodactyl|Aerodactyl, F|100/100 slp|[from] Baton Pass
|
|-weather|Sandstorm|[upkeep]
|-damage|p2a: Gengar|94/100|[from] Sandstorm
|-heal|p2a: Gengar|100/100|[from] item: Leftovers
|upkeep
|turn|51
|
|t:|1728749641
|-curestatus|p1a: Aerodactyl|slp|[msg]
|move|p1a: Aerodactyl|Substitute|p1a: Aerodactyl
|-start|p1a: Aerodactyl|Substitute
|-damage|p1a: Aerodactyl|75/100
|move|p2a: Gengar|Thunderbolt|p1a: Aerodactyl
|-supereffective|p1a: Aerodactyl
|-end|p1a: Aerodactyl|Substitute
|
|-weather|Sandstorm|[upkeep]
|-damage|p2a: Gengar|94/100|[from] Sandstorm
|-heal|p2a: Gengar|100/100|[from] item: Leftovers
|upkeep
|turn|52
|inactive|UnzipsCrogre has 270 seconds left.
|
|t:|1728749659
|move|p1a: Aerodactyl|Rock Slide|p2a: Gengar|[miss]
|-miss|p1a: Aerodactyl|p2a: Gengar
|move|p2a: Gengar|Thunderbolt|p1a: Aerodactyl
|-supereffective|p1a: Aerodactyl
|-damage|p1a: Aerodactyl|0 fnt
|faint|p1a: Aerodactyl
|inactive|UnzipsCrogre has 270 seconds left.
|
|t:|1728749665
|switch|p1a: Celebi|Celebi|23/100
|-damage|p1a: Celebi|0 fnt|[from] Spikes
|faint|p1a: Celebi
|
|win|Colteor
|c|☆Colteor|my b
|c|☆Colteor|gg
|c|☆UnzipsCrogre|gg

</script>
<script type="application/json" class="data" id="replaydata-smogtours-gen3ou-797507">
{"id":"smogtours-gen3ou-797507","format":"[Gen 3] OU","players":["UnzipsCrogre","Colteor"],"uploadtime":1728749665,"views":95,"formatid":"gen3ou","rating":null,"private":0,"password":null}
</script>

<script defer src="js/replays.js?9d40a366"></script>
