<!DOCTYPE html>
<meta charset="utf-8" />
<meta name="viewport" content="width=device-width" />

<title>[Gen 3] OU: theamazingeevee vs. YellowHat07 - Replays - Pok&eacute;mon Showdown!</title>

<meta name="description" content="Watch a replay of a Pok&eacute;mon battle between theamazingeevee and YellowHat07! Format: [Gen 3] OU; Date: Oct 13, 2024" />
<!--

Hey, you! Looking in the source for the replay log?

You can find them in JSON format, just add `.json` at the end of a replay URL.

https://replay.pokemonshowdown.com/gen7randomdoublesbattle-865046831.json

Or, if you only need the log itself, add `.log` instead:

https://replay.pokemonshowdown.com/gen7randomdoublesbattle-865046831.log

-->

<link rel="stylesheet" href="//pokemonshowdown.com/style/global.css?0.023195364461161105" />
<link rel="stylesheet" href="//play.pokemonshowdown.com/style/font-awesome.css?0.13261647063804238" />
<link rel="stylesheet" href="//play.pokemonshowdown.com/style/battle.css?0.8753245789963631" />
<link rel="stylesheet" href="//play.pokemonshowdown.com/style/utilichart.css?0.8627959624976733" />

<!-- Global site tag (gtag.js) - Google Analytics -->
<script async src="https://www.googletagmanager.com/gtag/js?id=UA-26211653-1"></script>
<script>
  window.dataLayer = window.dataLayer || [];
  function gtag(){dataLayer.push(arguments);}
  gtag('js', new Date());

  gtag('config', 'UA-26211653-1');
</script>
<!-- End Google Analytics -->
<!-- Venatus Ad Manager - Install in <HEAD> of page -->
	<script src="https://hb.vntsm.com/v3/live/ad-manager.min.js" type="text/javascript" data-site-id="642aba63ec9a7b11c3c9c1be" data-mode="scan" async></script>
<!-- / Venatus Ad Manager -->

<style>
	@media (max-width:820px) {
		.battle {
			margin: 0 auto;
		}
		.battle-log {
			margin: 7px auto 0;
			max-width: 640px;
			height: 300px;
			position: static;
		}
	}
	.optgroup {
		display: inline-block;
		line-height: 22px;
		font-size: 10pt;
	}
	.optgroup .button {
		height: 25px;
		padding-top: 0;
		padding-bottom: 0;
	}
	.optgroup button.button {
		padding-left: 12px;
		padding-right: 12px;
	}
	.linklist {
		list-style: none;
		margin: 0.5em 0;
		padding: 0;
	}
	.linklist li {
		padding: 2px 0;
	}
	.sidebar {
		float: left;
		width: 320px;
	}
	.bar-wrapper {
		max-width: 1100px;
		margin: 0 auto;
	}
	.bar-wrapper.has-sidebar {
		max-width: 1430px;
	}
	.mainbar {
		margin: 0;
		padding-right: 1px;
	}
	.mainbar.has-sidebar {
		margin-left: 330px;
	}
	@media (min-width: 1511px) {
		.sidebar {
			width: 400px;
		}
		.bar-wrapper.has-sidebar {
			max-width: 1510px;
		}
		.mainbar.has-sidebar {
			margin-left: 410px;
		}
	}
	.section.first-section {
		margin-top: 9px;
	}
	.blocklink small {
		white-space: normal;
	}
	.button {
		vertical-align: middle;
	}
	.replay-controls {
		padding-top: 10px;
	}
	.replay-controls h1 {
		font-size: 16pt;
		font-weight: normal;
		color: #CCC;
	}
	.pagelink {
		text-align: center;
	}
	.pagelink a {
		width: 150px;
	}
	.textbox, .button {
		font-size: 11pt;
		vertical-align: middle;
	}
	@media (max-width: 450px) {
		.button {
			font-size: 9pt;
		}
	}
</style>

<div>

	<header>
		<div class="nav-wrapper"><ul class="nav">
			<li><a class="button nav-first" href="//pokemonshowdown.com/"><img src="//pokemonshowdown.com/images/pokemonshowdownbeta.png" srcset="//pokemonshowdown.com/images/pokemonshowdownbeta.png 1x, //pokemonshowdown.com/images/pokemonshowdownbeta@2x.png 2x" alt="Pok&eacute;mon Showdown" width="146" height="44" /> Home</a></li>
			<li><a class="button" href="//pokemonshowdown.com/dex/">Pok&eacute;dex</a></li>
			<li><a class="button cur" href="/">Replays</a></li>
			<li><a class="button" href="//pokemonshowdown.com/ladder/">Ladder</a></li>
			<li><a class="button nav-last" href="//pokemonshowdown.com/forums/">Forum</a></li>
			<li><a class="button greenbutton nav-first nav-last" href="//play.pokemonshowdown.com/">Play</a></li>
		</ul></div>
	</header>

	<div class="main" id="main">

		<noscript><section class="section">You need to enable JavaScript to use this page; sorry!</section></noscript>

	</div>

</div>

<script defer nomodule src="//play.pokemonshowdown.com/js/lib/ps-polyfill.js"></script>
<script defer src="//play.pokemonshowdown.com/js/lib/preact.min.js"></script>

<script defer src="//play.pokemonshowdown.com/config/config.js?2bddbc15"></script>
<script defer src="//play.pokemonshowdown.com/js/lib/jquery-1.11.0.min.js"></script>
<script defer src="//play.pokemonshowdown.com/js/lib/html-sanitizer-minified.js"></script>
<script defer src="//play.pokemonshowdown.com/js/battle-sound.js"></script>
<script defer src="//play.pokemonshowdown.com/js/battledata.js?0.7209276989879541"></script>
<script defer src="//play.pokemonshowdown.com/data/pokedex-mini.js?0.6111056340867951"></script>
<script defer src="//play.pokemonshowdown.com/data/pokedex-mini-bw.js?0.3532142036491459"></script>
<script defer src="//play.pokemonshowdown.com/data/graphics.js?0.24223875632456182"></script>
<script defer src="//play.pokemonshowdown.com/data/pokedex.js?0.38839984266356864"></script>
<script defer src="//play.pokemonshowdown.com/data/moves.js?0.21866028504024015"></script>
<script defer src="//play.pokemonshowdown.com/data/abilities.js?0.2005157953846628"></script>
<script defer src="//play.pokemonshowdown.com/data/items.js?0.9894211263848525"></script>
<script defer src="//play.pokemonshowdown.com/data/teambuilder-tables.js?0.6008791140282215"></script>
<script defer src="//play.pokemonshowdown.com/js/battle-tooltips.js?0.7580118955022959"></script>
<script defer src="//play.pokemonshowdown.com/js/battle.js?0.6057722274234274"></script>

<script defer src="js/utils.js?e31f9a17"></script>
<script defer src="js/replays-battle.js?7008c182"></script>

<!-- don't scrape this data! just add .json or .log after the URL!
Full API docs: https://github.com/smogon/pokemon-showdown-client/blob/master/WEB-API.md -->
<script type="text/plain" class="log" id="replaylog-smogtours-gen3ou-797938">
|inactive|Battle timer is ON: inactive players will automatically lose when time's up.
|t:|1728789364
|gametype|singles
|player|p1|theamazingeevee|elaine|
|player|p2|YellowHat07|1|
|teamsize|p1|6
|teamsize|p2|6
|gen|3
|tier|[Gen 3] OU
|rule|Sleep Clause Mod: Limit one foe put to sleep
|rule|Switch Priority Clause Mod: Faster Pokémon switch first
|rule|Species Clause: Limit one of each Pokémon
|rule|OHKO Clause: OHKO moves are banned
|rule|Evasion Items Clause: Evasion items are banned
|rule|Evasion Moves Clause: Evasion moves are banned
|rule|Endless Battle Clause: Forcing endless battles is banned
|rule|HP Percentage Mod: HP is shown in percentages
|rule|One Boost Passer Clause: Limit one Baton Passer that has a way to boost its stats
|rule|Freeze Clause Mod: Limit one foe frozen
|
|t:|1728789364
|start
|switch|p1a: Skarmory|Skarmory, M|100/100
|switch|p2a: Tyranitar|Tyranitar, M|100/100
|-weather|Sandstorm|[from] ability: Sand Stream|[of] p2a: Tyranitar
|turn|1
|
|t:|1728789381
|move|p1a: Skarmory|Protect|p1a: Skarmory
|-singleturn|p1a: Skarmory|Protect
|move|p2a: Tyranitar|Flamethrower|p1a: Skarmory
|-activate|p1a: Skarmory|Protect
|
|-weather|Sandstorm|[upkeep]
|upkeep
|turn|2
|
|t:|1728789402
|move|p1a: Skarmory|Spikes|p2a: Tyranitar
|-sidestart|p2: YellowHat07|Spikes
|move|p2a: Tyranitar|Pursuit|p1a: Skarmory
|-resisted|p1a: Skarmory
|-damage|p1a: Skarmory|92/100
|
|-weather|Sandstorm|[upkeep]
|-heal|p1a: Skarmory|98/100|[from] item: Leftovers
|upkeep
|turn|3
|
|t:|1728789416
|switch|p2a: Zapdos|Zapdos|100/100
|move|p1a: Skarmory|Spikes|p2a: Zapdos
|-sidestart|p2: YellowHat07|Spikes
|
|-weather|Sandstorm|[upkeep]
|-damage|p2a: Zapdos|94/100|[from] Sandstorm
|-heal|p2a: Zapdos|100/100|[from] item: Leftovers
|-heal|p1a: Skarmory|100/100|[from] item: Leftovers
|upkeep
|turn|4
|
|t:|1728789438
|switch|p1a: Jolteon|Jolteon, M|100/100
|move|p2a: Zapdos|Hidden Power|p1a: Jolteon
|-damage|p1a: Jolteon|74/100
|
|-weather|Sandstorm|[upkeep]
|-damage|p1a: Jolteon|68/100|[from] Sandstorm
|-damage|p2a: Zapdos|94/100|[from] Sandstorm
|-heal|p1a: Jolteon|74/100|[from] item: Leftovers
|-heal|p2a: Zapdos|100/100|[from] item: Leftovers
|upkeep
|turn|5
|
|t:|1728789454
|switch|p2a: Swampert|Swampert, F|100/100
|-damage|p2a: Swampert|84/100|[from] Spikes
|move|p1a: Jolteon|Substitute|p1a: Jolteon
|-start|p1a: Jolteon|Substitute
|-damage|p1a: Jolteon|49/100
|
|-weather|Sandstorm|[upkeep]
|-damage|p1a: Jolteon|43/100|[from] Sandstorm
|-heal|p1a: Jolteon|49/100|[from] item: Leftovers
|-heal|p2a: Swampert|90/100|[from] item: Leftovers
|upkeep
|turn|6
|
|t:|1728789471
|move|p1a: Jolteon|Hidden Power|p2a: Swampert
|-supereffective|p2a: Swampert
|-damage|p2a: Swampert|8/100
|move|p2a: Swampert|Roar|p1a: Jolteon
|drag|p1a: Metagross|Metagross|100/100
|
|-weather|Sandstorm|[upkeep]
|-heal|p2a: Swampert|14/100|[from] item: Leftovers
|upkeep
|turn|7
|
|t:|1728789481
|move|p2a: Swampert|Protect|p2a: Swampert
|-singleturn|p2a: Swampert|Protect
|move|p1a: Metagross|Meteor Mash|p2a: Swampert
|-activate|p2a: Swampert|Protect
|
|-weather|Sandstorm|[upkeep]
|-heal|p2a: Swampert|20/100|[from] item: Leftovers
|upkeep
|turn|8
|
|t:|1728789500
|switch|p1a: Gengar|Gengar, F|100/100
|move|p2a: Swampert|Surf|p1a: Gengar
|-damage|p1a: Gengar|27/100
|
|-weather|Sandstorm|[upkeep]
|-damage|p1a: Gengar|22/100|[from] Sandstorm
|-heal|p1a: Gengar|27/100|[from] item: Leftovers
|-heal|p2a: Swampert|26/100|[from] item: Leftovers
|upkeep
|turn|9
|
|t:|1728789510
|move|p2a: Swampert|Protect|p2a: Swampert
|-singleturn|p2a: Swampert|Protect
|move|p1a: Gengar|Hidden Power|p2a: Swampert
|-activate|p2a: Swampert|Protect
|
|-weather|Sandstorm|[upkeep]
|-damage|p1a: Gengar|22/100|[from] Sandstorm
|-heal|p1a: Gengar|27/100|[from] item: Leftovers
|-heal|p2a: Swampert|33/100|[from] item: Leftovers
|upkeep
|turn|10
|inactive|YellowHat07 has 270 seconds left.
|
|t:|1728789531
|switch|p2a: Blissey|Blissey, F|100/100
|-damage|p2a: Blissey|84/100|[from] Spikes
|move|p1a: Gengar|Hidden Power|p2a: Blissey
|-damage|p2a: Blissey|74/100
|
|-weather|Sandstorm|[upkeep]
|-damage|p1a: Gengar|22/100|[from] Sandstorm
|-damage|p2a: Blissey|68/100|[from] Sandstorm
|-heal|p1a: Gengar|27/100|[from] item: Leftovers
|-heal|p2a: Blissey|74/100|[from] item: Leftovers
|upkeep
|turn|11
|inactive|YellowHat07 has 270 seconds left.
|
|t:|1728789553
|switch|p1a: Tyranitar|Tyranitar, F|100/100
|move|p2a: Blissey|Wish|p2a: Blissey
|
|-weather|Sandstorm|[upkeep]
|-damage|p2a: Blissey|68/100|[from] Sandstorm
|-heal|p2a: Blissey|74/100|[from] item: Leftovers
|upkeep
|turn|12
|
|t:|1728789574
|-singleturn|p1a: Tyranitar|move: Focus Punch
|switch|p2a: Forretress|Forretress, M|100/100
|-damage|p2a: Forretress|84/100|[from] Spikes
|move|p1a: Tyranitar|Focus Punch|p2a: Forretress
|-damage|p2a: Forretress|41/100
|
|-heal|p2a: Forretress|91/100|[from] move: Wish|[wisher] Blissey
|-weather|Sandstorm|[upkeep]
|-heal|p2a: Forretress|97/100|[from] item: Leftovers
|upkeep
|turn|13
|inactive|YellowHat07 has 240 seconds left.
|
|t:|1728789603
|switch|p1a: Gengar|Gengar, F|27/100
|move|p2a: Forretress|Spikes|p1a: Gengar
|-sidestart|p1: theamazingeevee|Spikes
|
|-weather|Sandstorm|[upkeep]
|-damage|p1a: Gengar|22/100|[from] Sandstorm
|-heal|p1a: Gengar|27/100|[from] item: Leftovers
|-heal|p2a: Forretress|100/100|[from] item: Leftovers
|upkeep
|turn|14
|inactive|YellowHat07 has 240 seconds left.
|
|t:|1728789634
|switch|p2a: Blissey|Blissey, F|74/100
|-damage|p2a: Blissey|58/100|[from] Spikes
|move|p1a: Gengar|Fire Punch|p2a: Blissey
|-damage|p2a: Blissey|48/100
|
|-weather|Sandstorm|[upkeep]
|-damage|p1a: Gengar|22/100|[from] Sandstorm
|-damage|p2a: Blissey|42/100|[from] Sandstorm
|-heal|p1a: Gengar|27/100|[from] item: Leftovers
|-heal|p2a: Blissey|48/100|[from] item: Leftovers
|upkeep
|turn|15
|
|t:|1728789647
|move|p1a: Gengar|Explosion|p2a: Blissey
|-damage|p2a: Blissey|0 fnt
|faint|p1a: Gengar
|faint|p2a: Blissey
|
|t:|1728789659
|switch|p1a: Jolteon|Jolteon, M|49/100
|switch|p2a: Aerodactyl|Aerodactyl, M|100/100
|-damage|p1a: Jolteon|37/100|[from] Spikes
|
|-weather|Sandstorm|[upkeep]
|-damage|p1a: Jolteon|30/100|[from] Sandstorm
|-heal|p1a: Jolteon|37/100|[from] item: Leftovers
|upkeep
|turn|16
|
|t:|1728789670
|switch|p1a: Skarmory|Skarmory, M|100/100
|move|p2a: Aerodactyl|Earthquake|p1a: Skarmory
|-immune|p1a: Skarmory
|
|-weather|Sandstorm|[upkeep]
|upkeep
|turn|17
|
|t:|1728789680
|switch|p2a: Forretress|Forretress, M|100/100
|-damage|p2a: Forretress|84/100|[from] Spikes
|move|p1a: Skarmory|Roar|p2a: Forretress
|drag|p2a: Swampert|Swampert, F|33/100
|-damage|p2a: Swampert|16/100|[from] Spikes
|
|-weather|Sandstorm|[upkeep]
|-heal|p2a: Swampert|22/100|[from] item: Leftovers
|upkeep
|turn|18
|
|t:|1728789702
|move|p1a: Skarmory|Roar|p2a: Swampert
|drag|p2a: Zapdos|Zapdos|100/100
|
|-weather|Sandstorm|[upkeep]
|-damage|p2a: Zapdos|94/100|[from] Sandstorm
|-heal|p2a: Zapdos|100/100|[from] item: Leftovers
|upkeep
|turn|19
|
|t:|1728789712
|move|p2a: Zapdos|Hidden Power|p1a: Skarmory
|-resisted|p1a: Skarmory
|-damage|p1a: Skarmory|96/100
|move|p1a: Skarmory|Spikes|p2a: Zapdos
|-sidestart|p2: YellowHat07|Spikes
|
|-weather|Sandstorm|[upkeep]
|-damage|p2a: Zapdos|94/100|[from] Sandstorm
|-heal|p2a: Zapdos|100/100|[from] item: Leftovers
|-heal|p1a: Skarmory|100/100|[from] item: Leftovers
|upkeep
|turn|20
|inactive|theamazingeevee has 270 seconds left.
|inactive|theamazingeevee has 240 seconds left.
|
|t:|1728789789
|switch|p1a: Jolteon|Jolteon, M|37/100
|-damage|p1a: Jolteon|24/100|[from] Spikes
|move|p2a: Zapdos|Thunderbolt|p1a: Jolteon
|-heal|p1a: Jolteon|49/100|[from] ability: Volt Absorb|[of] p2a: Zapdos
|
|-weather|Sandstorm|[upkeep]
|-damage|p1a: Jolteon|43/100|[from] Sandstorm
|-damage|p2a: Zapdos|94/100|[from] Sandstorm
|-heal|p1a: Jolteon|49/100|[from] item: Leftovers
|-heal|p2a: Zapdos|100/100|[from] item: Leftovers
|upkeep
|turn|21
|inactive|YellowHat07 has 210 seconds left.
|
|t:|1728789836
|move|p1a: Jolteon|Thunderbolt|p2a: Zapdos
|-damage|p2a: Zapdos|71/100
|move|p2a: Zapdos|Hidden Power|p1a: Jolteon
|-damage|p1a: Jolteon|23/100
|
|-weather|Sandstorm|[upkeep]
|-damage|p1a: Jolteon|17/100|[from] Sandstorm
|-damage|p2a: Zapdos|65/100|[from] Sandstorm
|-heal|p1a: Jolteon|23/100|[from] item: Leftovers
|-heal|p2a: Zapdos|71/100|[from] item: Leftovers
|upkeep
|turn|22
|inactive|theamazingeevee has 210 seconds left.
|
|t:|1728789857
|move|p1a: Jolteon|Baton Pass|p1a: Jolteon
|
|t:|1728789859
|switch|p1a: Tyranitar|Tyranitar, F|100/100|[from] Baton Pass
|-damage|p1a: Tyranitar|88/100|[from] Spikes
|move|p2a: Zapdos|Rest|p2a: Zapdos
|-status|p2a: Zapdos|slp|[from] move: Rest
|-heal|p2a: Zapdos|100/100 slp|[silent]
|
|-weather|Sandstorm|[upkeep]
|-damage|p2a: Zapdos|94/100 slp|[from] Sandstorm
|-heal|p2a: Zapdos|100/100 slp|[from] item: Leftovers
|-heal|p1a: Tyranitar|94/100|[from] item: Leftovers
|upkeep
|turn|23
|
|t:|1728789884
|-singleturn|p1a: Tyranitar|move: Focus Punch
|cant|p2a: Zapdos|slp
|move|p2a: Zapdos|Sleep Talk|p2a: Zapdos
|move|p2a: Zapdos|Hidden Power|p1a: Tyranitar|[from]Sleep Talk
|-supereffective|p1a: Tyranitar
|-damage|p1a: Tyranitar|63/100
|move|p1a: Tyranitar|Focus Punch||[still]
|cant|p1a: Tyranitar|Focus Punch|Focus Punch
|
|-weather|Sandstorm|[upkeep]
|-damage|p2a: Zapdos|94/100 slp|[from] Sandstorm
|-heal|p2a: Zapdos|100/100 slp|[from] item: Leftovers
|-heal|p1a: Tyranitar|70/100|[from] item: Leftovers
|upkeep
|turn|24
|
|t:|1728789897
|cant|p2a: Zapdos|slp
|move|p2a: Zapdos|Sleep Talk|p2a: Zapdos
|move|p2a: Zapdos|Thunderbolt|p1a: Tyranitar|[from]Sleep Talk
|-damage|p1a: Tyranitar|37/100
|move|p1a: Tyranitar|Rock Slide|p2a: Zapdos
|-supereffective|p2a: Zapdos
|-damage|p2a: Zapdos|17/100 slp
|
|-weather|Sandstorm|[upkeep]
|-damage|p2a: Zapdos|11/100 slp|[from] Sandstorm
|-heal|p2a: Zapdos|17/100 slp|[from] item: Leftovers
|-heal|p1a: Tyranitar|43/100|[from] item: Leftovers
|upkeep
|turn|25
|inactive|YellowHat07 has 180 seconds left.
|
|t:|1728789917
|-curestatus|p2a: Zapdos|slp|[msg]
|move|p2a: Zapdos|Sleep Talk|p2a: Zapdos
|move|p1a: Tyranitar|Rock Slide|p2a: Zapdos
|-supereffective|p2a: Zapdos
|-damage|p2a: Zapdos|0 fnt
|faint|p2a: Zapdos
|inactive|YellowHat07 has 180 seconds left.
|
|t:|1728789933
|switch|p2a: Aerodactyl|Aerodactyl, M|100/100
|
|-weather|Sandstorm|[upkeep]
|-heal|p1a: Tyranitar|49/100|[from] item: Leftovers
|upkeep
|turn|26
|
|t:|1728789962
|move|p2a: Aerodactyl|Hidden Power|p1a: Tyranitar
|-supereffective|p1a: Tyranitar
|-damage|p1a: Tyranitar|0 fnt
|faint|p1a: Tyranitar
|inactive|theamazingeevee has 210 seconds left.
|
|t:|1728789985
|switch|p1a: Starmie|Starmie|100/100
|-damage|p1a: Starmie|88/100|[from] Spikes
|
|-weather|Sandstorm|[upkeep]
|-damage|p1a: Starmie|82/100|[from] Sandstorm
|-heal|p1a: Starmie|88/100|[from] item: Leftovers
|upkeep
|turn|27
|
|t:|1728789992
|move|p2a: Aerodactyl|Hidden Power|p1a: Starmie
|-supereffective|p1a: Starmie
|-damage|p1a: Starmie|1/100
|move|p1a: Starmie|Hydro Pump|p2a: Aerodactyl
|-supereffective|p2a: Aerodactyl
|-damage|p2a: Aerodactyl|0 fnt
|faint|p2a: Aerodactyl
|
|t:|1728790000
|switch|p2a: Forretress|Forretress, M|84/100
|-damage|p2a: Forretress|59/100|[from] Spikes
|
|-weather|Sandstorm|[upkeep]
|-damage|p1a: Starmie|0 fnt|[from] Sandstorm
|faint|p1a: Starmie
|-heal|p2a: Forretress|65/100|[from] item: Leftovers
|upkeep
|inactive|theamazingeevee has 210 seconds left.
|c|☆theamazingeevee|hp bug?
|inactive|theamazingeevee has 180 seconds left.
|
|t:|1728790051
|switch|p1a: Metagross|Metagross|100/100
|-damage|p1a: Metagross|88/100|[from] Spikes
|turn|28
|inactive|YellowHat07 has 180 seconds left.
|c|☆YellowHat07|yea
|
|t:|1728790082
|switch|p2a: Tyranitar|Tyranitar, M|100/100
|-damage|p2a: Tyranitar|75/100|[from] Spikes
|move|p1a: Metagross|Explosion|p2a: Tyranitar
|-resisted|p2a: Tyranitar
|-damage|p2a: Tyranitar|0 fnt
|faint|p1a: Metagross
|faint|p2a: Tyranitar
|
|t:|1728790096
|switch|p1a: Jolteon|Jolteon, M|23/100
|switch|p2a: Forretress|Forretress, M|65/100
|-damage|p1a: Jolteon|11/100|[from] Spikes
|-damage|p2a: Forretress|40/100|[from] Spikes
|
|-weather|Sandstorm|[upkeep]
|-damage|p1a: Jolteon|5/100|[from] Sandstorm
|-heal|p1a: Jolteon|11/100|[from] item: Leftovers
|-heal|p2a: Forretress|47/100|[from] item: Leftovers
|upkeep
|turn|29
|c|☆theamazingeevee|man
|
|t:|1728790114
|move|p1a: Jolteon|Thunderbolt|p2a: Forretress
|-damage|p2a: Forretress|4/100
|move|p2a: Forretress|Rapid Spin|p1a: Jolteon
|-damage|p1a: Jolteon|3/100
|-sideend|p2: YellowHat07|Spikes|[from] move: Rapid Spin|[of] p2a: Forretress
|
|-weather|Sandstorm|[upkeep]
|-damage|p1a: Jolteon|0 fnt|[from] Sandstorm
|faint|p1a: Jolteon
|-heal|p2a: Forretress|11/100|[from] item: Leftovers
|upkeep
|
|t:|1728790119
|switch|p1a: Skarmory|Skarmory, M|100/100
|turn|30
|inactive|YellowHat07 has 180 seconds left.
|
|t:|1728790131
|move|p1a: Skarmory|Spikes|p2a: Forretress
|-sidestart|p2: YellowHat07|Spikes
|move|p2a: Forretress|Rapid Spin|p1a: Skarmory
|-resisted|p1a: Skarmory
|-damage|p1a: Skarmory|99/100
|-sideend|p2: YellowHat07|Spikes|[from] move: Rapid Spin|[of] p2a: Forretress
|
|-weather|Sandstorm|[upkeep]
|-heal|p1a: Skarmory|100/100|[from] item: Leftovers
|-heal|p2a: Forretress|17/100|[from] item: Leftovers
|upkeep
|turn|31
|inactive|theamazingeevee has 180 seconds left.
|
|t:|1728790139
|move|p2a: Forretress|Rapid Spin|p1a: Skarmory
|-resisted|p1a: Skarmory
|-damage|p1a: Skarmory|99/100
|move|p1a: Skarmory|Roar|p2a: Forretress
|drag|p2a: Swampert|Swampert, F|22/100
|
|-weather|Sandstorm|[upkeep]
|-heal|p1a: Skarmory|100/100|[from] item: Leftovers
|-heal|p2a: Swampert|28/100|[from] item: Leftovers
|upkeep
|turn|32
|
|t:|1728790149
|move|p2a: Swampert|Protect|p2a: Swampert
|-singleturn|p2a: Swampert|Protect
|move|p1a: Skarmory|Spikes|p2a: Swampert
|-sidestart|p2: YellowHat07|Spikes
|
|-weather|Sandstorm|[upkeep]
|-heal|p2a: Swampert|34/100|[from] item: Leftovers
|upkeep
|turn|33
|
|t:|1728790158
|move|p2a: Swampert|Surf|p1a: Skarmory
|-damage|p1a: Skarmory|75/100
|move|p1a: Skarmory|Roar|p2a: Swampert
|drag|p2a: Forretress|Forretress, M|17/100
|-damage|p2a: Forretress|4/100|[from] Spikes
|
|-weather|Sandstorm|[upkeep]
|-heal|p1a: Skarmory|81/100|[from] item: Leftovers
|-heal|p2a: Forretress|11/100|[from] item: Leftovers
|upkeep
|turn|34
|
|t:|1728790177
|move|p2a: Forretress|Rapid Spin|p1a: Skarmory
|-resisted|p1a: Skarmory
|-damage|p1a: Skarmory|79/100
|-sideend|p2: YellowHat07|Spikes|[from] move: Rapid Spin|[of] p2a: Forretress
|move|p1a: Skarmory|Roar|p2a: Forretress
|drag|p2a: Swampert|Swampert, F|34/100
|
|-weather|Sandstorm|[upkeep]
|-heal|p1a: Skarmory|85/100|[from] item: Leftovers
|-heal|p2a: Swampert|41/100|[from] item: Leftovers
|upkeep
|turn|35
|
|t:|1728790186
|move|p1a: Skarmory|Toxic|p2a: Swampert
|-status|p2a: Swampert|tox
|move|p2a: Swampert|Surf|p1a: Skarmory
|-damage|p1a: Skarmory|60/100
|
|-weather|Sandstorm|[upkeep]
|-heal|p1a: Skarmory|66/100|[from] item: Leftovers
|-heal|p2a: Swampert|47/100 tox|[from] item: Leftovers
|-damage|p2a: Swampert|41/100 tox|[from] psn
|upkeep
|turn|36
|
|t:|1728790196
|move|p1a: Skarmory|Spikes|p2a: Swampert
|-sidestart|p2: YellowHat07|Spikes
|move|p2a: Swampert|Surf|p1a: Skarmory
|-damage|p1a: Skarmory|41/100
|
|-weather|Sandstorm|[upkeep]
|-heal|p1a: Skarmory|47/100|[from] item: Leftovers
|-heal|p2a: Swampert|47/100 tox|[from] item: Leftovers
|-damage|p2a: Swampert|34/100 tox|[from] psn
|upkeep
|turn|37
|
|t:|1728790205
|switch|p2a: Forretress|Forretress, M|11/100
|-damage|p2a: Forretress|0 fnt|[from] Spikes
|faint|p2a: Forretress
|
|t:|1728790209
|switch|p2a: Swampert|Swampert, F|34/100 tox
|-damage|p2a: Swampert|22/100 tox|[from] Spikes
|
|-weather|Sandstorm|[upkeep]
|-heal|p1a: Skarmory|53/100|[from] item: Leftovers
|-heal|p2a: Swampert|28/100 tox|[from] item: Leftovers
|-damage|p2a: Swampert|22/100 tox|[from] psn
|upkeep
|turn|38
|inactive|YellowHat07 has 210 seconds left.
|
|t:|1728790216
|move|p1a: Skarmory|Protect|p1a: Skarmory
|-singleturn|p1a: Skarmory|Protect
|move|p2a: Swampert|Surf|p1a: Skarmory
|-activate|p1a: Skarmory|Protect
|
|-weather|Sandstorm|[upkeep]
|-heal|p1a: Skarmory|59/100|[from] item: Leftovers
|-heal|p2a: Swampert|28/100 tox|[from] item: Leftovers
|-damage|p2a: Swampert|16/100 tox|[from] psn
|upkeep
|turn|39
|c|☆YellowHat07|gg
|inactive|theamazingeevee has 240 seconds left.
|
|t:|1728790227
|move|p1a: Skarmory|Spikes|p2a: Swampert
|-sidestart|p2: YellowHat07|Spikes
|move|p2a: Swampert|Surf|p1a: Skarmory
|-damage|p1a: Skarmory|23/100
|
|-weather|Sandstorm|[upkeep]
|-heal|p1a: Skarmory|29/100|[from] item: Leftovers
|-heal|p2a: Swampert|22/100 tox|[from] item: Leftovers
|-damage|p2a: Swampert|3/100 tox|[from] psn
|upkeep
|turn|40
|c|☆theamazingeevee|gg
|c|☆theamazingeevee|i almost choked it
|
|t:|1728790237
|move|p1a: Skarmory|Protect|p1a: Skarmory
|-singleturn|p1a: Skarmory|Protect
|move|p2a: Swampert|Surf|p1a: Skarmory
|-activate|p1a: Skarmory|Protect
|
|-weather|Sandstorm|[upkeep]
|-heal|p1a: Skarmory|35/100|[from] item: Leftovers
|-heal|p2a: Swampert|10/100 tox|[from] item: Leftovers
|-damage|p2a: Swampert|0 fnt|[from] psn
|faint|p2a: Swampert
|
|win|theamazingeevee
|upkeep

</script>
<script type="application/json" class="data" id="replaydata-smogtours-gen3ou-797938">
{"id":"smogtours-gen3ou-797938","format":"[Gen 3] OU","players":["theamazingeevee","YellowHat07"],"uploadtime":1728790237,"views":84,"formatid":"gen3ou","rating":null,"private":0,"password":null}
</script>

<script defer src="js/replays.js?9d40a366"></script>
