<!DOCTYPE html>
<meta charset="utf-8" />
<meta name="viewport" content="width=device-width" />

<title>[Gen 3] OU: Quarante8 vs. leoperi99 - Replays - Pok&eacute;mon Showdown!</title>

<meta name="description" content="Watch a replay of a Pok&eacute;mon battle between Quarante8 and leoperi99! Format: [Gen 3] OU; Date: Oct 11, 2024" />
<!--

Hey, you! Looking in the source for the replay log?

You can find them in JSON format, just add `.json` at the end of a replay URL.

https://replay.pokemonshowdown.com/gen7randomdoublesbattle-865046831.json

Or, if you only need the log itself, add `.log` instead:

https://replay.pokemonshowdown.com/gen7randomdoublesbattle-865046831.log

-->

<link rel="stylesheet" href="//pokemonshowdown.com/style/global.css?0.767286132409787" />
<link rel="stylesheet" href="//play.pokemonshowdown.com/style/font-awesome.css?0.9266228007934947" />
<link rel="stylesheet" href="//play.pokemonshowdown.com/style/battle.css?0.7924700842790926" />
<link rel="stylesheet" href="//play.pokemonshowdown.com/style/utilichart.css?0.8777417872839479" />

<!-- Global site tag (gtag.js) - Google Analytics -->
<script async src="https://www.googletagmanager.com/gtag/js?id=UA-26211653-1"></script>
<script>
  window.dataLayer = window.dataLayer || [];
  function gtag(){dataLayer.push(arguments);}
  gtag('js', new Date());

  gtag('config', 'UA-26211653-1');
</script>
<!-- End Google Analytics -->
<!-- Venatus Ad Manager - Install in <HEAD> of page -->
	<script src="https://hb.vntsm.com/v3/live/ad-manager.min.js" type="text/javascript" data-site-id="642aba63ec9a7b11c3c9c1be" data-mode="scan" async></script>
<!-- / Venatus Ad Manager -->

<style>
	@media (max-width:820px) {
		.battle {
			margin: 0 auto;
		}
		.battle-log {
			margin: 7px auto 0;
			max-width: 640px;
			height: 300px;
			position: static;
		}
	}
	.optgroup {
		display: inline-block;
		line-height: 22px;
		font-size: 10pt;
	}
	.optgroup .button {
		height: 25px;
		padding-top: 0;
		padding-bottom: 0;
	}
	.optgroup button.button {
		padding-left: 12px;
		padding-right: 12px;
	}
	.linklist {
		list-style: none;
		margin: 0.5em 0;
		padding: 0;
	}
	.linklist li {
		padding: 2px 0;
	}
	.sidebar {
		float: left;
		width: 320px;
	}
	.bar-wrapper {
		max-width: 1100px;
		margin: 0 auto;
	}
	.bar-wrapper.has-sidebar {
		max-width: 1430px;
	}
	.mainbar {
		margin: 0;
		padding-right: 1px;
	}
	.mainbar.has-sidebar {
		margin-left: 330px;
	}
	@media (min-width: 1511px) {
		.sidebar {
			width: 400px;
		}
		.bar-wrapper.has-sidebar {
			max-width: 1510px;
		}
		.mainbar.has-sidebar {
			margin-left: 410px;
		}
	}
	.section.first-section {
		margin-top: 9px;
	}
	.blocklink small {
		white-space: normal;
	}
	.button {
		vertical-align: middle;
	}
	.replay-controls {
		padding-top: 10px;
	}
	.replay-controls h1 {
		font-size: 16pt;
		font-weight: normal;
		color: #CCC;
	}
	.pagelink {
		text-align: center;
	}
	.pagelink a {
		width: 150px;
	}
	.textbox, .button {
		font-size: 11pt;
		vertical-align: middle;
	}
	@media (max-width: 450px) {
		.button {
			font-size: 9pt;
		}
	}
</style>

<div>

	<header>
		<div class="nav-wrapper"><ul class="nav">
			<li><a class="button nav-first" href="//pokemonshowdown.com/"><img src="//pokemonshowdown.com/images/pokemonshowdownbeta.png" srcset="//pokemonshowdown.com/images/pokemonshowdownbeta.png 1x, //pokemonshowdown.com/images/pokemonshowdownbeta@2x.png 2x" alt="Pok&eacute;mon Showdown" width="146" height="44" /> Home</a></li>
			<li><a class="button" href="//pokemonshowdown.com/dex/">Pok&eacute;dex</a></li>
			<li><a class="button cur" href="/">Replays</a></li>
			<li><a class="button" href="//pokemonshowdown.com/ladder/">Ladder</a></li>
			<li><a class="button nav-last" href="//pokemonshowdown.com/forums/">Forum</a></li>
			<li><a class="button greenbutton nav-first nav-last" href="//play.pokemonshowdown.com/">Play</a></li>
		</ul></div>
	</header>

	<div class="main" id="main">

		<noscript><section class="section">You need to enable JavaScript to use this page; sorry!</section></noscript>

	</div>

</div>

<script defer nomodule src="//play.pokemonshowdown.com/js/lib/ps-polyfill.js"></script>
<script defer src="//play.pokemonshowdown.com/js/lib/preact.min.js"></script>

<script defer src="//play.pokemonshowdown.com/config/config.js?6dec07f6"></script>
<script defer src="//play.pokemonshowdown.com/js/lib/jquery-1.11.0.min.js"></script>
<script defer src="//play.pokemonshowdown.com/js/lib/html-sanitizer-minified.js"></script>
<script defer src="//play.pokemonshowdown.com/js/battle-sound.js"></script>
<script defer src="//play.pokemonshowdown.com/js/battledata.js?0.6315294753075389"></script>
<script defer src="//play.pokemonshowdown.com/data/pokedex-mini.js?0.7603743185311358"></script>
<script defer src="//play.pokemonshowdown.com/data/pokedex-mini-bw.js?0.030888842834281283"></script>
<script defer src="//play.pokemonshowdown.com/data/graphics.js?0.05593094747507488"></script>
<script defer src="//play.pokemonshowdown.com/data/pokedex.js?0.47064822249611904"></script>
<script defer src="//play.pokemonshowdown.com/data/moves.js?0.8583693120512459"></script>
<script defer src="//play.pokemonshowdown.com/data/abilities.js?0.16017181182386842"></script>
<script defer src="//play.pokemonshowdown.com/data/items.js?0.4163379185673943"></script>
<script defer src="//play.pokemonshowdown.com/data/teambuilder-tables.js?0.31075597372830477"></script>
<script defer src="//play.pokemonshowdown.com/js/battle-tooltips.js?0.6536193500708172"></script>
<script defer src="//play.pokemonshowdown.com/js/battle.js?0.1916591943277901"></script>

<script defer src="js/utils.js?e31f9a17"></script>
<script defer src="js/replays-battle.js?7008c182"></script>

<!-- don't scrape this data! just add .json or .log after the URL!
Full API docs: https://github.com/smogon/pokemon-showdown-client/blob/master/WEB-API.md -->
<script type="text/plain" class="log" id="replaylog-smogtours-gen3ou-797231">
|inactive|Battle timer is ON: inactive players will automatically lose when time's up.
|t:|1728670102
|gametype|singles
|player|p1|Quarante8|pilot|
|player|p2|leoperi99|hala|
|teamsize|p1|6
|teamsize|p2|6
|gen|3
|tier|[Gen 3] OU
|rule|Sleep Clause Mod: Limit one foe put to sleep
|rule|Switch Priority Clause Mod: Faster Pokémon switch first
|rule|Species Clause: Limit one of each Pokémon
|rule|OHKO Clause: OHKO moves are banned
|rule|Evasion Items Clause: Evasion items are banned
|rule|Evasion Moves Clause: Evasion moves are banned
|rule|Endless Battle Clause: Forcing endless battles is banned
|rule|HP Percentage Mod: HP is shown in percentages
|rule|One Boost Passer Clause: Limit one Baton Passer that has a way to boost its stats
|rule|Freeze Clause Mod: Limit one foe frozen
|
|t:|1728670102
|start
|switch|p1a: Tyranitar|Tyranitar, M|100/100
|switch|p2a: Tyranitar|Tyranitar, M|100/100
|-weather|Sandstorm|[from] ability: Sand Stream|[of] p2a: Tyranitar
|turn|1
|c|☆Quarante8|hf!
|c|☆leoperi99|u2
|inactive|Quarante8 has 270 seconds left.
|inactive|leoperi99 has 270 seconds left.
|
|t:|1728670154
|move|p2a: Tyranitar|Earthquake|p1a: Tyranitar
|-supereffective|p1a: Tyranitar
|-damage|p1a: Tyranitar|50/100
|move|p1a: Tyranitar|Earthquake|p2a: Tyranitar
|-supereffective|p2a: Tyranitar
|-damage|p2a: Tyranitar|43/100
|
|-weather|Sandstorm|[upkeep]
|-heal|p2a: Tyranitar|50/100|[from] item: Leftovers
|-heal|p1a: Tyranitar|57/100|[from] item: Leftovers
|upkeep
|turn|2
|
|t:|1728670161
|switch|p2a: Aerodactyl|Aerodactyl, F|100/100
|switch|p1a: Skarmory|Skarmory, F|100/100
|
|-weather|Sandstorm|[upkeep]
|upkeep
|turn|3
|
|t:|1728670166
|switch|p2a: Skarmory|Skarmory, F|100/100
|move|p1a: Skarmory|Spikes|p2a: Skarmory
|-sidestart|p2: leoperi99|Spikes
|
|-weather|Sandstorm|[upkeep]
|upkeep
|turn|4
|
|t:|1728670169
|move|p2a: Skarmory|Taunt|p1a: Skarmory
|-start|p1a: Skarmory|move: Taunt
|cant|p1a: Skarmory|move: Taunt|Spikes
|
|-weather|Sandstorm|[upkeep]
|upkeep
|turn|5
|
|t:|1728670170
|switch|p1a: Houndoom|Houndoom, M|100/100
|move|p2a: Skarmory|Spikes|p1a: Houndoom
|-sidestart|p1: Quarante8|Spikes
|
|-weather|Sandstorm|[upkeep]
|-damage|p1a: Houndoom|94/100|[from] Sandstorm
|-heal|p1a: Houndoom|100/100|[from] item: Leftovers
|upkeep
|turn|6
|
|t:|1728670176
|switch|p2a: Blissey|Blissey, F|100/100
|-damage|p2a: Blissey|88/100|[from] Spikes
|move|p1a: Houndoom|Crunch|p2a: Blissey
|-damage|p2a: Blissey|74/100
|
|-weather|Sandstorm|[upkeep]
|-damage|p1a: Houndoom|94/100|[from] Sandstorm
|-damage|p2a: Blissey|68/100|[from] Sandstorm
|-heal|p1a: Houndoom|100/100|[from] item: Leftovers
|-heal|p2a: Blissey|74/100|[from] item: Leftovers
|upkeep
|turn|7
|
|t:|1728670182
|switch|p1a: Skarmory|Skarmory, F|100/100
|switch|p2a: Aerodactyl|Aerodactyl, F|100/100
|
|-weather|Sandstorm|[upkeep]
|upkeep
|turn|8
|
|t:|1728670185
|switch|p2a: Skarmory|Skarmory, F|100/100
|move|p1a: Skarmory|Spikes|p2a: Skarmory
|-sidestart|p2: leoperi99|Spikes
|
|-weather|Sandstorm|[upkeep]
|upkeep
|turn|9
|
|t:|1728670190
|switch|p1a: Houndoom|Houndoom, M|100/100
|-damage|p1a: Houndoom|88/100|[from] Spikes
|move|p2a: Skarmory|Spikes|p1a: Houndoom
|-sidestart|p1: Quarante8|Spikes
|
|-weather|Sandstorm|[upkeep]
|-damage|p1a: Houndoom|82/100|[from] Sandstorm
|-heal|p1a: Houndoom|88/100|[from] item: Leftovers
|upkeep
|turn|10
|
|t:|1728670194
|switch|p2a: Aerodactyl|Aerodactyl, F|100/100
|move|p1a: Houndoom|Fire Blast|p2a: Aerodactyl
|-resisted|p2a: Aerodactyl
|-damage|p2a: Aerodactyl|64/100
|
|-weather|Sandstorm|[upkeep]
|-damage|p1a: Houndoom|82/100|[from] Sandstorm
|-heal|p1a: Houndoom|88/100|[from] item: Leftovers
|upkeep
|turn|11
|
|t:|1728670197
|switch|p1a: Claydol|Claydol|100/100
|move|p2a: Aerodactyl|Rock Slide|p1a: Claydol
|-resisted|p1a: Claydol
|-damage|p1a: Claydol|75/100
|
|-weather|Sandstorm|[upkeep]
|-heal|p1a: Claydol|81/100|[from] item: Leftovers
|upkeep
|turn|12
|
|t:|1728670201
|switch|p2a: Skarmory|Skarmory, F|100/100
|move|p1a: Claydol|Rapid Spin|p2a: Skarmory
|-resisted|p2a: Skarmory
|-damage|p2a: Skarmory|99/100
|-sideend|p1: Quarante8|Spikes|[from] move: Rapid Spin|[of] p1a: Claydol
|
|-weather|Sandstorm|[upkeep]
|-heal|p2a: Skarmory|100/100|[from] item: Leftovers
|-heal|p1a: Claydol|88/100|[from] item: Leftovers
|upkeep
|turn|13
|
|t:|1728670205
|switch|p1a: Houndoom|Houndoom, M|88/100
|move|p2a: Skarmory|Toxic|p1a: Houndoom
|-status|p1a: Houndoom|tox
|
|-weather|Sandstorm|[upkeep]
|-damage|p1a: Houndoom|82/100 tox|[from] Sandstorm
|-heal|p1a: Houndoom|88/100 tox|[from] item: Leftovers
|-damage|p1a: Houndoom|82/100 tox|[from] psn
|upkeep
|turn|14
|
|t:|1728670209
|switch|p2a: Blissey|Blissey, F|74/100
|-damage|p2a: Blissey|57/100|[from] Spikes
|move|p1a: Houndoom|Crunch|p2a: Blissey
|-damage|p2a: Blissey|41/100
|
|-weather|Sandstorm|[upkeep]
|-damage|p1a: Houndoom|76/100 tox|[from] Sandstorm
|-damage|p2a: Blissey|35/100|[from] Sandstorm
|-heal|p1a: Houndoom|82/100 tox|[from] item: Leftovers
|-damage|p1a: Houndoom|69/100 tox|[from] psn
|-heal|p2a: Blissey|41/100|[from] item: Leftovers
|upkeep
|turn|15
|
|t:|1728670214
|switch|p1a: Tyranitar|Tyranitar, M|57/100
|move|p2a: Blissey|Soft-Boiled|p2a: Blissey
|-heal|p2a: Blissey|91/100
|
|-weather|Sandstorm|[upkeep]
|-damage|p2a: Blissey|85/100|[from] Sandstorm
|-heal|p1a: Tyranitar|63/100|[from] item: Leftovers
|-heal|p2a: Blissey|91/100|[from] item: Leftovers
|upkeep
|turn|16
|
|t:|1728670218
|-singleturn|p1a: Tyranitar|move: Focus Punch
|switch|p2a: Swampert|Swampert, F|100/100
|-damage|p2a: Swampert|84/100|[from] Spikes
|move|p1a: Tyranitar|Focus Punch|p2a: Swampert
|-damage|p2a: Swampert|45/100
|
|-weather|Sandstorm|[upkeep]
|-heal|p1a: Tyranitar|69/100|[from] item: Leftovers
|-heal|p2a: Swampert|51/100|[from] item: Leftovers
|upkeep
|turn|17
|
|t:|1728670223
|switch|p1a: Skarmory|Skarmory, F|100/100
|move|p2a: Swampert|Protect||[still]
|-fail|p2a: Swampert
|
|-weather|Sandstorm|[upkeep]
|-heal|p2a: Swampert|57/100|[from] item: Leftovers
|upkeep
|turn|18
|
|t:|1728670229
|switch|p1a: Houndoom|Houndoom, M|69/100 tox
|switch|p2a: Moltres|Moltres|100/100
|
|-weather|Sandstorm|[upkeep]
|-damage|p2a: Moltres|94/100|[from] Sandstorm
|-damage|p1a: Houndoom|63/100 tox|[from] Sandstorm
|-heal|p2a: Moltres|100/100|[from] item: Leftovers
|-heal|p1a: Houndoom|69/100 tox|[from] item: Leftovers
|-damage|p1a: Houndoom|63/100 tox|[from] psn
|upkeep
|turn|19
|
|t:|1728670237
|switch|p1a: Tyranitar|Tyranitar, M|69/100
|move|p2a: Moltres|Hidden Power|p1a: Tyranitar
|-supereffective|p1a: Tyranitar
|-damage|p1a: Tyranitar|29/100
|
|-weather|Sandstorm|[upkeep]
|-damage|p2a: Moltres|94/100|[from] Sandstorm
|-heal|p2a: Moltres|100/100|[from] item: Leftovers
|-heal|p1a: Tyranitar|35/100|[from] item: Leftovers
|upkeep
|turn|20
|
|t:|1728670243
|switch|p1a: Houndoom|Houndoom, M|63/100 tox
|move|p2a: Moltres|Hidden Power|p1a: Houndoom
|-resisted|p1a: Houndoom
|-damage|p1a: Houndoom|49/100 tox
|
|-weather|Sandstorm|[upkeep]
|-damage|p2a: Moltres|94/100|[from] Sandstorm
|-damage|p1a: Houndoom|42/100 tox|[from] Sandstorm
|-heal|p2a: Moltres|100/100|[from] item: Leftovers
|-heal|p1a: Houndoom|49/100 tox|[from] item: Leftovers
|-damage|p1a: Houndoom|42/100 tox|[from] psn
|upkeep
|turn|21
|
|t:|1728670251
|switch|p2a: Blissey|Blissey, F|91/100
|-damage|p2a: Blissey|75/100|[from] Spikes
|move|p1a: Houndoom|Crunch|p2a: Blissey
|-damage|p2a: Blissey|60/100
|
|-weather|Sandstorm|[upkeep]
|-damage|p1a: Houndoom|36/100 tox|[from] Sandstorm
|-damage|p2a: Blissey|54/100|[from] Sandstorm
|-heal|p1a: Houndoom|42/100 tox|[from] item: Leftovers
|-damage|p1a: Houndoom|30/100 tox|[from] psn
|-heal|p2a: Blissey|60/100|[from] item: Leftovers
|upkeep
|turn|22
|
|t:|1728670260
|switch|p1a: Swampert|Swampert, M|100/100
|move|p2a: Blissey|Seismic Toss|p1a: Swampert
|-damage|p1a: Swampert|76/100
|
|-weather|Sandstorm|[upkeep]
|-damage|p2a: Blissey|54/100|[from] Sandstorm
|-heal|p2a: Blissey|60/100|[from] item: Leftovers
|-heal|p1a: Swampert|82/100|[from] item: Leftovers
|upkeep
|turn|23
|
|t:|1728670264
|switch|p2a: Skarmory|Skarmory, F|100/100
|move|p1a: Swampert|Hydro Pump|p2a: Skarmory
|-damage|p2a: Skarmory|65/100
|
|-weather|Sandstorm|[upkeep]
|-heal|p2a: Skarmory|71/100|[from] item: Leftovers
|-heal|p1a: Swampert|88/100|[from] item: Leftovers
|upkeep
|turn|24
|
|t:|1728670269
|move|p2a: Skarmory|Spikes|p1a: Swampert
|-sidestart|p1: Quarante8|Spikes
|move|p1a: Swampert|Hydro Pump|p2a: Skarmory
|-damage|p2a: Skarmory|34/100
|
|-weather|Sandstorm|[upkeep]
|-heal|p2a: Skarmory|40/100|[from] item: Leftovers
|-heal|p1a: Swampert|94/100|[from] item: Leftovers
|upkeep
|turn|25
|
|t:|1728670282
|move|p2a: Skarmory|Toxic|p1a: Swampert
|-status|p1a: Swampert|tox
|move|p1a: Swampert|Hydro Pump|p2a: Skarmory
|-crit|p2a: Skarmory
|-damage|p2a: Skarmory|0 fnt
|faint|p2a: Skarmory
|
|t:|1728670285
|switch|p2a: Moltres|Moltres|100/100
|
|-weather|Sandstorm|[upkeep]
|-damage|p2a: Moltres|94/100|[from] Sandstorm
|-heal|p2a: Moltres|100/100|[from] item: Leftovers
|-heal|p1a: Swampert|100/100 tox|[from] item: Leftovers
|-damage|p1a: Swampert|94/100 tox|[from] psn
|upkeep
|turn|26
|
|t:|1728670297
|switch|p2a: Blissey|Blissey, F|60/100
|-damage|p2a: Blissey|43/100|[from] Spikes
|switch|p1a: Skarmory|Skarmory, F|100/100
|
|-weather|Sandstorm|[upkeep]
|-damage|p2a: Blissey|37/100|[from] Sandstorm
|-heal|p2a: Blissey|43/100|[from] item: Leftovers
|upkeep
|turn|27
|
|t:|1728670301
|move|p1a: Skarmory|Spikes|p2a: Blissey
|-sidestart|p2: leoperi99|Spikes
|move|p2a: Blissey|Soft-Boiled|p2a: Blissey
|-heal|p2a: Blissey|93/100
|
|-weather|Sandstorm|[upkeep]
|-damage|p2a: Blissey|87/100|[from] Sandstorm
|-heal|p2a: Blissey|93/100|[from] item: Leftovers
|upkeep
|turn|28
|
|t:|1728670305
|move|p1a: Skarmory|Toxic|p2a: Blissey
|-status|p2a: Blissey|tox
|move|p2a: Blissey|Ice Beam|p1a: Skarmory
|-damage|p1a: Skarmory|78/100
|
|-weather|Sandstorm|[upkeep]
|-damage|p2a: Blissey|87/100 tox|[from] Sandstorm
|-heal|p1a: Skarmory|84/100|[from] item: Leftovers
|-heal|p2a: Blissey|93/100 tox|[from] item: Leftovers
|-damage|p2a: Blissey|87/100 tox|[from] psn
|upkeep
|turn|29
|
|t:|1728670309
|-curestatus|p2a: Blissey|tox|[from] ability: Natural Cure
|switch|p2a: Moltres|Moltres|100/100
|move|p1a: Skarmory|Toxic|p2a: Moltres
|-status|p2a: Moltres|tox
|
|-weather|Sandstorm|[upkeep]
|-damage|p2a: Moltres|94/100 tox|[from] Sandstorm
|-heal|p2a: Moltres|100/100 tox|[from] item: Leftovers
|-damage|p2a: Moltres|94/100 tox|[from] psn
|-heal|p1a: Skarmory|90/100|[from] item: Leftovers
|upkeep
|turn|30
|
|t:|1728670313
|move|p1a: Skarmory|Protect|p1a: Skarmory
|-singleturn|p1a: Skarmory|Protect
|move|p2a: Moltres|Hidden Power|p1a: Skarmory
|-activate|p1a: Skarmory|Protect
|
|-weather|Sandstorm|[upkeep]
|-damage|p2a: Moltres|88/100 tox|[from] Sandstorm
|-heal|p2a: Moltres|94/100 tox|[from] item: Leftovers
|-damage|p2a: Moltres|82/100 tox|[from] psn
|-heal|p1a: Skarmory|96/100|[from] item: Leftovers
|upkeep
|turn|31
|
|t:|1728670330
|switch|p2a: Blissey|Blissey, F|87/100
|-damage|p2a: Blissey|62/100|[from] Spikes
|switch|p1a: Houndoom|Houndoom, M|30/100 tox
|-damage|p1a: Houndoom|18/100 tox|[from] Spikes
|
|-weather|Sandstorm|[upkeep]
|-damage|p1a: Houndoom|11/100 tox|[from] Sandstorm
|-damage|p2a: Blissey|56/100|[from] Sandstorm
|-heal|p1a: Houndoom|18/100 tox|[from] item: Leftovers
|-damage|p1a: Houndoom|11/100 tox|[from] psn
|-heal|p2a: Blissey|62/100|[from] item: Leftovers
|upkeep
|turn|32
|
|t:|1728670334
|switch|p1a: Claydol|Claydol|88/100
|move|p2a: Blissey|Soft-Boiled|p2a: Blissey
|-heal|p2a: Blissey|100/100
|
|-weather|Sandstorm|[upkeep]
|-damage|p2a: Blissey|94/100|[from] Sandstorm
|-heal|p1a: Claydol|94/100|[from] item: Leftovers
|-heal|p2a: Blissey|100/100|[from] item: Leftovers
|upkeep
|turn|33
|
|t:|1728670336
|move|p1a: Claydol|Rapid Spin|p2a: Blissey
|-damage|p2a: Blissey|96/100
|-sideend|p1: Quarante8|Spikes|[from] move: Rapid Spin|[of] p1a: Claydol
|move|p2a: Blissey|Toxic|p1a: Claydol
|-status|p1a: Claydol|tox
|
|-weather|Sandstorm|[upkeep]
|-damage|p2a: Blissey|90/100|[from] Sandstorm
|-heal|p1a: Claydol|99/100 tox|[from] item: Leftovers
|-damage|p1a: Claydol|94/100 tox|[from] psn
|-heal|p2a: Blissey|96/100|[from] item: Leftovers
|upkeep
|turn|34
|
|t:|1728670344
|switch|p1a: Skarmory|Skarmory, F|96/100
|switch|p2a: Aerodactyl|Aerodactyl, F|64/100
|
|-weather|Sandstorm|[upkeep]
|-heal|p1a: Skarmory|100/100|[from] item: Leftovers
|upkeep
|turn|35
|
|t:|1728670350
|move|p2a: Aerodactyl|Rock Slide|p1a: Skarmory
|-damage|p1a: Skarmory|61/100
|move|p1a: Skarmory|Toxic|p2a: Aerodactyl|[miss]
|-miss|p1a: Skarmory|p2a: Aerodactyl
|
|-weather|Sandstorm|[upkeep]
|-heal|p1a: Skarmory|67/100|[from] item: Leftovers
|upkeep
|turn|36
|
|t:|1728670357
|move|p2a: Aerodactyl|Rock Slide|p1a: Skarmory|[miss]
|-miss|p2a: Aerodactyl|p1a: Skarmory
|move|p1a: Skarmory|Toxic|p2a: Aerodactyl
|-status|p2a: Aerodactyl|tox
|
|-weather|Sandstorm|[upkeep]
|-damage|p2a: Aerodactyl|58/100 tox|[from] psn
|-heal|p1a: Skarmory|73/100|[from] item: Leftovers
|upkeep
|turn|37
|
|t:|1728670362
|switch|p2a: Blissey|Blissey, F|96/100
|-damage|p2a: Blissey|71/100|[from] Spikes
|move|p1a: Skarmory|Roar|p2a: Blissey
|drag|p2a: Moltres|Moltres|82/100 tox
|
|-weather|Sandstorm|[upkeep]
|-damage|p2a: Moltres|76/100 tox|[from] Sandstorm
|-heal|p2a: Moltres|82/100 tox|[from] item: Leftovers
|-damage|p2a: Moltres|76/100 tox|[from] psn
|-heal|p1a: Skarmory|79/100|[from] item: Leftovers
|upkeep
|turn|38
|
|t:|1728670366
|switch|p2a: Blissey|Blissey, F|71/100
|-damage|p2a: Blissey|46/100|[from] Spikes
|move|p1a: Skarmory|Protect||[still]
|-fail|p1a: Skarmory
|
|-weather|Sandstorm|[upkeep]
|-damage|p2a: Blissey|40/100|[from] Sandstorm
|-heal|p1a: Skarmory|85/100|[from] item: Leftovers
|-heal|p2a: Blissey|46/100|[from] item: Leftovers
|upkeep
|turn|39
|
|t:|1728670374
|switch|p1a: Tyranitar|Tyranitar, M|35/100
|move|p2a: Blissey|Soft-Boiled|p2a: Blissey
|-heal|p2a: Blissey|96/100
|
|-weather|Sandstorm|[upkeep]
|-damage|p2a: Blissey|90/100|[from] Sandstorm
|-heal|p1a: Tyranitar|41/100|[from] item: Leftovers
|-heal|p2a: Blissey|96/100|[from] item: Leftovers
|upkeep
|turn|40
|
|t:|1728670385
|switch|p1a: Skarmory|Skarmory, F|85/100
|move|p2a: Blissey|Seismic Toss|p1a: Skarmory
|-damage|p1a: Skarmory|55/100
|
|-weather|Sandstorm|[upkeep]
|-damage|p2a: Blissey|90/100|[from] Sandstorm
|-heal|p1a: Skarmory|61/100|[from] item: Leftovers
|-heal|p2a: Blissey|96/100|[from] item: Leftovers
|upkeep
|turn|41
|
|t:|1728670388
|move|p1a: Skarmory|Toxic|p2a: Blissey
|-status|p2a: Blissey|tox
|move|p2a: Blissey|Ice Beam|p1a: Skarmory
|-damage|p1a: Skarmory|40/100
|
|-weather|Sandstorm|[upkeep]
|-damage|p2a: Blissey|90/100 tox|[from] Sandstorm
|-heal|p1a: Skarmory|46/100|[from] item: Leftovers
|-heal|p2a: Blissey|96/100 tox|[from] item: Leftovers
|-damage|p2a: Blissey|90/100 tox|[from] psn
|upkeep
|turn|42
|
|t:|1728670399
|switch|p1a: Aerodactyl|Aerodactyl, F|100/100
|-curestatus|p2a: Blissey|tox|[from] ability: Natural Cure
|switch|p2a: Tyranitar|Tyranitar, M|50/100
|-damage|p2a: Tyranitar|25/100|[from] Spikes
|
|-weather|Sandstorm|[upkeep]
|-heal|p2a: Tyranitar|31/100|[from] item: Leftovers
|upkeep
|turn|43
|
|t:|1728670411
|move|p1a: Aerodactyl|Earthquake|p2a: Tyranitar
|-supereffective|p2a: Tyranitar
|-damage|p2a: Tyranitar|0 fnt
|faint|p2a: Tyranitar
|
|t:|1728670413
|switch|p2a: Aerodactyl|Aerodactyl, F|58/100 tox
|
|-weather|Sandstorm|[upkeep]
|-damage|p2a: Aerodactyl|52/100 tox|[from] psn
|upkeep
|turn|44
|
|t:|1728670421
|switch|p1a: Swampert|Swampert, M|94/100 tox
|move|p2a: Aerodactyl|Double-Edge|p1a: Swampert
|-damage|p1a: Swampert|55/100 tox
|
|-weather|Sandstorm|[upkeep]
|-damage|p2a: Aerodactyl|40/100 tox|[from] psn
|-heal|p1a: Swampert|61/100 tox|[from] item: Leftovers
|-damage|p1a: Swampert|55/100 tox|[from] psn
|upkeep
|turn|45
|
|t:|1728670427
|switch|p2a: Blissey|Blissey, F|90/100
|-damage|p2a: Blissey|65/100|[from] Spikes
|switch|p1a: Tyranitar|Tyranitar, M|41/100
|
|-weather|Sandstorm|[upkeep]
|-damage|p2a: Blissey|59/100|[from] Sandstorm
|-heal|p1a: Tyranitar|48/100|[from] item: Leftovers
|-heal|p2a: Blissey|65/100|[from] item: Leftovers
|upkeep
|turn|46
|
|t:|1728670433
|move|p1a: Tyranitar|Rock Slide|p2a: Blissey
|-crit|p2a: Blissey
|-damage|p2a: Blissey|0 fnt
|faint|p2a: Blissey
|
|t:|1728670436
|switch|p2a: Aerodactyl|Aerodactyl, F|40/100 tox
|
|-weather|Sandstorm|[upkeep]
|-damage|p2a: Aerodactyl|34/100 tox|[from] psn
|-heal|p1a: Tyranitar|54/100|[from] item: Leftovers
|upkeep
|turn|47
|inactive|Quarante8 has 270 seconds left.
|
|t:|1728670470
|switch|p1a: Houndoom|Houndoom, M|11/100 tox
|move|p2a: Aerodactyl|Rock Slide|p1a: Houndoom
|-supereffective|p1a: Houndoom
|-damage|p1a: Houndoom|0 fnt
|faint|p1a: Houndoom
|inactive|Quarante8 has 270 seconds left.
|
|t:|1728670481
|switch|p1a: Claydol|Claydol|94/100 tox
|
|-weather|Sandstorm|[upkeep]
|-damage|p2a: Aerodactyl|22/100 tox|[from] psn
|-heal|p1a: Claydol|99/100 tox|[from] item: Leftovers
|-damage|p1a: Claydol|94/100 tox|[from] psn
|upkeep
|turn|48
|
|t:|1728670495
|move|p2a: Aerodactyl|Rock Slide|p1a: Claydol
|-resisted|p1a: Claydol
|-damage|p1a: Claydol|70/100 tox
|move|p1a: Claydol|Psychic|p2a: Aerodactyl
|-damage|p2a: Aerodactyl|0 fnt
|faint|p2a: Aerodactyl
|
|t:|1728670501
|switch|p2a: Swampert|Swampert, F|57/100
|-damage|p2a: Swampert|32/100|[from] Spikes
|
|-weather|Sandstorm|[upkeep]
|-heal|p1a: Claydol|76/100 tox|[from] item: Leftovers
|-damage|p1a: Claydol|64/100 tox|[from] psn
|-heal|p2a: Swampert|38/100|[from] item: Leftovers
|upkeep
|turn|49
|
|t:|1728670509
|move|p1a: Claydol|Earthquake|p2a: Swampert
|-damage|p2a: Swampert|12/100
|move|p2a: Swampert|Hydro Pump|p1a: Claydol
|-supereffective|p1a: Claydol
|-damage|p1a: Claydol|0 fnt
|faint|p1a: Claydol
|
|t:|1728670511
|switch|p1a: Aerodactyl|Aerodactyl, F|100/100
|
|-weather|Sandstorm|[upkeep]
|-heal|p2a: Swampert|19/100|[from] item: Leftovers
|upkeep
|turn|50
|
|t:|1728670513
|move|p2a: Swampert|Protect|p2a: Swampert
|-singleturn|p2a: Swampert|Protect
|move|p1a: Aerodactyl|Double-Edge|p2a: Swampert
|-activate|p2a: Swampert|Protect
|
|-weather|Sandstorm|[upkeep]
|-heal|p2a: Swampert|25/100|[from] item: Leftovers
|upkeep
|turn|51
|
|t:|1728670526
|move|p2a: Swampert|Protect||[still]
|-fail|p2a: Swampert
|move|p1a: Aerodactyl|Double-Edge|p2a: Swampert
|-damage|p2a: Swampert|0 fnt
|faint|p2a: Swampert
|
|t:|1728670528
|switch|p2a: Moltres|Moltres|76/100 tox
|
|-weather|Sandstorm|[upkeep]
|-damage|p2a: Moltres|69/100 tox|[from] Sandstorm
|-heal|p2a: Moltres|76/100 tox|[from] item: Leftovers
|-damage|p2a: Moltres|69/100 tox|[from] psn
|upkeep
|turn|52
|c|☆leoperi99|ggs
|c|☆Quarante8|ggs
|
|t:|1728670535
|switch|p1a: Tyranitar|Tyranitar, M|54/100
|move|p2a: Moltres|Overheat|p1a: Tyranitar|[miss]
|-miss|p2a: Moltres|p1a: Tyranitar
|
|-weather|Sandstorm|[upkeep]
|-damage|p2a: Moltres|63/100 tox|[from] Sandstorm
|-heal|p2a: Moltres|69/100 tox|[from] item: Leftovers
|-damage|p2a: Moltres|57/100 tox|[from] psn
|-heal|p1a: Tyranitar|60/100|[from] item: Leftovers
|upkeep
|turn|53
|
|t:|1728670540
|move|p2a: Moltres|Hidden Power|p1a: Tyranitar
|-supereffective|p1a: Tyranitar
|-damage|p1a: Tyranitar|23/100
|move|p1a: Tyranitar|Rock Slide|p2a: Moltres
|-supereffective|p2a: Moltres
|-damage|p2a: Moltres|0 fnt
|faint|p2a: Moltres
|
|win|Quarante8
|player|p2|

</script>
<script type="application/json" class="data" id="replaydata-smogtours-gen3ou-797231">
{"id":"smogtours-gen3ou-797231","format":"[Gen 3] OU","players":["Quarante8","leoperi99"],"uploadtime":1728670540,"views":123,"formatid":"gen3ou","rating":null,"private":0,"password":null}
</script>

<script defer src="js/replays.js?9d40a366"></script>
