<!DOCTYPE html>
<meta charset="utf-8" />
<meta name="viewport" content="width=device-width" />

<title>[Gen 3] OU: Fear vs. bugcondition - Replays - Pok&eacute;mon Showdown!</title>

<meta name="description" content="Watch a replay of a Pok&eacute;mon battle between Fear and bugcondition! Format: [Gen 3] OU; Date: Oct 3, 2024" />
<!--

Hey, you! Looking in the source for the replay log?

You can find them in JSON format, just add `.json` at the end of a replay URL.

https://replay.pokemonshowdown.com/gen7randomdoublesbattle-865046831.json

Or, if you only need the log itself, add `.log` instead:

https://replay.pokemonshowdown.com/gen7randomdoublesbattle-865046831.log

-->

<link rel="stylesheet" href="//pokemonshowdown.com/style/global.css?0.767286132409787" />
<link rel="stylesheet" href="//play.pokemonshowdown.com/style/font-awesome.css?0.9266228007934947" />
<link rel="stylesheet" href="//play.pokemonshowdown.com/style/battle.css?0.7924700842790926" />
<link rel="stylesheet" href="//play.pokemonshowdown.com/style/utilichart.css?0.8777417872839479" />

<!-- Global site tag (gtag.js) - Google Analytics -->
<script async src="https://www.googletagmanager.com/gtag/js?id=UA-26211653-1"></script>
<script>
  window.dataLayer = window.dataLayer || [];
  function gtag(){dataLayer.push(arguments);}
  gtag('js', new Date());

  gtag('config', 'UA-26211653-1');
</script>
<!-- End Google Analytics -->
<!-- Venatus Ad Manager - Install in <HEAD> of page -->
	<script src="https://hb.vntsm.com/v3/live/ad-manager.min.js" type="text/javascript" data-site-id="642aba63ec9a7b11c3c9c1be" data-mode="scan" async></script>
<!-- / Venatus Ad Manager -->

<style>
	@media (max-width:820px) {
		.battle {
			margin: 0 auto;
		}
		.battle-log {
			margin: 7px auto 0;
			max-width: 640px;
			height: 300px;
			position: static;
		}
	}
	.optgroup {
		display: inline-block;
		line-height: 22px;
		font-size: 10pt;
	}
	.optgroup .button {
		height: 25px;
		padding-top: 0;
		padding-bottom: 0;
	}
	.optgroup button.button {
		padding-left: 12px;
		padding-right: 12px;
	}
	.linklist {
		list-style: none;
		margin: 0.5em 0;
		padding: 0;
	}
	.linklist li {
		padding: 2px 0;
	}
	.sidebar {
		float: left;
		width: 320px;
	}
	.bar-wrapper {
		max-width: 1100px;
		margin: 0 auto;
	}
	.bar-wrapper.has-sidebar {
		max-width: 1430px;
	}
	.mainbar {
		margin: 0;
		padding-right: 1px;
	}
	.mainbar.has-sidebar {
		margin-left: 330px;
	}
	@media (min-width: 1511px) {
		.sidebar {
			width: 400px;
		}
		.bar-wrapper.has-sidebar {
			max-width: 1510px;
		}
		.mainbar.has-sidebar {
			margin-left: 410px;
		}
	}
	.section.first-section {
		margin-top: 9px;
	}
	.blocklink small {
		white-space: normal;
	}
	.button {
		vertical-align: middle;
	}
	.replay-controls {
		padding-top: 10px;
	}
	.replay-controls h1 {
		font-size: 16pt;
		font-weight: normal;
		color: #CCC;
	}
	.pagelink {
		text-align: center;
	}
	.pagelink a {
		width: 150px;
	}
	.textbox, .button {
		font-size: 11pt;
		vertical-align: middle;
	}
	@media (max-width: 450px) {
		.button {
			font-size: 9pt;
		}
	}
</style>

<div>

	<header>
		<div class="nav-wrapper"><ul class="nav">
			<li><a class="button nav-first" href="//pokemonshowdown.com/"><img src="//pokemonshowdown.com/images/pokemonshowdownbeta.png" srcset="//pokemonshowdown.com/images/pokemonshowdownbeta.png 1x, //pokemonshowdown.com/images/pokemonshowdownbeta@2x.png 2x" alt="Pok&eacute;mon Showdown" width="146" height="44" /> Home</a></li>
			<li><a class="button" href="//pokemonshowdown.com/dex/">Pok&eacute;dex</a></li>
			<li><a class="button cur" href="/">Replays</a></li>
			<li><a class="button" href="//pokemonshowdown.com/ladder/">Ladder</a></li>
			<li><a class="button nav-last" href="//pokemonshowdown.com/forums/">Forum</a></li>
			<li><a class="button greenbutton nav-first nav-last" href="//play.pokemonshowdown.com/">Play</a></li>
		</ul></div>
	</header>

	<div class="main" id="main">

		<noscript><section class="section">You need to enable JavaScript to use this page; sorry!</section></noscript>

	</div>

</div>

<script defer nomodule src="//play.pokemonshowdown.com/js/lib/ps-polyfill.js"></script>
<script defer src="//play.pokemonshowdown.com/js/lib/preact.min.js"></script>

<script defer src="//play.pokemonshowdown.com/config/config.js?6dec07f6"></script>
<script defer src="//play.pokemonshowdown.com/js/lib/jquery-1.11.0.min.js"></script>
<script defer src="//play.pokemonshowdown.com/js/lib/html-sanitizer-minified.js"></script>
<script defer src="//play.pokemonshowdown.com/js/battle-sound.js"></script>
<script defer src="//play.pokemonshowdown.com/js/battledata.js?0.6315294753075389"></script>
<script defer src="//play.pokemonshowdown.com/data/pokedex-mini.js?0.7603743185311358"></script>
<script defer src="//play.pokemonshowdown.com/data/pokedex-mini-bw.js?0.030888842834281283"></script>
<script defer src="//play.pokemonshowdown.com/data/graphics.js?0.05593094747507488"></script>
<script defer src="//play.pokemonshowdown.com/data/pokedex.js?0.47064822249611904"></script>
<script defer src="//play.pokemonshowdown.com/data/moves.js?0.8583693120512459"></script>
<script defer src="//play.pokemonshowdown.com/data/abilities.js?0.16017181182386842"></script>
<script defer src="//play.pokemonshowdown.com/data/items.js?0.4163379185673943"></script>
<script defer src="//play.pokemonshowdown.com/data/teambuilder-tables.js?0.31075597372830477"></script>
<script defer src="//play.pokemonshowdown.com/js/battle-tooltips.js?0.6536193500708172"></script>
<script defer src="//play.pokemonshowdown.com/js/battle.js?0.1916591943277901"></script>

<script defer src="js/utils.js?e31f9a17"></script>
<script defer src="js/replays-battle.js?7008c182"></script>

<!-- don't scrape this data! just add .json or .log after the URL!
Full API docs: https://github.com/smogon/pokemon-showdown-client/blob/master/WEB-API.md -->
<script type="text/plain" class="log" id="replaylog-smogtours-gen3ou-794339">
|inactive|Battle timer is ON: inactive players will automatically lose when time's up.
|t:|1727984641
|gametype|singles
|player|p1|Fear|#gscpl3ironmanmachamps|
|player|p2|bugcondition|clair|
|teamsize|p1|6
|teamsize|p2|6
|gen|3
|tier|[Gen 3] OU
|rule|Sleep Clause Mod: Limit one foe put to sleep
|rule|Switch Priority Clause Mod: Faster Pokémon switch first
|rule|Species Clause: Limit one of each Pokémon
|rule|OHKO Clause: OHKO moves are banned
|rule|Evasion Items Clause: Evasion items are banned
|rule|Evasion Moves Clause: Evasion moves are banned
|rule|Endless Battle Clause: Forcing endless battles is banned
|rule|HP Percentage Mod: HP is shown in percentages
|rule|One Boost Passer Clause: Limit one Baton Passer that has a way to boost its stats
|rule|Freeze Clause Mod: Limit one foe frozen
|
|t:|1727984641
|start
|switch|p1a: Zapdos|Zapdos|100/100
|switch|p2a: Jupiter|Zapdos|100/100
|turn|1
|
|t:|1727984655
|move|p1a: Zapdos|Substitute|p1a: Zapdos
|-start|p1a: Zapdos|Substitute
|-damage|p1a: Zapdos|76/100
|move|p2a: Jupiter|Baton Pass|p2a: Jupiter
|inactive|bugcondition has 270 seconds left.
|
|t:|1727984686
|switch|p2a: Ceres|Celebi|100/100|[from] Baton Pass
|
|-heal|p1a: Zapdos|82/100|[from] item: Leftovers
|upkeep
|turn|2
|inactive|bugcondition has 270 seconds left.
|
|t:|1727984696
|move|p1a: Zapdos|Hidden Power|p2a: Ceres
|-supereffective|p2a: Ceres
|-damage|p2a: Ceres|67/100
|move|p2a: Ceres|Calm Mind|p2a: Ceres
|-boost|p2a: Ceres|spa|1
|-boost|p2a: Ceres|spd|1
|
|-heal|p1a: Zapdos|88/100|[from] item: Leftovers
|-heal|p2a: Ceres|73/100|[from] item: Leftovers
|upkeep
|turn|3
|inactive|bugcondition has 270 seconds left.
|
|t:|1727984721
|switch|p2a: Jupiter|Zapdos|100/100
|move|p1a: Zapdos|Baton Pass|p1a: Zapdos
|inactive|Fear has 270 seconds left.
|
|t:|1727984760
|switch|p1a: Breloom|Breloom, M, shiny|100/100|[from] Baton Pass
|
|upkeep
|turn|4
|inactive|bugcondition has 270 seconds left.
|inactive|bugcondition has 240 seconds left.
|
|t:|1727984803
|move|p2a: Jupiter|Baton Pass|p2a: Jupiter
|
|t:|1727984804
|switch|p2a: Io|Magneton, shiny|100/100|[from] Baton Pass
|move|p1a: Breloom|Spore|p2a: Io
|-status|p2a: Io|slp|[from] move: Spore
|
|upkeep
|turn|5
|inactive|bugcondition has 240 seconds left.
|
|t:|1727984817
|-singleturn|p1a: Breloom|move: Focus Punch
|cant|p2a: Io|slp
|move|p1a: Breloom|Focus Punch|p2a: Io
|-supereffective|p2a: Io
|-damage|p2a: Io|0 fnt
|faint|p2a: Io
|inactive|bugcondition has 240 seconds left.
|
|t:|1727984839
|switch|p2a: Ceres|Celebi|73/100
|
|-heal|p2a: Ceres|79/100|[from] item: Leftovers
|upkeep
|turn|6
|
|t:|1727984856
|move|p2a: Ceres|Psychic|p1a: Breloom
|-supereffective|p1a: Breloom
|-end|p1a: Breloom|Substitute
|move|p1a: Breloom|Spore|p2a: Ceres
|-status|p2a: Ceres|slp|[from] move: Spore
|
|-heal|p2a: Ceres|85/100 slp|[from] item: Leftovers
|upkeep
|turn|7
|inactive|bugcondition has 210 seconds left.
|
|t:|1727984892
|-singleturn|p1a: Breloom|move: Focus Punch
|-curestatus|p2a: Ceres|slp|[from] ability: Natural Cure
|switch|p2a: Psyche|Jirachi|100/100
|move|p1a: Breloom|Focus Punch|p2a: Psyche
|-damage|p2a: Psyche|29/100
|
|-heal|p2a: Psyche|35/100|[from] item: Leftovers
|upkeep
|turn|8
|
|t:|1727984917
|switch|p1a: Tyranitar|Tyranitar, M|100/100
|-weather|Sandstorm|[from] ability: Sand Stream|[of] p1a: Tyranitar
|move|p2a: Psyche|Hidden Power|p1a: Tyranitar
|-supereffective|p1a: Tyranitar
|-damage|p1a: Tyranitar|67/100
|
|-weather|Sandstorm|[upkeep]
|-heal|p2a: Psyche|41/100|[from] item: Leftovers
|-heal|p1a: Tyranitar|74/100|[from] item: Leftovers
|upkeep
|turn|9
|inactive|bugcondition has 180 seconds left.
|inactive|bugcondition has 150 seconds left.
|
|t:|1727984972
|switch|p2a: Europa|Swampert, M, shiny|100/100
|move|p1a: Tyranitar|Fire Blast|p2a: Europa
|-resisted|p2a: Europa
|-damage|p2a: Europa|80/100
|
|-weather|Sandstorm|[upkeep]
|-heal|p1a: Tyranitar|80/100|[from] item: Leftovers
|upkeep
|turn|10
|inactive|bugcondition has 150 seconds left.
|inactive|Fear has 270 seconds left.
|
|t:|1727985001
|move|p1a: Tyranitar|Hidden Power|p2a: Europa
|-supereffective|p2a: Europa
|-damage|p2a: Europa|0 fnt
|faint|p2a: Europa
|inactive|bugcondition has 120 seconds left.
|
|t:|1727985032
|switch|p2a: Orcus|Porygon2, shiny|100/100
|-ability|p2a: Orcus|Sand Stream|[from] ability: Trace|[of] p1a: Tyranitar
|
|-weather|Sandstorm|[upkeep]
|-damage|p2a: Orcus|94/100|[from] Sandstorm
|-heal|p1a: Tyranitar|86/100|[from] item: Leftovers
|-heal|p2a: Orcus|100/100|[from] item: Leftovers
|upkeep
|turn|11
|inactive|Fear has 270 seconds left.
|inactive|bugcondition has 120 seconds left.
|
|t:|1727985063
|move|p1a: Tyranitar|Crunch|p2a: Orcus
|-damage|p2a: Orcus|67/100
|move|p2a: Orcus|Thunder Wave|p1a: Tyranitar
|-status|p1a: Tyranitar|par
|
|-weather|Sandstorm|[upkeep]
|-damage|p2a: Orcus|60/100|[from] Sandstorm
|-heal|p2a: Orcus|67/100|[from] item: Leftovers
|-heal|p1a: Tyranitar|92/100 par|[from] item: Leftovers
|upkeep
|turn|12
|
|t:|1727985078
|move|p2a: Orcus|Hidden Power|p1a: Tyranitar
|-supereffective|p1a: Tyranitar
|-damage|p1a: Tyranitar|46/100 par
|move|p1a: Tyranitar|Crunch|p2a: Orcus
|-damage|p2a: Orcus|34/100
|
|-weather|Sandstorm|[upkeep]
|-damage|p2a: Orcus|28/100|[from] Sandstorm
|-heal|p2a: Orcus|34/100|[from] item: Leftovers
|-heal|p1a: Tyranitar|53/100 par|[from] item: Leftovers
|upkeep
|turn|13
|inactive|Fear has 270 seconds left.
|
|t:|1727985088
|switch|p1a: Breloom|Breloom, M, shiny|100/100
|move|p2a: Orcus|Recover|p2a: Orcus
|-heal|p2a: Orcus|84/100
|
|-weather|Sandstorm|[upkeep]
|-damage|p1a: Breloom|94/100|[from] Sandstorm
|-damage|p2a: Orcus|78/100|[from] Sandstorm
|-heal|p1a: Breloom|100/100|[from] item: Leftovers
|-heal|p2a: Orcus|84/100|[from] item: Leftovers
|upkeep
|turn|14
|
|t:|1727985109
|move|p1a: Breloom|Spore|p2a: Orcus
|-status|p2a: Orcus|slp|[from] move: Spore
|cant|p2a: Orcus|slp
|
|-weather|Sandstorm|[upkeep]
|-damage|p1a: Breloom|94/100|[from] Sandstorm
|-damage|p2a: Orcus|78/100 slp|[from] Sandstorm
|-heal|p1a: Breloom|100/100|[from] item: Leftovers
|-heal|p2a: Orcus|84/100 slp|[from] item: Leftovers
|upkeep
|turn|15
|inactive|bugcondition has 90 seconds left.
|
|t:|1727985141
|-singleturn|p1a: Breloom|move: Focus Punch
|switch|p2a: Ceres|Celebi|85/100
|move|p1a: Breloom|Focus Punch|p2a: Ceres
|-resisted|p2a: Ceres
|-damage|p2a: Ceres|49/100
|
|-weather|Sandstorm|[upkeep]
|-damage|p2a: Ceres|42/100|[from] Sandstorm
|-damage|p1a: Breloom|94/100|[from] Sandstorm
|-heal|p2a: Ceres|49/100|[from] item: Leftovers
|-heal|p1a: Breloom|100/100|[from] item: Leftovers
|upkeep
|turn|16
|
|t:|1727985170
|switch|p1a: Dugtrio|Dugtrio, M|100/100
|move|p2a: Ceres|Calm Mind|p2a: Ceres
|-boost|p2a: Ceres|spa|1
|-boost|p2a: Ceres|spd|1
|
|-weather|Sandstorm|[upkeep]
|-damage|p2a: Ceres|42/100|[from] Sandstorm
|-heal|p2a: Ceres|49/100|[from] item: Leftovers
|upkeep
|turn|17
|inactive|bugcondition has 60 seconds left.
|inactive|bugcondition has 30 seconds left.
|inactive|bugcondition has 20 seconds left.
|
|t:|1727985225
|move|p1a: Dugtrio|Hidden Power|p2a: Ceres
|-supereffective|p2a: Ceres
|-damage|p2a: Ceres|0 fnt
|faint|p2a: Ceres
|inactive|bugcondition has 25 seconds left this turn.
|inactive|bugcondition has 20 seconds left.
|inactive|bugcondition has 15 seconds left.
|
|t:|1727985239
|switch|p2a: Orcus|Porygon2, shiny|84/100 slp
|-ability|p2a: Orcus|Arena Trap|[from] ability: Trace|[of] p1a: Dugtrio
|
|-weather|Sandstorm|[upkeep]
|-damage|p2a: Orcus|78/100 slp|[from] Sandstorm
|-heal|p2a: Orcus|84/100 slp|[from] item: Leftovers
|upkeep
|turn|18
|inactive|bugcondition has 25 seconds left this turn.
|inactive|bugcondition has 20 seconds left.
|
|t:|1727985247
|move|p1a: Dugtrio|Hidden Power|p2a: Orcus
|-damage|p2a: Orcus|66/100 slp
|-curestatus|p2a: Orcus|slp|[msg]
|move|p2a: Orcus|Ice Beam|p1a: Dugtrio
|-supereffective|p1a: Dugtrio
|-damage|p1a: Dugtrio|4/100
|
|-weather|Sandstorm|[upkeep]
|-damage|p2a: Orcus|60/100|[from] Sandstorm
|-heal|p2a: Orcus|66/100|[from] item: Leftovers
|upkeep
|turn|19
|inactive|bugcondition has 30 seconds left this turn.
|
|t:|1727985253
|move|p1a: Dugtrio|Hidden Power|p2a: Orcus
|-damage|p2a: Orcus|48/100
|move|p2a: Orcus|Recover|p2a: Orcus
|-heal|p2a: Orcus|98/100
|
|-weather|Sandstorm|[upkeep]
|-damage|p2a: Orcus|92/100|[from] Sandstorm
|-heal|p2a: Orcus|98/100|[from] item: Leftovers
|upkeep
|turn|20
|
|t:|1727985258
|move|p1a: Dugtrio|Hidden Power|p2a: Orcus
|-damage|p2a: Orcus|80/100
|move|p2a: Orcus|Ice Beam|p1a: Dugtrio
|-supereffective|p1a: Dugtrio
|-crit|p1a: Dugtrio
|-damage|p1a: Dugtrio|0 fnt
|faint|p1a: Dugtrio
|
|t:|1727985261
|switch|p1a: Breloom|Breloom, M, shiny|100/100
|
|-weather|Sandstorm|[upkeep]
|-damage|p1a: Breloom|94/100|[from] Sandstorm
|-damage|p2a: Orcus|74/100|[from] Sandstorm
|-heal|p1a: Breloom|100/100|[from] item: Leftovers
|-heal|p2a: Orcus|80/100|[from] item: Leftovers
|upkeep
|turn|21
|inactive|bugcondition has 30 seconds left.
|
|t:|1727985281
|move|p1a: Breloom|Spore|p2a: Orcus
|-status|p2a: Orcus|slp|[from] move: Spore
|cant|p2a: Orcus|slp
|
|-weather|Sandstorm|[upkeep]
|-damage|p1a: Breloom|94/100|[from] Sandstorm
|-damage|p2a: Orcus|74/100 slp|[from] Sandstorm
|-heal|p1a: Breloom|100/100|[from] item: Leftovers
|-heal|p2a: Orcus|80/100 slp|[from] item: Leftovers
|upkeep
|turn|22
|
|t:|1727985286
|switch|p2a: Jupiter|Zapdos|100/100
|move|p1a: Breloom|Sky Uppercut|p2a: Jupiter
|-resisted|p2a: Jupiter
|-damage|p2a: Jupiter|70/100
|
|-weather|Sandstorm|[upkeep]
|-damage|p2a: Jupiter|64/100|[from] Sandstorm
|-damage|p1a: Breloom|94/100|[from] Sandstorm
|-heal|p2a: Jupiter|70/100|[from] item: Leftovers
|-heal|p1a: Breloom|100/100|[from] item: Leftovers
|upkeep
|turn|23
|
|t:|1727985299
|move|p2a: Jupiter|Thunderbolt|p1a: Breloom
|-resisted|p1a: Breloom
|-damage|p1a: Breloom|50/100
|move|p1a: Breloom|Sky Uppercut|p2a: Jupiter
|-resisted|p2a: Jupiter
|-damage|p2a: Jupiter|41/100
|
|-weather|Sandstorm|[upkeep]
|-damage|p2a: Jupiter|35/100|[from] Sandstorm
|-damage|p1a: Breloom|44/100|[from] Sandstorm
|-heal|p2a: Jupiter|41/100|[from] item: Leftovers
|-heal|p1a: Breloom|50/100|[from] item: Leftovers
|upkeep
|turn|24
|
|t:|1727985316
|switch|p1a: Tyranitar|Tyranitar, M|53/100 par
|move|p2a: Jupiter|Thunderbolt|p1a: Tyranitar
|-damage|p1a: Tyranitar|14/100 par
|
|-weather|Sandstorm|[upkeep]
|-damage|p2a: Jupiter|35/100|[from] Sandstorm
|-heal|p2a: Jupiter|41/100|[from] item: Leftovers
|-heal|p1a: Tyranitar|20/100 par|[from] item: Leftovers
|upkeep
|turn|25
|inactive|bugcondition has 30 seconds left.
|
|t:|1727985336
|move|p2a: Jupiter|Baton Pass|p2a: Jupiter
|
|t:|1727985338
|switch|p2a: Orcus|Porygon2, shiny|80/100 slp|[from] Baton Pass
|-ability|p2a: Orcus|Sand Stream|[from] ability: Trace|[of] p1a: Tyranitar
|move|p1a: Tyranitar|Crunch|p2a: Orcus
|-damage|p2a: Orcus|44/100 slp
|-unboost|p2a: Orcus|spd|1
|
|-weather|Sandstorm|[upkeep]
|-damage|p2a: Orcus|38/100 slp|[from] Sandstorm
|-heal|p2a: Orcus|44/100 slp|[from] item: Leftovers
|-heal|p1a: Tyranitar|27/100 par|[from] item: Leftovers
|upkeep
|turn|26
|
|t:|1727985350
|cant|p2a: Orcus|slp
|move|p1a: Tyranitar|Crunch|p2a: Orcus
|-damage|p2a: Orcus|0 fnt
|faint|p2a: Orcus
|
|t:|1727985355
|switch|p2a: Jupiter|Zapdos|41/100
|
|-weather|Sandstorm|[upkeep]
|-damage|p2a: Jupiter|35/100|[from] Sandstorm
|-heal|p2a: Jupiter|41/100|[from] item: Leftovers
|-heal|p1a: Tyranitar|33/100 par|[from] item: Leftovers
|upkeep
|turn|27
|
|t:|1727985361
|move|p2a: Jupiter|Thunderbolt|p1a: Tyranitar
|-damage|p1a: Tyranitar|0 fnt
|faint|p1a: Tyranitar
|
|t:|1727985363
|switch|p1a: Zapdos|Zapdos|88/100
|
|-weather|Sandstorm|[upkeep]
|-damage|p2a: Jupiter|35/100|[from] Sandstorm
|-damage|p1a: Zapdos|82/100|[from] Sandstorm
|-heal|p2a: Jupiter|41/100|[from] item: Leftovers
|-heal|p1a: Zapdos|88/100|[from] item: Leftovers
|upkeep
|turn|28
|inactive|bugcondition has 60 seconds left.
|
|t:|1727985371
|switch|p2a: Psyche|Jirachi|41/100
|move|p1a: Zapdos|Thunderbolt|p2a: Psyche
|-damage|p2a: Psyche|0 fnt
|faint|p2a: Psyche
|
|t:|1727985375
|switch|p2a: Jupiter|Zapdos|41/100
|
|-weather|Sandstorm|[upkeep]
|-damage|p1a: Zapdos|82/100|[from] Sandstorm
|-damage|p2a: Jupiter|35/100|[from] Sandstorm
|-heal|p1a: Zapdos|88/100|[from] item: Leftovers
|-heal|p2a: Jupiter|41/100|[from] item: Leftovers
|upkeep
|turn|29
|
|t:|1727985378
|move|p1a: Zapdos|Thunderbolt|p2a: Jupiter
|-damage|p2a: Jupiter|0 fnt
|faint|p2a: Jupiter
|
|win|Fear
|c|☆bugcondition|gg wp
|c|☆Fear|gg

</script>
<script type="application/json" class="data" id="replaydata-smogtours-gen3ou-794339">
{"id":"smogtours-gen3ou-794339","format":"[Gen 3] OU","players":["Fear","bugcondition"],"uploadtime":1727985378,"views":172,"formatid":"gen3ou","rating":null,"private":0,"password":null}
</script>

<script defer src="js/replays.js?9d40a366"></script>
