<!DOCTYPE html>
<meta charset="utf-8" />
<meta name="viewport" content="width=device-width" />

<title>[Gen 3] OU: LilBigBamSam vs. xXEricXx - Replays - Pok&eacute;mon Showdown!</title>

<meta name="description" content="Watch a replay of a Pok&eacute;mon battle between LilBigBamSam and xXEricXx! Format: [Gen 3] OU; Date: Oct 30, 2024" />
<!--

Hey, you! Looking in the source for the replay log?

You can find them in JSON format, just add `.json` at the end of a replay URL.

https://replay.pokemonshowdown.com/gen7randomdoublesbattle-865046831.json

Or, if you only need the log itself, add `.log` instead:

https://replay.pokemonshowdown.com/gen7randomdoublesbattle-865046831.log

-->

<link rel="stylesheet" href="//pokemonshowdown.com/style/global.css?0.023195364461161105" />
<link rel="stylesheet" href="//play.pokemonshowdown.com/style/font-awesome.css?0.13261647063804238" />
<link rel="stylesheet" href="//play.pokemonshowdown.com/style/battle.css?0.8753245789963631" />
<link rel="stylesheet" href="//play.pokemonshowdown.com/style/utilichart.css?0.8627959624976733" />

<!-- Global site tag (gtag.js) - Google Analytics -->
<script async src="https://www.googletagmanager.com/gtag/js?id=UA-26211653-1"></script>
<script>
  window.dataLayer = window.dataLayer || [];
  function gtag(){dataLayer.push(arguments);}
  gtag('js', new Date());

  gtag('config', 'UA-26211653-1');
</script>
<!-- End Google Analytics -->
<!-- Venatus Ad Manager - Install in <HEAD> of page -->
	<script src="https://hb.vntsm.com/v3/live/ad-manager.min.js" type="text/javascript" data-site-id="642aba63ec9a7b11c3c9c1be" data-mode="scan" async></script>
<!-- / Venatus Ad Manager -->

<style>
	@media (max-width:820px) {
		.battle {
			margin: 0 auto;
		}
		.battle-log {
			margin: 7px auto 0;
			max-width: 640px;
			height: 300px;
			position: static;
		}
	}
	.optgroup {
		display: inline-block;
		line-height: 22px;
		font-size: 10pt;
	}
	.optgroup .button {
		height: 25px;
		padding-top: 0;
		padding-bottom: 0;
	}
	.optgroup button.button {
		padding-left: 12px;
		padding-right: 12px;
	}
	.linklist {
		list-style: none;
		margin: 0.5em 0;
		padding: 0;
	}
	.linklist li {
		padding: 2px 0;
	}
	.sidebar {
		float: left;
		width: 320px;
	}
	.bar-wrapper {
		max-width: 1100px;
		margin: 0 auto;
	}
	.bar-wrapper.has-sidebar {
		max-width: 1430px;
	}
	.mainbar {
		margin: 0;
		padding-right: 1px;
	}
	.mainbar.has-sidebar {
		margin-left: 330px;
	}
	@media (min-width: 1511px) {
		.sidebar {
			width: 400px;
		}
		.bar-wrapper.has-sidebar {
			max-width: 1510px;
		}
		.mainbar.has-sidebar {
			margin-left: 410px;
		}
	}
	.section.first-section {
		margin-top: 9px;
	}
	.blocklink small {
		white-space: normal;
	}
	.button {
		vertical-align: middle;
	}
	.replay-controls {
		padding-top: 10px;
	}
	.replay-controls h1 {
		font-size: 16pt;
		font-weight: normal;
		color: #CCC;
	}
	.pagelink {
		text-align: center;
	}
	.pagelink a {
		width: 150px;
	}
	.textbox, .button {
		font-size: 11pt;
		vertical-align: middle;
	}
	@media (max-width: 450px) {
		.button {
			font-size: 9pt;
		}
	}
</style>

<div>

	<header>
		<div class="nav-wrapper"><ul class="nav">
			<li><a class="button nav-first" href="//pokemonshowdown.com/"><img src="//pokemonshowdown.com/images/pokemonshowdownbeta.png" srcset="//pokemonshowdown.com/images/pokemonshowdownbeta.png 1x, //pokemonshowdown.com/images/pokemonshowdownbeta@2x.png 2x" alt="Pok&eacute;mon Showdown" width="146" height="44" /> Home</a></li>
			<li><a class="button" href="//pokemonshowdown.com/dex/">Pok&eacute;dex</a></li>
			<li><a class="button cur" href="/">Replays</a></li>
			<li><a class="button" href="//pokemonshowdown.com/ladder/">Ladder</a></li>
			<li><a class="button nav-last" href="//pokemonshowdown.com/forums/">Forum</a></li>
			<li><a class="button greenbutton nav-first nav-last" href="//play.pokemonshowdown.com/">Play</a></li>
		</ul></div>
	</header>

	<div class="main" id="main">

		<noscript><section class="section">You need to enable JavaScript to use this page; sorry!</section></noscript>

	</div>

</div>

<script defer nomodule src="//play.pokemonshowdown.com/js/lib/ps-polyfill.js"></script>
<script defer src="//play.pokemonshowdown.com/js/lib/preact.min.js"></script>

<script defer src="//play.pokemonshowdown.com/config/config.js?2bddbc15"></script>
<script defer src="//play.pokemonshowdown.com/js/lib/jquery-1.11.0.min.js"></script>
<script defer src="//play.pokemonshowdown.com/js/lib/html-sanitizer-minified.js"></script>
<script defer src="//play.pokemonshowdown.com/js/battle-sound.js"></script>
<script defer src="//play.pokemonshowdown.com/js/battledata.js?0.7209276989879541"></script>
<script defer src="//play.pokemonshowdown.com/data/pokedex-mini.js?0.6111056340867951"></script>
<script defer src="//play.pokemonshowdown.com/data/pokedex-mini-bw.js?0.3532142036491459"></script>
<script defer src="//play.pokemonshowdown.com/data/graphics.js?0.24223875632456182"></script>
<script defer src="//play.pokemonshowdown.com/data/pokedex.js?0.38839984266356864"></script>
<script defer src="//play.pokemonshowdown.com/data/moves.js?0.21866028504024015"></script>
<script defer src="//play.pokemonshowdown.com/data/abilities.js?0.2005157953846628"></script>
<script defer src="//play.pokemonshowdown.com/data/items.js?0.9894211263848525"></script>
<script defer src="//play.pokemonshowdown.com/data/teambuilder-tables.js?0.6008791140282215"></script>
<script defer src="//play.pokemonshowdown.com/js/battle-tooltips.js?0.7580118955022959"></script>
<script defer src="//play.pokemonshowdown.com/js/battle.js?0.6057722274234274"></script>

<script defer src="js/utils.js?e31f9a17"></script>
<script defer src="js/replays-battle.js?7008c182"></script>

<!-- don't scrape this data! just add .json or .log after the URL!
Full API docs: https://github.com/smogon/pokemon-showdown-client/blob/master/WEB-API.md -->
<script type="text/plain" class="log" id="replaylog-smogtours-gen3ou-803408">
|inactive|Battle timer is ON: inactive players will automatically lose when time's up.
|t:|1730266489
|gametype|singles
|player|p1|LilBigBamSam|hoopster|
|player|p2|xXEricXx|red|
|teamsize|p1|6
|teamsize|p2|6
|gen|3
|tier|[Gen 3] OU
|rule|Sleep Clause Mod: Limit one foe put to sleep
|rule|Switch Priority Clause Mod: Faster Pokémon switch first
|rule|Species Clause: Limit one of each Pokémon
|rule|OHKO Clause: OHKO moves are banned
|rule|Evasion Items Clause: Evasion items are banned
|rule|Evasion Moves Clause: Evasion moves are banned
|rule|Endless Battle Clause: Forcing endless battles is banned
|rule|HP Percentage Mod: HP is shown in percentages
|rule|One Boost Passer Clause: Limit one Baton Passer that has a way to boost its stats
|rule|Freeze Clause Mod: Limit one foe frozen
|
|t:|1730266489
|start
|switch|p1a: Hariyama|Hariyama, M|100/100
|switch|p2a: BKC|Blaziken, M|100/100
|turn|1
|c|☆xXEricXx|hf
|inactive|xXEricXx has 270 seconds left.
|c|☆LilBigBamSam|u2
|inactive|LilBigBamSam has 270 seconds left.
|
|t:|1730266562
|move|p2a: BKC|Fire Blast|p1a: Hariyama
|-damage|p1a: Hariyama|45/100
|move|p1a: Hariyama|Cross Chop|p2a: BKC
|-damage|p2a: BKC|27/100
|
|-heal|p2a: BKC|33/100|[from] item: Leftovers
|-heal|p1a: Hariyama|51/100|[from] item: Leftovers
|upkeep
|turn|2
|
|t:|1730266574
|switch|p1a: Swampert|Swampert, F|100/100
|move|p2a: BKC|Fire Blast|p1a: Swampert
|-resisted|p1a: Swampert
|-damage|p1a: Swampert|64/100
|
|-heal|p2a: BKC|39/100|[from] item: Leftovers
|-heal|p1a: Swampert|70/100|[from] item: Leftovers
|upkeep
|turn|3
|
|t:|1730266602
|switch|p2a: Zapdos|Zapdos|100/100
|move|p1a: Swampert|Surf|p2a: Zapdos
|-damage|p2a: Zapdos|69/100
|
|-heal|p2a: Zapdos|75/100|[from] item: Leftovers
|-heal|p1a: Swampert|76/100|[from] item: Leftovers
|upkeep
|turn|4
|
|t:|1730266619
|switch|p1a: Forretress|Forretress, F|100/100
|move|p2a: Zapdos|Substitute|p2a: Zapdos
|-start|p2a: Zapdos|Substitute
|-damage|p2a: Zapdos|50/100
|
|-heal|p2a: Zapdos|56/100|[from] item: Leftovers
|upkeep
|turn|5
|
|t:|1730266640
|move|p2a: Zapdos|Thunderbolt|p1a: Forretress
|-damage|p1a: Forretress|56/100
|move|p1a: Forretress|Spikes|p2a: Zapdos
|-sidestart|p2: xXEricXx|Spikes
|
|-heal|p2a: Zapdos|62/100|[from] item: Leftovers
|-heal|p1a: Forretress|62/100|[from] item: Leftovers
|upkeep
|turn|6
|
|t:|1730266660
|switch|p1a: Blissey|Blissey, F|100/100
|move|p2a: Zapdos|Baton Pass|p2a: Zapdos
|
|t:|1730266664
|switch|p2a: BKC|Blaziken, M|39/100|[from] Baton Pass
|-damage|p2a: BKC|27/100|[from] Spikes
|
|-heal|p2a: BKC|33/100|[from] item: Leftovers
|upkeep
|turn|7
|inactive|LilBigBamSam has 270 seconds left.
|inactive|LilBigBamSam has 240 seconds left.
|inactive|LilBigBamSam has 210 seconds left.
|
|t:|1730266769
|-singleturn|p2a: BKC|move: Focus Punch
|switch|p1a: Gengar|Gengar, F|100/100
|move|p2a: BKC|Focus Punch|p1a: Gengar
|-immune|p1a: Gengar
|
|-heal|p2a: BKC|39/100|[from] item: Leftovers
|upkeep
|turn|8
|
|t:|1730266780
|move|p1a: Gengar|Thunderbolt|p2a: BKC
|-end|p2a: BKC|Substitute
|move|p2a: BKC|Fire Blast|p1a: Gengar
|-damage|p1a: Gengar|20/100
|
|-heal|p1a: Gengar|26/100|[from] item: Leftovers
|-heal|p2a: BKC|45/100|[from] item: Leftovers
|upkeep
|turn|9
|inactive|xXEricXx has 270 seconds left.
|
|t:|1730266824
|switch|p2a: Blissey|Blissey, F|100/100
|-damage|p2a: Blissey|88/100|[from] Spikes
|move|p1a: Gengar|Thunderbolt|p2a: Blissey
|-damage|p2a: Blissey|76/100
|
|-heal|p1a: Gengar|33/100|[from] item: Leftovers
|-heal|p2a: Blissey|82/100|[from] item: Leftovers
|upkeep
|turn|10
|
|t:|1730266836
|switch|p1a: Blissey|Blissey, F|100/100
|move|p2a: Blissey|Thunderbolt|p1a: Blissey
|-damage|p1a: Blissey|91/100
|
|-heal|p1a: Blissey|98/100|[from] item: Leftovers
|-heal|p2a: Blissey|88/100|[from] item: Leftovers
|upkeep
|turn|11
|
|t:|1730266850
|switch|p2a: Metagross|Metagross|100/100
|-damage|p2a: Metagross|88/100|[from] Spikes
|move|p1a: Blissey|Wish|p1a: Blissey
|
|-heal|p2a: Metagross|94/100|[from] item: Leftovers
|-heal|p1a: Blissey|100/100|[from] item: Leftovers
|upkeep
|turn|12
|inactive|xXEricXx has 270 seconds left.
|
|t:|1730266869
|switch|p1a: Swampert|Swampert, F|76/100
|move|p2a: Metagross|Meteor Mash|p1a: Swampert
|-resisted|p1a: Swampert
|-damage|p1a: Swampert|55/100
|
|-heal|p1a: Swampert|100/100|[from] move: Wish|[wisher] Blissey
|-heal|p2a: Metagross|100/100|[from] item: Leftovers
|upkeep
|turn|13
|inactive|xXEricXx has 270 seconds left.
|
|t:|1730266896
|switch|p2a: Blissey|Blissey, F|88/100
|-damage|p2a: Blissey|76/100|[from] Spikes
|move|p1a: Swampert|Surf|p2a: Blissey
|-damage|p2a: Blissey|64/100
|
|-heal|p2a: Blissey|70/100|[from] item: Leftovers
|upkeep
|turn|14
|
|t:|1730266906
|-singleturn|p1a: Swampert|move: Focus Punch
|move|p2a: Blissey|Ice Beam|p1a: Swampert
|-damage|p1a: Swampert|78/100
|move|p1a: Swampert|Focus Punch||[still]
|cant|p1a: Swampert|Focus Punch|Focus Punch
|
|-heal|p2a: Blissey|76/100|[from] item: Leftovers
|-heal|p1a: Swampert|84/100|[from] item: Leftovers
|upkeep
|turn|15
|
|t:|1730266915
|switch|p1a: Tyranitar|Tyranitar, M|100/100
|-weather|Sandstorm|[from] ability: Sand Stream|[of] p1a: Tyranitar
|move|p2a: Blissey|Ice Beam|p1a: Tyranitar
|-damage|p1a: Tyranitar|77/100
|
|-weather|Sandstorm|[upkeep]
|-damage|p2a: Blissey|70/100|[from] Sandstorm
|-heal|p1a: Tyranitar|84/100|[from] item: Leftovers
|-heal|p2a: Blissey|76/100|[from] item: Leftovers
|upkeep
|turn|16
|inactive|LilBigBamSam has 210 seconds left.
|inactive|LilBigBamSam has 180 seconds left.
|
|t:|1730266951
|switch|p2a: Metagross|Metagross|100/100
|-damage|p2a: Metagross|88/100|[from] Spikes
|move|p1a: Tyranitar|Fire Blast|p2a: Metagross
|-supereffective|p2a: Metagross
|-damage|p2a: Metagross|17/100
|
|-weather|Sandstorm|[upkeep]
|-heal|p2a: Metagross|23/100|[from] item: Leftovers
|-heal|p1a: Tyranitar|90/100|[from] item: Leftovers
|upkeep
|turn|17
|inactive|LilBigBamSam has 180 seconds left.
|
|t:|1730266971
|switch|p1a: Forretress|Forretress, F|62/100
|move|p2a: Metagross|Meteor Mash|p1a: Forretress
|-resisted|p1a: Forretress
|-damage|p1a: Forretress|44/100
|
|-weather|Sandstorm|[upkeep]
|-heal|p2a: Metagross|29/100|[from] item: Leftovers
|-heal|p1a: Forretress|50/100|[from] item: Leftovers
|upkeep
|turn|18
|
|t:|1730266983
|move|p2a: Metagross|Earthquake|p1a: Forretress
|-damage|p1a: Forretress|21/100
|move|p1a: Forretress|Earthquake|p2a: Metagross
|-supereffective|p2a: Metagross
|-damage|p2a: Metagross|0 fnt
|faint|p2a: Metagross
|
|t:|1730267005
|switch|p2a: Zapdos|Zapdos|62/100
|
|-weather|Sandstorm|[upkeep]
|-damage|p2a: Zapdos|56/100|[from] Sandstorm
|-heal|p2a: Zapdos|62/100|[from] item: Leftovers
|-heal|p1a: Forretress|27/100|[from] item: Leftovers
|upkeep
|turn|19
|inactive|LilBigBamSam has 180 seconds left.
|inactive|xXEricXx has 240 seconds left.
|
|t:|1730267033
|switch|p1a: Blissey|Blissey, F|100/100
|move|p2a: Zapdos|Thunderbolt|p1a: Blissey
|-damage|p1a: Blissey|83/100
|
|-weather|Sandstorm|[upkeep]
|-damage|p2a: Zapdos|56/100|[from] Sandstorm
|-damage|p1a: Blissey|77/100|[from] Sandstorm
|-heal|p2a: Zapdos|62/100|[from] item: Leftovers
|-heal|p1a: Blissey|83/100|[from] item: Leftovers
|upkeep
|turn|20
|inactive|xXEricXx has 240 seconds left.
|
|t:|1730267048
|switch|p2a: Starmie|Starmie|100/100
|-damage|p2a: Starmie|88/100|[from] Spikes
|move|p1a: Blissey|Seismic Toss|p2a: Starmie
|-damage|p2a: Starmie|57/100
|
|-weather|Sandstorm|[upkeep]
|-damage|p2a: Starmie|51/100|[from] Sandstorm
|-damage|p1a: Blissey|77/100|[from] Sandstorm
|-heal|p2a: Starmie|57/100|[from] item: Leftovers
|-heal|p1a: Blissey|83/100|[from] item: Leftovers
|upkeep
|turn|21
|
|t:|1730267065
|move|p2a: Starmie|Recover|p2a: Starmie
|-heal|p2a: Starmie|100/100
|move|p1a: Blissey|Wish|p1a: Blissey
|
|-weather|Sandstorm|[upkeep]
|-damage|p2a: Starmie|94/100|[from] Sandstorm
|-damage|p1a: Blissey|77/100|[from] Sandstorm
|-heal|p2a: Starmie|100/100|[from] item: Leftovers
|-heal|p1a: Blissey|83/100|[from] item: Leftovers
|upkeep
|turn|22
|
|t:|1730267071
|switch|p1a: Hariyama|Hariyama, M|51/100
|move|p2a: Starmie|Surf|p1a: Hariyama
|-damage|p1a: Hariyama|22/100
|
|-heal|p1a: Hariyama|72/100|[from] move: Wish|[wisher] Blissey
|-weather|Sandstorm|[upkeep]
|-damage|p2a: Starmie|94/100|[from] Sandstorm
|-damage|p1a: Hariyama|66/100|[from] Sandstorm
|-heal|p2a: Starmie|100/100|[from] item: Leftovers
|-heal|p1a: Hariyama|72/100|[from] item: Leftovers
|upkeep
|turn|23
|
|t:|1730267085
|move|p2a: Starmie|Rapid Spin|p1a: Hariyama
|-damage|p1a: Hariyama|69/100
|-sideend|p2: xXEricXx|Spikes|[from] move: Rapid Spin|[of] p2a: Starmie
|move|p1a: Hariyama|Knock Off|p2a: Starmie
|-supereffective|p2a: Starmie
|-damage|p2a: Starmie|96/100
|-enditem|p2a: Starmie|Leftovers|[from] move: Knock Off|[of] p1a: Hariyama
|-hint|In Gens 3-4, Knock Off only makes the target's item unusable; it cannot obtain a new item.
|
|-weather|Sandstorm|[upkeep]
|-damage|p2a: Starmie|89/100|[from] Sandstorm
|-damage|p1a: Hariyama|63/100|[from] Sandstorm
|-heal|p1a: Hariyama|69/100|[from] item: Leftovers
|upkeep
|turn|24
|inactive|LilBigBamSam has 180 seconds left.
|inactive|xXEricXx disconnected and has 300 seconds to reconnect!
|player|p2|
|inactive|xXEricXx reconnected and has 255 seconds left.
|player|p2|xXEricXx|red|
|
|t:|1730267119
|switch|p2a: Zapdos|Zapdos|62/100
|switch|p1a: Blissey|Blissey, F|83/100
|
|-weather|Sandstorm|[upkeep]
|-damage|p2a: Zapdos|56/100|[from] Sandstorm
|-damage|p1a: Blissey|77/100|[from] Sandstorm
|-heal|p2a: Zapdos|62/100|[from] item: Leftovers
|-heal|p1a: Blissey|83/100|[from] item: Leftovers
|upkeep
|turn|25
|inactive|xXEricXx has 240 seconds left.
|
|t:|1730267140
|move|p2a: Zapdos|Baton Pass|p2a: Zapdos
|
|t:|1730267141
|switch|p2a: BKC|Blaziken, M|45/100|[from] Baton Pass
|move|p1a: Blissey|Seismic Toss|p2a: BKC
|-damage|p2a: BKC|11/100
|
|-weather|Sandstorm|[upkeep]
|-damage|p2a: BKC|5/100|[from] Sandstorm
|-damage|p1a: Blissey|77/100|[from] Sandstorm
|-heal|p2a: BKC|11/100|[from] item: Leftovers
|-heal|p1a: Blissey|83/100|[from] item: Leftovers
|upkeep
|turn|26
|inactive|LilBigBamSam has 150 seconds left.
|inactive|xXEricXx has 240 seconds left.
|
|t:|1730267186
|move|p2a: BKC|Sky Uppercut|p1a: Blissey
|-supereffective|p1a: Blissey
|-damage|p1a: Blissey|12/100
|move|p1a: Blissey|Seismic Toss|p2a: BKC
|-damage|p2a: BKC|0 fnt
|faint|p2a: BKC
|inactive|xXEricXx disconnected and has 290 seconds to reconnect!
|player|p2|
|inactive|xXEricXx reconnected and has 225 seconds left.
|player|p2|xXEricXx|red|
|inactive|xXEricXx has 210 seconds left.
|
|t:|1730267223
|switch|p2a: Tyranitar|Tyranitar, F|100/100
|
|-weather|Sandstorm|[upkeep]
|-damage|p1a: Blissey|6/100|[from] Sandstorm
|-heal|p1a: Blissey|12/100|[from] item: Leftovers
|upkeep
|turn|27
|inactive|xXEricXx has 210 seconds left.
|inactive|LilBigBamSam has 120 seconds left.
|
|t:|1730267263
|switch|p1a: Swampert|Swampert, F|84/100
|move|p2a: Tyranitar|Earthquake|p1a: Swampert
|-damage|p1a: Swampert|63/100
|
|-weather|Sandstorm|[upkeep]
|-heal|p1a: Swampert|69/100|[from] item: Leftovers
|upkeep
|turn|28
|inactive|xXEricXx has 210 seconds left.
|inactive|LilBigBamSam has 90 seconds left.
|inactive|xXEricXx has 180 seconds left.
|
|t:|1730267300
|switch|p2a: Starmie|Starmie|89/100
|move|p1a: Swampert|Surf|p2a: Starmie
|-resisted|p2a: Starmie
|-damage|p2a: Starmie|74/100
|
|-weather|Sandstorm|[upkeep]
|-damage|p2a: Starmie|67/100|[from] Sandstorm
|-heal|p1a: Swampert|75/100|[from] item: Leftovers
|upkeep
|turn|29
|inactive|LilBigBamSam has 90 seconds left.
|
|t:|1730267325
|move|p2a: Starmie|Surf|p1a: Swampert
|-damage|p1a: Swampert|45/100
|move|p1a: Swampert|Earthquake|p2a: Starmie
|-damage|p2a: Starmie|27/100
|
|-weather|Sandstorm|[upkeep]
|-damage|p2a: Starmie|21/100|[from] Sandstorm
|-heal|p1a: Swampert|52/100|[from] item: Leftovers
|upkeep
|turn|30
|
|t:|1730267348
|move|p2a: Starmie|Recover|p2a: Starmie
|-heal|p2a: Starmie|71/100
|move|p1a: Swampert|Earthquake|p2a: Starmie
|-damage|p2a: Starmie|26/100
|
|-weather|Sandstorm|[upkeep]
|-damage|p2a: Starmie|19/100|[from] Sandstorm
|-heal|p1a: Swampert|58/100|[from] item: Leftovers
|upkeep
|turn|31
|
|t:|1730267356
|switch|p2a: Zapdos|Zapdos|62/100
|move|p1a: Swampert|Earthquake|p2a: Zapdos
|-immune|p2a: Zapdos
|
|-weather|Sandstorm|[upkeep]
|-damage|p2a: Zapdos|56/100|[from] Sandstorm
|-heal|p2a: Zapdos|62/100|[from] item: Leftovers
|-heal|p1a: Swampert|64/100|[from] item: Leftovers
|upkeep
|turn|32
|inactive|LilBigBamSam has 60 seconds left.
|
|t:|1730267392
|move|p2a: Zapdos|Hidden Power|p1a: Swampert
|-supereffective|p1a: Swampert
|-damage|p1a: Swampert|0 fnt
|faint|p1a: Swampert
|
|t:|1730267410
|switch|p1a: Tyranitar|Tyranitar, M|90/100
|
|-weather|Sandstorm|[upkeep]
|-damage|p2a: Zapdos|56/100|[from] Sandstorm
|-heal|p2a: Zapdos|62/100|[from] item: Leftovers
|-heal|p1a: Tyranitar|96/100|[from] item: Leftovers
|upkeep
|turn|33
|inactive|LilBigBamSam has 30 seconds left.
|inactive|xXEricXx has 180 seconds left.
|
|t:|1730267453
|move|p2a: Zapdos|Thunderbolt|p1a: Tyranitar
|-damage|p1a: Tyranitar|58/100
|move|p1a: Tyranitar|Pursuit|p2a: Zapdos
|-damage|p2a: Zapdos|41/100
|
|-weather|Sandstorm|[upkeep]
|-damage|p2a: Zapdos|34/100|[from] Sandstorm
|-heal|p2a: Zapdos|41/100|[from] item: Leftovers
|-heal|p1a: Tyranitar|64/100|[from] item: Leftovers
|upkeep
|turn|34
|
|t:|1730267465
|move|p2a: Zapdos|Thunderbolt|p1a: Tyranitar
|-damage|p1a: Tyranitar|25/100
|move|p1a: Tyranitar|Ice Beam|p2a: Zapdos
|-supereffective|p2a: Zapdos
|-damage|p2a: Zapdos|0 fnt
|faint|p2a: Zapdos
|inactive|xXEricXx has 150 seconds left.
|
|t:|1730267507
|switch|p2a: Starmie|Starmie|19/100
|
|-weather|Sandstorm|[upkeep]
|-damage|p2a: Starmie|13/100|[from] Sandstorm
|-heal|p1a: Tyranitar|31/100|[from] item: Leftovers
|upkeep
|turn|35
|
|t:|1730267526
|move|p2a: Starmie|Surf|p1a: Tyranitar
|-supereffective|p1a: Tyranitar
|-damage|p1a: Tyranitar|0 fnt
|faint|p1a: Tyranitar
|
|t:|1730267529
|switch|p1a: Blissey|Blissey, F|12/100
|
|-weather|Sandstorm|[upkeep]
|-damage|p2a: Starmie|7/100|[from] Sandstorm
|-damage|p1a: Blissey|6/100|[from] Sandstorm
|-heal|p1a: Blissey|12/100|[from] item: Leftovers
|upkeep
|turn|36
|inactive|xXEricXx has 150 seconds left.
|
|t:|1730267549
|move|p2a: Starmie|Surf|p1a: Blissey
|-damage|p1a: Blissey|0 fnt
|faint|p1a: Blissey
|
|t:|1730267562
|switch|p1a: Forretress|Forretress, F|27/100
|
|-weather|Sandstorm|[upkeep]
|-damage|p2a: Starmie|1/100|[from] Sandstorm
|-heal|p1a: Forretress|34/100|[from] item: Leftovers
|upkeep
|turn|37
|inactive|xXEricXx has 150 seconds left.
|
|t:|1730267576
|move|p2a: Starmie|Recover|p2a: Starmie
|-heal|p2a: Starmie|51/100
|move|p1a: Forretress|Spikes|p2a: Starmie
|-sidestart|p2: xXEricXx|Spikes
|
|-weather|Sandstorm|[upkeep]
|-damage|p2a: Starmie|44/100|[from] Sandstorm
|-heal|p1a: Forretress|40/100|[from] item: Leftovers
|upkeep
|turn|38
|inactive|xXEricXx has 150 seconds left.
|
|t:|1730267592
|switch|p2a: Blissey|Blissey, F|76/100
|-damage|p2a: Blissey|64/100|[from] Spikes
|move|p1a: Forretress|Hidden Power|p2a: Blissey
|-damage|p2a: Blissey|40/100
|
|-weather|Sandstorm|[upkeep]
|-damage|p2a: Blissey|34/100|[from] Sandstorm
|-heal|p2a: Blissey|40/100|[from] item: Leftovers
|-heal|p1a: Forretress|46/100|[from] item: Leftovers
|upkeep
|turn|39
|inactive|LilBigBamSam has 60 seconds left.
|
|t:|1730267610
|switch|p1a: Hariyama|Hariyama, M|69/100
|move|p2a: Blissey|Thunderbolt|p1a: Hariyama
|-damage|p1a: Hariyama|45/100
|
|-weather|Sandstorm|[upkeep]
|-damage|p2a: Blissey|34/100|[from] Sandstorm
|-damage|p1a: Hariyama|39/100|[from] Sandstorm
|-heal|p2a: Blissey|40/100|[from] item: Leftovers
|-heal|p1a: Hariyama|45/100|[from] item: Leftovers
|upkeep
|turn|40
|inactive|LilBigBamSam has 60 seconds left.
|inactive|xXEricXx has 150 seconds left.
|inactive|xXEricXx has 120 seconds left.
|inactive|xXEricXx has 90 seconds left.
|
|t:|1730267685
|move|p2a: Blissey|Thunderbolt|p1a: Hariyama
|-damage|p1a: Hariyama|19/100
|move|p1a: Hariyama|Cross Chop|p2a: Blissey
|-supereffective|p2a: Blissey
|-damage|p2a: Blissey|0 fnt
|faint|p2a: Blissey
|inactive|xXEricXx has 60 seconds left.
|
|t:|1730267722
|switch|p2a: Tyranitar|Tyranitar, F|100/100
|-damage|p2a: Tyranitar|88/100|[from] Spikes
|
|-weather|Sandstorm|[upkeep]
|-damage|p1a: Hariyama|13/100|[from] Sandstorm
|-heal|p2a: Tyranitar|94/100|[from] item: Leftovers
|-heal|p1a: Hariyama|19/100|[from] item: Leftovers
|upkeep
|turn|41
|
|t:|1730267730
|move|p2a: Tyranitar|Earthquake|p1a: Hariyama
|-damage|p1a: Hariyama|0 fnt
|faint|p1a: Hariyama
|
|t:|1730267738
|switch|p1a: Gengar|Gengar, F|33/100
|
|-weather|Sandstorm|[upkeep]
|-damage|p1a: Gengar|26/100|[from] Sandstorm
|-heal|p1a: Gengar|33/100|[from] item: Leftovers
|-heal|p2a: Tyranitar|100/100|[from] item: Leftovers
|upkeep
|turn|42
|
|t:|1730267743
|move|p1a: Gengar|Will-O-Wisp|p2a: Tyranitar
|-status|p2a: Tyranitar|brn
|move|p2a: Tyranitar|Rock Slide|p1a: Gengar
|-damage|p1a: Gengar|0 fnt
|faint|p1a: Gengar
|
|t:|1730267750
|switch|p1a: Forretress|Forretress, F|46/100
|
|-weather|Sandstorm|[upkeep]
|-damage|p2a: Tyranitar|88/100 brn|[from] brn
|-heal|p1a: Forretress|52/100|[from] item: Leftovers
|upkeep
|turn|43
|
|t:|1730267756
|move|p2a: Tyranitar|Rock Slide|p1a: Forretress
|-damage|p1a: Forretress|38/100
|move|p1a: Forretress|Hidden Power|p2a: Tyranitar
|-supereffective|p2a: Tyranitar
|-damage|p2a: Tyranitar|51/100 brn
|
|-weather|Sandstorm|[upkeep]
|-heal|p2a: Tyranitar|58/100 brn|[from] item: Leftovers
|-damage|p2a: Tyranitar|45/100 brn|[from] brn
|-heal|p1a: Forretress|44/100|[from] item: Leftovers
|upkeep
|turn|44
|inactive|xXEricXx has 90 seconds left.
|
|t:|1730267764
|move|p2a: Tyranitar|Rock Slide|p1a: Forretress
|-damage|p1a: Forretress|30/100
|cant|p1a: Forretress|flinch
|
|-weather|Sandstorm|[upkeep]
|-heal|p2a: Tyranitar|51/100 brn|[from] item: Leftovers
|-damage|p2a: Tyranitar|39/100 brn|[from] brn
|-heal|p1a: Forretress|36/100|[from] item: Leftovers
|upkeep
|turn|45
|inactive|xXEricXx has 90 seconds left.
|inactive|LilBigBamSam has 90 seconds left.
|inactive|xXEricXx has 60 seconds left.
|
|t:|1730267815
|move|p2a: Tyranitar|Earthquake|p1a: Forretress
|-damage|p1a: Forretress|23/100
|move|p1a: Forretress|Hidden Power|p2a: Tyranitar
|-supereffective|p2a: Tyranitar
|-damage|p2a: Tyranitar|5/100 brn
|
|-weather|Sandstorm|[upkeep]
|-heal|p2a: Tyranitar|11/100 brn|[from] item: Leftovers
|-damage|p2a: Tyranitar|0 fnt|[from] brn
|faint|p2a: Tyranitar
|-heal|p1a: Forretress|29/100|[from] item: Leftovers
|upkeep
|
|t:|1730267818
|switch|p2a: Starmie|Starmie|44/100
|-damage|p2a: Starmie|32/100|[from] Spikes
|turn|46
|
|t:|1730267826
|move|p2a: Starmie|Surf|p1a: Forretress
|-damage|p1a: Forretress|0 fnt
|faint|p1a: Forretress
|
|win|xXEricXx
|c|☆xXEricXx|gg
|c|☆LilBigBamSam|gg

</script>
<script type="application/json" class="data" id="replaydata-smogtours-gen3ou-803408">
{"id":"smogtours-gen3ou-803408","format":"[Gen 3] OU","players":["LilBigBamSam","xXEricXx"],"uploadtime":1730267826,"views":85,"formatid":"gen3ou","rating":null,"private":0,"password":null}
</script>

<script defer src="js/replays.js?9d40a366"></script>
