<!DOCTYPE html>
<meta charset="utf-8" />
<meta name="viewport" content="width=device-width" />

<title>[Gen 3] OU: rezzo64 vs. Count Sliggoo II - Replays - Pok&eacute;mon Showdown!</title>

<meta name="description" content="Watch a replay of a Pok&eacute;mon battle between rezzo64 and Count Sliggoo II! Format: [Gen 3] OU; Date: Oct 10, 2024" />
<!--

Hey, you! Looking in the source for the replay log?

You can find them in JSON format, just add `.json` at the end of a replay URL.

https://replay.pokemonshowdown.com/gen7randomdoublesbattle-865046831.json

Or, if you only need the log itself, add `.log` instead:

https://replay.pokemonshowdown.com/gen7randomdoublesbattle-865046831.log

-->

<link rel="stylesheet" href="//pokemonshowdown.com/style/global.css?0.767286132409787" />
<link rel="stylesheet" href="//play.pokemonshowdown.com/style/font-awesome.css?0.9266228007934947" />
<link rel="stylesheet" href="//play.pokemonshowdown.com/style/battle.css?0.7924700842790926" />
<link rel="stylesheet" href="//play.pokemonshowdown.com/style/utilichart.css?0.8777417872839479" />

<!-- Global site tag (gtag.js) - Google Analytics -->
<script async src="https://www.googletagmanager.com/gtag/js?id=UA-26211653-1"></script>
<script>
  window.dataLayer = window.dataLayer || [];
  function gtag(){dataLayer.push(arguments);}
  gtag('js', new Date());

  gtag('config', 'UA-26211653-1');
</script>
<!-- End Google Analytics -->
<!-- Venatus Ad Manager - Install in <HEAD> of page -->
	<script src="https://hb.vntsm.com/v3/live/ad-manager.min.js" type="text/javascript" data-site-id="642aba63ec9a7b11c3c9c1be" data-mode="scan" async></script>
<!-- / Venatus Ad Manager -->

<style>
	@media (max-width:820px) {
		.battle {
			margin: 0 auto;
		}
		.battle-log {
			margin: 7px auto 0;
			max-width: 640px;
			height: 300px;
			position: static;
		}
	}
	.optgroup {
		display: inline-block;
		line-height: 22px;
		font-size: 10pt;
	}
	.optgroup .button {
		height: 25px;
		padding-top: 0;
		padding-bottom: 0;
	}
	.optgroup button.button {
		padding-left: 12px;
		padding-right: 12px;
	}
	.linklist {
		list-style: none;
		margin: 0.5em 0;
		padding: 0;
	}
	.linklist li {
		padding: 2px 0;
	}
	.sidebar {
		float: left;
		width: 320px;
	}
	.bar-wrapper {
		max-width: 1100px;
		margin: 0 auto;
	}
	.bar-wrapper.has-sidebar {
		max-width: 1430px;
	}
	.mainbar {
		margin: 0;
		padding-right: 1px;
	}
	.mainbar.has-sidebar {
		margin-left: 330px;
	}
	@media (min-width: 1511px) {
		.sidebar {
			width: 400px;
		}
		.bar-wrapper.has-sidebar {
			max-width: 1510px;
		}
		.mainbar.has-sidebar {
			margin-left: 410px;
		}
	}
	.section.first-section {
		margin-top: 9px;
	}
	.blocklink small {
		white-space: normal;
	}
	.button {
		vertical-align: middle;
	}
	.replay-controls {
		padding-top: 10px;
	}
	.replay-controls h1 {
		font-size: 16pt;
		font-weight: normal;
		color: #CCC;
	}
	.pagelink {
		text-align: center;
	}
	.pagelink a {
		width: 150px;
	}
	.textbox, .button {
		font-size: 11pt;
		vertical-align: middle;
	}
	@media (max-width: 450px) {
		.button {
			font-size: 9pt;
		}
	}
</style>

<div>

	<header>
		<div class="nav-wrapper"><ul class="nav">
			<li><a class="button nav-first" href="//pokemonshowdown.com/"><img src="//pokemonshowdown.com/images/pokemonshowdownbeta.png" srcset="//pokemonshowdown.com/images/pokemonshowdownbeta.png 1x, //pokemonshowdown.com/images/pokemonshowdownbeta@2x.png 2x" alt="Pok&eacute;mon Showdown" width="146" height="44" /> Home</a></li>
			<li><a class="button" href="//pokemonshowdown.com/dex/">Pok&eacute;dex</a></li>
			<li><a class="button cur" href="/">Replays</a></li>
			<li><a class="button" href="//pokemonshowdown.com/ladder/">Ladder</a></li>
			<li><a class="button nav-last" href="//pokemonshowdown.com/forums/">Forum</a></li>
			<li><a class="button greenbutton nav-first nav-last" href="//play.pokemonshowdown.com/">Play</a></li>
		</ul></div>
	</header>

	<div class="main" id="main">

		<noscript><section class="section">You need to enable JavaScript to use this page; sorry!</section></noscript>

	</div>

</div>

<script defer nomodule src="//play.pokemonshowdown.com/js/lib/ps-polyfill.js"></script>
<script defer src="//play.pokemonshowdown.com/js/lib/preact.min.js"></script>

<script defer src="//play.pokemonshowdown.com/config/config.js?6dec07f6"></script>
<script defer src="//play.pokemonshowdown.com/js/lib/jquery-1.11.0.min.js"></script>
<script defer src="//play.pokemonshowdown.com/js/lib/html-sanitizer-minified.js"></script>
<script defer src="//play.pokemonshowdown.com/js/battle-sound.js"></script>
<script defer src="//play.pokemonshowdown.com/js/battledata.js?0.6315294753075389"></script>
<script defer src="//play.pokemonshowdown.com/data/pokedex-mini.js?0.7603743185311358"></script>
<script defer src="//play.pokemonshowdown.com/data/pokedex-mini-bw.js?0.030888842834281283"></script>
<script defer src="//play.pokemonshowdown.com/data/graphics.js?0.05593094747507488"></script>
<script defer src="//play.pokemonshowdown.com/data/pokedex.js?0.47064822249611904"></script>
<script defer src="//play.pokemonshowdown.com/data/moves.js?0.8583693120512459"></script>
<script defer src="//play.pokemonshowdown.com/data/abilities.js?0.16017181182386842"></script>
<script defer src="//play.pokemonshowdown.com/data/items.js?0.4163379185673943"></script>
<script defer src="//play.pokemonshowdown.com/data/teambuilder-tables.js?0.31075597372830477"></script>
<script defer src="//play.pokemonshowdown.com/js/battle-tooltips.js?0.6536193500708172"></script>
<script defer src="//play.pokemonshowdown.com/js/battle.js?0.1916591943277901"></script>

<script defer src="js/utils.js?e31f9a17"></script>
<script defer src="js/replays-battle.js?7008c182"></script>

<!-- don't scrape this data! just add .json or .log after the URL!
Full API docs: https://github.com/smogon/pokemon-showdown-client/blob/master/WEB-API.md -->
<script type="text/plain" class="log" id="replaylog-smogtours-gen3ou-796914">
|inactive|Battle timer is ON: inactive players will automatically lose when time's up.
|t:|1728577590
|gametype|singles
|player|p1|rezzo64|worker|
|player|p2|Count Sliggoo II|266|
|teamsize|p1|6
|teamsize|p2|6
|gen|3
|tier|[Gen 3] OU
|rule|Sleep Clause Mod: Limit one foe put to sleep
|rule|Switch Priority Clause Mod: Faster Pokémon switch first
|rule|Species Clause: Limit one of each Pokémon
|rule|OHKO Clause: OHKO moves are banned
|rule|Evasion Items Clause: Evasion items are banned
|rule|Evasion Moves Clause: Evasion moves are banned
|rule|Endless Battle Clause: Forcing endless battles is banned
|rule|HP Percentage Mod: HP is shown in percentages
|rule|One Boost Passer Clause: Limit one Baton Passer that has a way to boost its stats
|rule|Freeze Clause Mod: Limit one foe frozen
|
|t:|1728577590
|start
|switch|p1a: Blissey|Blissey, F|100/100
|switch|p2a: Boltbeak|Zapdos|100/100
|turn|1
|
|t:|1728577606
|switch|p2a: Despot|Tyranitar, F, shiny|100/100
|-weather|Sandstorm|[from] ability: Sand Stream|[of] p2a: Despot
|move|p1a: Blissey|Seismic Toss|p2a: Despot
|-damage|p2a: Despot|71/100
|
|-weather|Sandstorm|[upkeep]
|-damage|p1a: Blissey|94/100|[from] Sandstorm
|-heal|p1a: Blissey|100/100|[from] item: Leftovers
|upkeep
|turn|2
|inactive|Count Sliggoo II disconnected and has 300 seconds to reconnect!
|player|p2|
|inactive|Count Sliggoo II reconnected and has 280 seconds left.
|player|p2|Count Sliggoo II|266|
|inactive|Count Sliggoo II has 270 seconds left.
|
|t:|1728577666
|switch|p2a: Draco|Salamence, F|100/100
|-ability|p2a: Draco|Intimidate|boost
|-unboost|p1a: Blissey|atk|1
|switch|p1a: Claydol|Claydol|100/100
|
|-weather|Sandstorm|[upkeep]
|-damage|p2a: Draco|94/100|[from] Sandstorm
|-heal|p2a: Draco|100/100|[from] item: Leftovers
|upkeep
|turn|3
|inactive|Count Sliggoo II has 270 seconds left.
|
|t:|1728577684
|switch|p2a: Aurora|Suicune|100/100
|switch|p1a: Milotic|Milotic, M|100/100
|
|-weather|Sandstorm|[upkeep]
|-damage|p2a: Aurora|94/100|[from] Sandstorm
|-damage|p1a: Milotic|94/100|[from] Sandstorm
|-heal|p2a: Aurora|100/100|[from] item: Leftovers
|-heal|p1a: Milotic|100/100|[from] item: Leftovers
|upkeep
|turn|4
|
|t:|1728577690
|switch|p2a: Deadbolt|Magneton|100/100
|move|p1a: Milotic|Toxic|p2a: Deadbolt
|-immune|p2a: Deadbolt
|
|-weather|Sandstorm|[upkeep]
|-damage|p1a: Milotic|94/100|[from] Sandstorm
|-heal|p1a: Milotic|100/100|[from] item: Leftovers
|upkeep
|turn|5
|
|t:|1728577701
|switch|p1a: Blissey|Blissey, F|100/100
|move|p2a: Deadbolt|Toxic|p1a: Blissey|[miss]
|-miss|p2a: Deadbolt|p1a: Blissey
|
|-weather|Sandstorm|[upkeep]
|-damage|p1a: Blissey|94/100|[from] Sandstorm
|-heal|p1a: Blissey|100/100|[from] item: Leftovers
|upkeep
|turn|6
|
|t:|1728577709
|move|p2a: Deadbolt|Protect|p2a: Deadbolt
|-singleturn|p2a: Deadbolt|Protect
|move|p1a: Blissey|Seismic Toss|p2a: Deadbolt
|-activate|p2a: Deadbolt|Protect
|
|-weather|Sandstorm|[upkeep]
|-damage|p1a: Blissey|94/100|[from] Sandstorm
|-heal|p1a: Blissey|100/100|[from] item: Leftovers
|upkeep
|turn|7
|
|t:|1728577718
|switch|p2a: Despot|Tyranitar, F, shiny|71/100
|move|p1a: Blissey|Seismic Toss|p2a: Despot
|-damage|p2a: Despot|42/100
|
|-weather|Sandstorm|[upkeep]
|-damage|p1a: Blissey|94/100|[from] Sandstorm
|-heal|p1a: Blissey|100/100|[from] item: Leftovers
|upkeep
|turn|8
|inactive|Count Sliggoo II disconnected and has 275 seconds to reconnect!
|player|p2|
|inactive|rezzo64 has 270 seconds left.
|inactive|Count Sliggoo II reconnected.
|player|p2|Count Sliggoo II|266|
|inactive|rezzo64 has 240 seconds left.
|
|t:|1728577786
|switch|p1a: Claydol|Claydol|100/100
|move|p2a: Despot|Brick Break|p1a: Claydol
|-resisted|p1a: Claydol
|-damage|p1a: Claydol|83/100
|
|-weather|Sandstorm|[upkeep]
|-heal|p1a: Claydol|89/100|[from] item: Leftovers
|upkeep
|turn|9
|inactive|rezzo64 has 240 seconds left.
|
|t:|1728577798
|switch|p2a: Boltbeak|Zapdos|100/100
|switch|p1a: Milotic|Milotic, M|100/100
|
|-weather|Sandstorm|[upkeep]
|-damage|p2a: Boltbeak|94/100|[from] Sandstorm
|-damage|p1a: Milotic|94/100|[from] Sandstorm
|-heal|p2a: Boltbeak|100/100|[from] item: Leftovers
|-heal|p1a: Milotic|100/100|[from] item: Leftovers
|upkeep
|turn|10
|inactive|rezzo64 has 240 seconds left.
|
|t:|1728577814
|switch|p1a: Blissey|Blissey, F|100/100
|move|p2a: Boltbeak|Thunderbolt|p1a: Blissey
|-damage|p1a: Blissey|81/100
|-status|p1a: Blissey|par
|
|-weather|Sandstorm|[upkeep]
|-damage|p2a: Boltbeak|94/100|[from] Sandstorm
|-damage|p1a: Blissey|74/100 par|[from] Sandstorm
|-heal|p2a: Boltbeak|100/100|[from] item: Leftovers
|-heal|p1a: Blissey|81/100 par|[from] item: Leftovers
|upkeep
|turn|11
|inactive|rezzo64 has 240 seconds left.
|
|t:|1728577831
|switch|p2a: Aurora|Suicune|100/100
|move|p1a: Blissey|Ice Beam|p2a: Aurora
|-resisted|p2a: Aurora
|-damage|p2a: Aurora|92/100
|-status|p2a: Aurora|frz
|
|-weather|Sandstorm|[upkeep]
|-damage|p2a: Aurora|86/100 frz|[from] Sandstorm
|-damage|p1a: Blissey|74/100 par|[from] Sandstorm
|-heal|p2a: Aurora|92/100 frz|[from] item: Leftovers
|-heal|p1a: Blissey|81/100 par|[from] item: Leftovers
|upkeep
|turn|12
|inactive|rezzo64 has 240 seconds left.
|
|t:|1728577851
|switch|p2a: Gigaton|Metagross, shiny|100/100
|-curestatus|p1a: Blissey|par|[from] ability: Natural Cure
|switch|p1a: Milotic|Milotic, M|100/100
|
|-weather|Sandstorm|[upkeep]
|-damage|p1a: Milotic|94/100|[from] Sandstorm
|-heal|p1a: Milotic|100/100|[from] item: Leftovers
|upkeep
|turn|13
|inactive|rezzo64 has 240 seconds left.
|
|t:|1728577869
|switch|p1a: Skarmory|Skarmory, F|100/100
|switch|p2a: Aurora|Suicune|92/100 frz
|
|-weather|Sandstorm|[upkeep]
|-damage|p2a: Aurora|86/100 frz|[from] Sandstorm
|-heal|p2a: Aurora|92/100 frz|[from] item: Leftovers
|upkeep
|turn|14
|
|t:|1728577875
|switch|p2a: Deadbolt|Magneton|100/100
|move|p1a: Skarmory|Spikes|p2a: Deadbolt
|-sidestart|p2: Count Sliggoo II|Spikes
|
|-weather|Sandstorm|[upkeep]
|upkeep
|turn|15
|
|t:|1728577878
|move|p2a: Deadbolt|Thunderbolt|p1a: Skarmory
|-supereffective|p1a: Skarmory
|-damage|p1a: Skarmory|0 fnt
|faint|p1a: Skarmory
|inactive|rezzo64 has 240 seconds left.
|
|t:|1728577892
|switch|p1a: Dugtrio|Dugtrio, F|100/100
|
|-weather|Sandstorm|[upkeep]
|upkeep
|turn|16
|
|t:|1728577893
|move|p1a: Dugtrio|Earthquake|p2a: Deadbolt
|-supereffective|p2a: Deadbolt
|-damage|p2a: Deadbolt|0 fnt
|faint|p2a: Deadbolt
|
|t:|1728577908
|switch|p2a: Boltbeak|Zapdos|100/100
|
|-weather|Sandstorm|[upkeep]
|-damage|p2a: Boltbeak|94/100|[from] Sandstorm
|-heal|p2a: Boltbeak|100/100|[from] item: Leftovers
|upkeep
|turn|17
|
|t:|1728577916
|switch|p1a: Blissey|Blissey, F|81/100
|move|p2a: Boltbeak|Toxic|p1a: Blissey
|-status|p1a: Blissey|tox
|
|-weather|Sandstorm|[upkeep]
|-damage|p2a: Boltbeak|94/100|[from] Sandstorm
|-damage|p1a: Blissey|74/100 tox|[from] Sandstorm
|-heal|p2a: Boltbeak|100/100|[from] item: Leftovers
|-heal|p1a: Blissey|81/100 tox|[from] item: Leftovers
|-damage|p1a: Blissey|74/100 tox|[from] psn
|upkeep
|turn|18
|
|t:|1728577936
|-curestatus|p1a: Blissey|tox|[from] ability: Natural Cure
|switch|p1a: Claydol|Claydol|89/100
|move|p2a: Boltbeak|Protect||[still]
|-fail|p2a: Boltbeak
|
|-weather|Sandstorm|[upkeep]
|-damage|p2a: Boltbeak|94/100|[from] Sandstorm
|-heal|p2a: Boltbeak|100/100|[from] item: Leftovers
|-heal|p1a: Claydol|95/100|[from] item: Leftovers
|upkeep
|turn|19
|
|t:|1728577947
|switch|p1a: Blissey|Blissey, F|74/100
|move|p2a: Boltbeak|Toxic|p1a: Blissey
|-status|p1a: Blissey|tox
|
|-weather|Sandstorm|[upkeep]
|-damage|p2a: Boltbeak|94/100|[from] Sandstorm
|-damage|p1a: Blissey|68/100 tox|[from] Sandstorm
|-heal|p2a: Boltbeak|100/100|[from] item: Leftovers
|-heal|p1a: Blissey|74/100 tox|[from] item: Leftovers
|-damage|p1a: Blissey|68/100 tox|[from] psn
|upkeep
|turn|20
|
|t:|1728577954
|move|p2a: Boltbeak|Toxic|p1a: Blissey|[miss]
|-miss|p2a: Boltbeak|p1a: Blissey
|move|p1a: Blissey|Soft-Boiled|p1a: Blissey
|-heal|p1a: Blissey|100/100 tox
|
|-weather|Sandstorm|[upkeep]
|-damage|p2a: Boltbeak|94/100|[from] Sandstorm
|-damage|p1a: Blissey|94/100 tox|[from] Sandstorm
|-heal|p2a: Boltbeak|100/100|[from] item: Leftovers
|-heal|p1a: Blissey|100/100 tox|[from] item: Leftovers
|-damage|p1a: Blissey|88/100 tox|[from] psn
|upkeep
|turn|21
|
|t:|1728577958
|-curestatus|p1a: Blissey|tox|[from] ability: Natural Cure
|switch|p1a: Claydol|Claydol|95/100
|move|p2a: Boltbeak|Hidden Power|p1a: Claydol
|-supereffective|p1a: Claydol
|-damage|p1a: Claydol|50/100
|
|-weather|Sandstorm|[upkeep]
|-damage|p2a: Boltbeak|94/100|[from] Sandstorm
|-heal|p2a: Boltbeak|100/100|[from] item: Leftovers
|-heal|p1a: Claydol|56/100|[from] item: Leftovers
|upkeep
|turn|22
|
|t:|1728577964
|switch|p1a: Blissey|Blissey, F|88/100
|move|p2a: Boltbeak|Protect||[still]
|-fail|p2a: Boltbeak
|
|-weather|Sandstorm|[upkeep]
|-damage|p2a: Boltbeak|94/100|[from] Sandstorm
|-damage|p1a: Blissey|82/100|[from] Sandstorm
|-heal|p2a: Boltbeak|100/100|[from] item: Leftovers
|-heal|p1a: Blissey|88/100|[from] item: Leftovers
|upkeep
|turn|23
|
|t:|1728577969
|move|p2a: Boltbeak|Toxic|p1a: Blissey|[miss]
|-miss|p2a: Boltbeak|p1a: Blissey
|move|p1a: Blissey|Seismic Toss|p2a: Boltbeak
|-damage|p2a: Boltbeak|69/100
|
|-weather|Sandstorm|[upkeep]
|-damage|p2a: Boltbeak|63/100|[from] Sandstorm
|-damage|p1a: Blissey|82/100|[from] Sandstorm
|-heal|p2a: Boltbeak|69/100|[from] item: Leftovers
|-heal|p1a: Blissey|88/100|[from] item: Leftovers
|upkeep
|turn|24
|
|t:|1728577982
|switch|p2a: Gigaton|Metagross, shiny|100/100
|-damage|p2a: Gigaton|88/100|[from] Spikes
|move|p1a: Blissey|Seismic Toss|p2a: Gigaton
|-damage|p2a: Gigaton|59/100
|
|-weather|Sandstorm|[upkeep]
|-damage|p1a: Blissey|82/100|[from] Sandstorm
|-heal|p2a: Gigaton|65/100|[from] item: Leftovers
|-heal|p1a: Blissey|88/100|[from] item: Leftovers
|upkeep
|turn|25
|inactive|rezzo64 has 270 seconds left.
|inactive|rezzo64 has 240 seconds left.
|
|t:|1728578049
|switch|p2a: Boltbeak|Zapdos|69/100
|switch|p1a: Milotic|Milotic, M|100/100
|
|-weather|Sandstorm|[upkeep]
|-damage|p2a: Boltbeak|63/100|[from] Sandstorm
|-damage|p1a: Milotic|94/100|[from] Sandstorm
|-heal|p2a: Boltbeak|69/100|[from] item: Leftovers
|-heal|p1a: Milotic|100/100|[from] item: Leftovers
|upkeep
|turn|26
|
|t:|1728578054
|switch|p1a: Blissey|Blissey, F|88/100
|move|p2a: Boltbeak|Thunderbolt|p1a: Blissey
|-crit|p1a: Blissey
|-damage|p1a: Blissey|49/100
|
|-weather|Sandstorm|[upkeep]
|-damage|p2a: Boltbeak|63/100|[from] Sandstorm
|-damage|p1a: Blissey|43/100|[from] Sandstorm
|-heal|p2a: Boltbeak|69/100|[from] item: Leftovers
|-heal|p1a: Blissey|49/100|[from] item: Leftovers
|upkeep
|turn|27
|
|t:|1728578060
|move|p2a: Boltbeak|Toxic|p1a: Blissey
|-status|p1a: Blissey|tox
|move|p1a: Blissey|Soft-Boiled|p1a: Blissey
|-heal|p1a: Blissey|99/100 tox
|
|-weather|Sandstorm|[upkeep]
|-damage|p2a: Boltbeak|63/100|[from] Sandstorm
|-damage|p1a: Blissey|93/100 tox|[from] Sandstorm
|-heal|p2a: Boltbeak|69/100|[from] item: Leftovers
|-heal|p1a: Blissey|99/100 tox|[from] item: Leftovers
|-damage|p1a: Blissey|93/100 tox|[from] psn
|upkeep
|turn|28
|
|t:|1728578065
|move|p2a: Boltbeak|Hidden Power|p1a: Blissey
|-damage|p1a: Blissey|84/100 tox
|move|p1a: Blissey|Ice Beam|p2a: Boltbeak
|-supereffective|p2a: Boltbeak
|-damage|p2a: Boltbeak|12/100
|
|-weather|Sandstorm|[upkeep]
|-damage|p2a: Boltbeak|6/100|[from] Sandstorm
|-damage|p1a: Blissey|78/100 tox|[from] Sandstorm
|-heal|p2a: Boltbeak|12/100|[from] item: Leftovers
|-heal|p1a: Blissey|84/100 tox|[from] item: Leftovers
|-damage|p1a: Blissey|71/100 tox|[from] psn
|upkeep
|turn|29
|
|t:|1728578106
|move|p2a: Boltbeak|Protect|p2a: Boltbeak
|-singleturn|p2a: Boltbeak|Protect
|move|p1a: Blissey|Aromatherapy|p1a: Blissey
|-cureteam|p1a: Blissey|[from] move: Aromatherapy
|
|-weather|Sandstorm|[upkeep]
|-damage|p2a: Boltbeak|6/100|[from] Sandstorm
|-damage|p1a: Blissey|65/100|[from] Sandstorm
|-heal|p2a: Boltbeak|12/100|[from] item: Leftovers
|-heal|p1a: Blissey|71/100|[from] item: Leftovers
|upkeep
|turn|30
|
|t:|1728578116
|switch|p2a: Aurora|Suicune|92/100 frz
|-damage|p2a: Aurora|79/100 frz|[from] Spikes
|move|p1a: Blissey|Seismic Toss|p2a: Aurora
|-damage|p2a: Aurora|55/100 frz
|
|-weather|Sandstorm|[upkeep]
|-damage|p2a: Aurora|48/100 frz|[from] Sandstorm
|-damage|p1a: Blissey|65/100|[from] Sandstorm
|-heal|p2a: Aurora|55/100 frz|[from] item: Leftovers
|-heal|p1a: Blissey|71/100|[from] item: Leftovers
|upkeep
|turn|31
|
|t:|1728578135
|switch|p1a: Lapras|Lapras, F|100/100
|cant|p2a: Aurora|frz
|
|-weather|Sandstorm|[upkeep]
|-damage|p2a: Aurora|48/100 frz|[from] Sandstorm
|-damage|p1a: Lapras|94/100|[from] Sandstorm
|-heal|p2a: Aurora|55/100 frz|[from] item: Leftovers
|-heal|p1a: Lapras|100/100|[from] item: Leftovers
|upkeep
|turn|32
|
|t:|1728578152
|switch|p2a: Gigaton|Metagross, shiny|65/100
|-damage|p2a: Gigaton|53/100|[from] Spikes
|move|p1a: Lapras|Roar|p2a: Gigaton
|drag|p2a: Draco|Salamence, F|100/100
|-ability|p2a: Draco|Intimidate|boost
|-unboost|p1a: Lapras|atk|1
|
|-weather|Sandstorm|[upkeep]
|-damage|p2a: Draco|94/100|[from] Sandstorm
|-damage|p1a: Lapras|94/100|[from] Sandstorm
|-heal|p2a: Draco|100/100|[from] item: Leftovers
|-heal|p1a: Lapras|100/100|[from] item: Leftovers
|upkeep
|turn|33
|inactive|Count Sliggoo II has 270 seconds left.
|
|t:|1728578177
|switch|p2a: Aurora|Suicune|55/100 frz
|-damage|p2a: Aurora|42/100 frz|[from] Spikes
|move|p1a: Lapras|Ice Beam|p2a: Aurora
|-resisted|p2a: Aurora
|-damage|p2a: Aurora|32/100 frz
|
|-weather|Sandstorm|[upkeep]
|-damage|p2a: Aurora|25/100 frz|[from] Sandstorm
|-damage|p1a: Lapras|94/100|[from] Sandstorm
|-heal|p2a: Aurora|32/100 frz|[from] item: Leftovers
|-heal|p1a: Lapras|100/100|[from] item: Leftovers
|upkeep
|turn|34
|
|t:|1728578195
|cant|p2a: Aurora|frz
|move|p1a: Lapras|Roar|p2a: Aurora
|drag|p2a: Gigaton|Metagross, shiny|53/100
|-damage|p2a: Gigaton|41/100|[from] Spikes
|
|-weather|Sandstorm|[upkeep]
|-damage|p1a: Lapras|94/100|[from] Sandstorm
|-heal|p2a: Gigaton|47/100|[from] item: Leftovers
|-heal|p1a: Lapras|100/100|[from] item: Leftovers
|upkeep
|turn|35
|
|t:|1728578208
|switch|p1a: Milotic|Milotic, M|100/100
|move|p2a: Gigaton|Meteor Mash|p1a: Milotic
|-resisted|p1a: Milotic
|-damage|p1a: Milotic|79/100
|-boost|p2a: Gigaton|atk|1
|
|-weather|Sandstorm|[upkeep]
|-damage|p1a: Milotic|73/100|[from] Sandstorm
|-heal|p1a: Milotic|79/100|[from] item: Leftovers
|-heal|p2a: Gigaton|53/100|[from] item: Leftovers
|upkeep
|turn|36
|inactive|Count Sliggoo II has 270 seconds left.
|inactive|Count Sliggoo II has 240 seconds left.
|
|t:|1728578254
|move|p1a: Milotic|Surf|p2a: Gigaton
|-damage|p2a: Gigaton|18/100
|move|p2a: Gigaton|Agility|p2a: Gigaton
|-boost|p2a: Gigaton|spe|2
|
|-weather|Sandstorm|[upkeep]
|-damage|p1a: Milotic|73/100|[from] Sandstorm
|-heal|p2a: Gigaton|24/100|[from] item: Leftovers
|-heal|p1a: Milotic|79/100|[from] item: Leftovers
|upkeep
|turn|37
|
|t:|1728578261
|move|p2a: Gigaton|Rock Slide|p1a: Milotic
|-damage|p1a: Milotic|46/100
|move|p1a: Milotic|Surf|p2a: Gigaton
|-damage|p2a: Gigaton|0 fnt
|faint|p2a: Gigaton
|
|t:|1728578265
|switch|p2a: Draco|Salamence, F|100/100
|-ability|p2a: Draco|Intimidate|boost
|-unboost|p1a: Milotic|atk|1
|
|-weather|Sandstorm|[upkeep]
|-damage|p2a: Draco|94/100|[from] Sandstorm
|-damage|p1a: Milotic|40/100|[from] Sandstorm
|-heal|p2a: Draco|100/100|[from] item: Leftovers
|-heal|p1a: Milotic|46/100|[from] item: Leftovers
|upkeep
|turn|38
|inactive|rezzo64 has 270 seconds left.
|
|t:|1728578279
|switch|p1a: Lapras|Lapras, F|100/100
|move|p2a: Draco|Hidden Power|p1a: Lapras
|-supereffective|p1a: Lapras
|-damage|p1a: Lapras|72/100
|
|-weather|Sandstorm|[upkeep]
|-damage|p2a: Draco|94/100|[from] Sandstorm
|-damage|p1a: Lapras|66/100|[from] Sandstorm
|-heal|p2a: Draco|100/100|[from] item: Leftovers
|-heal|p1a: Lapras|72/100|[from] item: Leftovers
|upkeep
|turn|39
|inactive|Count Sliggoo II has 270 seconds left.
|
|t:|1728578287
|switch|p2a: Aurora|Suicune|32/100 frz
|-damage|p2a: Aurora|19/100 frz|[from] Spikes
|move|p1a: Lapras|Ice Beam|p2a: Aurora
|-resisted|p2a: Aurora
|-damage|p2a: Aurora|9/100 frz
|
|-weather|Sandstorm|[upkeep]
|-damage|p2a: Aurora|3/100 frz|[from] Sandstorm
|-damage|p1a: Lapras|66/100|[from] Sandstorm
|-heal|p2a: Aurora|9/100 frz|[from] item: Leftovers
|-heal|p1a: Lapras|72/100|[from] item: Leftovers
|upkeep
|turn|40
|
|t:|1728578298
|switch|p1a: Dugtrio|Dugtrio, F|100/100
|-curestatus|p2a: Aurora|frz|[msg]
|move|p2a: Aurora|Rest|p2a: Aurora
|-status|p2a: Aurora|slp|[from] move: Rest
|-heal|p2a: Aurora|100/100 slp|[silent]
|
|-weather|Sandstorm|[upkeep]
|-damage|p2a: Aurora|94/100 slp|[from] Sandstorm
|-heal|p2a: Aurora|100/100 slp|[from] item: Leftovers
|upkeep
|turn|41
|
|t:|1728578303
|move|p1a: Dugtrio|Earthquake|p2a: Aurora
|-damage|p2a: Aurora|69/100 slp
|cant|p2a: Aurora|slp
|
|-weather|Sandstorm|[upkeep]
|-damage|p2a: Aurora|63/100 slp|[from] Sandstorm
|-heal|p2a: Aurora|69/100 slp|[from] item: Leftovers
|upkeep
|turn|42
|
|t:|1728578305
|move|p1a: Dugtrio|Earthquake|p2a: Aurora
|-damage|p2a: Aurora|36/100 slp
|cant|p2a: Aurora|slp
|
|-weather|Sandstorm|[upkeep]
|-damage|p2a: Aurora|30/100 slp|[from] Sandstorm
|-heal|p2a: Aurora|36/100 slp|[from] item: Leftovers
|upkeep
|turn|43
|
|t:|1728578307
|move|p1a: Dugtrio|Earthquake|p2a: Aurora
|-damage|p2a: Aurora|1/100 slp
|-curestatus|p2a: Aurora|slp|[msg]
|move|p2a: Aurora|Rest|p2a: Aurora
|-status|p2a: Aurora|slp|[from] move: Rest
|-heal|p2a: Aurora|100/100 slp|[silent]
|
|-weather|Sandstorm|[upkeep]
|-damage|p2a: Aurora|94/100 slp|[from] Sandstorm
|-heal|p2a: Aurora|100/100 slp|[from] item: Leftovers
|upkeep
|turn|44
|
|t:|1728578310
|move|p1a: Dugtrio|Earthquake|p2a: Aurora
|-damage|p2a: Aurora|67/100 slp
|cant|p2a: Aurora|slp
|
|-weather|Sandstorm|[upkeep]
|-damage|p2a: Aurora|61/100 slp|[from] Sandstorm
|-heal|p2a: Aurora|67/100 slp|[from] item: Leftovers
|upkeep
|turn|45
|
|t:|1728578312
|move|p1a: Dugtrio|Earthquake|p2a: Aurora
|-damage|p2a: Aurora|33/100 slp
|cant|p2a: Aurora|slp
|
|-weather|Sandstorm|[upkeep]
|-damage|p2a: Aurora|26/100 slp|[from] Sandstorm
|-heal|p2a: Aurora|33/100 slp|[from] item: Leftovers
|upkeep
|turn|46
|
|t:|1728578319
|move|p1a: Dugtrio|Earthquake|p2a: Aurora
|-damage|p2a: Aurora|1/100 slp
|-curestatus|p2a: Aurora|slp|[msg]
|move|p2a: Aurora|Rest|p2a: Aurora
|-status|p2a: Aurora|slp|[from] move: Rest
|-heal|p2a: Aurora|100/100 slp|[silent]
|
|-weather|Sandstorm|[upkeep]
|-damage|p2a: Aurora|94/100 slp|[from] Sandstorm
|-heal|p2a: Aurora|100/100 slp|[from] item: Leftovers
|upkeep
|turn|47
|
|t:|1728578335
|switch|p1a: Milotic|Milotic, M|46/100
|cant|p2a: Aurora|slp
|
|-weather|Sandstorm|[upkeep]
|-damage|p2a: Aurora|94/100 slp|[from] Sandstorm
|-damage|p1a: Milotic|40/100|[from] Sandstorm
|-heal|p2a: Aurora|100/100 slp|[from] item: Leftovers
|-heal|p1a: Milotic|46/100|[from] item: Leftovers
|upkeep
|turn|48
|
|t:|1728578338
|cant|p2a: Aurora|slp
|move|p1a: Milotic|Recover|p1a: Milotic
|-heal|p1a: Milotic|96/100
|
|-weather|Sandstorm|[upkeep]
|-damage|p2a: Aurora|94/100 slp|[from] Sandstorm
|-damage|p1a: Milotic|90/100|[from] Sandstorm
|-heal|p2a: Aurora|100/100 slp|[from] item: Leftovers
|-heal|p1a: Milotic|96/100|[from] item: Leftovers
|upkeep
|turn|49
|
|t:|1728578342
|switch|p1a: Lapras|Lapras, F|72/100
|-curestatus|p2a: Aurora|slp|[msg]
|move|p2a: Aurora|Calm Mind|p2a: Aurora
|-boost|p2a: Aurora|spa|1
|-boost|p2a: Aurora|spd|1
|
|-weather|Sandstorm|[upkeep]
|-damage|p2a: Aurora|94/100|[from] Sandstorm
|-damage|p1a: Lapras|66/100|[from] Sandstorm
|-heal|p2a: Aurora|100/100|[from] item: Leftovers
|-heal|p1a: Lapras|72/100|[from] item: Leftovers
|upkeep
|turn|50
|
|t:|1728578347
|move|p2a: Aurora|Roar|p1a: Lapras
|drag|p1a: Claydol|Claydol|56/100
|
|-weather|Sandstorm|[upkeep]
|-damage|p2a: Aurora|94/100|[from] Sandstorm
|-heal|p2a: Aurora|100/100|[from] item: Leftovers
|-heal|p1a: Claydol|62/100|[from] item: Leftovers
|upkeep
|turn|51
|
|t:|1728578352
|switch|p1a: Lapras|Lapras, F|72/100
|move|p2a: Aurora|Surf|p1a: Lapras
|-heal|p1a: Lapras|97/100|[from] ability: Water Absorb|[of] p2a: Aurora
|
|-weather|Sandstorm|[upkeep]
|-damage|p2a: Aurora|94/100|[from] Sandstorm
|-damage|p1a: Lapras|91/100|[from] Sandstorm
|-heal|p2a: Aurora|100/100|[from] item: Leftovers
|-heal|p1a: Lapras|97/100|[from] item: Leftovers
|upkeep
|turn|52
|
|t:|1728578357
|move|p2a: Aurora|Roar|p1a: Lapras
|drag|p1a: Claydol|Claydol|62/100
|
|-weather|Sandstorm|[upkeep]
|-damage|p2a: Aurora|94/100|[from] Sandstorm
|-heal|p2a: Aurora|100/100|[from] item: Leftovers
|-heal|p1a: Claydol|68/100|[from] item: Leftovers
|upkeep
|turn|53
|
|t:|1728578367
|switch|p2a: Despot|Tyranitar, F, shiny|42/100
|-damage|p2a: Despot|30/100|[from] Spikes
|switch|p1a: Lapras|Lapras, F|97/100
|
|-weather|Sandstorm|[upkeep]
|-damage|p1a: Lapras|91/100|[from] Sandstorm
|-heal|p1a: Lapras|97/100|[from] item: Leftovers
|upkeep
|turn|54
|
|t:|1728578381
|switch|p1a: Claydol|Claydol|68/100
|move|p2a: Despot|Rock Slide|p1a: Claydol
|-resisted|p1a: Claydol
|-damage|p1a: Claydol|40/100
|
|-weather|Sandstorm|[upkeep]
|-heal|p1a: Claydol|46/100|[from] item: Leftovers
|upkeep
|turn|55
|
|t:|1728578395
|move|p2a: Despot|Rock Slide|p1a: Claydol
|-resisted|p1a: Claydol
|-damage|p1a: Claydol|16/100
|cant|p1a: Claydol|flinch
|
|-weather|Sandstorm|[upkeep]
|-heal|p1a: Claydol|22/100|[from] item: Leftovers
|upkeep
|turn|56
|
|t:|1728578400
|move|p2a: Despot|Rock Slide|p1a: Claydol
|-resisted|p1a: Claydol
|-crit|p1a: Claydol
|-damage|p1a: Claydol|0 fnt
|faint|p1a: Claydol
|
|t:|1728578402
|switch|p1a: Dugtrio|Dugtrio, F|100/100
|
|-weather|Sandstorm|[upkeep]
|upkeep
|turn|57
|
|t:|1728578406
|move|p1a: Dugtrio|Earthquake|p2a: Despot
|-supereffective|p2a: Despot
|-damage|p2a: Despot|0 fnt
|faint|p2a: Despot
|
|t:|1728578413
|switch|p2a: Boltbeak|Zapdos|12/100
|
|-weather|Sandstorm|[upkeep]
|-damage|p2a: Boltbeak|6/100|[from] Sandstorm
|-heal|p2a: Boltbeak|12/100|[from] item: Leftovers
|upkeep
|turn|58
|
|t:|1728578421
|move|p1a: Dugtrio|Earthquake|p2a: Boltbeak
|-immune|p2a: Boltbeak
|move|p2a: Boltbeak|Toxic|p1a: Dugtrio
|-status|p1a: Dugtrio|tox
|
|-weather|Sandstorm|[upkeep]
|-damage|p2a: Boltbeak|6/100|[from] Sandstorm
|-damage|p1a: Dugtrio|94/100 tox|[from] psn
|-heal|p2a: Boltbeak|12/100|[from] item: Leftovers
|upkeep
|turn|59
|
|t:|1728578427
|move|p1a: Dugtrio|Struggle|p2a: Boltbeak
|-damage|p2a: Boltbeak|0 fnt
|-damage|p1a: Dugtrio|90/100 tox|[from] Recoil|[of] p2a: Boltbeak
|faint|p2a: Boltbeak
|
|t:|1728578443
|switch|p2a: Draco|Salamence, F|100/100
|-ability|p2a: Draco|Intimidate|boost
|-unboost|p1a: Dugtrio|atk|1
|
|-weather|Sandstorm|[upkeep]
|-damage|p2a: Draco|94/100|[from] Sandstorm
|-damage|p1a: Dugtrio|78/100 tox|[from] psn
|-heal|p2a: Draco|100/100|[from] item: Leftovers
|upkeep
|turn|60
|
|t:|1728578449
|move|p1a: Dugtrio|Struggle|p2a: Draco
|-crit|p2a: Draco
|-damage|p2a: Draco|58/100
|-damage|p1a: Dugtrio|61/100 tox|[from] Recoil|[of] p2a: Draco
|move|p2a: Draco|Hidden Power|p1a: Dugtrio
|-supereffective|p1a: Dugtrio
|-damage|p1a: Dugtrio|0 fnt
|faint|p1a: Dugtrio
|inactive|rezzo64 has 270 seconds left.
|
|t:|1728578487
|switch|p1a: Blissey|Blissey, F|71/100
|
|-weather|Sandstorm|[upkeep]
|-damage|p2a: Draco|52/100|[from] Sandstorm
|-damage|p1a: Blissey|65/100|[from] Sandstorm
|-heal|p2a: Draco|58/100|[from] item: Leftovers
|-heal|p1a: Blissey|71/100|[from] item: Leftovers
|upkeep
|turn|61
|
|t:|1728578491
|switch|p2a: Aurora|Suicune|100/100
|-damage|p2a: Aurora|88/100|[from] Spikes
|move|p1a: Blissey|Ice Beam|p2a: Aurora
|-resisted|p2a: Aurora
|-damage|p2a: Aurora|80/100
|
|-weather|Sandstorm|[upkeep]
|-damage|p2a: Aurora|74/100|[from] Sandstorm
|-damage|p1a: Blissey|65/100|[from] Sandstorm
|-heal|p2a: Aurora|80/100|[from] item: Leftovers
|-heal|p1a: Blissey|71/100|[from] item: Leftovers
|upkeep
|turn|62
|
|t:|1728578495
|move|p2a: Aurora|Calm Mind|p2a: Aurora
|-boost|p2a: Aurora|spa|1
|-boost|p2a: Aurora|spd|1
|move|p1a: Blissey|Soft-Boiled|p1a: Blissey
|-heal|p1a: Blissey|100/100
|
|-weather|Sandstorm|[upkeep]
|-damage|p2a: Aurora|74/100|[from] Sandstorm
|-damage|p1a: Blissey|94/100|[from] Sandstorm
|-heal|p2a: Aurora|80/100|[from] item: Leftovers
|-heal|p1a: Blissey|100/100|[from] item: Leftovers
|upkeep
|turn|63
|
|t:|1728578502
|switch|p1a: Lapras|Lapras, F|97/100
|move|p2a: Aurora|Rest|p2a: Aurora
|-status|p2a: Aurora|slp|[from] move: Rest
|-heal|p2a: Aurora|100/100 slp|[silent]
|
|-weather|Sandstorm|[upkeep]
|-damage|p2a: Aurora|94/100 slp|[from] Sandstorm
|-damage|p1a: Lapras|91/100|[from] Sandstorm
|-heal|p2a: Aurora|100/100 slp|[from] item: Leftovers
|-heal|p1a: Lapras|97/100|[from] item: Leftovers
|upkeep
|turn|64
|
|t:|1728578517
|switch|p1a: Blissey|Blissey, F|100/100
|cant|p2a: Aurora|slp
|
|-weather|Sandstorm|[upkeep]
|-damage|p2a: Aurora|94/100 slp|[from] Sandstorm
|-damage|p1a: Blissey|94/100|[from] Sandstorm
|-heal|p2a: Aurora|100/100 slp|[from] item: Leftovers
|-heal|p1a: Blissey|100/100|[from] item: Leftovers
|upkeep
|turn|65
|
|t:|1728578520
|switch|p1a: Lapras|Lapras, F|97/100
|cant|p2a: Aurora|slp
|
|-weather|Sandstorm|[upkeep]
|-damage|p2a: Aurora|94/100 slp|[from] Sandstorm
|-damage|p1a: Lapras|91/100|[from] Sandstorm
|-heal|p2a: Aurora|100/100 slp|[from] item: Leftovers
|-heal|p1a: Lapras|97/100|[from] item: Leftovers
|upkeep
|turn|66
|
|t:|1728578535
|-curestatus|p2a: Aurora|slp|[msg]
|move|p2a: Aurora|Surf|p1a: Lapras
|-heal|p1a: Lapras|100/100|[from] ability: Water Absorb|[of] p2a: Aurora
|move|p1a: Lapras|Roar|p2a: Aurora
|drag|p2a: Draco|Salamence, F|58/100
|-ability|p2a: Draco|Intimidate|boost
|-unboost|p1a: Lapras|atk|1
|
|-weather|Sandstorm|[upkeep]
|-damage|p2a: Draco|52/100|[from] Sandstorm
|-damage|p1a: Lapras|94/100|[from] Sandstorm
|-heal|p2a: Draco|58/100|[from] item: Leftovers
|-heal|p1a: Lapras|100/100|[from] item: Leftovers
|upkeep
|turn|67
|
|t:|1728578555
|switch|p2a: Aurora|Suicune|100/100
|-damage|p2a: Aurora|88/100|[from] Spikes
|move|p1a: Lapras|Ice Beam|p2a: Aurora
|-resisted|p2a: Aurora
|-damage|p2a: Aurora|77/100
|-status|p2a: Aurora|frz
|
|-weather|Sandstorm|[upkeep]
|-damage|p2a: Aurora|71/100 frz|[from] Sandstorm
|-damage|p1a: Lapras|94/100|[from] Sandstorm
|-heal|p2a: Aurora|77/100 frz|[from] item: Leftovers
|-heal|p1a: Lapras|100/100|[from] item: Leftovers
|upkeep
|turn|68
|
|t:|1728578584
|switch|p1a: Blissey|Blissey, F|100/100
|cant|p2a: Aurora|frz
|
|-weather|Sandstorm|[upkeep]
|-damage|p2a: Aurora|71/100 frz|[from] Sandstorm
|-damage|p1a: Blissey|94/100|[from] Sandstorm
|-heal|p2a: Aurora|77/100 frz|[from] item: Leftovers
|-heal|p1a: Blissey|100/100|[from] item: Leftovers
|upkeep
|turn|69
|
|t:|1728578587
|cant|p2a: Aurora|frz
|move|p1a: Blissey|Seismic Toss|p2a: Aurora
|-damage|p2a: Aurora|53/100 frz
|
|-weather|Sandstorm|[upkeep]
|-damage|p2a: Aurora|46/100 frz|[from] Sandstorm
|-damage|p1a: Blissey|94/100|[from] Sandstorm
|-heal|p2a: Aurora|53/100 frz|[from] item: Leftovers
|-heal|p1a: Blissey|100/100|[from] item: Leftovers
|upkeep
|turn|70
|
|t:|1728578590
|cant|p2a: Aurora|frz
|move|p1a: Blissey|Seismic Toss|p2a: Aurora
|-damage|p2a: Aurora|28/100 frz
|
|-weather|Sandstorm|[upkeep]
|-damage|p2a: Aurora|22/100 frz|[from] Sandstorm
|-damage|p1a: Blissey|94/100|[from] Sandstorm
|-heal|p2a: Aurora|28/100 frz|[from] item: Leftovers
|-heal|p1a: Blissey|100/100|[from] item: Leftovers
|upkeep
|turn|71
|
|t:|1728578594
|cant|p2a: Aurora|frz
|move|p1a: Blissey|Seismic Toss|p2a: Aurora
|-damage|p2a: Aurora|3/100 frz
|
|-weather|Sandstorm|[upkeep]
|-damage|p2a: Aurora|0 fnt|[from] Sandstorm
|-damage|p1a: Blissey|94/100|[from] Sandstorm
|faint|p2a: Aurora
|-heal|p1a: Blissey|100/100|[from] item: Leftovers
|upkeep
|
|t:|1728578596
|switch|p2a: Draco|Salamence, F|58/100
|-ability|p2a: Draco|Intimidate|boost
|-unboost|p1a: Blissey|atk|1
|turn|72
|
|t:|1728578598
|move|p2a: Draco|Brick Break|p1a: Blissey
|-supereffective|p1a: Blissey
|-damage|p1a: Blissey|58/100
|move|p1a: Blissey|Ice Beam|p2a: Draco
|-supereffective|p2a: Draco
|-damage|p2a: Draco|0 fnt
|faint|p2a: Draco
|
|win|rezzo64
|c|☆rezzo64|ggs
|c|☆Count Sliggoo II|Gg.
|player|p2|

</script>
<script type="application/json" class="data" id="replaydata-smogtours-gen3ou-796914">
{"id":"smogtours-gen3ou-796914","format":"[Gen 3] OU","players":["rezzo64","Count Sliggoo II"],"uploadtime":1728578598,"views":117,"formatid":"gen3ou","rating":null,"private":0,"password":null}
</script>

<script defer src="js/replays.js?9d40a366"></script>
