<!DOCTYPE html>
<meta charset="utf-8" />
<meta name="viewport" content="width=device-width" />

<title>[Gen 3] OU: Rainer2424 vs. wiilink100 - Replays - Pok&eacute;mon Showdown!</title>

<meta name="description" content="Watch a replay of a Pok&eacute;mon battle between Rainer2424 and wiilink100! Format: [Gen 3] OU; Date: Oct 22, 2024" />
<!--

Hey, you! Looking in the source for the replay log?

You can find them in JSON format, just add `.json` at the end of a replay URL.

https://replay.pokemonshowdown.com/gen7randomdoublesbattle-865046831.json

Or, if you only need the log itself, add `.log` instead:

https://replay.pokemonshowdown.com/gen7randomdoublesbattle-865046831.log

-->

<link rel="stylesheet" href="//pokemonshowdown.com/style/global.css?0.023195364461161105" />
<link rel="stylesheet" href="//play.pokemonshowdown.com/style/font-awesome.css?0.13261647063804238" />
<link rel="stylesheet" href="//play.pokemonshowdown.com/style/battle.css?0.8753245789963631" />
<link rel="stylesheet" href="//play.pokemonshowdown.com/style/utilichart.css?0.8627959624976733" />

<!-- Global site tag (gtag.js) - Google Analytics -->
<script async src="https://www.googletagmanager.com/gtag/js?id=UA-26211653-1"></script>
<script>
  window.dataLayer = window.dataLayer || [];
  function gtag(){dataLayer.push(arguments);}
  gtag('js', new Date());

  gtag('config', 'UA-26211653-1');
</script>
<!-- End Google Analytics -->
<!-- Venatus Ad Manager - Install in <HEAD> of page -->
	<script src="https://hb.vntsm.com/v3/live/ad-manager.min.js" type="text/javascript" data-site-id="642aba63ec9a7b11c3c9c1be" data-mode="scan" async></script>
<!-- / Venatus Ad Manager -->

<style>
	@media (max-width:820px) {
		.battle {
			margin: 0 auto;
		}
		.battle-log {
			margin: 7px auto 0;
			max-width: 640px;
			height: 300px;
			position: static;
		}
	}
	.optgroup {
		display: inline-block;
		line-height: 22px;
		font-size: 10pt;
	}
	.optgroup .button {
		height: 25px;
		padding-top: 0;
		padding-bottom: 0;
	}
	.optgroup button.button {
		padding-left: 12px;
		padding-right: 12px;
	}
	.linklist {
		list-style: none;
		margin: 0.5em 0;
		padding: 0;
	}
	.linklist li {
		padding: 2px 0;
	}
	.sidebar {
		float: left;
		width: 320px;
	}
	.bar-wrapper {
		max-width: 1100px;
		margin: 0 auto;
	}
	.bar-wrapper.has-sidebar {
		max-width: 1430px;
	}
	.mainbar {
		margin: 0;
		padding-right: 1px;
	}
	.mainbar.has-sidebar {
		margin-left: 330px;
	}
	@media (min-width: 1511px) {
		.sidebar {
			width: 400px;
		}
		.bar-wrapper.has-sidebar {
			max-width: 1510px;
		}
		.mainbar.has-sidebar {
			margin-left: 410px;
		}
	}
	.section.first-section {
		margin-top: 9px;
	}
	.blocklink small {
		white-space: normal;
	}
	.button {
		vertical-align: middle;
	}
	.replay-controls {
		padding-top: 10px;
	}
	.replay-controls h1 {
		font-size: 16pt;
		font-weight: normal;
		color: #CCC;
	}
	.pagelink {
		text-align: center;
	}
	.pagelink a {
		width: 150px;
	}
	.textbox, .button {
		font-size: 11pt;
		vertical-align: middle;
	}
	@media (max-width: 450px) {
		.button {
			font-size: 9pt;
		}
	}
</style>

<div>

	<header>
		<div class="nav-wrapper"><ul class="nav">
			<li><a class="button nav-first" href="//pokemonshowdown.com/"><img src="//pokemonshowdown.com/images/pokemonshowdownbeta.png" srcset="//pokemonshowdown.com/images/pokemonshowdownbeta.png 1x, //pokemonshowdown.com/images/pokemonshowdownbeta@2x.png 2x" alt="Pok&eacute;mon Showdown" width="146" height="44" /> Home</a></li>
			<li><a class="button" href="//pokemonshowdown.com/dex/">Pok&eacute;dex</a></li>
			<li><a class="button cur" href="/">Replays</a></li>
			<li><a class="button" href="//pokemonshowdown.com/ladder/">Ladder</a></li>
			<li><a class="button nav-last" href="//pokemonshowdown.com/forums/">Forum</a></li>
			<li><a class="button greenbutton nav-first nav-last" href="//play.pokemonshowdown.com/">Play</a></li>
		</ul></div>
	</header>

	<div class="main" id="main">

		<noscript><section class="section">You need to enable JavaScript to use this page; sorry!</section></noscript>

	</div>

</div>

<script defer nomodule src="//play.pokemonshowdown.com/js/lib/ps-polyfill.js"></script>
<script defer src="//play.pokemonshowdown.com/js/lib/preact.min.js"></script>

<script defer src="//play.pokemonshowdown.com/config/config.js?2bddbc15"></script>
<script defer src="//play.pokemonshowdown.com/js/lib/jquery-1.11.0.min.js"></script>
<script defer src="//play.pokemonshowdown.com/js/lib/html-sanitizer-minified.js"></script>
<script defer src="//play.pokemonshowdown.com/js/battle-sound.js"></script>
<script defer src="//play.pokemonshowdown.com/js/battledata.js?0.7209276989879541"></script>
<script defer src="//play.pokemonshowdown.com/data/pokedex-mini.js?0.6111056340867951"></script>
<script defer src="//play.pokemonshowdown.com/data/pokedex-mini-bw.js?0.3532142036491459"></script>
<script defer src="//play.pokemonshowdown.com/data/graphics.js?0.24223875632456182"></script>
<script defer src="//play.pokemonshowdown.com/data/pokedex.js?0.38839984266356864"></script>
<script defer src="//play.pokemonshowdown.com/data/moves.js?0.21866028504024015"></script>
<script defer src="//play.pokemonshowdown.com/data/abilities.js?0.2005157953846628"></script>
<script defer src="//play.pokemonshowdown.com/data/items.js?0.9894211263848525"></script>
<script defer src="//play.pokemonshowdown.com/data/teambuilder-tables.js?0.6008791140282215"></script>
<script defer src="//play.pokemonshowdown.com/js/battle-tooltips.js?0.7580118955022959"></script>
<script defer src="//play.pokemonshowdown.com/js/battle.js?0.6057722274234274"></script>

<script defer src="js/utils.js?e31f9a17"></script>
<script defer src="js/replays-battle.js?7008c182"></script>

<!-- don't scrape this data! just add .json or .log after the URL!
Full API docs: https://github.com/smogon/pokemon-showdown-client/blob/master/WEB-API.md -->
<script type="text/plain" class="log" id="replaylog-smogtours-gen3ou-801238">
|inactive|Battle timer is ON: inactive players will automatically lose when time's up.
|t:|1729624237
|gametype|singles
|player|p1|Rainer2424|265|
|player|p2|wiilink100|266|
|teamsize|p1|6
|teamsize|p2|6
|gen|3
|tier|[Gen 3] OU
|rule|Sleep Clause Mod: Limit one foe put to sleep
|rule|Switch Priority Clause Mod: Faster Pokémon switch first
|rule|Species Clause: Limit one of each Pokémon
|rule|OHKO Clause: OHKO moves are banned
|rule|Evasion Items Clause: Evasion items are banned
|rule|Evasion Moves Clause: Evasion moves are banned
|rule|Endless Battle Clause: Forcing endless battles is banned
|rule|HP Percentage Mod: HP is shown in percentages
|rule|One Boost Passer Clause: Limit one Baton Passer that has a way to boost its stats
|rule|Freeze Clause Mod: Limit one foe frozen
|
|t:|1729624237
|start
|switch|p1a: Dirt|Tyranitar, F|100/100
|switch|p2a: Celebi|Celebi|100/100
|-weather|Sandstorm|[from] ability: Sand Stream|[of] p1a: Dirt
|turn|1
|c|☆Rainer2424|Good luck 
|
|t:|1729624252
|switch|p2a: Swampert|Swampert, F|100/100
|move|p1a: Dirt|Crunch|p2a: Swampert
|-damage|p2a: Swampert|67/100
|
|-weather|Sandstorm|[upkeep]
|-heal|p2a: Swampert|73/100|[from] item: Leftovers
|upkeep
|turn|2
|c|☆wiilink100|gl hf
|
|t:|1729624256
|switch|p1a: Fun House|Celebi|100/100
|move|p2a: Swampert|Protect||[still]
|-fail|p2a: Swampert
|
|-weather|Sandstorm|[upkeep]
|-damage|p1a: Fun House|94/100|[from] Sandstorm
|-heal|p1a: Fun House|100/100|[from] item: Leftovers
|-heal|p2a: Swampert|79/100|[from] item: Leftovers
|upkeep
|turn|3
|
|t:|1729624267
|switch|p2a: Skarmory|Skarmory, F|100/100
|move|p1a: Fun House|Baton Pass|p1a: Fun House
|
|t:|1729624269
|switch|p1a: T.V. Eye|Magneton|100/100|[from] Baton Pass
|
|-weather|Sandstorm|[upkeep]
|upkeep
|turn|4
|
|t:|1729624277
|move|p1a: T.V. Eye|Thunderbolt|p2a: Skarmory
|-supereffective|p2a: Skarmory
|-damage|p2a: Skarmory|0 fnt
|faint|p2a: Skarmory
|
|t:|1729624290
|switch|p2a: Celebi|Celebi|100/100
|
|-weather|Sandstorm|[upkeep]
|-damage|p2a: Celebi|94/100|[from] Sandstorm
|-heal|p2a: Celebi|100/100|[from] item: Leftovers
|upkeep
|turn|5
|
|t:|1729624294
|switch|p1a: 1970|Skarmory, F|100/100
|move|p2a: Celebi|Light Screen|p2a: Celebi
|-sidestart|p2: wiilink100|Light Screen
|
|-weather|Sandstorm|[upkeep]
|-damage|p2a: Celebi|94/100|[from] Sandstorm
|-heal|p2a: Celebi|100/100|[from] item: Leftovers
|upkeep
|turn|6
|
|t:|1729624298
|switch|p2a: Magneton|Magneton|100/100
|move|p1a: 1970|Spikes|p2a: Magneton
|-sidestart|p2: wiilink100|Spikes
|
|-weather|Sandstorm|[upkeep]
|upkeep
|turn|7
|
|t:|1729624302
|move|p2a: Magneton|Thunderbolt|p1a: 1970
|-supereffective|p1a: 1970
|-damage|p1a: 1970|0 fnt
|faint|p1a: 1970
|
|t:|1729624320
|switch|p1a: Down On the Street|Flygon, M|100/100
|
|-weather|Sandstorm|[upkeep]
|upkeep
|turn|8
|
|t:|1729624323
|move|p1a: Down On the Street|Earthquake|p2a: Magneton
|-supereffective|p2a: Magneton
|-damage|p2a: Magneton|0 fnt
|faint|p2a: Magneton
|
|t:|1729624338
|switch|p2a: Swampert|Swampert, F|79/100
|-damage|p2a: Swampert|67/100|[from] Spikes
|
|-weather|Sandstorm|[upkeep]
|-heal|p2a: Swampert|73/100|[from] item: Leftovers
|upkeep
|turn|9
|
|t:|1729624342
|switch|p1a: Fun House|Celebi|100/100
|move|p2a: Swampert|Toxic|p1a: Fun House
|-status|p1a: Fun House|tox
|
|-sideend|p2: wiilink100|Light Screen
|-weather|Sandstorm|[upkeep]
|-damage|p1a: Fun House|94/100 tox|[from] Sandstorm
|-heal|p1a: Fun House|100/100 tox|[from] item: Leftovers
|-damage|p1a: Fun House|94/100 tox|[from] psn
|-heal|p2a: Swampert|79/100|[from] item: Leftovers
|upkeep
|turn|10
|
|t:|1729624347
|move|p2a: Swampert|Protect|p2a: Swampert
|-singleturn|p2a: Swampert|Protect
|move|p1a: Fun House|Leech Seed|p2a: Swampert
|-activate|p2a: Swampert|Protect
|
|-weather|Sandstorm|[upkeep]
|-damage|p1a: Fun House|88/100 tox|[from] Sandstorm
|-heal|p1a: Fun House|94/100 tox|[from] item: Leftovers
|-damage|p1a: Fun House|82/100 tox|[from] psn
|-heal|p2a: Swampert|85/100|[from] item: Leftovers
|upkeep
|turn|11
|
|t:|1729624352
|switch|p2a: Celebi|Celebi|100/100
|-damage|p2a: Celebi|88/100|[from] Spikes
|move|p1a: Fun House|Leech Seed|p2a: Celebi
|-immune|p2a: Celebi
|
|-weather|Sandstorm|[upkeep]
|-damage|p2a: Celebi|82/100|[from] Sandstorm
|-damage|p1a: Fun House|76/100 tox|[from] Sandstorm
|-heal|p2a: Celebi|88/100|[from] item: Leftovers
|-heal|p1a: Fun House|82/100 tox|[from] item: Leftovers
|-damage|p1a: Fun House|63/100 tox|[from] psn
|upkeep
|turn|12
|
|t:|1729624358
|-curestatus|p1a: Fun House|tox|[from] ability: Natural Cure
|switch|p1a: Dirt|Tyranitar, F|100/100
|move|p2a: Celebi|Leech Seed|p1a: Dirt
|-start|p1a: Dirt|move: Leech Seed
|
|-weather|Sandstorm|[upkeep]
|-damage|p2a: Celebi|82/100|[from] Sandstorm
|-heal|p2a: Celebi|88/100|[from] item: Leftovers
|-damage|p1a: Dirt|88/100|[from] Leech Seed|[of] p2a: Celebi
|-heal|p2a: Celebi|100/100|[silent]
|upkeep
|turn|13
|
|t:|1729624364
|switch|p1a: Down On the Street|Flygon, M|100/100
|move|p2a: Celebi|Light Screen|p2a: Celebi
|-sidestart|p2: wiilink100|Light Screen
|
|-weather|Sandstorm|[upkeep]
|-damage|p2a: Celebi|94/100|[from] Sandstorm
|-heal|p2a: Celebi|100/100|[from] item: Leftovers
|upkeep
|turn|14
|
|t:|1729624367
|move|p1a: Down On the Street|Substitute|p1a: Down On the Street
|-start|p1a: Down On the Street|Substitute
|-damage|p1a: Down On the Street|76/100
|move|p2a: Celebi|Leech Seed|p1a: Down On the Street|[miss]
|-miss|p2a: Celebi|p1a: Down On the Street
|
|-weather|Sandstorm|[upkeep]
|-damage|p2a: Celebi|94/100|[from] Sandstorm
|-heal|p1a: Down On the Street|82/100|[from] item: Leftovers
|-heal|p2a: Celebi|100/100|[from] item: Leftovers
|upkeep
|turn|15
|
|t:|1729624371
|move|p1a: Down On the Street|Hidden Power|p2a: Celebi
|-supereffective|p2a: Celebi
|-damage|p2a: Celebi|39/100
|move|p2a: Celebi|Hidden Power|p1a: Down On the Street
|-end|p1a: Down On the Street|Substitute
|
|-weather|Sandstorm|[upkeep]
|-damage|p2a: Celebi|32/100|[from] Sandstorm
|-heal|p1a: Down On the Street|88/100|[from] item: Leftovers
|-heal|p2a: Celebi|39/100|[from] item: Leftovers
|upkeep
|turn|16
|
|t:|1729624382
|switch|p2a: Swampert|Swampert, F|85/100
|-damage|p2a: Swampert|73/100|[from] Spikes
|move|p1a: Down On the Street|Substitute|p1a: Down On the Street
|-start|p1a: Down On the Street|Substitute
|-damage|p1a: Down On the Street|63/100
|
|-weather|Sandstorm|[upkeep]
|-heal|p1a: Down On the Street|69/100|[from] item: Leftovers
|-heal|p2a: Swampert|79/100|[from] item: Leftovers
|upkeep
|turn|17
|
|t:|1729624397
|move|p1a: Down On the Street|Earthquake|p2a: Swampert
|-damage|p2a: Swampert|48/100
|move|p2a: Swampert|Toxic||[still]
|-fail|p2a: Swampert
|
|-sideend|p2: wiilink100|Light Screen
|-weather|Sandstorm|[upkeep]
|-heal|p1a: Down On the Street|75/100|[from] item: Leftovers
|-heal|p2a: Swampert|54/100|[from] item: Leftovers
|upkeep
|turn|18
|c|☆Rainer2424|:(
|
|t:|1729624413
|move|p1a: Down On the Street|Earthquake|p2a: Swampert
|-damage|p2a: Swampert|22/100
|move|p2a: Swampert|Surf|p1a: Down On the Street
|-crit|p1a: Down On the Street
|-end|p1a: Down On the Street|Substitute
|
|-weather|Sandstorm|[upkeep]
|-heal|p1a: Down On the Street|81/100|[from] item: Leftovers
|-heal|p2a: Swampert|29/100|[from] item: Leftovers
|upkeep
|turn|19
|
|t:|1729624421
|move|p2a: Swampert|Protect|p2a: Swampert
|-singleturn|p2a: Swampert|Protect
|move|p1a: Down On the Street|Earthquake|p2a: Swampert
|-activate|p2a: Swampert|Protect
|
|-weather|Sandstorm|[upkeep]
|-heal|p1a: Down On the Street|87/100|[from] item: Leftovers
|-heal|p2a: Swampert|35/100|[from] item: Leftovers
|upkeep
|turn|20
|
|t:|1729624425
|move|p1a: Down On the Street|Earthquake|p2a: Swampert
|-damage|p2a: Swampert|3/100
|move|p2a: Swampert|Surf|p1a: Down On the Street
|-crit|p1a: Down On the Street
|-damage|p1a: Down On the Street|0 fnt
|faint|p1a: Down On the Street
|
|t:|1729624442
|switch|p1a: Dirt|Tyranitar, F|88/100
|
|-weather|Sandstorm|[upkeep]
|-heal|p2a: Swampert|9/100|[from] item: Leftovers
|-heal|p1a: Dirt|94/100|[from] item: Leftovers
|upkeep
|turn|21
|
|t:|1729624447
|move|p2a: Swampert|Protect|p2a: Swampert
|-singleturn|p2a: Swampert|Protect
|move|p1a: Dirt|Crunch|p2a: Swampert
|-activate|p2a: Swampert|Protect
|
|-weather|Sandstorm|[upkeep]
|-heal|p2a: Swampert|15/100|[from] item: Leftovers
|-heal|p1a: Dirt|100/100|[from] item: Leftovers
|upkeep
|turn|22
|
|t:|1729624462
|move|p2a: Swampert|Toxic|p1a: Dirt
|-status|p1a: Dirt|tox
|move|p1a: Dirt|Crunch|p2a: Swampert
|-damage|p2a: Swampert|0 fnt
|faint|p2a: Swampert
|
|t:|1729624474
|switch|p2a: Tyranitar|Tyranitar, M|100/100
|-damage|p2a: Tyranitar|88/100|[from] Spikes
|
|-weather|Sandstorm|[upkeep]
|-heal|p2a: Tyranitar|94/100|[from] item: Leftovers
|-damage|p1a: Dirt|94/100 tox|[from] psn
|upkeep
|turn|23
|
|t:|1729624483
|switch|p1a: L.A. Blues|Swampert, M|100/100
|move|p2a: Tyranitar|Crunch|p1a: L.A. Blues
|-damage|p1a: L.A. Blues|68/100
|
|-weather|Sandstorm|[upkeep]
|-heal|p2a: Tyranitar|100/100|[from] item: Leftovers
|-heal|p1a: L.A. Blues|74/100|[from] item: Leftovers
|upkeep
|turn|24
|
|t:|1729624486
|switch|p1a: T.V. Eye|Magneton|100/100
|move|p2a: Tyranitar|Hidden Power|p1a: T.V. Eye
|-resisted|p1a: T.V. Eye
|-damage|p1a: T.V. Eye|81/100
|
|-weather|Sandstorm|[upkeep]
|-heal|p1a: T.V. Eye|88/100|[from] item: Leftovers
|upkeep
|turn|25
|
|t:|1729624492
|move|p1a: T.V. Eye|Substitute|p1a: T.V. Eye
|-start|p1a: T.V. Eye|Substitute
|-damage|p1a: T.V. Eye|63/100
|move|p2a: Tyranitar|Fire Blast|p1a: T.V. Eye
|-supereffective|p1a: T.V. Eye
|-end|p1a: T.V. Eye|Substitute
|
|-weather|Sandstorm|[upkeep]
|-heal|p1a: T.V. Eye|69/100|[from] item: Leftovers
|upkeep
|turn|26
|
|t:|1729624500
|move|p1a: T.V. Eye|Substitute|p1a: T.V. Eye
|-start|p1a: T.V. Eye|Substitute
|-damage|p1a: T.V. Eye|44/100
|move|p2a: Tyranitar|Fire Blast|p1a: T.V. Eye
|-supereffective|p1a: T.V. Eye
|-end|p1a: T.V. Eye|Substitute
|
|-weather|Sandstorm|[upkeep]
|-heal|p1a: T.V. Eye|50/100|[from] item: Leftovers
|upkeep
|turn|27
|inactive|Rainer2424 disconnected and has 300 seconds to reconnect!
|player|p1|
|
|t:|1729624524
|switch|p2a: Celebi|Celebi|39/100
|-damage|p2a: Celebi|26/100|[from] Spikes
|move|p1a: T.V. Eye|Substitute|p1a: T.V. Eye
|-start|p1a: T.V. Eye|Substitute
|-damage|p1a: T.V. Eye|26/100
|
|-weather|Sandstorm|[upkeep]
|-damage|p2a: Celebi|20/100|[from] Sandstorm
|-heal|p2a: Celebi|26/100|[from] item: Leftovers
|-heal|p1a: T.V. Eye|32/100|[from] item: Leftovers
|upkeep
|turn|28
|inactive|Rainer2424 reconnected and has 300 seconds left.
|player|p1|Rainer2424|265|
|
|t:|1729624540
|move|p2a: Celebi|Light Screen|p2a: Celebi
|-sidestart|p2: wiilink100|Light Screen
|move|p1a: T.V. Eye|Hidden Power|p2a: Celebi
|-supereffective|p2a: Celebi
|-damage|p2a: Celebi|3/100
|
|-weather|Sandstorm|[upkeep]
|-damage|p2a: Celebi|0 fnt|[from] Sandstorm
|faint|p2a: Celebi
|-heal|p1a: T.V. Eye|38/100|[from] item: Leftovers
|upkeep
|
|t:|1729624560
|switch|p2a: Tyranitar|Tyranitar, M|100/100
|-damage|p2a: Tyranitar|88/100|[from] Spikes
|turn|29
|
|t:|1729624563
|move|p1a: T.V. Eye|Toxic|p2a: Tyranitar
|-status|p2a: Tyranitar|tox
|move|p2a: Tyranitar|Fire Blast|p1a: T.V. Eye
|-supereffective|p1a: T.V. Eye
|-end|p1a: T.V. Eye|Substitute
|
|-weather|Sandstorm|[upkeep]
|-heal|p1a: T.V. Eye|44/100|[from] item: Leftovers
|-heal|p2a: Tyranitar|94/100 tox|[from] item: Leftovers
|-damage|p2a: Tyranitar|88/100 tox|[from] psn
|upkeep
|turn|30
|
|t:|1729624568
|switch|p1a: Dirt|Tyranitar, F|94/100 tox
|move|p2a: Tyranitar|Fire Blast|p1a: Dirt
|-resisted|p1a: Dirt
|-damage|p1a: Dirt|78/100 tox
|
|-weather|Sandstorm|[upkeep]
|-heal|p2a: Tyranitar|94/100 tox|[from] item: Leftovers
|-damage|p2a: Tyranitar|82/100 tox|[from] psn
|-heal|p1a: Dirt|85/100 tox|[from] item: Leftovers
|-damage|p1a: Dirt|78/100 tox|[from] psn
|upkeep
|turn|31
|
|t:|1729624574
|move|p2a: Tyranitar|Crunch|p1a: Dirt
|-resisted|p1a: Dirt
|-damage|p1a: Dirt|64/100 tox
|move|p1a: Dirt|Ice Beam|p2a: Tyranitar
|-crit|p2a: Tyranitar
|-damage|p2a: Tyranitar|36/100 tox
|
|-weather|Sandstorm|[upkeep]
|-heal|p2a: Tyranitar|42/100 tox|[from] item: Leftovers
|-damage|p2a: Tyranitar|24/100 tox|[from] psn
|-heal|p1a: Dirt|71/100 tox|[from] item: Leftovers
|-damage|p1a: Dirt|58/100 tox|[from] psn
|upkeep
|turn|32
|
|t:|1729624579
|move|p2a: Tyranitar|Hidden Power|p1a: Dirt
|-supereffective|p1a: Dirt
|-damage|p1a: Dirt|25/100 tox
|move|p1a: Dirt|Crunch|p2a: Tyranitar
|-resisted|p2a: Tyranitar
|-damage|p2a: Tyranitar|16/100 tox
|
|-sideend|p2: wiilink100|Light Screen
|-weather|Sandstorm|[upkeep]
|-heal|p2a: Tyranitar|22/100 tox|[from] item: Leftovers
|-damage|p2a: Tyranitar|0 fnt|[from] psn
|faint|p2a: Tyranitar
|-heal|p1a: Dirt|31/100 tox|[from] item: Leftovers
|-damage|p1a: Dirt|12/100 tox|[from] psn
|upkeep
|
|t:|1729624582
|switch|p2a: Aerodactyl|Aerodactyl, M|100/100
|turn|33
|inactive|wiilink100 has 270 seconds left.
|
|t:|1729624619
|move|p2a: Aerodactyl|Earthquake|p1a: Dirt
|-supereffective|p1a: Dirt
|-damage|p1a: Dirt|0 fnt
|faint|p1a: Dirt
|
|t:|1729624633
|switch|p1a: Fun House|Celebi|63/100
|
|-weather|Sandstorm|[upkeep]
|-damage|p1a: Fun House|57/100|[from] Sandstorm
|-heal|p1a: Fun House|63/100|[from] item: Leftovers
|upkeep
|turn|34
|
|t:|1729624636
|move|p2a: Aerodactyl|Earthquake|p1a: Fun House
|-resisted|p1a: Fun House
|-damage|p1a: Fun House|49/100
|move|p1a: Fun House|Leech Seed|p2a: Aerodactyl
|-start|p2a: Aerodactyl|move: Leech Seed
|
|-weather|Sandstorm|[upkeep]
|-damage|p1a: Fun House|43/100|[from] Sandstorm
|-damage|p2a: Aerodactyl|88/100|[from] Leech Seed|[of] p1a: Fun House
|-heal|p1a: Fun House|52/100|[silent]
|-heal|p1a: Fun House|58/100|[from] item: Leftovers
|upkeep
|turn|35
|
|t:|1729624639
|move|p2a: Aerodactyl|Earthquake|p1a: Fun House
|-resisted|p1a: Fun House
|-damage|p1a: Fun House|42/100
|move|p1a: Fun House|Baton Pass|p1a: Fun House
|c|☆wiilink100|gg wp
|
|t:|1729624641
|switch|p1a: L.A. Blues|Swampert, M|74/100|[from] Baton Pass
|
|-weather|Sandstorm|[upkeep]
|-damage|p2a: Aerodactyl|76/100|[from] Leech Seed|[of] p1a: L.A. Blues
|-heal|p1a: L.A. Blues|84/100|[silent]
|-heal|p1a: L.A. Blues|90/100|[from] item: Leftovers
|upkeep
|turn|36
|
|t:|1729624644
|move|p2a: Aerodactyl|Earthquake|p1a: L.A. Blues
|-damage|p1a: L.A. Blues|60/100
|move|p1a: L.A. Blues|Ice Beam|p2a: Aerodactyl
|-supereffective|p2a: Aerodactyl
|-damage|p2a: Aerodactyl|17/100
|
|-weather|Sandstorm|[upkeep]
|-damage|p2a: Aerodactyl|5/100|[from] Leech Seed|[of] p1a: L.A. Blues
|-heal|p1a: L.A. Blues|69/100|[silent]
|-heal|p1a: L.A. Blues|75/100|[from] item: Leftovers
|upkeep
|turn|37
|
|t:|1729624648
|switch|p1a: T.V. Eye|Magneton|44/100
|move|p2a: Aerodactyl|Earthquake|p1a: T.V. Eye
|-supereffective|p1a: T.V. Eye
|-damage|p1a: T.V. Eye|0 fnt
|faint|p1a: T.V. Eye
|
|t:|1729624651
|switch|p1a: L.A. Blues|Swampert, M|75/100
|
|-weather|Sandstorm|[upkeep]
|-damage|p2a: Aerodactyl|0 fnt|[from] Leech Seed|[of] p1a: L.A. Blues
|-heal|p1a: L.A. Blues|79/100|[silent]
|faint|p2a: Aerodactyl
|
|win|Rainer2424
|upkeep
|c|☆Rainer2424|Gg
|player|p2|

</script>
<script type="application/json" class="data" id="replaydata-smogtours-gen3ou-801238">
{"id":"smogtours-gen3ou-801238","format":"[Gen 3] OU","players":["Rainer2424","wiilink100"],"uploadtime":1729624651,"views":86,"formatid":"gen3ou","rating":null,"private":0,"password":null}
</script>

<script defer src="js/replays.js?9d40a366"></script>
