<!DOCTYPE html>
<meta charset="utf-8" />
<meta name="viewport" content="width=device-width" />

<title>[Gen 3] OU: jsockamisama vs. Baptosta - Replays - Pok&eacute;mon Showdown!</title>

<meta name="description" content="Watch a replay of a Pok&eacute;mon battle between jsockamisama and Baptosta! Format: [Gen 3] OU; Date: Oct 14, 2024" />
<!--

Hey, you! Looking in the source for the replay log?

You can find them in JSON format, just add `.json` at the end of a replay URL.

https://replay.pokemonshowdown.com/gen7randomdoublesbattle-865046831.json

Or, if you only need the log itself, add `.log` instead:

https://replay.pokemonshowdown.com/gen7randomdoublesbattle-865046831.log

-->

<link rel="stylesheet" href="//pokemonshowdown.com/style/global.css?0.767286132409787" />
<link rel="stylesheet" href="//play.pokemonshowdown.com/style/font-awesome.css?0.9266228007934947" />
<link rel="stylesheet" href="//play.pokemonshowdown.com/style/battle.css?0.7924700842790926" />
<link rel="stylesheet" href="//play.pokemonshowdown.com/style/utilichart.css?0.8777417872839479" />

<!-- Global site tag (gtag.js) - Google Analytics -->
<script async src="https://www.googletagmanager.com/gtag/js?id=UA-26211653-1"></script>
<script>
  window.dataLayer = window.dataLayer || [];
  function gtag(){dataLayer.push(arguments);}
  gtag('js', new Date());

  gtag('config', 'UA-26211653-1');
</script>
<!-- End Google Analytics -->
<!-- Venatus Ad Manager - Install in <HEAD> of page -->
	<script src="https://hb.vntsm.com/v3/live/ad-manager.min.js" type="text/javascript" data-site-id="642aba63ec9a7b11c3c9c1be" data-mode="scan" async></script>
<!-- / Venatus Ad Manager -->

<style>
	@media (max-width:820px) {
		.battle {
			margin: 0 auto;
		}
		.battle-log {
			margin: 7px auto 0;
			max-width: 640px;
			height: 300px;
			position: static;
		}
	}
	.optgroup {
		display: inline-block;
		line-height: 22px;
		font-size: 10pt;
	}
	.optgroup .button {
		height: 25px;
		padding-top: 0;
		padding-bottom: 0;
	}
	.optgroup button.button {
		padding-left: 12px;
		padding-right: 12px;
	}
	.linklist {
		list-style: none;
		margin: 0.5em 0;
		padding: 0;
	}
	.linklist li {
		padding: 2px 0;
	}
	.sidebar {
		float: left;
		width: 320px;
	}
	.bar-wrapper {
		max-width: 1100px;
		margin: 0 auto;
	}
	.bar-wrapper.has-sidebar {
		max-width: 1430px;
	}
	.mainbar {
		margin: 0;
		padding-right: 1px;
	}
	.mainbar.has-sidebar {
		margin-left: 330px;
	}
	@media (min-width: 1511px) {
		.sidebar {
			width: 400px;
		}
		.bar-wrapper.has-sidebar {
			max-width: 1510px;
		}
		.mainbar.has-sidebar {
			margin-left: 410px;
		}
	}
	.section.first-section {
		margin-top: 9px;
	}
	.blocklink small {
		white-space: normal;
	}
	.button {
		vertical-align: middle;
	}
	.replay-controls {
		padding-top: 10px;
	}
	.replay-controls h1 {
		font-size: 16pt;
		font-weight: normal;
		color: #CCC;
	}
	.pagelink {
		text-align: center;
	}
	.pagelink a {
		width: 150px;
	}
	.textbox, .button {
		font-size: 11pt;
		vertical-align: middle;
	}
	@media (max-width: 450px) {
		.button {
			font-size: 9pt;
		}
	}
</style>

<div>

	<header>
		<div class="nav-wrapper"><ul class="nav">
			<li><a class="button nav-first" href="//pokemonshowdown.com/"><img src="//pokemonshowdown.com/images/pokemonshowdownbeta.png" srcset="//pokemonshowdown.com/images/pokemonshowdownbeta.png 1x, //pokemonshowdown.com/images/pokemonshowdownbeta@2x.png 2x" alt="Pok&eacute;mon Showdown" width="146" height="44" /> Home</a></li>
			<li><a class="button" href="//pokemonshowdown.com/dex/">Pok&eacute;dex</a></li>
			<li><a class="button cur" href="/">Replays</a></li>
			<li><a class="button" href="//pokemonshowdown.com/ladder/">Ladder</a></li>
			<li><a class="button nav-last" href="//pokemonshowdown.com/forums/">Forum</a></li>
			<li><a class="button greenbutton nav-first nav-last" href="//play.pokemonshowdown.com/">Play</a></li>
		</ul></div>
	</header>

	<div class="main" id="main">

		<noscript><section class="section">You need to enable JavaScript to use this page; sorry!</section></noscript>

	</div>

</div>

<script defer nomodule src="//play.pokemonshowdown.com/js/lib/ps-polyfill.js"></script>
<script defer src="//play.pokemonshowdown.com/js/lib/preact.min.js"></script>

<script defer src="//play.pokemonshowdown.com/config/config.js?6dec07f6"></script>
<script defer src="//play.pokemonshowdown.com/js/lib/jquery-1.11.0.min.js"></script>
<script defer src="//play.pokemonshowdown.com/js/lib/html-sanitizer-minified.js"></script>
<script defer src="//play.pokemonshowdown.com/js/battle-sound.js"></script>
<script defer src="//play.pokemonshowdown.com/js/battledata.js?0.6315294753075389"></script>
<script defer src="//play.pokemonshowdown.com/data/pokedex-mini.js?0.7603743185311358"></script>
<script defer src="//play.pokemonshowdown.com/data/pokedex-mini-bw.js?0.030888842834281283"></script>
<script defer src="//play.pokemonshowdown.com/data/graphics.js?0.05593094747507488"></script>
<script defer src="//play.pokemonshowdown.com/data/pokedex.js?0.47064822249611904"></script>
<script defer src="//play.pokemonshowdown.com/data/moves.js?0.8583693120512459"></script>
<script defer src="//play.pokemonshowdown.com/data/abilities.js?0.16017181182386842"></script>
<script defer src="//play.pokemonshowdown.com/data/items.js?0.4163379185673943"></script>
<script defer src="//play.pokemonshowdown.com/data/teambuilder-tables.js?0.31075597372830477"></script>
<script defer src="//play.pokemonshowdown.com/js/battle-tooltips.js?0.6536193500708172"></script>
<script defer src="//play.pokemonshowdown.com/js/battle.js?0.1916591943277901"></script>

<script defer src="js/utils.js?e31f9a17"></script>
<script defer src="js/replays-battle.js?7008c182"></script>

<!-- don't scrape this data! just add .json or .log after the URL!
Full API docs: https://github.com/smogon/pokemon-showdown-client/blob/master/WEB-API.md -->
<script type="text/plain" class="log" id="replaylog-smogtours-gen3ou-798633">
|inactive|Battle timer is ON: inactive players will automatically lose when time's up.
|t:|1728915720
|gametype|singles
|player|p1|jsockamisama|1|
|player|p2|Baptosta|1|
|teamsize|p1|6
|teamsize|p2|6
|gen|3
|tier|[Gen 3] OU
|rule|Sleep Clause Mod: Limit one foe put to sleep
|rule|Switch Priority Clause Mod: Faster Pokémon switch first
|rule|Species Clause: Limit one of each Pokémon
|rule|OHKO Clause: OHKO moves are banned
|rule|Evasion Items Clause: Evasion items are banned
|rule|Evasion Moves Clause: Evasion moves are banned
|rule|Endless Battle Clause: Forcing endless battles is banned
|rule|HP Percentage Mod: HP is shown in percentages
|rule|One Boost Passer Clause: Limit one Baton Passer that has a way to boost its stats
|rule|Freeze Clause Mod: Limit one foe frozen
|
|t:|1728915720
|start
|switch|p1a: Hariyama|Hariyama, F|100/100
|switch|p2a: Give me Bug|Heracross, F|100/100
|turn|1
|inactive|jsockamisama has 270 seconds left.
|inactive|Baptosta has 270 seconds left.
|inactive|jsockamisama has 240 seconds left.
|c|☆jsockamisama|glhf
|c|☆Baptosta|gl hf
|
|t:|1728915803
|switch|p2a: Ball room toy|Claydol|100/100
|move|p1a: Hariyama|Knock Off|p2a: Ball room toy
|-supereffective|p2a: Ball room toy
|-damage|p2a: Ball room toy|96/100
|-enditem|p2a: Ball room toy|Leftovers|[from] move: Knock Off|[of] p1a: Hariyama
|-hint|In Gens 3-4, Knock Off only makes the target's item unusable; it cannot obtain a new item.
|
|upkeep
|turn|2
|inactive|jsockamisama has 270 seconds left.
|
|t:|1728915826
|switch|p1a: Tyranitar|Tyranitar, F|100/100
|-weather|Sandstorm|[from] ability: Sand Stream|[of] p1a: Tyranitar
|move|p2a: Ball room toy|Psychic|p1a: Tyranitar
|-immune|p1a: Tyranitar
|
|-weather|Sandstorm|[upkeep]
|upkeep
|turn|3
|inactive|jsockamisama has 270 seconds left.
|
|t:|1728915839
|move|p2a: Ball room toy|Earthquake|p1a: Tyranitar
|-supereffective|p1a: Tyranitar
|-damage|p1a: Tyranitar|62/100
|move|p1a: Tyranitar|Substitute|p1a: Tyranitar
|-start|p1a: Tyranitar|Substitute
|-damage|p1a: Tyranitar|37/100
|
|-weather|Sandstorm|[upkeep]
|-heal|p1a: Tyranitar|43/100|[from] item: Leftovers
|upkeep
|turn|4
|
|t:|1728915848
|move|p2a: Ball room toy|Earthquake|p1a: Tyranitar
|-supereffective|p1a: Tyranitar
|-end|p1a: Tyranitar|Substitute
|move|p1a: Tyranitar|Crunch|p2a: Ball room toy
|-supereffective|p2a: Ball room toy
|-damage|p2a: Ball room toy|38/100
|
|-weather|Sandstorm|[upkeep]
|-heal|p1a: Tyranitar|49/100|[from] item: Leftovers
|upkeep
|turn|5
|
|t:|1728915856
|move|p2a: Ball room toy|Earthquake|p1a: Tyranitar
|-supereffective|p1a: Tyranitar
|-damage|p1a: Tyranitar|11/100
|move|p1a: Tyranitar|Crunch|p2a: Ball room toy
|-supereffective|p2a: Ball room toy
|-damage|p2a: Ball room toy|0 fnt
|faint|p2a: Ball room toy
|
|t:|1728915863
|switch|p2a: Give me Bug|Heracross, F|100/100
|
|-weather|Sandstorm|[upkeep]
|-damage|p2a: Give me Bug|95/100|[from] Sandstorm
|-heal|p1a: Tyranitar|18/100|[from] item: Leftovers
|upkeep
|turn|6
|
|t:|1728915871
|-singleturn|p1a: Tyranitar|move: Focus Punch
|move|p2a: Give me Bug|Megahorn|p1a: Tyranitar
|-supereffective|p1a: Tyranitar
|-damage|p1a: Tyranitar|0 fnt
|faint|p1a: Tyranitar
|
|t:|1728915876
|switch|p1a: Salamence|Salamence, F|100/100
|-ability|p1a: Salamence|Intimidate|boost
|-unboost|p2a: Give me Bug|atk|1
|
|-weather|Sandstorm|[upkeep]
|-damage|p1a: Salamence|94/100|[from] Sandstorm
|-damage|p2a: Give me Bug|89/100|[from] Sandstorm
|-heal|p1a: Salamence|100/100|[from] item: Leftovers
|upkeep
|turn|7
|
|t:|1728915899
|switch|p2a: Wyvern|Milotic, F|100/100
|move|p1a: Salamence|Dragon Claw|p2a: Wyvern
|-damage|p2a: Wyvern|73/100
|
|-weather|Sandstorm|[upkeep]
|-damage|p1a: Salamence|94/100|[from] Sandstorm
|-damage|p2a: Wyvern|67/100|[from] Sandstorm
|-heal|p1a: Salamence|100/100|[from] item: Leftovers
|-heal|p2a: Wyvern|73/100|[from] item: Leftovers
|upkeep
|turn|8
|
|t:|1728915912
|switch|p1a: Swampert|Swampert, F|100/100
|move|p2a: Wyvern|Hypnosis|p1a: Swampert|[miss]
|-miss|p2a: Wyvern|p1a: Swampert
|
|-weather|Sandstorm|[upkeep]
|-damage|p2a: Wyvern|67/100|[from] Sandstorm
|-heal|p2a: Wyvern|73/100|[from] item: Leftovers
|upkeep
|turn|9
|
|t:|1728915928
|move|p2a: Wyvern|Hypnosis|p1a: Swampert
|-status|p1a: Swampert|slp|[from] move: Hypnosis
|cant|p1a: Swampert|slp
|
|-weather|Sandstorm|[upkeep]
|-damage|p2a: Wyvern|67/100|[from] Sandstorm
|-heal|p2a: Wyvern|73/100|[from] item: Leftovers
|upkeep
|turn|10
|inactive|Baptosta has 270 seconds left.
|
|t:|1728915965
|switch|p2a: One|Celebi|100/100
|switch|p1a: Zapdos|Zapdos|100/100
|
|-weather|Sandstorm|[upkeep]
|-damage|p2a: One|94/100|[from] Sandstorm
|-damage|p1a: Zapdos|94/100|[from] Sandstorm
|-heal|p2a: One|100/100|[from] item: Leftovers
|-heal|p1a: Zapdos|100/100|[from] item: Leftovers
|upkeep
|turn|11
|inactive|jsockamisama has 270 seconds left.
|inactive|jsockamisama has 240 seconds left.
|
|t:|1728916025
|switch|p1a: Salamence|Salamence, F|100/100
|-ability|p1a: Salamence|Intimidate|boost
|-unboost|p2a: One|atk|1
|move|p2a: One|Leech Seed|p1a: Salamence|[miss]
|-miss|p2a: One|p1a: Salamence
|
|-weather|Sandstorm|[upkeep]
|-damage|p1a: Salamence|94/100|[from] Sandstorm
|-damage|p2a: One|94/100|[from] Sandstorm
|-heal|p1a: Salamence|100/100|[from] item: Leftovers
|-heal|p2a: One|100/100|[from] item: Leftovers
|upkeep
|turn|12
|inactive|jsockamisama has 240 seconds left.
|inactive|Baptosta has 270 seconds left.
|
|t:|1728916061
|switch|p1a: Hariyama|Hariyama, F|100/100
|switch|p2a: Champion|Hariyama, M|100/100
|
|-weather|Sandstorm|[upkeep]
|-damage|p1a: Hariyama|94/100|[from] Sandstorm
|-damage|p2a: Champion|94/100|[from] Sandstorm
|-heal|p1a: Hariyama|100/100|[from] item: Leftovers
|-heal|p2a: Champion|100/100|[from] item: Leftovers
|upkeep
|turn|13
|inactive|jsockamisama has 240 seconds left.
|
|t:|1728916095
|switch|p1a: Metagross|Metagross|100/100
|move|p2a: Champion|Knock Off|p1a: Metagross
|-damage|p1a: Metagross|98/100
|-enditem|p1a: Metagross|Leftovers|[from] move: Knock Off|[of] p2a: Champion
|
|-weather|Sandstorm|[upkeep]
|-damage|p2a: Champion|94/100|[from] Sandstorm
|-heal|p2a: Champion|100/100|[from] item: Leftovers
|upkeep
|turn|14
|inactive|Baptosta has 240 seconds left.
|
|t:|1728916139
|switch|p2a: Wyvern|Milotic, F|73/100
|move|p1a: Metagross|Meteor Mash|p2a: Wyvern
|-resisted|p2a: Wyvern
|-damage|p2a: Wyvern|52/100
|
|-weather|Sandstorm|[upkeep]
|-damage|p2a: Wyvern|46/100|[from] Sandstorm
|-heal|p2a: Wyvern|52/100|[from] item: Leftovers
|upkeep
|turn|15
|
|t:|1728916153
|move|p1a: Metagross|Meteor Mash|p2a: Wyvern
|-resisted|p2a: Wyvern
|-damage|p2a: Wyvern|32/100
|-boost|p1a: Metagross|atk|1
|move|p2a: Wyvern|Recover|p2a: Wyvern
|-heal|p2a: Wyvern|81/100
|
|-weather|Sandstorm|[upkeep]
|-damage|p2a: Wyvern|75/100|[from] Sandstorm
|-heal|p2a: Wyvern|81/100|[from] item: Leftovers
|upkeep
|turn|16
|inactive|jsockamisama has 210 seconds left.
|
|t:|1728916172
|move|p1a: Metagross|Earthquake|p2a: Wyvern
|-damage|p2a: Wyvern|36/100
|move|p2a: Wyvern|Surf|p1a: Metagross
|-damage|p1a: Metagross|61/100
|
|-weather|Sandstorm|[upkeep]
|-damage|p2a: Wyvern|30/100|[from] Sandstorm
|-heal|p2a: Wyvern|36/100|[from] item: Leftovers
|upkeep
|turn|17
|
|t:|1728916183
|switch|p2a: One|Celebi|100/100
|move|p1a: Metagross|Earthquake|p2a: One
|-resisted|p2a: One
|-damage|p2a: One|76/100
|
|-weather|Sandstorm|[upkeep]
|-damage|p2a: One|70/100|[from] Sandstorm
|-heal|p2a: One|76/100|[from] item: Leftovers
|upkeep
|turn|18
|inactive|jsockamisama has 210 seconds left.
|
|t:|1728916202
|move|p2a: One|Leech Seed|p1a: Metagross
|-start|p1a: Metagross|move: Leech Seed
|move|p1a: Metagross|Meteor Mash|p2a: One
|-damage|p2a: One|5/100
|
|-weather|Sandstorm|[upkeep]
|-damage|p2a: One|0 fnt|[from] Sandstorm
|faint|p2a: One
|upkeep
|
|t:|1728916211
|switch|p2a: Give me Bug|Heracross, F|89/100
|turn|19
|
|t:|1728916218
|switch|p1a: Salamence|Salamence, F|100/100
|-ability|p1a: Salamence|Intimidate|boost
|-unboost|p2a: Give me Bug|atk|1
|move|p2a: Give me Bug|Megahorn|p1a: Salamence
|-resisted|p1a: Salamence
|-damage|p1a: Salamence|61/100
|
|-weather|Sandstorm|[upkeep]
|-damage|p1a: Salamence|55/100|[from] Sandstorm
|-damage|p2a: Give me Bug|83/100|[from] Sandstorm
|-heal|p1a: Salamence|61/100|[from] item: Leftovers
|upkeep
|turn|20
|
|t:|1728916230
|switch|p2a: Ugly Duckling|Porygon2|100/100
|-ability|p2a: Ugly Duckling|Intimidate|[from] ability: Trace|[of] p1a: Salamence
|move|p1a: Salamence|Fire Blast|p2a: Ugly Duckling
|-damage|p2a: Ugly Duckling|62/100
|
|-weather|Sandstorm|[upkeep]
|-damage|p1a: Salamence|55/100|[from] Sandstorm
|-damage|p2a: Ugly Duckling|56/100|[from] Sandstorm
|-heal|p1a: Salamence|61/100|[from] item: Leftovers
|-heal|p2a: Ugly Duckling|62/100|[from] item: Leftovers
|upkeep
|turn|21
|inactive|Baptosta has 270 seconds left.
|inactive|jsockamisama has 210 seconds left.
|
|t:|1728916259
|switch|p1a: Hariyama|Hariyama, F|100/100
|move|p2a: Ugly Duckling|Thunder Wave|p1a: Hariyama
|-status|p1a: Hariyama|par
|
|-weather|Sandstorm|[upkeep]
|-damage|p2a: Ugly Duckling|56/100|[from] Sandstorm
|-damage|p1a: Hariyama|94/100 par|[from] Sandstorm
|-heal|p2a: Ugly Duckling|62/100|[from] item: Leftovers
|-heal|p1a: Hariyama|100/100 par|[from] item: Leftovers
|upkeep
|turn|22
|inactive|jsockamisama has 210 seconds left.
|
|t:|1728916275
|switch|p2a: Champion|Hariyama, M|100/100
|move|p1a: Hariyama|Brick Break|p2a: Champion
|-damage|p2a: Champion|44/100
|
|-weather|Sandstorm|[upkeep]
|-damage|p2a: Champion|38/100|[from] Sandstorm
|-damage|p1a: Hariyama|94/100 par|[from] Sandstorm
|-heal|p2a: Champion|44/100|[from] item: Leftovers
|-heal|p1a: Hariyama|100/100 par|[from] item: Leftovers
|upkeep
|turn|23
|
|t:|1728916286
|move|p2a: Champion|Cross Chop|p1a: Hariyama
|-damage|p1a: Hariyama|40/100 par
|move|p1a: Hariyama|Brick Break|p2a: Champion
|-damage|p2a: Champion|0 fnt
|faint|p2a: Champion
|
|t:|1728916291
|switch|p2a: Give me Bug|Heracross, F|83/100
|
|-weather|Sandstorm|[upkeep]
|-damage|p2a: Give me Bug|77/100|[from] Sandstorm
|-damage|p1a: Hariyama|34/100 par|[from] Sandstorm
|-heal|p1a: Hariyama|40/100 par|[from] item: Leftovers
|upkeep
|turn|24
|inactive|jsockamisama has 210 seconds left.
|
|t:|1728916298
|switch|p1a: Swampert|Swampert, F|100/100 slp
|move|p2a: Give me Bug|Megahorn|p1a: Swampert
|-damage|p1a: Swampert|9/100 slp
|
|-weather|Sandstorm|[upkeep]
|-damage|p2a: Give me Bug|71/100|[from] Sandstorm
|-heal|p1a: Swampert|15/100 slp|[from] item: Leftovers
|upkeep
|turn|25
|inactive|jsockamisama has 210 seconds left.
|
|t:|1728916310
|switch|p2a: Wyvern|Milotic, F|36/100
|-curestatus|p1a: Swampert|slp|[msg]
|move|p1a: Swampert|Hydro Pump|p2a: Wyvern
|-resisted|p2a: Wyvern
|-damage|p2a: Wyvern|14/100
|
|-weather|Sandstorm|[upkeep]
|-damage|p2a: Wyvern|8/100|[from] Sandstorm
|-heal|p2a: Wyvern|14/100|[from] item: Leftovers
|-heal|p1a: Swampert|21/100|[from] item: Leftovers
|upkeep
|turn|26
|inactive|jsockamisama has 210 seconds left.
|
|t:|1728916321
|-singleturn|p1a: Swampert|move: Focus Punch
|move|p2a: Wyvern|Recover|p2a: Wyvern
|-heal|p2a: Wyvern|64/100
|move|p1a: Swampert|Focus Punch|p2a: Wyvern
|-damage|p2a: Wyvern|32/100
|
|-weather|Sandstorm|[upkeep]
|-damage|p2a: Wyvern|26/100|[from] Sandstorm
|-heal|p2a: Wyvern|32/100|[from] item: Leftovers
|-heal|p1a: Swampert|27/100|[from] item: Leftovers
|upkeep
|turn|27
|inactive|jsockamisama has 210 seconds left.
|
|t:|1728916334
|-singleturn|p1a: Swampert|move: Focus Punch
|move|p2a: Wyvern|Recover|p2a: Wyvern
|-heal|p2a: Wyvern|82/100
|move|p1a: Swampert|Focus Punch|p2a: Wyvern
|-damage|p2a: Wyvern|53/100
|
|-weather|Sandstorm|[upkeep]
|-damage|p2a: Wyvern|47/100|[from] Sandstorm
|-heal|p2a: Wyvern|53/100|[from] item: Leftovers
|-heal|p1a: Swampert|33/100|[from] item: Leftovers
|upkeep
|turn|28
|inactive|jsockamisama has 210 seconds left.
|
|t:|1728916348
|switch|p1a: Zapdos|Zapdos|100/100
|move|p2a: Wyvern|Recover|p2a: Wyvern
|-heal|p2a: Wyvern|100/100
|
|-weather|Sandstorm|[upkeep]
|-damage|p1a: Zapdos|94/100|[from] Sandstorm
|-damage|p2a: Wyvern|94/100|[from] Sandstorm
|-heal|p1a: Zapdos|100/100|[from] item: Leftovers
|-heal|p2a: Wyvern|100/100|[from] item: Leftovers
|upkeep
|turn|29
|inactive|jsockamisama has 210 seconds left.
|
|t:|1728916381
|switch|p2a: Ugly Duckling|Porygon2|62/100
|-ability|p2a: Ugly Duckling|Pressure|[from] ability: Trace|[of] p1a: Zapdos
|move|p1a: Zapdos|Thunderbolt|p2a: Ugly Duckling
|-damage|p2a: Ugly Duckling|19/100
|
|-weather|Sandstorm|[upkeep]
|-damage|p1a: Zapdos|94/100|[from] Sandstorm
|-damage|p2a: Ugly Duckling|13/100|[from] Sandstorm
|-heal|p1a: Zapdos|100/100|[from] item: Leftovers
|-heal|p2a: Ugly Duckling|19/100|[from] item: Leftovers
|upkeep
|turn|30
|
|t:|1728916403
|move|p1a: Zapdos|Thunderbolt|p2a: Ugly Duckling
|-damage|p2a: Ugly Duckling|0 fnt
|faint|p2a: Ugly Duckling
|
|t:|1728916405
|switch|p2a: Give me Bug|Heracross, F|71/100
|
|-weather|Sandstorm|[upkeep]
|-damage|p2a: Give me Bug|65/100|[from] Sandstorm
|-damage|p1a: Zapdos|94/100|[from] Sandstorm
|-heal|p1a: Zapdos|100/100|[from] item: Leftovers
|upkeep
|turn|31
|
|t:|1728916426
|move|p2a: Give me Bug|Rock Slide|p1a: Zapdos
|-supereffective|p1a: Zapdos
|-damage|p1a: Zapdos|26/100
|move|p1a: Zapdos|Thunderbolt|p2a: Give me Bug
|-damage|p2a: Give me Bug|9/100
|
|-weather|Sandstorm|[upkeep]
|-damage|p2a: Give me Bug|3/100|[from] Sandstorm
|-damage|p1a: Zapdos|20/100|[from] Sandstorm
|-heal|p1a: Zapdos|26/100|[from] item: Leftovers
|upkeep
|turn|32
|inactive|jsockamisama has 180 seconds left.
|
|t:|1728916451
|switch|p1a: Metagross|Metagross|61/100
|move|p2a: Give me Bug|Rock Slide|p1a: Metagross
|-resisted|p1a: Metagross
|-damage|p1a: Metagross|44/100
|
|-weather|Sandstorm|[upkeep]
|-damage|p2a: Give me Bug|0 fnt|[from] Sandstorm
|faint|p2a: Give me Bug
|upkeep
|
|t:|1728916455
|switch|p2a: Wyvern|Milotic, F|100/100
|turn|33
|
|t:|1728916460
|move|p1a: Metagross|Explosion|p2a: Wyvern
|-damage|p2a: Wyvern|0 fnt
|faint|p1a: Metagross
|faint|p2a: Wyvern
|
|win|jsockamisama
|c|☆Baptosta|gg
|c|☆jsockamisama|gg

</script>
<script type="application/json" class="data" id="replaydata-smogtours-gen3ou-798633">
{"id":"smogtours-gen3ou-798633","format":"[Gen 3] OU","players":["jsockamisama","Baptosta"],"uploadtime":1728916460,"views":94,"formatid":"gen3ou","rating":null,"private":0,"password":null}
</script>

<script defer src="js/replays.js?9d40a366"></script>
