<!DOCTYPE html>
<meta charset="utf-8" />
<meta name="viewport" content="width=device-width" />

<title>[Gen 3] OU: Social Inclusion vs. bluesenergy00 - Replays - Pok&eacute;mon Showdown!</title>

<meta name="description" content="Watch a replay of a Pok&eacute;mon battle between Social Inclusion and bluesenergy00! Format: [Gen 3] OU; Date: Nov 3, 2024" />
<!--

Hey, you! Looking in the source for the replay log?

You can find them in JSON format, just add `.json` at the end of a replay URL.

https://replay.pokemonshowdown.com/gen7randomdoublesbattle-865046831.json

Or, if you only need the log itself, add `.log` instead:

https://replay.pokemonshowdown.com/gen7randomdoublesbattle-865046831.log

-->

<link rel="stylesheet" href="//pokemonshowdown.com/style/global.css?0.023195364461161105" />
<link rel="stylesheet" href="//play.pokemonshowdown.com/style/font-awesome.css?0.13261647063804238" />
<link rel="stylesheet" href="//play.pokemonshowdown.com/style/battle.css?0.8753245789963631" />
<link rel="stylesheet" href="//play.pokemonshowdown.com/style/utilichart.css?0.8627959624976733" />

<!-- Global site tag (gtag.js) - Google Analytics -->
<script async src="https://www.googletagmanager.com/gtag/js?id=UA-26211653-1"></script>
<script>
  window.dataLayer = window.dataLayer || [];
  function gtag(){dataLayer.push(arguments);}
  gtag('js', new Date());

  gtag('config', 'UA-26211653-1');
</script>
<!-- End Google Analytics -->
<!-- Venatus Ad Manager - Install in <HEAD> of page -->
	<script src="https://hb.vntsm.com/v3/live/ad-manager.min.js" type="text/javascript" data-site-id="642aba63ec9a7b11c3c9c1be" data-mode="scan" async></script>
<!-- / Venatus Ad Manager -->

<style>
	@media (max-width:820px) {
		.battle {
			margin: 0 auto;
		}
		.battle-log {
			margin: 7px auto 0;
			max-width: 640px;
			height: 300px;
			position: static;
		}
	}
	.optgroup {
		display: inline-block;
		line-height: 22px;
		font-size: 10pt;
	}
	.optgroup .button {
		height: 25px;
		padding-top: 0;
		padding-bottom: 0;
	}
	.optgroup button.button {
		padding-left: 12px;
		padding-right: 12px;
	}
	.linklist {
		list-style: none;
		margin: 0.5em 0;
		padding: 0;
	}
	.linklist li {
		padding: 2px 0;
	}
	.sidebar {
		float: left;
		width: 320px;
	}
	.bar-wrapper {
		max-width: 1100px;
		margin: 0 auto;
	}
	.bar-wrapper.has-sidebar {
		max-width: 1430px;
	}
	.mainbar {
		margin: 0;
		padding-right: 1px;
	}
	.mainbar.has-sidebar {
		margin-left: 330px;
	}
	@media (min-width: 1511px) {
		.sidebar {
			width: 400px;
		}
		.bar-wrapper.has-sidebar {
			max-width: 1510px;
		}
		.mainbar.has-sidebar {
			margin-left: 410px;
		}
	}
	.section.first-section {
		margin-top: 9px;
	}
	.blocklink small {
		white-space: normal;
	}
	.button {
		vertical-align: middle;
	}
	.replay-controls {
		padding-top: 10px;
	}
	.replay-controls h1 {
		font-size: 16pt;
		font-weight: normal;
		color: #CCC;
	}
	.pagelink {
		text-align: center;
	}
	.pagelink a {
		width: 150px;
	}
	.textbox, .button {
		font-size: 11pt;
		vertical-align: middle;
	}
	@media (max-width: 450px) {
		.button {
			font-size: 9pt;
		}
	}
</style>

<div>

	<header>
		<div class="nav-wrapper"><ul class="nav">
			<li><a class="button nav-first" href="//pokemonshowdown.com/"><img src="//pokemonshowdown.com/images/pokemonshowdownbeta.png" srcset="//pokemonshowdown.com/images/pokemonshowdownbeta.png 1x, //pokemonshowdown.com/images/pokemonshowdownbeta@2x.png 2x" alt="Pok&eacute;mon Showdown" width="146" height="44" /> Home</a></li>
			<li><a class="button" href="//pokemonshowdown.com/dex/">Pok&eacute;dex</a></li>
			<li><a class="button cur" href="/">Replays</a></li>
			<li><a class="button" href="//pokemonshowdown.com/ladder/">Ladder</a></li>
			<li><a class="button nav-last" href="//pokemonshowdown.com/forums/">Forum</a></li>
			<li><a class="button greenbutton nav-first nav-last" href="//play.pokemonshowdown.com/">Play</a></li>
		</ul></div>
	</header>

	<div class="main" id="main">

		<noscript><section class="section">You need to enable JavaScript to use this page; sorry!</section></noscript>

	</div>

</div>

<script defer nomodule src="//play.pokemonshowdown.com/js/lib/ps-polyfill.js"></script>
<script defer src="//play.pokemonshowdown.com/js/lib/preact.min.js"></script>

<script defer src="//play.pokemonshowdown.com/config/config.js?2bddbc15"></script>
<script defer src="//play.pokemonshowdown.com/js/lib/jquery-1.11.0.min.js"></script>
<script defer src="//play.pokemonshowdown.com/js/lib/html-sanitizer-minified.js"></script>
<script defer src="//play.pokemonshowdown.com/js/battle-sound.js"></script>
<script defer src="//play.pokemonshowdown.com/js/battledata.js?0.7209276989879541"></script>
<script defer src="//play.pokemonshowdown.com/data/pokedex-mini.js?0.6111056340867951"></script>
<script defer src="//play.pokemonshowdown.com/data/pokedex-mini-bw.js?0.3532142036491459"></script>
<script defer src="//play.pokemonshowdown.com/data/graphics.js?0.24223875632456182"></script>
<script defer src="//play.pokemonshowdown.com/data/pokedex.js?0.38839984266356864"></script>
<script defer src="//play.pokemonshowdown.com/data/moves.js?0.21866028504024015"></script>
<script defer src="//play.pokemonshowdown.com/data/abilities.js?0.2005157953846628"></script>
<script defer src="//play.pokemonshowdown.com/data/items.js?0.9894211263848525"></script>
<script defer src="//play.pokemonshowdown.com/data/teambuilder-tables.js?0.6008791140282215"></script>
<script defer src="//play.pokemonshowdown.com/js/battle-tooltips.js?0.7580118955022959"></script>
<script defer src="//play.pokemonshowdown.com/js/battle.js?0.6057722274234274"></script>

<script defer src="js/utils.js?e31f9a17"></script>
<script defer src="js/replays-battle.js?7008c182"></script>

<!-- don't scrape this data! just add .json or .log after the URL!
Full API docs: https://github.com/smogon/pokemon-showdown-client/blob/master/WEB-API.md -->
<script type="text/plain" class="log" id="replaylog-smogtours-gen3ou-804525">
|inactive|Battle timer is ON: inactive players will automatically lose when time's up.
|t:|1730664005
|gametype|singles
|player|p1|Social Inclusion|scientist|
|player|p2|bluesenergy00|red|
|teamsize|p1|6
|teamsize|p2|6
|gen|3
|tier|[Gen 3] OU
|rule|Sleep Clause Mod: Limit one foe put to sleep
|rule|Switch Priority Clause Mod: Faster Pokémon switch first
|rule|Species Clause: Limit one of each Pokémon
|rule|OHKO Clause: OHKO moves are banned
|rule|Evasion Items Clause: Evasion items are banned
|rule|Evasion Moves Clause: Evasion moves are banned
|rule|Endless Battle Clause: Forcing endless battles is banned
|rule|HP Percentage Mod: HP is shown in percentages
|rule|One Boost Passer Clause: Limit one Baton Passer that has a way to boost its stats
|rule|Freeze Clause Mod: Limit one foe frozen
|
|t:|1730664005
|start
|switch|p1a: Dugtrio|Dugtrio, M|100/100
|switch|p2a: Metagross|Metagross|100/100
|turn|1
|c|☆bluesenergy00|Hf
|c|☆Social Inclusion|hf
|inactive|Social Inclusion has 270 seconds left.
|inactive|bluesenergy00 has 270 seconds left.
|inactive|Social Inclusion has 240 seconds left.
|inactive|bluesenergy00 has 240 seconds left.
|inactive|Social Inclusion has 210 seconds left.
|
|t:|1730664106
|switch|p1a: Claydol|Claydol|100/100
|move|p2a: Metagross|Meteor Mash|p1a: Claydol
|-damage|p1a: Claydol|48/100
|
|-heal|p1a: Claydol|55/100|[from] item: Leftovers
|upkeep
|turn|2
|inactive|bluesenergy00 has 270 seconds left.
|inactive|Social Inclusion has 240 seconds left.
|
|t:|1730664149
|switch|p1a: Milotic|Milotic, F|100/100
|switch|p2a: Celebi|Celebi|100/100
|
|upkeep
|turn|3
|inactive|bluesenergy00 has 240 seconds left.
|
|t:|1730664174
|switch|p1a: Skarmory|Skarmory, M|100/100
|move|p2a: Celebi|Calm Mind|p2a: Celebi
|-boost|p2a: Celebi|spa|1
|-boost|p2a: Celebi|spd|1
|
|upkeep
|turn|4
|
|t:|1730664183
|move|p2a: Celebi|Leech Seed|p1a: Skarmory
|-start|p1a: Skarmory|move: Leech Seed
|move|p1a: Skarmory|Spikes|p2a: Celebi
|-sidestart|p2: bluesenergy00|Spikes
|
|-damage|p1a: Skarmory|88/100|[from] Leech Seed|[of] p2a: Celebi
|upkeep
|turn|5
|inactive|Social Inclusion has 240 seconds left.
|
|t:|1730664189
|move|p2a: Celebi|Calm Mind|p2a: Celebi
|-boost|p2a: Celebi|spa|1
|-boost|p2a: Celebi|spd|1
|move|p1a: Skarmory|Roar|p2a: Celebi
|drag|p2a: Swampert|Swampert, F|100/100
|-damage|p2a: Swampert|88/100|[from] Spikes
|
|-heal|p1a: Skarmory|94/100|[from] item: Leftovers
|-damage|p1a: Skarmory|82/100|[from] Leech Seed|[of] p2a: Swampert
|-heal|p2a: Swampert|98/100|[silent]
|-heal|p2a: Swampert|100/100|[from] item: Leftovers
|upkeep
|turn|6
|
|t:|1730664204
|switch|p1a: Milotic|Milotic, F|100/100
|move|p2a: Swampert|Curse|p2a: Swampert
|-unboost|p2a: Swampert|spe|1
|-boost|p2a: Swampert|atk|1
|-boost|p2a: Swampert|def|1
|
|upkeep
|turn|7
|
|t:|1730664207
|switch|p2a: Snorlax|Snorlax, M|100/100
|-damage|p2a: Snorlax|88/100|[from] Spikes
|move|p1a: Milotic|Toxic|p2a: Snorlax
|-immune|p2a: Snorlax|[from] ability: Immunity
|
|-heal|p2a: Snorlax|94/100|[from] item: Leftovers
|upkeep
|turn|8
|inactive|bluesenergy00 has 270 seconds left.
|
|t:|1730664220
|switch|p1a: Skarmory|Skarmory, M|82/100
|switch|p2a: Magneton|Magneton|100/100
|-damage|p2a: Magneton|88/100|[from] Spikes
|
|-heal|p1a: Skarmory|88/100|[from] item: Leftovers
|upkeep
|turn|9
|inactive|Social Inclusion has 270 seconds left.
|
|t:|1730664229
|move|p2a: Magneton|Thunderbolt|p1a: Skarmory
|-supereffective|p1a: Skarmory
|-damage|p1a: Skarmory|0 fnt
|faint|p1a: Skarmory
|
|t:|1730664232
|switch|p1a: Dugtrio|Dugtrio, M|100/100
|
|upkeep
|turn|10
|
|t:|1730664234
|move|p1a: Dugtrio|Earthquake|p2a: Magneton
|-supereffective|p2a: Magneton
|-damage|p2a: Magneton|0 fnt
|faint|p2a: Magneton
|
|t:|1730664240
|switch|p2a: Celebi|Celebi|100/100
|-damage|p2a: Celebi|88/100|[from] Spikes
|
|-heal|p2a: Celebi|94/100|[from] item: Leftovers
|upkeep
|turn|11
|
|t:|1730664268
|switch|p1a: Milotic|Milotic, F|100/100
|move|p2a: Celebi|Calm Mind|p2a: Celebi
|-boost|p2a: Celebi|spa|1
|-boost|p2a: Celebi|spd|1
|
|-heal|p2a: Celebi|100/100|[from] item: Leftovers
|upkeep
|turn|12
|
|t:|1730664271
|move|p2a: Celebi|Giga Drain|p1a: Milotic
|-supereffective|p1a: Milotic
|-damage|p1a: Milotic|48/100
|move|p1a: Milotic|Toxic|p2a: Celebi
|-status|p2a: Celebi|tox
|
|-damage|p2a: Celebi|94/100 tox|[from] psn
|-heal|p1a: Milotic|55/100|[from] item: Leftovers
|upkeep
|turn|13
|
|t:|1730664279
|-curestatus|p2a: Celebi|tox|[from] ability: Natural Cure
|switch|p2a: Snorlax|Snorlax, M|94/100
|-damage|p2a: Snorlax|82/100|[from] Spikes
|move|p1a: Milotic|Recover|p1a: Milotic
|-heal|p1a: Milotic|100/100
|
|-heal|p2a: Snorlax|88/100|[from] item: Leftovers
|upkeep
|turn|14
|
|t:|1730664287
|switch|p1a: MC Hammer|Shedinja|100/100
|move|p2a: Snorlax|Body Slam|p1a: MC Hammer
|-immune|p1a: MC Hammer|[from] ability: Wonder Guard
|
|-heal|p2a: Snorlax|94/100|[from] item: Leftovers
|upkeep
|turn|15
|c|☆bluesenergy00|I see
|
|t:|1730664303
|switch|p1a: Blissey|Blissey, F|100/100
|move|p2a: Snorlax|Shadow Ball|p1a: Blissey
|-immune|p1a: Blissey
|
|-heal|p2a: Snorlax|100/100|[from] item: Leftovers
|upkeep
|turn|16
|
|t:|1730664323
|switch|p2a: Metagross|Metagross|100/100
|-damage|p2a: Metagross|88/100|[from] Spikes
|move|p1a: Blissey|Calm Mind|p1a: Blissey
|-boost|p1a: Blissey|spa|1
|-boost|p1a: Blissey|spd|1
|
|-heal|p2a: Metagross|94/100|[from] item: Leftovers
|upkeep
|turn|17
|
|t:|1730664336
|switch|p1a: Milotic|Milotic, F|100/100
|move|p2a: Metagross|Toxic|p1a: Milotic
|-status|p1a: Milotic|tox
|
|-damage|p1a: Milotic|94/100 tox|[from] psn
|-heal|p2a: Metagross|99/100|[from] item: Leftovers
|upkeep
|turn|18
|
|t:|1730664365
|switch|p2a: Snorlax|Snorlax, M|100/100
|-damage|p2a: Snorlax|88/100|[from] Spikes
|move|p1a: Milotic|Refresh|p1a: Milotic
|-curestatus|p1a: Milotic|tox|[msg]
|
|-heal|p1a: Milotic|100/100|[from] item: Leftovers
|-heal|p2a: Snorlax|94/100|[from] item: Leftovers
|upkeep
|turn|19
|
|t:|1730664368
|move|p1a: Milotic|Surf|p2a: Snorlax
|-damage|p2a: Snorlax|75/100
|move|p2a: Snorlax|Body Slam|p1a: Milotic
|-damage|p1a: Milotic|69/100
|
|-heal|p1a: Milotic|75/100|[from] item: Leftovers
|-heal|p2a: Snorlax|81/100|[from] item: Leftovers
|upkeep
|turn|20
|
|t:|1730664372
|move|p1a: Milotic|Surf|p2a: Snorlax
|-damage|p2a: Snorlax|63/100
|move|p2a: Snorlax|Body Slam|p1a: Milotic
|-damage|p1a: Milotic|42/100
|
|-heal|p1a: Milotic|48/100|[from] item: Leftovers
|-heal|p2a: Snorlax|69/100|[from] item: Leftovers
|upkeep
|turn|21
|
|t:|1730664378
|move|p1a: Milotic|Recover|p1a: Milotic
|-heal|p1a: Milotic|98/100
|move|p2a: Snorlax|Body Slam|p1a: Milotic
|-damage|p1a: Milotic|68/100
|
|-heal|p1a: Milotic|74/100|[from] item: Leftovers
|-heal|p2a: Snorlax|76/100|[from] item: Leftovers
|upkeep
|turn|22
|
|t:|1730664383
|move|p1a: Milotic|Surf|p2a: Snorlax
|-damage|p2a: Snorlax|57/100
|move|p2a: Snorlax|Body Slam|p1a: Milotic
|-damage|p1a: Milotic|44/100
|-status|p1a: Milotic|par
|
|-heal|p2a: Snorlax|63/100|[from] item: Leftovers
|-heal|p1a: Milotic|50/100 par|[from] item: Leftovers
|upkeep
|turn|23
|
|t:|1730664388
|switch|p2a: Celebi|Celebi|94/100
|-damage|p2a: Celebi|82/100|[from] Spikes
|move|p1a: Milotic|Recover|p1a: Milotic
|-heal|p1a: Milotic|99/100 par
|
|-heal|p2a: Celebi|88/100|[from] item: Leftovers
|-heal|p1a: Milotic|100/100 par|[from] item: Leftovers
|upkeep
|turn|24
|
|t:|1730664402
|move|p2a: Celebi|Calm Mind|p2a: Celebi
|-boost|p2a: Celebi|spa|1
|-boost|p2a: Celebi|spd|1
|move|p1a: Milotic|Toxic|p2a: Celebi
|-status|p2a: Celebi|tox
|
|-heal|p2a: Celebi|94/100 tox|[from] item: Leftovers
|-damage|p2a: Celebi|88/100 tox|[from] psn
|upkeep
|turn|25
|
|t:|1730664409
|move|p2a: Celebi|Leech Seed|p1a: Milotic
|-start|p1a: Milotic|move: Leech Seed
|move|p1a: Milotic|Surf|p2a: Celebi
|-resisted|p2a: Celebi
|-damage|p2a: Celebi|78/100 tox
|
|-heal|p2a: Celebi|84/100 tox|[from] item: Leftovers
|-damage|p2a: Celebi|72/100 tox|[from] psn
|-damage|p1a: Milotic|88/100 par|[from] Leech Seed|[of] p2a: Celebi
|-heal|p2a: Celebi|84/100 tox|[silent]
|upkeep
|turn|26
|
|t:|1730664422
|switch|p1a: Blissey|Blissey, F|100/100
|move|p2a: Celebi|Leech Seed|p1a: Blissey
|-start|p1a: Blissey|move: Leech Seed
|
|-heal|p2a: Celebi|90/100 tox|[from] item: Leftovers
|-damage|p2a: Celebi|72/100 tox|[from] psn
|-damage|p1a: Blissey|88/100|[from] Leech Seed|[of] p2a: Celebi
|-heal|p2a: Celebi|92/100 tox|[silent]
|upkeep
|turn|27
|
|t:|1730664432
|-curestatus|p2a: Celebi|tox|[from] ability: Natural Cure
|switch|p2a: Snorlax|Snorlax, M|63/100
|-damage|p2a: Snorlax|51/100|[from] Spikes
|switch|p1a: MC Hammer|Shedinja|100/100
|
|-heal|p2a: Snorlax|57/100|[from] item: Leftovers
|upkeep
|turn|28
|
|t:|1730664453
|switch|p1a: Milotic|Milotic, F|88/100 par
|move|p2a: Snorlax|Shadow Ball|p1a: Milotic
|-crit|p1a: Milotic
|-damage|p1a: Milotic|64/100 par
|
|-heal|p2a: Snorlax|63/100|[from] item: Leftovers
|-heal|p1a: Milotic|70/100 par|[from] item: Leftovers
|upkeep
|turn|29
|
|t:|1730664458
|move|p2a: Snorlax|Body Slam|p1a: Milotic
|-damage|p1a: Milotic|49/100 par
|move|p1a: Milotic|Surf|p2a: Snorlax
|-damage|p2a: Snorlax|44/100
|
|-heal|p2a: Snorlax|50/100|[from] item: Leftovers
|-heal|p1a: Milotic|55/100 par|[from] item: Leftovers
|upkeep
|turn|30
|
|t:|1730664465
|move|p2a: Snorlax|Self-Destruct|p1a: Milotic
|-damage|p1a: Milotic|0 fnt
|faint|p2a: Snorlax
|faint|p1a: Milotic
|inactive|Social Inclusion has 270 seconds left.
|
|t:|1730664498
|switch|p1a: Claydol|Claydol|55/100
|switch|p2a: Gyarados|Gyarados, M|100/100
|-ability|p2a: Gyarados|Intimidate|boost
|-unboost|p1a: Claydol|atk|1
|
|-heal|p1a: Claydol|61/100|[from] item: Leftovers
|upkeep
|turn|31
|
|t:|1730664519
|switch|p1a: Blissey|Blissey, F|88/100
|move|p2a: Gyarados|Dragon Dance|p2a: Gyarados
|-boost|p2a: Gyarados|atk|1
|-boost|p2a: Gyarados|spe|1
|
|-heal|p1a: Blissey|94/100|[from] item: Leftovers
|upkeep
|turn|32
|
|t:|1730664522
|switch|p2a: Swampert|Swampert, F|100/100
|-damage|p2a: Swampert|88/100|[from] Spikes
|move|p1a: Blissey|Thunderbolt|p2a: Swampert
|-immune|p2a: Swampert
|
|-heal|p1a: Blissey|99/100|[from] item: Leftovers
|-heal|p2a: Swampert|94/100|[from] item: Leftovers
|upkeep
|turn|33
|
|t:|1730664527
|switch|p1a: MC Hammer|Shedinja|100/100
|switch|p2a: Metagross|Metagross|99/100
|-damage|p2a: Metagross|88/100|[from] Spikes
|
|-heal|p2a: Metagross|94/100|[from] item: Leftovers
|upkeep
|turn|34
|
|t:|1730664535
|switch|p1a: Claydol|Claydol|61/100
|move|p2a: Metagross|Toxic|p1a: Claydol
|-status|p1a: Claydol|tox
|
|-heal|p1a: Claydol|67/100 tox|[from] item: Leftovers
|-damage|p1a: Claydol|61/100 tox|[from] psn
|-heal|p2a: Metagross|99/100|[from] item: Leftovers
|upkeep
|turn|35
|
|t:|1730664544
|switch|p2a: Gyarados|Gyarados, M|100/100
|-ability|p2a: Gyarados|Intimidate|boost
|-unboost|p1a: Claydol|atk|1
|move|p1a: Claydol|Refresh|p1a: Claydol
|-curestatus|p1a: Claydol|tox|[msg]
|
|-heal|p1a: Claydol|67/100|[from] item: Leftovers
|upkeep
|turn|36
|
|t:|1730664550
|switch|p1a: Blissey|Blissey, F|99/100
|move|p2a: Gyarados|Hidden Power|p1a: Blissey
|-damage|p1a: Blissey|61/100
|
|-heal|p1a: Blissey|67/100|[from] item: Leftovers
|upkeep
|turn|37
|
|t:|1730664560
|switch|p2a: Swampert|Swampert, F|94/100
|-damage|p2a: Swampert|82/100|[from] Spikes
|move|p1a: Blissey|Soft-Boiled|p1a: Blissey
|-heal|p1a: Blissey|100/100
|
|-heal|p2a: Swampert|88/100|[from] item: Leftovers
|upkeep
|turn|38
|
|t:|1730664569
|switch|p1a: MC Hammer|Shedinja|100/100
|switch|p2a: Metagross|Metagross|99/100
|-damage|p2a: Metagross|88/100|[from] Spikes
|
|-heal|p2a: Metagross|94/100|[from] item: Leftovers
|upkeep
|turn|39
|
|t:|1730664574
|move|p1a: MC Hammer|Protect|p1a: MC Hammer
|-singleturn|p1a: MC Hammer|Protect
|move|p2a: Metagross|Toxic|p1a: MC Hammer
|-activate|p1a: MC Hammer|Protect
|
|-heal|p2a: Metagross|99/100|[from] item: Leftovers
|upkeep
|turn|40
|
|t:|1730664580
|switch|p1a: Claydol|Claydol|67/100
|move|p2a: Metagross|Meteor Mash|p1a: Claydol
|-damage|p1a: Claydol|8/100
|
|-heal|p1a: Claydol|14/100|[from] item: Leftovers
|-heal|p2a: Metagross|100/100|[from] item: Leftovers
|upkeep
|turn|41
|
|t:|1730664590
|switch|p2a: Gyarados|Gyarados, M|100/100
|-ability|p2a: Gyarados|Intimidate|boost
|-unboost|p1a: Claydol|atk|1
|move|p1a: Claydol|Hidden Power|p2a: Gyarados
|-resisted|p2a: Gyarados
|-damage|p2a: Gyarados|91/100
|
|-heal|p2a: Gyarados|97/100|[from] item: Leftovers
|-heal|p1a: Claydol|20/100|[from] item: Leftovers
|upkeep
|turn|42
|
|t:|1730664597
|switch|p1a: Blissey|Blissey, F|100/100
|move|p2a: Gyarados|Hidden Power|p1a: Blissey
|-damage|p1a: Blissey|58/100
|
|-heal|p2a: Gyarados|100/100|[from] item: Leftovers
|-heal|p1a: Blissey|64/100|[from] item: Leftovers
|upkeep
|turn|43
|
|t:|1730664603
|move|p2a: Gyarados|Hidden Power|p1a: Blissey
|-damage|p1a: Blissey|25/100
|move|p1a: Blissey|Soft-Boiled|p1a: Blissey
|-heal|p1a: Blissey|75/100
|
|-heal|p1a: Blissey|81/100|[from] item: Leftovers
|upkeep
|turn|44
|
|t:|1730664613
|switch|p2a: Swampert|Swampert, F|88/100
|-damage|p2a: Swampert|76/100|[from] Spikes
|move|p1a: Blissey|Thunderbolt|p2a: Swampert
|-immune|p2a: Swampert
|
|-heal|p1a: Blissey|87/100|[from] item: Leftovers
|-heal|p2a: Swampert|82/100|[from] item: Leftovers
|upkeep
|turn|45
|
|t:|1730664629
|switch|p1a: MC Hammer|Shedinja|100/100
|switch|p2a: Metagross|Metagross|100/100
|-damage|p2a: Metagross|88/100|[from] Spikes
|
|-heal|p2a: Metagross|94/100|[from] item: Leftovers
|upkeep
|turn|46
|
|t:|1730664635
|switch|p1a: Claydol|Claydol|20/100
|move|p2a: Metagross|Toxic|p1a: Claydol
|-status|p1a: Claydol|tox
|
|-heal|p1a: Claydol|26/100 tox|[from] item: Leftovers
|-damage|p1a: Claydol|20/100 tox|[from] psn
|-heal|p2a: Metagross|99/100|[from] item: Leftovers
|upkeep
|turn|47
|
|t:|1730664651
|switch|p2a: Celebi|Celebi|92/100
|-damage|p2a: Celebi|79/100|[from] Spikes
|move|p1a: Claydol|Hidden Power|p2a: Celebi
|-supereffective|p2a: Celebi
|-damage|p2a: Celebi|47/100
|
|-heal|p2a: Celebi|53/100|[from] item: Leftovers
|-heal|p1a: Claydol|26/100 tox|[from] item: Leftovers
|-damage|p1a: Claydol|14/100 tox|[from] psn
|upkeep
|turn|48
|
|t:|1730664661
|move|p2a: Celebi|Leech Seed|p1a: Claydol|[miss]
|-miss|p2a: Celebi|p1a: Claydol
|move|p1a: Claydol|Hidden Power|p2a: Celebi
|-supereffective|p2a: Celebi
|-damage|p2a: Celebi|24/100
|
|-heal|p2a: Celebi|30/100|[from] item: Leftovers
|-heal|p1a: Claydol|20/100 tox|[from] item: Leftovers
|-damage|p1a: Claydol|2/100 tox|[from] psn
|upkeep
|turn|49
|
|t:|1730664677
|move|p2a: Celebi|Giga Drain|p1a: Claydol
|-supereffective|p1a: Claydol
|-damage|p1a: Claydol|0 fnt
|-heal|p2a: Celebi|30/100|[from] drain|[of] p1a: Claydol
|faint|p1a: Claydol
|
|t:|1730664679
|switch|p1a: Dugtrio|Dugtrio, M|100/100
|
|-heal|p2a: Celebi|37/100|[from] item: Leftovers
|upkeep
|turn|50
|
|t:|1730664681
|move|p1a: Dugtrio|Hidden Power|p2a: Celebi
|-supereffective|p2a: Celebi
|-damage|p2a: Celebi|0 fnt
|faint|p2a: Celebi
|
|t:|1730664698
|switch|p2a: Metagross|Metagross|99/100
|-damage|p2a: Metagross|88/100|[from] Spikes
|
|-heal|p2a: Metagross|94/100|[from] item: Leftovers
|upkeep
|turn|51
|
|t:|1730664717
|switch|p1a: MC Hammer|Shedinja|100/100
|move|p2a: Metagross|Toxic|p1a: MC Hammer
|-status|p1a: MC Hammer|tox
|-enditem|p1a: MC Hammer|Lum Berry|[eat]
|-curestatus|p1a: MC Hammer|tox|[msg]
|
|-heal|p2a: Metagross|99/100|[from] item: Leftovers
|upkeep
|turn|52
|
|t:|1730664733
|switch|p2a: Gyarados|Gyarados, M|100/100
|-ability|p2a: Gyarados|Intimidate|boost
|-unboost|p1a: MC Hammer|atk|1
|move|p1a: MC Hammer|Shadow Ball|p2a: Gyarados
|-damage|p2a: Gyarados|69/100
|
|-heal|p2a: Gyarados|75/100|[from] item: Leftovers
|upkeep
|turn|53
|
|t:|1730664743
|switch|p1a: Blissey|Blissey, F|87/100
|move|p2a: Gyarados|Double-Edge|p1a: Blissey
|-damage|p1a: Blissey|40/100
|-damage|p2a: Gyarados|46/100|[from] Recoil|[of] p1a: Blissey
|
|-heal|p2a: Gyarados|52/100|[from] item: Leftovers
|-heal|p1a: Blissey|46/100|[from] item: Leftovers
|upkeep
|turn|54
|
|t:|1730664747
|move|p2a: Gyarados|Double-Edge|p1a: Blissey
|-damage|p1a: Blissey|0 fnt
|-damage|p2a: Gyarados|23/100|[from] Recoil|[of] p1a: Blissey
|faint|p1a: Blissey
|c|☆Social Inclusion|gg mate!
|-message|Social Inclusion forfeited.
|
|win|bluesenergy00
|c|☆bluesenergy00|Gg
|c|☆Social Inclusion|rooting for you to win the tour!
|c|☆bluesenergy00|Hey, let's see how it goes

</script>
<script type="application/json" class="data" id="replaydata-smogtours-gen3ou-804525">
{"id":"smogtours-gen3ou-804525","format":"[Gen 3] OU","players":["Social Inclusion","bluesenergy00"],"uploadtime":1730664758,"views":88,"formatid":"gen3ou","rating":null,"private":0,"password":null}
</script>

<script defer src="js/replays.js?9d40a366"></script>
