<!DOCTYPE html>
<meta charset="utf-8" />
<meta name="viewport" content="width=device-width" />

<title>[Gen 3] OU: BongMoodeus vs. singingcrow - Replays - Pok&eacute;mon Showdown!</title>

<meta name="description" content="Watch a replay of a Pok&eacute;mon battle between BongMoodeus and singingcrow! Format: [Gen 3] OU; Date: Oct 9, 2024" />
<!--

Hey, you! Looking in the source for the replay log?

You can find them in JSON format, just add `.json` at the end of a replay URL.

https://replay.pokemonshowdown.com/gen7randomdoublesbattle-865046831.json

Or, if you only need the log itself, add `.log` instead:

https://replay.pokemonshowdown.com/gen7randomdoublesbattle-865046831.log

-->

<link rel="stylesheet" href="//pokemonshowdown.com/style/global.css?0.767286132409787" />
<link rel="stylesheet" href="//play.pokemonshowdown.com/style/font-awesome.css?0.9266228007934947" />
<link rel="stylesheet" href="//play.pokemonshowdown.com/style/battle.css?0.7924700842790926" />
<link rel="stylesheet" href="//play.pokemonshowdown.com/style/utilichart.css?0.8777417872839479" />

<!-- Global site tag (gtag.js) - Google Analytics -->
<script async src="https://www.googletagmanager.com/gtag/js?id=UA-26211653-1"></script>
<script>
  window.dataLayer = window.dataLayer || [];
  function gtag(){dataLayer.push(arguments);}
  gtag('js', new Date());

  gtag('config', 'UA-26211653-1');
</script>
<!-- End Google Analytics -->
<!-- Venatus Ad Manager - Install in <HEAD> of page -->
	<script src="https://hb.vntsm.com/v3/live/ad-manager.min.js" type="text/javascript" data-site-id="642aba63ec9a7b11c3c9c1be" data-mode="scan" async></script>
<!-- / Venatus Ad Manager -->

<style>
	@media (max-width:820px) {
		.battle {
			margin: 0 auto;
		}
		.battle-log {
			margin: 7px auto 0;
			max-width: 640px;
			height: 300px;
			position: static;
		}
	}
	.optgroup {
		display: inline-block;
		line-height: 22px;
		font-size: 10pt;
	}
	.optgroup .button {
		height: 25px;
		padding-top: 0;
		padding-bottom: 0;
	}
	.optgroup button.button {
		padding-left: 12px;
		padding-right: 12px;
	}
	.linklist {
		list-style: none;
		margin: 0.5em 0;
		padding: 0;
	}
	.linklist li {
		padding: 2px 0;
	}
	.sidebar {
		float: left;
		width: 320px;
	}
	.bar-wrapper {
		max-width: 1100px;
		margin: 0 auto;
	}
	.bar-wrapper.has-sidebar {
		max-width: 1430px;
	}
	.mainbar {
		margin: 0;
		padding-right: 1px;
	}
	.mainbar.has-sidebar {
		margin-left: 330px;
	}
	@media (min-width: 1511px) {
		.sidebar {
			width: 400px;
		}
		.bar-wrapper.has-sidebar {
			max-width: 1510px;
		}
		.mainbar.has-sidebar {
			margin-left: 410px;
		}
	}
	.section.first-section {
		margin-top: 9px;
	}
	.blocklink small {
		white-space: normal;
	}
	.button {
		vertical-align: middle;
	}
	.replay-controls {
		padding-top: 10px;
	}
	.replay-controls h1 {
		font-size: 16pt;
		font-weight: normal;
		color: #CCC;
	}
	.pagelink {
		text-align: center;
	}
	.pagelink a {
		width: 150px;
	}
	.textbox, .button {
		font-size: 11pt;
		vertical-align: middle;
	}
	@media (max-width: 450px) {
		.button {
			font-size: 9pt;
		}
	}
</style>

<div>

	<header>
		<div class="nav-wrapper"><ul class="nav">
			<li><a class="button nav-first" href="//pokemonshowdown.com/"><img src="//pokemonshowdown.com/images/pokemonshowdownbeta.png" srcset="//pokemonshowdown.com/images/pokemonshowdownbeta.png 1x, //pokemonshowdown.com/images/pokemonshowdownbeta@2x.png 2x" alt="Pok&eacute;mon Showdown" width="146" height="44" /> Home</a></li>
			<li><a class="button" href="//pokemonshowdown.com/dex/">Pok&eacute;dex</a></li>
			<li><a class="button cur" href="/">Replays</a></li>
			<li><a class="button" href="//pokemonshowdown.com/ladder/">Ladder</a></li>
			<li><a class="button nav-last" href="//pokemonshowdown.com/forums/">Forum</a></li>
			<li><a class="button greenbutton nav-first nav-last" href="//play.pokemonshowdown.com/">Play</a></li>
		</ul></div>
	</header>

	<div class="main" id="main">

		<noscript><section class="section">You need to enable JavaScript to use this page; sorry!</section></noscript>

	</div>

</div>

<script defer nomodule src="//play.pokemonshowdown.com/js/lib/ps-polyfill.js"></script>
<script defer src="//play.pokemonshowdown.com/js/lib/preact.min.js"></script>

<script defer src="//play.pokemonshowdown.com/config/config.js?6dec07f6"></script>
<script defer src="//play.pokemonshowdown.com/js/lib/jquery-1.11.0.min.js"></script>
<script defer src="//play.pokemonshowdown.com/js/lib/html-sanitizer-minified.js"></script>
<script defer src="//play.pokemonshowdown.com/js/battle-sound.js"></script>
<script defer src="//play.pokemonshowdown.com/js/battledata.js?0.6315294753075389"></script>
<script defer src="//play.pokemonshowdown.com/data/pokedex-mini.js?0.7603743185311358"></script>
<script defer src="//play.pokemonshowdown.com/data/pokedex-mini-bw.js?0.030888842834281283"></script>
<script defer src="//play.pokemonshowdown.com/data/graphics.js?0.05593094747507488"></script>
<script defer src="//play.pokemonshowdown.com/data/pokedex.js?0.47064822249611904"></script>
<script defer src="//play.pokemonshowdown.com/data/moves.js?0.8583693120512459"></script>
<script defer src="//play.pokemonshowdown.com/data/abilities.js?0.16017181182386842"></script>
<script defer src="//play.pokemonshowdown.com/data/items.js?0.4163379185673943"></script>
<script defer src="//play.pokemonshowdown.com/data/teambuilder-tables.js?0.31075597372830477"></script>
<script defer src="//play.pokemonshowdown.com/js/battle-tooltips.js?0.6536193500708172"></script>
<script defer src="//play.pokemonshowdown.com/js/battle.js?0.1916591943277901"></script>

<script defer src="js/utils.js?e31f9a17"></script>
<script defer src="js/replays-battle.js?7008c182"></script>

<!-- don't scrape this data! just add .json or .log after the URL!
Full API docs: https://github.com/smogon/pokemon-showdown-client/blob/master/WEB-API.md -->
<script type="text/plain" class="log" id="replaylog-smogtours-gen3ou-796727">
|inactive|Battle timer is ON: inactive players will automatically lose when time's up.
|t:|1728503184
|gametype|singles
|player|p1|BongMoodeus|102|
|player|p2|singingcrow|2|
|teamsize|p1|6
|teamsize|p2|6
|gen|3
|tier|[Gen 3] OU
|rule|Sleep Clause Mod: Limit one foe put to sleep
|rule|Switch Priority Clause Mod: Faster Pokémon switch first
|rule|Species Clause: Limit one of each Pokémon
|rule|OHKO Clause: OHKO moves are banned
|rule|Evasion Items Clause: Evasion items are banned
|rule|Evasion Moves Clause: Evasion moves are banned
|rule|Endless Battle Clause: Forcing endless battles is banned
|rule|HP Percentage Mod: HP is shown in percentages
|rule|One Boost Passer Clause: Limit one Baton Passer that has a way to boost its stats
|rule|Freeze Clause Mod: Limit one foe frozen
|
|t:|1728503184
|start
|switch|p1a: Mr. Tar|Tyranitar, M, shiny|100/100
|switch|p2a: Zapdos|Zapdos|100/100
|-weather|Sandstorm|[from] ability: Sand Stream|[of] p1a: Mr. Tar
|turn|1
|c|☆BongMoodeus|gl hf
|c|☆singingcrow|glhf
|inactive|singingcrow has 270 seconds left.
|
|t:|1728503217
|move|p2a: Zapdos|Thunder Wave|p1a: Mr. Tar
|-status|p1a: Mr. Tar|par
|-enditem|p1a: Mr. Tar|Lum Berry|[eat]
|-curestatus|p1a: Mr. Tar|par|[msg]
|move|p1a: Mr. Tar|Dragon Dance|p1a: Mr. Tar
|-boost|p1a: Mr. Tar|atk|1
|-boost|p1a: Mr. Tar|spe|1
|
|-weather|Sandstorm|[upkeep]
|-damage|p2a: Zapdos|94/100|[from] Sandstorm
|-heal|p2a: Zapdos|100/100|[from] item: Leftovers
|upkeep
|turn|2
|
|t:|1728503221
|move|p1a: Mr. Tar|Rock Slide|p2a: Zapdos
|-supereffective|p2a: Zapdos
|-damage|p2a: Zapdos|0 fnt
|faint|p2a: Zapdos
|
|t:|1728503224
|switch|p2a: Flygon|Flygon, M|100/100
|
|-weather|Sandstorm|[upkeep]
|upkeep
|turn|3
|
|t:|1728503229
|switch|p1a: Cloud|Gengar, M, shiny|100/100
|move|p2a: Flygon|Earthquake|p1a: Cloud
|-immune|p1a: Cloud
|
|-weather|Sandstorm|[upkeep]
|-damage|p1a: Cloud|95/100|[from] Sandstorm
|-heal|p1a: Cloud|100/100|[from] item: Leftovers
|upkeep
|turn|4
|
|t:|1728503232
|switch|p2a: Tyranitar|Tyranitar, F|100/100
|move|p1a: Cloud|Will-O-Wisp|p2a: Tyranitar
|-status|p2a: Tyranitar|brn
|
|-weather|Sandstorm|[upkeep]
|-damage|p1a: Cloud|95/100|[from] Sandstorm
|-heal|p1a: Cloud|100/100|[from] item: Leftovers
|-damage|p2a: Tyranitar|88/100 brn|[from] brn
|upkeep
|turn|5
|
|t:|1728503238
|-activate|p1a: Cloud|move: Pursuit
|move|p2a: Tyranitar|Pursuit|p1a: Cloud|[from]Pursuit
|-supereffective|p1a: Cloud
|-damage|p1a: Cloud|15/100
|switch|p1a: Bongmodeus|Swampert, F|100/100
|
|-weather|Sandstorm|[upkeep]
|-heal|p2a: Tyranitar|94/100 brn|[from] item: Leftovers
|-damage|p2a: Tyranitar|82/100 brn|[from] brn
|upkeep
|turn|6
|
|t:|1728503243
|move|p1a: Bongmodeus|Protect|p1a: Bongmodeus
|-singleturn|p1a: Bongmodeus|Protect
|move|p2a: Tyranitar|Hidden Power|p1a: Bongmodeus
|-activate|p1a: Bongmodeus|Protect
|
|-weather|Sandstorm|[upkeep]
|-heal|p2a: Tyranitar|88/100 brn|[from] item: Leftovers
|-damage|p2a: Tyranitar|76/100 brn|[from] brn
|upkeep
|turn|7
|
|t:|1728503249
|switch|p1a: Iron Lung|Skarmory, M, shiny|100/100
|switch|p2a: Suicune|Suicune|100/100
|
|-weather|Sandstorm|[upkeep]
|-damage|p2a: Suicune|94/100|[from] Sandstorm
|-heal|p2a: Suicune|100/100|[from] item: Leftovers
|upkeep
|turn|8
|
|t:|1728503263
|move|p2a: Suicune|Calm Mind|p2a: Suicune
|-boost|p2a: Suicune|spa|1
|-boost|p2a: Suicune|spd|1
|move|p1a: Iron Lung|Spikes|p2a: Suicune
|-sidestart|p2: singingcrow|Spikes
|
|-weather|Sandstorm|[upkeep]
|-damage|p2a: Suicune|94/100|[from] Sandstorm
|-heal|p2a: Suicune|100/100|[from] item: Leftovers
|upkeep
|turn|9
|
|t:|1728503266
|move|p2a: Suicune|Hydro Pump|p1a: Iron Lung
|-damage|p1a: Iron Lung|12/100
|move|p1a: Iron Lung|Roar|p2a: Suicune
|drag|p2a: Rhydon|Rhydon, M|100/100
|-damage|p2a: Rhydon|88/100|[from] Spikes
|
|-weather|Sandstorm|[upkeep]
|-heal|p1a: Iron Lung|18/100|[from] item: Leftovers
|-heal|p2a: Rhydon|94/100|[from] item: Leftovers
|upkeep
|turn|10
|
|t:|1728503277
|move|p1a: Iron Lung|Spikes|p2a: Rhydon
|-sidestart|p2: singingcrow|Spikes
|move|p2a: Rhydon|Swords Dance|p2a: Rhydon
|-boost|p2a: Rhydon|atk|2
|
|-weather|Sandstorm|[upkeep]
|-heal|p1a: Iron Lung|24/100|[from] item: Leftovers
|-heal|p2a: Rhydon|100/100|[from] item: Leftovers
|upkeep
|turn|11
|
|t:|1728503280
|move|p2a: Rhydon|Rock Slide|p1a: Iron Lung
|-damage|p1a: Iron Lung|0 fnt
|faint|p1a: Iron Lung
|
|t:|1728503285
|switch|p1a: Bongmodeus|Swampert, F|100/100
|
|-weather|Sandstorm|[upkeep]
|upkeep
|turn|12
|
|t:|1728503290
|switch|p2a: Suicune|Suicune|100/100
|-damage|p2a: Suicune|84/100|[from] Spikes
|move|p1a: Bongmodeus|Surf|p2a: Suicune
|-resisted|p2a: Suicune
|-damage|p2a: Suicune|71/100
|
|-weather|Sandstorm|[upkeep]
|-damage|p2a: Suicune|65/100|[from] Sandstorm
|-heal|p2a: Suicune|71/100|[from] item: Leftovers
|upkeep
|turn|13
|
|t:|1728503296
|move|p2a: Suicune|Hydro Pump|p1a: Bongmodeus
|-damage|p1a: Bongmodeus|55/100
|move|p1a: Bongmodeus|Roar|p2a: Suicune
|drag|p2a: Rhydon|Rhydon, M|100/100
|-damage|p2a: Rhydon|84/100|[from] Spikes
|
|-weather|Sandstorm|[upkeep]
|-heal|p1a: Bongmodeus|61/100|[from] item: Leftovers
|-heal|p2a: Rhydon|90/100|[from] item: Leftovers
|upkeep
|turn|14
|
|t:|1728503305
|-singleturn|p1a: Bongmodeus|move: Focus Punch
|switch|p2a: Flygon|Flygon, M|100/100
|move|p1a: Bongmodeus|Focus Punch|p2a: Flygon
|-damage|p2a: Flygon|63/100
|
|-weather|Sandstorm|[upkeep]
|-heal|p2a: Flygon|69/100|[from] item: Leftovers
|-heal|p1a: Bongmodeus|67/100|[from] item: Leftovers
|upkeep
|turn|15
|
|t:|1728503308
|move|p1a: Bongmodeus|Protect|p1a: Bongmodeus
|-singleturn|p1a: Bongmodeus|Protect
|move|p2a: Flygon|Earthquake|p1a: Bongmodeus
|-activate|p1a: Bongmodeus|Protect
|
|-weather|Sandstorm|[upkeep]
|-heal|p2a: Flygon|75/100|[from] item: Leftovers
|-heal|p1a: Bongmodeus|73/100|[from] item: Leftovers
|upkeep
|turn|16
|
|t:|1728503315
|move|p2a: Flygon|Dragon Breath|p1a: Bongmodeus
|-damage|p1a: Bongmodeus|59/100
|move|p1a: Bongmodeus|Surf|p2a: Flygon
|-damage|p2a: Flygon|30/100
|
|-weather|Sandstorm|[upkeep]
|-heal|p2a: Flygon|36/100|[from] item: Leftovers
|-heal|p1a: Bongmodeus|65/100|[from] item: Leftovers
|upkeep
|turn|17
|
|t:|1728503319
|move|p2a: Flygon|Earthquake|p1a: Bongmodeus
|-damage|p1a: Bongmodeus|34/100
|move|p1a: Bongmodeus|Surf|p2a: Flygon
|-damage|p2a: Flygon|0 fnt
|faint|p2a: Flygon
|
|t:|1728503322
|switch|p2a: Tyranitar|Tyranitar, F|76/100 brn
|-damage|p2a: Tyranitar|59/100 brn|[from] Spikes
|
|-weather|Sandstorm|[upkeep]
|-heal|p1a: Bongmodeus|40/100|[from] item: Leftovers
|-heal|p2a: Tyranitar|65/100 brn|[from] item: Leftovers
|-damage|p2a: Tyranitar|53/100 brn|[from] brn
|upkeep
|turn|18
|
|t:|1728503325
|move|p1a: Bongmodeus|Protect|p1a: Bongmodeus
|-singleturn|p1a: Bongmodeus|Protect
|move|p2a: Tyranitar|Hidden Power|p1a: Bongmodeus
|-activate|p1a: Bongmodeus|Protect
|
|-weather|Sandstorm|[upkeep]
|-heal|p1a: Bongmodeus|46/100|[from] item: Leftovers
|-heal|p2a: Tyranitar|59/100 brn|[from] item: Leftovers
|-damage|p2a: Tyranitar|47/100 brn|[from] brn
|upkeep
|turn|19
|
|t:|1728503329
|switch|p1a: Cloud|Gengar, M, shiny|15/100
|move|p2a: Tyranitar|Hidden Power|p1a: Cloud
|-resisted|p1a: Cloud
|-damage|p1a: Cloud|2/100
|
|-weather|Sandstorm|[upkeep]
|-damage|p1a: Cloud|0 fnt|[from] Sandstorm
|faint|p1a: Cloud
|-heal|p2a: Tyranitar|53/100 brn|[from] item: Leftovers
|-damage|p2a: Tyranitar|41/100 brn|[from] brn
|upkeep
|
|t:|1728503337
|switch|p1a: Vaporizer|Jolteon, F|100/100
|turn|20
|
|t:|1728503341
|move|p1a: Vaporizer|Thunderbolt|p2a: Tyranitar
|-damage|p2a: Tyranitar|2/100 brn
|move|p2a: Tyranitar|Crunch|p1a: Vaporizer
|-damage|p1a: Vaporizer|48/100
|
|-weather|Sandstorm|[upkeep]
|-damage|p1a: Vaporizer|42/100|[from] Sandstorm
|-heal|p1a: Vaporizer|48/100|[from] item: Leftovers
|-heal|p2a: Tyranitar|8/100 brn|[from] item: Leftovers
|-damage|p2a: Tyranitar|0 fnt|[from] brn
|faint|p2a: Tyranitar
|upkeep
|
|t:|1728503346
|switch|p2a: Snorlax|Snorlax, F|100/100
|-damage|p2a: Snorlax|84/100|[from] Spikes
|turn|21
|
|t:|1728503366
|move|p1a: Vaporizer|Baton Pass|p1a: Vaporizer
|
|t:|1728503367
|switch|p1a: Mr. Tar|Tyranitar, M, shiny|100/100|[from] Baton Pass
|move|p2a: Snorlax|Body Slam|p1a: Mr. Tar
|-resisted|p1a: Mr. Tar
|-damage|p1a: Mr. Tar|79/100
|
|-weather|Sandstorm|[upkeep]
|-damage|p2a: Snorlax|78/100|[from] Sandstorm
|-heal|p2a: Snorlax|84/100|[from] item: Leftovers
|upkeep
|turn|22
|
|t:|1728503373
|-singleturn|p2a: Snorlax|move: Focus Punch
|move|p1a: Mr. Tar|Dragon Dance|p1a: Mr. Tar
|-boost|p1a: Mr. Tar|atk|1
|-boost|p1a: Mr. Tar|spe|1
|move|p2a: Snorlax|Focus Punch|p1a: Mr. Tar
|-supereffective|p1a: Mr. Tar
|-damage|p1a: Mr. Tar|0 fnt
|faint|p1a: Mr. Tar
|
|t:|1728503380
|switch|p1a: Puff|Salamence, M|100/100
|-ability|p1a: Puff|Intimidate|boost
|-unboost|p2a: Snorlax|atk|1
|
|-weather|Sandstorm|[upkeep]
|-damage|p1a: Puff|94/100|[from] Sandstorm
|-damage|p2a: Snorlax|78/100|[from] Sandstorm
|-heal|p1a: Puff|100/100|[from] item: Leftovers
|-heal|p2a: Snorlax|84/100|[from] item: Leftovers
|upkeep
|turn|23
|
|t:|1728503386
|switch|p2a: Suicune|Suicune|71/100
|-damage|p2a: Suicune|55/100|[from] Spikes
|move|p1a: Puff|Dragon Dance|p1a: Puff
|-boost|p1a: Puff|atk|1
|-boost|p1a: Puff|spe|1
|
|-weather|Sandstorm|[upkeep]
|-damage|p1a: Puff|94/100|[from] Sandstorm
|-damage|p2a: Suicune|49/100|[from] Sandstorm
|-heal|p1a: Puff|100/100|[from] item: Leftovers
|-heal|p2a: Suicune|55/100|[from] item: Leftovers
|upkeep
|turn|24
|
|t:|1728503395
|move|p1a: Puff|Hidden Power|p2a: Suicune
|-damage|p2a: Suicune|1/100
|move|p2a: Suicune|Ice Beam|p1a: Puff
|-supereffective|p1a: Puff
|-damage|p1a: Puff|0 fnt
|faint|p1a: Puff
|
|t:|1728503401
|switch|p1a: Bongmodeus|Swampert, F|46/100
|
|-weather|Sandstorm|[upkeep]
|-damage|p2a: Suicune|0 fnt|[from] Sandstorm
|faint|p2a: Suicune
|-heal|p1a: Bongmodeus|52/100|[from] item: Leftovers
|upkeep
|
|t:|1728503404
|switch|p2a: Snorlax|Snorlax, F|84/100
|-damage|p2a: Snorlax|67/100|[from] Spikes
|turn|25
|
|t:|1728503409
|move|p1a: Bongmodeus|Protect|p1a: Bongmodeus
|-singleturn|p1a: Bongmodeus|Protect
|move|p2a: Snorlax|Body Slam|p1a: Bongmodeus
|-activate|p1a: Bongmodeus|Protect
|
|-weather|Sandstorm|[upkeep]
|-damage|p2a: Snorlax|61/100|[from] Sandstorm
|-heal|p1a: Bongmodeus|58/100|[from] item: Leftovers
|-heal|p2a: Snorlax|67/100|[from] item: Leftovers
|upkeep
|turn|26
|
|t:|1728503411
|move|p2a: Snorlax|Body Slam|p1a: Bongmodeus
|-damage|p1a: Bongmodeus|29/100
|move|p1a: Bongmodeus|Roar|p2a: Snorlax
|drag|p2a: Rhydon|Rhydon, M|90/100
|-damage|p2a: Rhydon|74/100|[from] Spikes
|
|-weather|Sandstorm|[upkeep]
|-heal|p1a: Bongmodeus|35/100|[from] item: Leftovers
|-heal|p2a: Rhydon|80/100|[from] item: Leftovers
|upkeep
|turn|27
|
|t:|1728503418
|move|p1a: Bongmodeus|Surf|p2a: Rhydon
|-supereffective|p2a: Rhydon
|-damage|p2a: Rhydon|0 fnt
|faint|p2a: Rhydon
|
|t:|1728503419
|switch|p2a: Snorlax|Snorlax, F|67/100
|-damage|p2a: Snorlax|51/100|[from] Spikes
|
|-weather|Sandstorm|[upkeep]
|-damage|p2a: Snorlax|45/100|[from] Sandstorm
|-heal|p1a: Bongmodeus|41/100|[from] item: Leftovers
|-heal|p2a: Snorlax|51/100|[from] item: Leftovers
|upkeep
|turn|28
|
|t:|1728503421
|move|p1a: Bongmodeus|Surf|p2a: Snorlax
|-crit|p2a: Snorlax
|-damage|p2a: Snorlax|17/100
|move|p2a: Snorlax|Body Slam|p1a: Bongmodeus
|-damage|p1a: Bongmodeus|15/100
|
|-weather|Sandstorm|[upkeep]
|-damage|p2a: Snorlax|10/100|[from] Sandstorm
|-heal|p1a: Bongmodeus|21/100|[from] item: Leftovers
|-heal|p2a: Snorlax|17/100|[from] item: Leftovers
|upkeep
|turn|29
|
|t:|1728503423
|move|p1a: Bongmodeus|Surf|p2a: Snorlax
|-crit|p2a: Snorlax
|-damage|p2a: Snorlax|0 fnt
|faint|p2a: Snorlax
|
|win|BongMoodeus
|c|☆BongMoodeus|gg
|c|☆singingcrow|gg

</script>
<script type="application/json" class="data" id="replaydata-smogtours-gen3ou-796727">
{"id":"smogtours-gen3ou-796727","format":"[Gen 3] OU","players":["BongMoodeus","singingcrow"],"uploadtime":1728503423,"views":105,"formatid":"gen3ou","rating":null,"private":0,"password":null}
</script>

<script defer src="js/replays.js?9d40a366"></script>
