<!DOCTYPE html>
<meta charset="utf-8" />
<meta name="viewport" content="width=device-width" />

<title>[Gen 3] OU: Deathbydunsparce vs. hola rse - Replays - Pok&eacute;mon Showdown!</title>

<meta name="description" content="Watch a replay of a Pok&eacute;mon battle between Deathbydunsparce and hola rse! Format: [Gen 3] OU; Date: Oct 12, 2024" />
<!--

Hey, you! Looking in the source for the replay log?

You can find them in JSON format, just add `.json` at the end of a replay URL.

https://replay.pokemonshowdown.com/gen7randomdoublesbattle-865046831.json

Or, if you only need the log itself, add `.log` instead:

https://replay.pokemonshowdown.com/gen7randomdoublesbattle-865046831.log

-->

<link rel="stylesheet" href="//pokemonshowdown.com/style/global.css?0.767286132409787" />
<link rel="stylesheet" href="//play.pokemonshowdown.com/style/font-awesome.css?0.9266228007934947" />
<link rel="stylesheet" href="//play.pokemonshowdown.com/style/battle.css?0.7924700842790926" />
<link rel="stylesheet" href="//play.pokemonshowdown.com/style/utilichart.css?0.8777417872839479" />

<!-- Global site tag (gtag.js) - Google Analytics -->
<script async src="https://www.googletagmanager.com/gtag/js?id=UA-26211653-1"></script>
<script>
  window.dataLayer = window.dataLayer || [];
  function gtag(){dataLayer.push(arguments);}
  gtag('js', new Date());

  gtag('config', 'UA-26211653-1');
</script>
<!-- End Google Analytics -->
<!-- Venatus Ad Manager - Install in <HEAD> of page -->
	<script src="https://hb.vntsm.com/v3/live/ad-manager.min.js" type="text/javascript" data-site-id="642aba63ec9a7b11c3c9c1be" data-mode="scan" async></script>
<!-- / Venatus Ad Manager -->

<style>
	@media (max-width:820px) {
		.battle {
			margin: 0 auto;
		}
		.battle-log {
			margin: 7px auto 0;
			max-width: 640px;
			height: 300px;
			position: static;
		}
	}
	.optgroup {
		display: inline-block;
		line-height: 22px;
		font-size: 10pt;
	}
	.optgroup .button {
		height: 25px;
		padding-top: 0;
		padding-bottom: 0;
	}
	.optgroup button.button {
		padding-left: 12px;
		padding-right: 12px;
	}
	.linklist {
		list-style: none;
		margin: 0.5em 0;
		padding: 0;
	}
	.linklist li {
		padding: 2px 0;
	}
	.sidebar {
		float: left;
		width: 320px;
	}
	.bar-wrapper {
		max-width: 1100px;
		margin: 0 auto;
	}
	.bar-wrapper.has-sidebar {
		max-width: 1430px;
	}
	.mainbar {
		margin: 0;
		padding-right: 1px;
	}
	.mainbar.has-sidebar {
		margin-left: 330px;
	}
	@media (min-width: 1511px) {
		.sidebar {
			width: 400px;
		}
		.bar-wrapper.has-sidebar {
			max-width: 1510px;
		}
		.mainbar.has-sidebar {
			margin-left: 410px;
		}
	}
	.section.first-section {
		margin-top: 9px;
	}
	.blocklink small {
		white-space: normal;
	}
	.button {
		vertical-align: middle;
	}
	.replay-controls {
		padding-top: 10px;
	}
	.replay-controls h1 {
		font-size: 16pt;
		font-weight: normal;
		color: #CCC;
	}
	.pagelink {
		text-align: center;
	}
	.pagelink a {
		width: 150px;
	}
	.textbox, .button {
		font-size: 11pt;
		vertical-align: middle;
	}
	@media (max-width: 450px) {
		.button {
			font-size: 9pt;
		}
	}
</style>

<div>

	<header>
		<div class="nav-wrapper"><ul class="nav">
			<li><a class="button nav-first" href="//pokemonshowdown.com/"><img src="//pokemonshowdown.com/images/pokemonshowdownbeta.png" srcset="//pokemonshowdown.com/images/pokemonshowdownbeta.png 1x, //pokemonshowdown.com/images/pokemonshowdownbeta@2x.png 2x" alt="Pok&eacute;mon Showdown" width="146" height="44" /> Home</a></li>
			<li><a class="button" href="//pokemonshowdown.com/dex/">Pok&eacute;dex</a></li>
			<li><a class="button cur" href="/">Replays</a></li>
			<li><a class="button" href="//pokemonshowdown.com/ladder/">Ladder</a></li>
			<li><a class="button nav-last" href="//pokemonshowdown.com/forums/">Forum</a></li>
			<li><a class="button greenbutton nav-first nav-last" href="//play.pokemonshowdown.com/">Play</a></li>
		</ul></div>
	</header>

	<div class="main" id="main">

		<noscript><section class="section">You need to enable JavaScript to use this page; sorry!</section></noscript>

	</div>

</div>

<script defer nomodule src="//play.pokemonshowdown.com/js/lib/ps-polyfill.js"></script>
<script defer src="//play.pokemonshowdown.com/js/lib/preact.min.js"></script>

<script defer src="//play.pokemonshowdown.com/config/config.js?6dec07f6"></script>
<script defer src="//play.pokemonshowdown.com/js/lib/jquery-1.11.0.min.js"></script>
<script defer src="//play.pokemonshowdown.com/js/lib/html-sanitizer-minified.js"></script>
<script defer src="//play.pokemonshowdown.com/js/battle-sound.js"></script>
<script defer src="//play.pokemonshowdown.com/js/battledata.js?0.6315294753075389"></script>
<script defer src="//play.pokemonshowdown.com/data/pokedex-mini.js?0.7603743185311358"></script>
<script defer src="//play.pokemonshowdown.com/data/pokedex-mini-bw.js?0.030888842834281283"></script>
<script defer src="//play.pokemonshowdown.com/data/graphics.js?0.05593094747507488"></script>
<script defer src="//play.pokemonshowdown.com/data/pokedex.js?0.47064822249611904"></script>
<script defer src="//play.pokemonshowdown.com/data/moves.js?0.8583693120512459"></script>
<script defer src="//play.pokemonshowdown.com/data/abilities.js?0.16017181182386842"></script>
<script defer src="//play.pokemonshowdown.com/data/items.js?0.4163379185673943"></script>
<script defer src="//play.pokemonshowdown.com/data/teambuilder-tables.js?0.31075597372830477"></script>
<script defer src="//play.pokemonshowdown.com/js/battle-tooltips.js?0.6536193500708172"></script>
<script defer src="//play.pokemonshowdown.com/js/battle.js?0.1916591943277901"></script>

<script defer src="js/utils.js?e31f9a17"></script>
<script defer src="js/replays-battle.js?7008c182"></script>

<!-- don't scrape this data! just add .json or .log after the URL!
Full API docs: https://github.com/smogon/pokemon-showdown-client/blob/master/WEB-API.md -->
<script type="text/plain" class="log" id="replaylog-smogtours-gen3ou-797446">
|inactive|Battle timer is ON: inactive players will automatically lose when time's up.
|t:|1728745092
|gametype|singles
|player|p1|Deathbydunsparce|2|
|player|p2|hola rse|lucas|
|teamsize|p1|6
|teamsize|p2|6
|gen|3
|tier|[Gen 3] OU
|rule|Sleep Clause Mod: Limit one foe put to sleep
|rule|Switch Priority Clause Mod: Faster Pokémon switch first
|rule|Species Clause: Limit one of each Pokémon
|rule|OHKO Clause: OHKO moves are banned
|rule|Evasion Items Clause: Evasion items are banned
|rule|Evasion Moves Clause: Evasion moves are banned
|rule|Endless Battle Clause: Forcing endless battles is banned
|rule|HP Percentage Mod: HP is shown in percentages
|rule|One Boost Passer Clause: Limit one Baton Passer that has a way to boost its stats
|rule|Freeze Clause Mod: Limit one foe frozen
|
|t:|1728745092
|start
|switch|p1a: Skarmory|Skarmory, F|100/100
|switch|p2a: Suicune|Suicune|100/100
|turn|1
|c|☆hola rse|hf
|c|☆hola rse|/log hola rse made the replay of this battle unlisted.
|
|t:|1728745103
|switch|p2a: Magneton|Magneton|100/100
|switch|p1a: Jolteon|Jolteon, M|100/100
|
|upkeep
|turn|2
|
|t:|1728745110
|switch|p2a: Snorlax|Snorlax, F|100/100
|move|p1a: Jolteon|Thunderbolt|p2a: Snorlax
|-damage|p2a: Snorlax|72/100
|
|-heal|p2a: Snorlax|79/100|[from] item: Leftovers
|upkeep
|turn|3
|c|☆Deathbydunsparce|glhf
|
|t:|1728745117
|switch|p1a: Skarmory|Skarmory, F|100/100
|move|p2a: Snorlax|Body Slam|p1a: Skarmory
|-resisted|p1a: Skarmory
|-damage|p1a: Skarmory|84/100
|
|-heal|p1a: Skarmory|90/100|[from] item: Leftovers
|-heal|p2a: Snorlax|85/100|[from] item: Leftovers
|upkeep
|turn|4
|
|t:|1728745121
|move|p1a: Skarmory|Spikes|p2a: Snorlax
|-sidestart|p2: hola rse|Spikes
|move|p2a: Snorlax|Body Slam|p1a: Skarmory
|-resisted|p1a: Skarmory
|-damage|p1a: Skarmory|74/100
|
|-heal|p1a: Skarmory|80/100|[from] item: Leftovers
|-heal|p2a: Snorlax|91/100|[from] item: Leftovers
|upkeep
|turn|5
|
|t:|1728745132
|switch|p1a: Jolteon|Jolteon, M|100/100
|move|p2a: Snorlax|Body Slam|p1a: Jolteon
|-damage|p1a: Jolteon|12/100
|
|-heal|p1a: Jolteon|17/100|[from] item: Leftovers
|-heal|p2a: Snorlax|97/100|[from] item: Leftovers
|upkeep
|turn|6
|
|t:|1728745137
|move|p1a: Jolteon|Baton Pass|p1a: Jolteon
|
|t:|1728745139
|switch|p1a: Gengar|Gengar, M|100/100|[from] Baton Pass
|move|p2a: Snorlax|Body Slam|p1a: Gengar
|-immune|p1a: Gengar
|
|-heal|p2a: Snorlax|100/100|[from] item: Leftovers
|upkeep
|turn|7
|
|t:|1728745154
|move|p1a: Gengar|Will-O-Wisp|p2a: Snorlax
|-status|p2a: Snorlax|brn
|move|p2a: Snorlax|Shadow Ball|p1a: Gengar
|-supereffective|p1a: Gengar
|-damage|p1a: Gengar|60/100
|
|-heal|p1a: Gengar|66/100|[from] item: Leftovers
|-damage|p2a: Snorlax|88/100 brn|[from] brn
|upkeep
|turn|8
|
|t:|1728745160
|move|p1a: Gengar|Thunderbolt|p2a: Snorlax
|-damage|p2a: Snorlax|72/100 brn
|move|p2a: Snorlax|Shadow Ball|p1a: Gengar
|-supereffective|p1a: Gengar
|-damage|p1a: Gengar|26/100
|-unboost|p1a: Gengar|spd|1
|
|-heal|p1a: Gengar|32/100|[from] item: Leftovers
|-heal|p2a: Snorlax|78/100 brn|[from] item: Leftovers
|-damage|p2a: Snorlax|65/100 brn|[from] brn
|upkeep
|turn|9
|
|t:|1728745164
|switch|p1a: Skarmory|Skarmory, F|80/100
|move|p2a: Snorlax|Shadow Ball|p1a: Skarmory
|-resisted|p1a: Skarmory
|-damage|p1a: Skarmory|75/100
|
|-heal|p1a: Skarmory|81/100|[from] item: Leftovers
|-heal|p2a: Snorlax|72/100 brn|[from] item: Leftovers
|-damage|p2a: Snorlax|59/100 brn|[from] brn
|upkeep
|turn|10
|
|t:|1728745167
|switch|p2a: Magneton|Magneton|100/100
|-damage|p2a: Magneton|88/100|[from] Spikes
|move|p1a: Skarmory|Spikes|p2a: Magneton
|-sidestart|p2: hola rse|Spikes
|
|-heal|p1a: Skarmory|87/100|[from] item: Leftovers
|upkeep
|turn|11
|
|t:|1728745169
|move|p1a: Skarmory|Protect|p1a: Skarmory
|-singleturn|p1a: Skarmory|Protect
|move|p2a: Magneton|Thunderbolt|p1a: Skarmory
|-activate|p1a: Skarmory|Protect
|
|-heal|p1a: Skarmory|93/100|[from] item: Leftovers
|upkeep
|turn|12
|
|t:|1728745171
|move|p2a: Magneton|Thunderbolt|p1a: Skarmory
|-supereffective|p1a: Skarmory
|-damage|p1a: Skarmory|0 fnt
|faint|p1a: Skarmory
|
|t:|1728745177
|switch|p1a: Aerodactyl|Aerodactyl, M|100/100
|
|upkeep
|turn|13
|
|t:|1728745183
|switch|p2a: Salamence|Salamence, M|100/100
|-ability|p2a: Salamence|Intimidate|boost
|-unboost|p1a: Aerodactyl|atk|1
|move|p1a: Aerodactyl|Earthquake|p2a: Salamence
|-immune|p2a: Salamence
|
|upkeep
|turn|14
|
|t:|1728745193
|switch|p1a: Swampert|Swampert, F|100/100
|move|p2a: Salamence|Dragon Claw|p1a: Swampert
|-damage|p1a: Swampert|57/100
|
|-heal|p1a: Swampert|63/100|[from] item: Leftovers
|upkeep
|turn|15
|
|t:|1728745203
|switch|p1a: Gengar|Gengar, M|32/100
|move|p2a: Salamence|Hidden Power|p1a: Gengar
|-resisted|p1a: Gengar
|-damage|p1a: Gengar|18/100
|
|-heal|p1a: Gengar|24/100|[from] item: Leftovers
|upkeep
|turn|16
|
|t:|1728745206
|switch|p2a: Snorlax|Snorlax, F|59/100 brn
|-damage|p2a: Snorlax|43/100 brn|[from] Spikes
|move|p1a: Gengar|Ice Punch|p2a: Snorlax
|-damage|p2a: Snorlax|28/100 brn
|
|-heal|p1a: Gengar|31/100|[from] item: Leftovers
|-heal|p2a: Snorlax|34/100 brn|[from] item: Leftovers
|-damage|p2a: Snorlax|22/100 brn|[from] brn
|upkeep
|turn|17
|
|t:|1728745218
|move|p1a: Gengar|Thunderbolt|p2a: Snorlax
|-damage|p2a: Snorlax|5/100 brn
|move|p2a: Snorlax|Self-Destruct|p1a: Gengar
|-immune|p1a: Gengar
|faint|p2a: Snorlax
|
|t:|1728745223
|switch|p2a: Magneton|Magneton|88/100
|-damage|p2a: Magneton|71/100|[from] Spikes
|
|-heal|p1a: Gengar|37/100|[from] item: Leftovers
|upkeep
|turn|18
|
|t:|1728745228
|switch|p1a: Jolteon|Jolteon, M|17/100
|move|p2a: Magneton|Thunder Wave|p1a: Jolteon
|-status|p1a: Jolteon|par
|
|-heal|p1a: Jolteon|23/100 par|[from] item: Leftovers
|upkeep
|turn|19
|
|t:|1728745233
|move|p2a: Magneton|Hidden Power|p1a: Jolteon
|-damage|p1a: Jolteon|0 fnt
|faint|p1a: Jolteon
|
|t:|1728745239
|switch|p1a: Metagross|Metagross|100/100
|
|upkeep
|turn|20
|
|t:|1728745244
|move|p2a: Magneton|Thunderbolt|p1a: Metagross
|-damage|p1a: Metagross|45/100
|move|p1a: Metagross|Earthquake|p2a: Magneton
|-supereffective|p2a: Magneton
|-damage|p2a: Magneton|0 fnt
|faint|p2a: Magneton
|
|t:|1728745250
|switch|p2a: Salamence|Salamence, M|100/100
|-ability|p2a: Salamence|Intimidate|boost
|-fail|p1a: Metagross|unboost|[from] ability: Clear Body|[of] p1a: Metagross
|
|-heal|p1a: Metagross|51/100|[from] item: Leftovers
|upkeep
|turn|21
|
|t:|1728745258
|switch|p1a: Aerodactyl|Aerodactyl, M|100/100
|move|p2a: Salamence|Fire Blast|p1a: Aerodactyl|[miss]
|-miss|p2a: Salamence|p1a: Aerodactyl
|
|upkeep
|turn|22
|
|t:|1728745264
|switch|p2a: Metagross|Metagross|100/100
|-damage|p2a: Metagross|84/100|[from] Spikes
|move|p1a: Aerodactyl|Rock Slide|p2a: Metagross
|-resisted|p2a: Metagross
|-damage|p2a: Metagross|62/100
|
|upkeep
|turn|23
|
|t:|1728745271
|switch|p1a: Swampert|Swampert, F|63/100
|move|p2a: Metagross|Meteor Mash|p1a: Swampert
|-resisted|p1a: Swampert
|-damage|p1a: Swampert|17/100
|
|-heal|p1a: Swampert|23/100|[from] item: Leftovers
|upkeep
|turn|24
|
|t:|1728745276
|move|p2a: Metagross|Meteor Mash|p1a: Swampert
|-resisted|p1a: Swampert
|-damage|p1a: Swampert|0 fnt
|faint|p1a: Swampert
|
|t:|1728745283
|switch|p1a: Aerodactyl|Aerodactyl, M|100/100
|
|upkeep
|turn|25
|
|t:|1728745289
|move|p1a: Aerodactyl|Rock Slide|p2a: Metagross
|-resisted|p2a: Metagross
|-damage|p2a: Metagross|39/100
|cant|p2a: Metagross|flinch
|
|upkeep
|turn|26
|
|t:|1728745295
|switch|p1a: Metagross|Metagross|51/100
|move|p2a: Metagross|Meteor Mash|p1a: Metagross
|-resisted|p1a: Metagross
|-damage|p1a: Metagross|18/100
|
|-heal|p1a: Metagross|24/100|[from] item: Leftovers
|upkeep
|turn|27
|
|t:|1728745300
|move|p2a: Metagross|Meteor Mash|p1a: Metagross|[miss]
|-miss|p2a: Metagross|p1a: Metagross
|move|p1a: Metagross|Agility|p1a: Metagross
|-boost|p1a: Metagross|spe|2
|
|-heal|p1a: Metagross|30/100|[from] item: Leftovers
|upkeep
|turn|28
|
|t:|1728745310
|move|p1a: Metagross|Earthquake|p2a: Metagross
|-supereffective|p2a: Metagross
|-damage|p2a: Metagross|0 fnt
|faint|p2a: Metagross
|
|t:|1728745313
|switch|p2a: Salamence|Salamence, M|100/100
|-ability|p2a: Salamence|Intimidate|boost
|-fail|p1a: Metagross|unboost|[from] ability: Clear Body|[of] p1a: Metagross
|
|-heal|p1a: Metagross|36/100|[from] item: Leftovers
|upkeep
|turn|29
|
|t:|1728745319
|move|p1a: Metagross|Explosion|p2a: Salamence
|-damage|p2a: Salamence|0 fnt
|faint|p1a: Metagross
|faint|p2a: Salamence
|
|t:|1728745332
|switch|p2a: Heracross|Heracross, F|100/100
|switch|p1a: Gengar|Gengar, M|37/100
|-damage|p2a: Heracross|84/100|[from] Spikes
|
|-heal|p1a: Gengar|43/100|[from] item: Leftovers
|upkeep
|turn|30
|
|t:|1728745337
|move|p1a: Gengar|Will-O-Wisp|p2a: Heracross
|-status|p2a: Heracross|brn
|move|p2a: Heracross|Swords Dance|p2a: Heracross
|-boost|p2a: Heracross|atk|2
|
|-heal|p1a: Gengar|49/100|[from] item: Leftovers
|-damage|p2a: Heracross|71/100 brn|[from] brn
|upkeep
|turn|31
|
|t:|1728745348
|move|p1a: Gengar|Thunderbolt|p2a: Heracross
|-damage|p2a: Heracross|39/100 brn
|move|p2a: Heracross|Rock Slide|p1a: Gengar
|-damage|p1a: Gengar|10/100
|
|-heal|p1a: Gengar|16/100|[from] item: Leftovers
|-damage|p2a: Heracross|27/100 brn|[from] brn
|upkeep
|turn|32
|
|t:|1728745360
|move|p1a: Gengar|Thunderbolt|p2a: Heracross
|-damage|p2a: Heracross|0 fnt
|faint|p2a: Heracross
|
|t:|1728745363
|switch|p2a: Suicune|Suicune|100/100
|-damage|p2a: Suicune|84/100|[from] Spikes
|
|-heal|p1a: Gengar|22/100|[from] item: Leftovers
|-heal|p2a: Suicune|90/100|[from] item: Leftovers
|upkeep
|turn|33
|
|t:|1728745370
|move|p1a: Gengar|Thunderbolt|p2a: Suicune
|-supereffective|p2a: Suicune
|-damage|p2a: Suicune|46/100
|move|p2a: Suicune|Ice Beam|p1a: Gengar
|-damage|p1a: Gengar|0 fnt
|faint|p1a: Gengar
|
|t:|1728745374
|switch|p1a: Aerodactyl|Aerodactyl, M|100/100
|
|-heal|p2a: Suicune|52/100|[from] item: Leftovers
|upkeep
|turn|34
|
|t:|1728745383
|move|p1a: Aerodactyl|Double-Edge|p2a: Suicune
|-damage|p2a: Suicune|4/100
|move|p2a: Suicune|Hydro Pump|p1a: Aerodactyl
|-supereffective|p1a: Aerodactyl
|-damage|p1a: Aerodactyl|0 fnt
|faint|p1a: Aerodactyl
|
|win|hola rse
|c|☆Deathbydunsparce|gg gg
|c|☆hola rse|gg
|c|☆Deathbydunsparce|lemme copy a team over

</script>
<script type="application/json" class="data" id="replaydata-smogtours-gen3ou-797446">
{"id":"smogtours-gen3ou-797446","format":"[Gen 3] OU","players":["Deathbydunsparce","hola rse"],"uploadtime":1728745383,"views":113,"formatid":"gen3ou","rating":null,"private":1,"password":null}
</script>

<script defer src="js/replays.js?9d40a366"></script>
