<!DOCTYPE html>
<meta charset="utf-8" />
<meta name="viewport" content="width=device-width" />

<title>[Gen 3] OU: PinjarraPanther vs. chad.lagos - Replays - Pok&eacute;mon Showdown!</title>

<meta name="description" content="Watch a replay of a Pok&eacute;mon battle between PinjarraPanther and chad.lagos! Format: [Gen 3] OU; Date: Oct 20, 2024" />
<!--

Hey, you! Looking in the source for the replay log?

You can find them in JSON format, just add `.json` at the end of a replay URL.

https://replay.pokemonshowdown.com/gen7randomdoublesbattle-865046831.json

Or, if you only need the log itself, add `.log` instead:

https://replay.pokemonshowdown.com/gen7randomdoublesbattle-865046831.log

-->

<link rel="stylesheet" href="//pokemonshowdown.com/style/global.css?0.023195364461161105" />
<link rel="stylesheet" href="//play.pokemonshowdown.com/style/font-awesome.css?0.13261647063804238" />
<link rel="stylesheet" href="//play.pokemonshowdown.com/style/battle.css?0.8753245789963631" />
<link rel="stylesheet" href="//play.pokemonshowdown.com/style/utilichart.css?0.8627959624976733" />

<!-- Global site tag (gtag.js) - Google Analytics -->
<script async src="https://www.googletagmanager.com/gtag/js?id=UA-26211653-1"></script>
<script>
  window.dataLayer = window.dataLayer || [];
  function gtag(){dataLayer.push(arguments);}
  gtag('js', new Date());

  gtag('config', 'UA-26211653-1');
</script>
<!-- End Google Analytics -->
<!-- Venatus Ad Manager - Install in <HEAD> of page -->
	<script src="https://hb.vntsm.com/v3/live/ad-manager.min.js" type="text/javascript" data-site-id="642aba63ec9a7b11c3c9c1be" data-mode="scan" async></script>
<!-- / Venatus Ad Manager -->

<style>
	@media (max-width:820px) {
		.battle {
			margin: 0 auto;
		}
		.battle-log {
			margin: 7px auto 0;
			max-width: 640px;
			height: 300px;
			position: static;
		}
	}
	.optgroup {
		display: inline-block;
		line-height: 22px;
		font-size: 10pt;
	}
	.optgroup .button {
		height: 25px;
		padding-top: 0;
		padding-bottom: 0;
	}
	.optgroup button.button {
		padding-left: 12px;
		padding-right: 12px;
	}
	.linklist {
		list-style: none;
		margin: 0.5em 0;
		padding: 0;
	}
	.linklist li {
		padding: 2px 0;
	}
	.sidebar {
		float: left;
		width: 320px;
	}
	.bar-wrapper {
		max-width: 1100px;
		margin: 0 auto;
	}
	.bar-wrapper.has-sidebar {
		max-width: 1430px;
	}
	.mainbar {
		margin: 0;
		padding-right: 1px;
	}
	.mainbar.has-sidebar {
		margin-left: 330px;
	}
	@media (min-width: 1511px) {
		.sidebar {
			width: 400px;
		}
		.bar-wrapper.has-sidebar {
			max-width: 1510px;
		}
		.mainbar.has-sidebar {
			margin-left: 410px;
		}
	}
	.section.first-section {
		margin-top: 9px;
	}
	.blocklink small {
		white-space: normal;
	}
	.button {
		vertical-align: middle;
	}
	.replay-controls {
		padding-top: 10px;
	}
	.replay-controls h1 {
		font-size: 16pt;
		font-weight: normal;
		color: #CCC;
	}
	.pagelink {
		text-align: center;
	}
	.pagelink a {
		width: 150px;
	}
	.textbox, .button {
		font-size: 11pt;
		vertical-align: middle;
	}
	@media (max-width: 450px) {
		.button {
			font-size: 9pt;
		}
	}
</style>

<div>

	<header>
		<div class="nav-wrapper"><ul class="nav">
			<li><a class="button nav-first" href="//pokemonshowdown.com/"><img src="//pokemonshowdown.com/images/pokemonshowdownbeta.png" srcset="//pokemonshowdown.com/images/pokemonshowdownbeta.png 1x, //pokemonshowdown.com/images/pokemonshowdownbeta@2x.png 2x" alt="Pok&eacute;mon Showdown" width="146" height="44" /> Home</a></li>
			<li><a class="button" href="//pokemonshowdown.com/dex/">Pok&eacute;dex</a></li>
			<li><a class="button cur" href="/">Replays</a></li>
			<li><a class="button" href="//pokemonshowdown.com/ladder/">Ladder</a></li>
			<li><a class="button nav-last" href="//pokemonshowdown.com/forums/">Forum</a></li>
			<li><a class="button greenbutton nav-first nav-last" href="//play.pokemonshowdown.com/">Play</a></li>
		</ul></div>
	</header>

	<div class="main" id="main">

		<noscript><section class="section">You need to enable JavaScript to use this page; sorry!</section></noscript>

	</div>

</div>

<script defer nomodule src="//play.pokemonshowdown.com/js/lib/ps-polyfill.js"></script>
<script defer src="//play.pokemonshowdown.com/js/lib/preact.min.js"></script>

<script defer src="//play.pokemonshowdown.com/config/config.js?2bddbc15"></script>
<script defer src="//play.pokemonshowdown.com/js/lib/jquery-1.11.0.min.js"></script>
<script defer src="//play.pokemonshowdown.com/js/lib/html-sanitizer-minified.js"></script>
<script defer src="//play.pokemonshowdown.com/js/battle-sound.js"></script>
<script defer src="//play.pokemonshowdown.com/js/battledata.js?0.7209276989879541"></script>
<script defer src="//play.pokemonshowdown.com/data/pokedex-mini.js?0.6111056340867951"></script>
<script defer src="//play.pokemonshowdown.com/data/pokedex-mini-bw.js?0.3532142036491459"></script>
<script defer src="//play.pokemonshowdown.com/data/graphics.js?0.24223875632456182"></script>
<script defer src="//play.pokemonshowdown.com/data/pokedex.js?0.38839984266356864"></script>
<script defer src="//play.pokemonshowdown.com/data/moves.js?0.21866028504024015"></script>
<script defer src="//play.pokemonshowdown.com/data/abilities.js?0.2005157953846628"></script>
<script defer src="//play.pokemonshowdown.com/data/items.js?0.9894211263848525"></script>
<script defer src="//play.pokemonshowdown.com/data/teambuilder-tables.js?0.6008791140282215"></script>
<script defer src="//play.pokemonshowdown.com/js/battle-tooltips.js?0.7580118955022959"></script>
<script defer src="//play.pokemonshowdown.com/js/battle.js?0.6057722274234274"></script>

<script defer src="js/utils.js?e31f9a17"></script>
<script defer src="js/replays-battle.js?7008c182"></script>

<!-- don't scrape this data! just add .json or .log after the URL!
Full API docs: https://github.com/smogon/pokemon-showdown-client/blob/master/WEB-API.md -->
<script type="text/plain" class="log" id="replaylog-smogtours-gen3ou-800175">
|inactive|Battle timer is ON: inactive players will automatically lose when time's up.
|t:|1729382224
|gametype|singles
|player|p1|PinjarraPanther|265|
|player|p2|chad.lagos|cyclist|
|teamsize|p1|6
|teamsize|p2|6
|gen|3
|tier|[Gen 3] OU
|rule|Sleep Clause Mod: Limit one foe put to sleep
|rule|Switch Priority Clause Mod: Faster Pokémon switch first
|rule|Species Clause: Limit one of each Pokémon
|rule|OHKO Clause: OHKO moves are banned
|rule|Evasion Items Clause: Evasion items are banned
|rule|Evasion Moves Clause: Evasion moves are banned
|rule|Endless Battle Clause: Forcing endless battles is banned
|rule|HP Percentage Mod: HP is shown in percentages
|rule|One Boost Passer Clause: Limit one Baton Passer that has a way to boost its stats
|rule|Freeze Clause Mod: Limit one foe frozen
|
|t:|1729382224
|start
|switch|p1a: Union|Metagross|100/100
|switch|p2a: Zapdos|Zapdos|100/100
|turn|1
|c|☆PinjarraPanther|good luck
|c|☆chad.lagos|good luck
|
|t:|1729382248
|move|p2a: Zapdos|Thunderbolt|p1a: Union
|-damage|p1a: Union|37/100
|move|p1a: Union|Rock Slide|p2a: Zapdos
|-supereffective|p2a: Zapdos
|-damage|p2a: Zapdos|1/100
|
|-heal|p2a: Zapdos|7/100|[from] item: Leftovers
|upkeep
|turn|2
|
|t:|1729382263
|move|p2a: Zapdos|Thunderbolt|p1a: Union
|-damage|p1a: Union|0 fnt
|faint|p1a: Union
|
|t:|1729382266
|switch|p1a: My Humps|Dugtrio, F|100/100
|
|-heal|p2a: Zapdos|13/100|[from] item: Leftovers
|upkeep
|turn|3
|inactive|chad.lagos has 270 seconds left.
|inactive|PinjarraPanther has 270 seconds left.
|
|t:|1729382318
|switch|p2a: Suicune|Suicune|100/100
|move|p1a: My Humps|Rock Slide|p2a: Suicune
|-damage|p2a: Suicune|79/100
|
|-heal|p2a: Suicune|85/100|[from] item: Leftovers
|upkeep
|turn|4
|
|t:|1729382325
|switch|p1a: Pump it|Quagsire, M|100/100
|move|p2a: Suicune|Calm Mind|p2a: Suicune
|-boost|p2a: Suicune|spa|1
|-boost|p2a: Suicune|spd|1
|
|-heal|p2a: Suicune|91/100|[from] item: Leftovers
|upkeep
|turn|5
|inactive|PinjarraPanther has 270 seconds left.
|
|t:|1729382344
|switch|p2a: Celebi|Celebi|100/100
|move|p1a: Pump it|Ice Beam|p2a: Celebi
|-supereffective|p2a: Celebi
|-damage|p2a: Celebi|72/100
|
|-heal|p2a: Celebi|78/100|[from] item: Leftovers
|upkeep
|turn|6
|
|t:|1729382354
|switch|p1a: My Style|Moltres|100/100
|move|p2a: Celebi|Leech Seed|p1a: My Style
|-start|p1a: My Style|move: Leech Seed
|
|-heal|p2a: Celebi|84/100|[from] item: Leftovers
|-damage|p1a: My Style|88/100|[from] Leech Seed|[of] p2a: Celebi
|-heal|p2a: Celebi|94/100|[silent]
|upkeep
|turn|7
|
|t:|1729382367
|switch|p2a: Suicune|Suicune|91/100
|move|p1a: My Style|Will-O-Wisp|p2a: Suicune
|-status|p2a: Suicune|brn
|
|-heal|p1a: My Style|94/100|[from] item: Leftovers
|-damage|p1a: My Style|82/100|[from] Leech Seed|[of] p2a: Suicune
|-heal|p2a: Suicune|100/100 brn|[silent]
|-damage|p2a: Suicune|88/100 brn|[from] brn
|upkeep
|turn|8
|
|t:|1729382383
|switch|p1a: Pump it|Quagsire, M|100/100
|move|p2a: Suicune|Calm Mind|p2a: Suicune
|-boost|p2a: Suicune|spa|1
|-boost|p2a: Suicune|spd|1
|
|-heal|p2a: Suicune|94/100 brn|[from] item: Leftovers
|-damage|p2a: Suicune|82/100 brn|[from] brn
|upkeep
|turn|9
|inactive|chad.lagos has 240 seconds left.
|
|t:|1729382406
|switch|p2a: Celebi|Celebi|94/100
|move|p1a: Pump it|Ice Beam|p2a: Celebi
|-supereffective|p2a: Celebi
|-damage|p2a: Celebi|67/100
|
|-heal|p2a: Celebi|73/100|[from] item: Leftovers
|upkeep
|turn|10
|
|t:|1729382415
|switch|p1a: Don't Lie|Skarmory, M|100/100
|move|p2a: Celebi|Leech Seed|p1a: Don't Lie
|-start|p1a: Don't Lie|move: Leech Seed
|
|-heal|p2a: Celebi|79/100|[from] item: Leftovers
|-damage|p1a: Don't Lie|88/100|[from] Leech Seed|[of] p2a: Celebi
|-heal|p2a: Celebi|89/100|[silent]
|upkeep
|turn|11
|inactive|chad.lagos has 240 seconds left.
|
|t:|1729382439
|switch|p2a: Zapdos|Zapdos|13/100
|move|p1a: Don't Lie|Spikes|p2a: Zapdos
|-sidestart|p2: chad.lagos|Spikes
|
|-heal|p2a: Zapdos|19/100|[from] item: Leftovers
|-heal|p1a: Don't Lie|94/100|[from] item: Leftovers
|-damage|p1a: Don't Lie|82/100|[from] Leech Seed|[of] p2a: Zapdos
|-heal|p2a: Zapdos|32/100|[silent]
|upkeep
|turn|12
|inactive|chad.lagos has 240 seconds left.
|
|t:|1729382447
|switch|p1a: DontPhunkWithMy<3|Blissey, F|100/100
|move|p2a: Zapdos|Baton Pass|p2a: Zapdos
|inactive|chad.lagos has 240 seconds left.
|
|t:|1729382453
|switch|p2a: Dugtrio|Dugtrio, M|100/100|[from] Baton Pass
|-damage|p2a: Dugtrio|88/100|[from] Spikes
|
|upkeep
|turn|13
|
|t:|1729382460
|move|p2a: Dugtrio|Earthquake|p1a: DontPhunkWithMy<3
|-crit|p1a: DontPhunkWithMy<3
|-damage|p1a: DontPhunkWithMy<3|0 fnt
|faint|p1a: DontPhunkWithMy<3
|
|t:|1729382482
|switch|p1a: Don't Lie|Skarmory, M|82/100
|
|-heal|p1a: Don't Lie|88/100|[from] item: Leftovers
|upkeep
|turn|14
|inactive|chad.lagos has 240 seconds left.
|inactive|chad.lagos has 210 seconds left.
|
|t:|1729382541
|switch|p2a: Zapdos|Zapdos|32/100
|move|p1a: Don't Lie|Roar|p2a: Zapdos
|drag|p2a: Suicune|Suicune|82/100 brn
|-damage|p2a: Suicune|69/100 brn|[from] Spikes
|
|-heal|p2a: Suicune|76/100 brn|[from] item: Leftovers
|-damage|p2a: Suicune|63/100 brn|[from] brn
|-heal|p1a: Don't Lie|94/100|[from] item: Leftovers
|upkeep
|turn|15
|inactive|chad.lagos has 210 seconds left.
|
|t:|1729382554
|move|p2a: Suicune|Rest|p2a: Suicune
|-status|p2a: Suicune|slp|[from] move: Rest
|-heal|p2a: Suicune|100/100 slp|[silent]
|move|p1a: Don't Lie|Spikes|p2a: Suicune
|-sidestart|p2: chad.lagos|Spikes
|
|-heal|p1a: Don't Lie|99/100|[from] item: Leftovers
|upkeep
|turn|16
|inactive|chad.lagos has 210 seconds left.
|inactive|chad.lagos has 180 seconds left.
|
|t:|1729382593
|switch|p2a: Zapdos|Zapdos|32/100
|move|p1a: Don't Lie|Spikes|p2a: Zapdos
|-sidestart|p2: chad.lagos|Spikes
|
|-heal|p2a: Zapdos|38/100|[from] item: Leftovers
|-heal|p1a: Don't Lie|100/100|[from] item: Leftovers
|upkeep
|turn|17
|
|t:|1729382609
|move|p1a: Don't Lie|Protect|p1a: Don't Lie
|-singleturn|p1a: Don't Lie|Protect
|move|p2a: Zapdos|Baton Pass|p2a: Zapdos
|inactive|chad.lagos has 180 seconds left.
|
|t:|1729382648
|switch|p2a: Kingdra|Kingdra, M|100/100|[from] Baton Pass
|-damage|p2a: Kingdra|76/100|[from] Spikes
|
|upkeep
|turn|18
|
|t:|1729382659
|move|p2a: Kingdra|Hydro Pump|p1a: Don't Lie
|-damage|p1a: Don't Lie|48/100
|move|p1a: Don't Lie|Roar|p2a: Kingdra
|drag|p2a: Zapdos|Zapdos|38/100
|
|-heal|p2a: Zapdos|44/100|[from] item: Leftovers
|-heal|p1a: Don't Lie|54/100|[from] item: Leftovers
|upkeep
|turn|19
|inactive|chad.lagos has 150 seconds left.
|
|t:|1729382678
|move|p1a: Don't Lie|Protect|p1a: Don't Lie
|-singleturn|p1a: Don't Lie|Protect
|move|p2a: Zapdos|Thunderbolt|p1a: Don't Lie
|-activate|p1a: Don't Lie|Protect
|
|-heal|p2a: Zapdos|50/100|[from] item: Leftovers
|-heal|p1a: Don't Lie|60/100|[from] item: Leftovers
|upkeep
|turn|20
|inactive|chad.lagos has 150 seconds left.
|
|t:|1729382698
|switch|p1a: My Humps|Dugtrio, F|100/100
|move|p2a: Zapdos|Baton Pass|p2a: Zapdos
|inactive|chad.lagos has 120 seconds left.
|inactive|chad.lagos has 90 seconds left.
|inactive|chad.lagos has 60 seconds left.
|
|t:|1729382796
|switch|p2a: Suicune|Suicune|100/100 slp|[from] Baton Pass
|-damage|p2a: Suicune|76/100 slp|[from] Spikes
|
|-heal|p2a: Suicune|82/100 slp|[from] item: Leftovers
|upkeep
|turn|21
|inactive|chad.lagos has 60 seconds left.
|
|t:|1729382803
|switch|p1a: Pump it|Quagsire, M|100/100
|cant|p2a: Suicune|slp
|move|p2a: Suicune|Sleep Talk|p2a: Suicune
|move|p2a: Suicune|Calm Mind|p2a: Suicune|[from]Sleep Talk
|-boost|p2a: Suicune|spa|1
|-boost|p2a: Suicune|spd|1
|
|-heal|p2a: Suicune|88/100 slp|[from] item: Leftovers
|upkeep
|turn|22
|inactive|chad.lagos has 60 seconds left.
|
|t:|1729382826
|cant|p2a: Suicune|slp
|move|p2a: Suicune|Sleep Talk|p2a: Suicune
|move|p2a: Suicune|Surf|p1a: Pump it|[from]Sleep Talk
|-immune|p1a: Pump it|[from] ability: Water Absorb
|move|p1a: Pump it|Ice Beam|p2a: Suicune
|-resisted|p2a: Suicune
|-crit|p2a: Suicune
|-damage|p2a: Suicune|77/100 slp
|
|-heal|p2a: Suicune|84/100 slp|[from] item: Leftovers
|upkeep
|turn|23
|
|t:|1729382844
|-curestatus|p2a: Suicune|slp|[msg]
|move|p2a: Suicune|Calm Mind|p2a: Suicune
|-boost|p2a: Suicune|spa|1
|-boost|p2a: Suicune|spd|1
|move|p1a: Pump it|Curse|p1a: Pump it
|-unboost|p1a: Pump it|spe|1
|-boost|p1a: Pump it|atk|1
|-boost|p1a: Pump it|def|1
|
|-heal|p2a: Suicune|90/100|[from] item: Leftovers
|upkeep
|turn|24
|
|t:|1729382856
|switch|p2a: Celebi|Celebi|89/100
|-damage|p2a: Celebi|64/100|[from] Spikes
|move|p1a: Pump it|Ice Beam|p2a: Celebi
|-supereffective|p2a: Celebi
|-damage|p2a: Celebi|39/100
|
|-heal|p2a: Celebi|45/100|[from] item: Leftovers
|upkeep
|turn|25
|
|t:|1729382874
|switch|p1a: My Style|Moltres|82/100
|move|p2a: Celebi|Giga Drain|p1a: My Style
|-resisted|p1a: My Style
|-damage|p1a: My Style|76/100
|-heal|p2a: Celebi|47/100|[from] drain|[of] p1a: My Style
|
|-heal|p2a: Celebi|53/100|[from] item: Leftovers
|-heal|p1a: My Style|82/100|[from] item: Leftovers
|upkeep
|turn|26
|inactive|chad.lagos has 30 seconds left.
|
|t:|1729382897
|switch|p2a: Kingdra|Kingdra, M|76/100
|-damage|p2a: Kingdra|51/100|[from] Spikes
|move|p1a: My Style|Hidden Power|p2a: Kingdra
|-damage|p2a: Kingdra|21/100
|
|-heal|p1a: My Style|88/100|[from] item: Leftovers
|upkeep
|turn|27
|inactive|chad.lagos has 30 seconds left.
|
|t:|1729382909
|move|p1a: My Style|Hidden Power|p2a: Kingdra
|-damage|p2a: Kingdra|0 fnt
|faint|p2a: Kingdra
|inactive|chad.lagos has 30 seconds left.
|
|t:|1729382924
|switch|p2a: Dugtrio|Dugtrio, M|88/100
|-damage|p2a: Dugtrio|63/100|[from] Spikes
|
|-heal|p1a: My Style|94/100|[from] item: Leftovers
|upkeep
|turn|28
|inactive|chad.lagos has 30 seconds left.
|
|t:|1729382931
|switch|p1a: Pump it|Quagsire, M|100/100
|move|p2a: Dugtrio|Rock Slide|p1a: Pump it
|-resisted|p1a: Pump it
|-damage|p1a: Pump it|86/100
|
|-heal|p1a: Pump it|92/100|[from] item: Leftovers
|upkeep
|turn|29
|inactive|chad.lagos has 30 seconds left.
|
|t:|1729382942
|switch|p2a: Suicune|Suicune|90/100
|-damage|p2a: Suicune|65/100|[from] Spikes
|move|p1a: Pump it|Ice Beam|p2a: Suicune
|-resisted|p2a: Suicune
|-damage|p2a: Suicune|59/100
|
|-heal|p2a: Suicune|65/100|[from] item: Leftovers
|-heal|p1a: Pump it|98/100|[from] item: Leftovers
|upkeep
|turn|30
|inactive|chad.lagos has 30 seconds left.
|
|t:|1729382956
|move|p2a: Suicune|Calm Mind|p2a: Suicune
|-boost|p2a: Suicune|spa|1
|-boost|p2a: Suicune|spd|1
|move|p1a: Pump it|Ice Beam|p2a: Suicune
|-resisted|p2a: Suicune
|-damage|p2a: Suicune|62/100
|
|-heal|p2a: Suicune|68/100|[from] item: Leftovers
|-heal|p1a: Pump it|100/100|[from] item: Leftovers
|upkeep
|turn|31
|
|t:|1729382966
|move|p2a: Suicune|Rest|p2a: Suicune
|-status|p2a: Suicune|slp|[from] move: Rest
|-heal|p2a: Suicune|100/100 slp|[silent]
|move|p1a: Pump it|Curse|p1a: Pump it
|-unboost|p1a: Pump it|spe|1
|-boost|p1a: Pump it|atk|1
|-boost|p1a: Pump it|def|1
|
|upkeep
|turn|32
|
|t:|1729382975
|cant|p2a: Suicune|slp
|move|p2a: Suicune|Sleep Talk|p2a: Suicune
|move|p2a: Suicune|Rest|p2a: Suicune|[from]Sleep Talk
|move|p1a: Pump it|Ice Beam|p2a: Suicune
|-resisted|p2a: Suicune
|-damage|p2a: Suicune|97/100 slp
|
|-heal|p2a: Suicune|100/100 slp|[from] item: Leftovers
|upkeep
|turn|33
|
|t:|1729382983
|cant|p2a: Suicune|slp
|move|p2a: Suicune|Sleep Talk|p2a: Suicune
|move|p2a: Suicune|Rest|p2a: Suicune|[from]Sleep Talk
|move|p1a: Pump it|Earthquake|p2a: Suicune
|-damage|p2a: Suicune|66/100 slp
|
|-heal|p2a: Suicune|72/100 slp|[from] item: Leftovers
|upkeep
|turn|34
|
|t:|1729382999
|-curestatus|p2a: Suicune|slp|[msg]
|move|p2a: Suicune|Rest|p2a: Suicune
|-status|p2a: Suicune|slp|[from] move: Rest
|-heal|p2a: Suicune|100/100 slp|[silent]
|move|p1a: Pump it|Curse|p1a: Pump it
|-unboost|p1a: Pump it|spe|1
|-boost|p1a: Pump it|atk|1
|-boost|p1a: Pump it|def|1
|
|upkeep
|turn|35
|
|t:|1729383010
|cant|p2a: Suicune|slp
|move|p2a: Suicune|Sleep Talk|p2a: Suicune
|move|p2a: Suicune|Rest|p2a: Suicune|[from]Sleep Talk
|move|p1a: Pump it|Earthquake|p2a: Suicune
|-damage|p2a: Suicune|47/100 slp
|
|-heal|p2a: Suicune|54/100 slp|[from] item: Leftovers
|upkeep
|turn|36
|inactive|chad.lagos has 30 seconds left.
|inactive|chad.lagos has 20 seconds left.
|inactive|chad.lagos has 15 seconds left.
|inactive|chad.lagos has 10 seconds left.
|
|t:|1729383051
|switch|p2a: Jirachi|Jirachi|100/100
|-damage|p2a: Jirachi|75/100|[from] Spikes
|move|p1a: Pump it|Ice Beam|p2a: Jirachi
|-resisted|p2a: Jirachi
|-damage|p2a: Jirachi|71/100
|
|-heal|p2a: Jirachi|77/100|[from] item: Leftovers
|upkeep
|turn|37
|inactive|chad.lagos has 20 seconds left this turn.
|inactive|chad.lagos has 15 seconds left.
|
|t:|1729383061
|switch|p1a: My Style|Moltres|94/100
|move|p2a: Jirachi|Protect||[still]
|-fail|p2a: Jirachi
|
|-heal|p1a: My Style|100/100|[from] item: Leftovers
|-heal|p2a: Jirachi|83/100|[from] item: Leftovers
|upkeep
|turn|38
|inactive|chad.lagos has 25 seconds left this turn.
|inactive|chad.lagos has 20 seconds left.
|
|t:|1729383071
|move|p1a: My Style|Hidden Power|p2a: Jirachi
|-resisted|p2a: Jirachi
|-damage|p2a: Jirachi|75/100
|move|p2a: Jirachi|Wish|p2a: Jirachi
|
|-heal|p2a: Jirachi|81/100|[from] item: Leftovers
|upkeep
|turn|39
|inactive|chad.lagos has 30 seconds left this turn.
|
|t:|1729383078
|move|p1a: My Style|Flamethrower|p2a: Jirachi
|-supereffective|p2a: Jirachi
|-damage|p2a: Jirachi|9/100
|move|p2a: Jirachi|Body Slam|p1a: My Style
|-damage|p1a: My Style|77/100
|-status|p1a: My Style|par
|
|-heal|p2a: Jirachi|59/100|[from] move: Wish|[wisher] Jirachi
|-heal|p2a: Jirachi|65/100|[from] item: Leftovers
|-heal|p1a: My Style|83/100 par|[from] item: Leftovers
|upkeep
|turn|40
|inactive|chad.lagos has 30 seconds left.
|
|t:|1729383089
|move|p2a: Jirachi|Protect|p2a: Jirachi
|-singleturn|p2a: Jirachi|Protect
|cant|p1a: My Style|par
|
|-heal|p2a: Jirachi|72/100|[from] item: Leftovers
|-heal|p1a: My Style|90/100 par|[from] item: Leftovers
|upkeep
|turn|41
|inactive|chad.lagos has 30 seconds left.
|
|t:|1729383099
|move|p2a: Jirachi|Wish|p2a: Jirachi
|move|p1a: My Style|Flamethrower|p2a: Jirachi
|-supereffective|p2a: Jirachi
|-damage|p2a: Jirachi|0 fnt
|faint|p2a: Jirachi
|inactive|chad.lagos has 30 seconds left.
|
|t:|1729383107
|switch|p2a: Zapdos|Zapdos|50/100
|
|-heal|p2a: Zapdos|56/100|[from] item: Leftovers
|-heal|p1a: My Style|96/100 par|[from] item: Leftovers
|upkeep
|turn|42
|
|t:|1729383124
|move|p2a: Zapdos|Toxic||[still]
|-fail|p2a: Zapdos
|move|p1a: My Style|Flamethrower|p2a: Zapdos
|-crit|p2a: Zapdos
|-damage|p2a: Zapdos|0 fnt
|faint|p2a: Zapdos
|inactive|chad.lagos has 30 seconds left.
|
|t:|1729383135
|switch|p2a: Suicune|Suicune|54/100 slp
|-damage|p2a: Suicune|29/100 slp|[from] Spikes
|
|-heal|p2a: Suicune|79/100 slp|[from] move: Wish|[wisher] Jirachi
|-heal|p2a: Suicune|85/100 slp|[from] item: Leftovers
|-heal|p1a: My Style|100/100 par|[from] item: Leftovers
|upkeep
|turn|43
|
|t:|1729383147
|switch|p1a: Don't Lie|Skarmory, M|60/100
|cant|p2a: Suicune|slp
|move|p2a: Suicune|Sleep Talk|p2a: Suicune
|move|p2a: Suicune|Surf|p1a: Don't Lie|[from]Sleep Talk
|-damage|p1a: Don't Lie|22/100
|
|-heal|p2a: Suicune|91/100 slp|[from] item: Leftovers
|-heal|p1a: Don't Lie|28/100|[from] item: Leftovers
|upkeep
|turn|44
|
|t:|1729383157
|move|p1a: Don't Lie|Protect|p1a: Don't Lie
|-singleturn|p1a: Don't Lie|Protect
|cant|p2a: Suicune|slp
|move|p2a: Suicune|Sleep Talk|p2a: Suicune
|move|p2a: Suicune|Calm Mind|p2a: Suicune|[from]Sleep Talk
|-boost|p2a: Suicune|spa|1
|-boost|p2a: Suicune|spd|1
|
|-heal|p2a: Suicune|97/100 slp|[from] item: Leftovers
|-heal|p1a: Don't Lie|34/100|[from] item: Leftovers
|upkeep
|turn|45
|
|t:|1729383176
|switch|p1a: Pump it|Quagsire, M|100/100
|-curestatus|p2a: Suicune|slp|[msg]
|move|p2a: Suicune|Surf|p1a: Pump it
|-immune|p1a: Pump it|[from] ability: Water Absorb
|
|-heal|p2a: Suicune|100/100|[from] item: Leftovers
|upkeep
|turn|46
|
|t:|1729383191
|switch|p2a: Celebi|Celebi|53/100
|-damage|p2a: Celebi|28/100|[from] Spikes
|move|p1a: Pump it|Earthquake|p2a: Celebi
|-resisted|p2a: Celebi
|-damage|p2a: Celebi|14/100
|
|-heal|p2a: Celebi|21/100|[from] item: Leftovers
|upkeep
|turn|47
|
|t:|1729383202
|switch|p1a: Don't Lie|Skarmory, M|34/100
|move|p2a: Celebi|Leech Seed|p1a: Don't Lie
|-start|p1a: Don't Lie|move: Leech Seed
|
|-heal|p2a: Celebi|27/100|[from] item: Leftovers
|-heal|p1a: Don't Lie|40/100|[from] item: Leftovers
|-damage|p1a: Don't Lie|27/100|[from] Leech Seed|[of] p2a: Celebi
|-heal|p2a: Celebi|37/100|[silent]
|upkeep
|turn|48
|inactive|chad.lagos has 30 seconds left.
|
|t:|1729383223
|move|p2a: Celebi|Giga Drain|p1a: Don't Lie
|-resisted|p1a: Don't Lie
|-damage|p1a: Don't Lie|22/100
|-heal|p2a: Celebi|39/100|[from] drain|[of] p1a: Don't Lie
|move|p1a: Don't Lie|Drill Peck|p2a: Celebi
|-supereffective|p2a: Celebi
|-damage|p2a: Celebi|0 fnt
|faint|p2a: Celebi
|inactive|chad.lagos has 30 seconds left this turn.
|
|t:|1729383231
|switch|p2a: Suicune|Suicune|100/100
|-damage|p2a: Suicune|76/100|[from] Spikes
|
|-heal|p2a: Suicune|82/100|[from] item: Leftovers
|-heal|p1a: Don't Lie|28/100|[from] item: Leftovers
|-damage|p1a: Don't Lie|16/100|[from] Leech Seed|[of] p2a: Suicune
|-heal|p2a: Suicune|92/100|[silent]
|upkeep
|turn|49
|inactive|chad.lagos has 30 seconds left.
|
|t:|1729383243
|switch|p2a: Dugtrio|Dugtrio, M|63/100
|-damage|p2a: Dugtrio|39/100|[from] Spikes
|switch|p1a: Pump it|Quagsire, M|100/100
|
|upkeep
|turn|50
|inactive|chad.lagos has 30 seconds left.
|
|t:|1729383253
|move|p2a: Dugtrio|Earthquake|p1a: Pump it
|-damage|p1a: Pump it|49/100
|move|p1a: Pump it|Curse|p1a: Pump it
|-unboost|p1a: Pump it|spe|1
|-boost|p1a: Pump it|atk|1
|-boost|p1a: Pump it|def|1
|
|-heal|p1a: Pump it|56/100|[from] item: Leftovers
|upkeep
|turn|51
|
|t:|1729383260
|move|p2a: Dugtrio|Earthquake|p1a: Pump it
|-damage|p1a: Pump it|18/100
|move|p1a: Pump it|Earthquake|p2a: Dugtrio
|-damage|p2a: Dugtrio|0 fnt
|faint|p2a: Dugtrio
|
|t:|1729383266
|switch|p2a: Suicune|Suicune|92/100
|-damage|p2a: Suicune|67/100|[from] Spikes
|
|-heal|p2a: Suicune|73/100|[from] item: Leftovers
|-heal|p1a: Pump it|24/100|[from] item: Leftovers
|upkeep
|turn|52
|-message|chad.lagos forfeited.
|
|win|PinjarraPanther
|player|p2|

</script>
<script type="application/json" class="data" id="replaydata-smogtours-gen3ou-800175">
{"id":"smogtours-gen3ou-800175","format":"[Gen 3] OU","players":["PinjarraPanther","chad.lagos"],"uploadtime":1729383271,"views":74,"formatid":"gen3ou","rating":null,"private":0,"password":null}
</script>

<script defer src="js/replays.js?9d40a366"></script>
