<!DOCTYPE html>
<meta charset="utf-8" />
<meta name="viewport" content="width=device-width" />

<title>[Gen 3] OU: Christos vs. witgiz - Replays - Pok&eacute;mon Showdown!</title>

<meta name="description" content="Watch a replay of a Pok&eacute;mon battle between Christos and witgiz! Format: [Gen 3] OU; Date: Nov 3, 2024" />
<!--

Hey, you! Looking in the source for the replay log?

You can find them in JSON format, just add `.json` at the end of a replay URL.

https://replay.pokemonshowdown.com/gen7randomdoublesbattle-865046831.json

Or, if you only need the log itself, add `.log` instead:

https://replay.pokemonshowdown.com/gen7randomdoublesbattle-865046831.log

-->

<link rel="stylesheet" href="//pokemonshowdown.com/style/global.css?0.023195364461161105" />
<link rel="stylesheet" href="//play.pokemonshowdown.com/style/font-awesome.css?0.13261647063804238" />
<link rel="stylesheet" href="//play.pokemonshowdown.com/style/battle.css?0.8753245789963631" />
<link rel="stylesheet" href="//play.pokemonshowdown.com/style/utilichart.css?0.8627959624976733" />

<!-- Global site tag (gtag.js) - Google Analytics -->
<script async src="https://www.googletagmanager.com/gtag/js?id=UA-26211653-1"></script>
<script>
  window.dataLayer = window.dataLayer || [];
  function gtag(){dataLayer.push(arguments);}
  gtag('js', new Date());

  gtag('config', 'UA-26211653-1');
</script>
<!-- End Google Analytics -->
<!-- Venatus Ad Manager - Install in <HEAD> of page -->
	<script src="https://hb.vntsm.com/v3/live/ad-manager.min.js" type="text/javascript" data-site-id="642aba63ec9a7b11c3c9c1be" data-mode="scan" async></script>
<!-- / Venatus Ad Manager -->

<style>
	@media (max-width:820px) {
		.battle {
			margin: 0 auto;
		}
		.battle-log {
			margin: 7px auto 0;
			max-width: 640px;
			height: 300px;
			position: static;
		}
	}
	.optgroup {
		display: inline-block;
		line-height: 22px;
		font-size: 10pt;
	}
	.optgroup .button {
		height: 25px;
		padding-top: 0;
		padding-bottom: 0;
	}
	.optgroup button.button {
		padding-left: 12px;
		padding-right: 12px;
	}
	.linklist {
		list-style: none;
		margin: 0.5em 0;
		padding: 0;
	}
	.linklist li {
		padding: 2px 0;
	}
	.sidebar {
		float: left;
		width: 320px;
	}
	.bar-wrapper {
		max-width: 1100px;
		margin: 0 auto;
	}
	.bar-wrapper.has-sidebar {
		max-width: 1430px;
	}
	.mainbar {
		margin: 0;
		padding-right: 1px;
	}
	.mainbar.has-sidebar {
		margin-left: 330px;
	}
	@media (min-width: 1511px) {
		.sidebar {
			width: 400px;
		}
		.bar-wrapper.has-sidebar {
			max-width: 1510px;
		}
		.mainbar.has-sidebar {
			margin-left: 410px;
		}
	}
	.section.first-section {
		margin-top: 9px;
	}
	.blocklink small {
		white-space: normal;
	}
	.button {
		vertical-align: middle;
	}
	.replay-controls {
		padding-top: 10px;
	}
	.replay-controls h1 {
		font-size: 16pt;
		font-weight: normal;
		color: #CCC;
	}
	.pagelink {
		text-align: center;
	}
	.pagelink a {
		width: 150px;
	}
	.textbox, .button {
		font-size: 11pt;
		vertical-align: middle;
	}
	@media (max-width: 450px) {
		.button {
			font-size: 9pt;
		}
	}
</style>

<div>

	<header>
		<div class="nav-wrapper"><ul class="nav">
			<li><a class="button nav-first" href="//pokemonshowdown.com/"><img src="//pokemonshowdown.com/images/pokemonshowdownbeta.png" srcset="//pokemonshowdown.com/images/pokemonshowdownbeta.png 1x, //pokemonshowdown.com/images/pokemonshowdownbeta@2x.png 2x" alt="Pok&eacute;mon Showdown" width="146" height="44" /> Home</a></li>
			<li><a class="button" href="//pokemonshowdown.com/dex/">Pok&eacute;dex</a></li>
			<li><a class="button cur" href="/">Replays</a></li>
			<li><a class="button" href="//pokemonshowdown.com/ladder/">Ladder</a></li>
			<li><a class="button nav-last" href="//pokemonshowdown.com/forums/">Forum</a></li>
			<li><a class="button greenbutton nav-first nav-last" href="//play.pokemonshowdown.com/">Play</a></li>
		</ul></div>
	</header>

	<div class="main" id="main">

		<noscript><section class="section">You need to enable JavaScript to use this page; sorry!</section></noscript>

	</div>

</div>

<script defer nomodule src="//play.pokemonshowdown.com/js/lib/ps-polyfill.js"></script>
<script defer src="//play.pokemonshowdown.com/js/lib/preact.min.js"></script>

<script defer src="//play.pokemonshowdown.com/config/config.js?2bddbc15"></script>
<script defer src="//play.pokemonshowdown.com/js/lib/jquery-1.11.0.min.js"></script>
<script defer src="//play.pokemonshowdown.com/js/lib/html-sanitizer-minified.js"></script>
<script defer src="//play.pokemonshowdown.com/js/battle-sound.js"></script>
<script defer src="//play.pokemonshowdown.com/js/battledata.js?0.7209276989879541"></script>
<script defer src="//play.pokemonshowdown.com/data/pokedex-mini.js?0.6111056340867951"></script>
<script defer src="//play.pokemonshowdown.com/data/pokedex-mini-bw.js?0.3532142036491459"></script>
<script defer src="//play.pokemonshowdown.com/data/graphics.js?0.24223875632456182"></script>
<script defer src="//play.pokemonshowdown.com/data/pokedex.js?0.38839984266356864"></script>
<script defer src="//play.pokemonshowdown.com/data/moves.js?0.21866028504024015"></script>
<script defer src="//play.pokemonshowdown.com/data/abilities.js?0.2005157953846628"></script>
<script defer src="//play.pokemonshowdown.com/data/items.js?0.9894211263848525"></script>
<script defer src="//play.pokemonshowdown.com/data/teambuilder-tables.js?0.6008791140282215"></script>
<script defer src="//play.pokemonshowdown.com/js/battle-tooltips.js?0.7580118955022959"></script>
<script defer src="//play.pokemonshowdown.com/js/battle.js?0.6057722274234274"></script>

<script defer src="js/utils.js?e31f9a17"></script>
<script defer src="js/replays-battle.js?7008c182"></script>

<!-- don't scrape this data! just add .json or .log after the URL!
Full API docs: https://github.com/smogon/pokemon-showdown-client/blob/master/WEB-API.md -->
<script type="text/plain" class="log" id="replaylog-smogtours-gen3ou-804482">
|inactive|Battle timer is ON: inactive players will automatically lose when time's up.
|t:|1730660418
|gametype|singles
|player|p1|Christos|boarder|
|player|p2|witgiz|linebacker|
|teamsize|p1|6
|teamsize|p2|6
|gen|3
|tier|[Gen 3] OU
|rule|Sleep Clause Mod: Limit one foe put to sleep
|rule|Switch Priority Clause Mod: Faster Pokémon switch first
|rule|Species Clause: Limit one of each Pokémon
|rule|OHKO Clause: OHKO moves are banned
|rule|Evasion Items Clause: Evasion items are banned
|rule|Evasion Moves Clause: Evasion moves are banned
|rule|Endless Battle Clause: Forcing endless battles is banned
|rule|HP Percentage Mod: HP is shown in percentages
|rule|One Boost Passer Clause: Limit one Baton Passer that has a way to boost its stats
|rule|Freeze Clause Mod: Limit one foe frozen
|
|t:|1730660418
|start
|switch|p1a: Zapdos|Zapdos|100/100
|switch|p2a: NoOneAtAII|Zapdos|100/100
|turn|1
|c|☆Christos|hf
|c|☆witgiz|u2
|inactive|witgiz has 270 seconds left.
|
|t:|1730660476
|move|p2a: NoOneAtAII|Substitute|p2a: NoOneAtAII
|-start|p2a: NoOneAtAII|Substitute
|-damage|p2a: NoOneAtAII|76/100
|move|p1a: Zapdos|Thunderbolt|p2a: NoOneAtAII
|-end|p2a: NoOneAtAII|Substitute
|
|-heal|p2a: NoOneAtAII|82/100|[from] item: Leftovers
|upkeep
|turn|2
|
|t:|1730660485
|move|p2a: NoOneAtAII|Thunderbolt|p1a: Zapdos
|-damage|p1a: Zapdos|69/100
|move|p1a: Zapdos|Thunderbolt|p2a: NoOneAtAII
|-damage|p2a: NoOneAtAII|35/100
|
|-heal|p2a: NoOneAtAII|41/100|[from] item: Leftovers
|-heal|p1a: Zapdos|75/100|[from] item: Leftovers
|upkeep
|turn|3
|
|t:|1730660499
|switch|p2a: HydroElectricPlant|Swampert, M|100/100
|move|p1a: Zapdos|Thunderbolt|p2a: HydroElectricPlant
|-immune|p2a: HydroElectricPlant
|
|-heal|p1a: Zapdos|82/100|[from] item: Leftovers
|upkeep
|turn|4
|
|t:|1730660513
|switch|p1a: Skarmory|Skarmory, F|100/100
|move|p2a: HydroElectricPlant|Substitute|p2a: HydroElectricPlant
|-start|p2a: HydroElectricPlant|Substitute
|-damage|p2a: HydroElectricPlant|76/100
|
|upkeep
|turn|5
|
|t:|1730660530
|move|p2a: HydroElectricPlant|Hydro Pump|p1a: Skarmory|[miss]
|-miss|p2a: HydroElectricPlant|p1a: Skarmory
|move|p1a: Skarmory|Spikes|p2a: HydroElectricPlant
|-sidestart|p2: witgiz|Spikes
|
|upkeep
|turn|6
|
|t:|1730660535
|move|p1a: Skarmory|Protect|p1a: Skarmory
|-singleturn|p1a: Skarmory|Protect
|move|p2a: HydroElectricPlant|Hydro Pump|p1a: Skarmory|[miss]
|-miss|p2a: HydroElectricPlant|p1a: Skarmory
|
|upkeep
|turn|7
|
|t:|1730660541
|move|p2a: HydroElectricPlant|Hydro Pump|p1a: Skarmory
|-damage|p1a: Skarmory|54/100
|move|p1a: Skarmory|Roar|p2a: HydroElectricPlant
|drag|p2a: 354Hamtaro|Dugtrio, F|100/100
|-damage|p2a: 354Hamtaro|88/100|[from] Spikes
|
|-heal|p1a: Skarmory|60/100|[from] item: Leftovers
|upkeep
|turn|8
|inactive|witgiz has 270 seconds left.
|
|t:|1730660590
|switch|p2a: NoOneAtAII|Zapdos|41/100
|move|p1a: Skarmory|Spikes|p2a: NoOneAtAII
|-sidestart|p2: witgiz|Spikes
|
|-heal|p2a: NoOneAtAII|48/100|[from] item: Leftovers
|-heal|p1a: Skarmory|66/100|[from] item: Leftovers
|upkeep
|turn|9
|
|t:|1730660600
|switch|p1a: Zapdos|Zapdos|82/100
|move|p2a: NoOneAtAII|Thunderbolt|p1a: Zapdos
|-damage|p1a: Zapdos|47/100
|
|-heal|p2a: NoOneAtAII|54/100|[from] item: Leftovers
|-heal|p1a: Zapdos|54/100|[from] item: Leftovers
|upkeep
|turn|10
|
|t:|1730660613
|switch|p2a: HydroElectricPlant|Swampert, M|76/100
|-damage|p2a: HydroElectricPlant|59/100|[from] Spikes
|move|p1a: Zapdos|Thunderbolt|p2a: HydroElectricPlant
|-immune|p2a: HydroElectricPlant
|
|-heal|p1a: Zapdos|60/100|[from] item: Leftovers
|upkeep
|turn|11
|
|t:|1730660623
|move|p2a: HydroElectricPlant|Hydro Pump|p1a: Zapdos
|-damage|p1a: Zapdos|24/100
|move|p1a: Zapdos|Roar|p2a: HydroElectricPlant
|drag|p2a: hiddenpain11|Heracross, F, shiny|100/100
|-damage|p2a: hiddenpain11|84/100|[from] Spikes
|
|-heal|p1a: Zapdos|30/100|[from] item: Leftovers
|upkeep
|turn|12
|inactive|witgiz has 270 seconds left.
|
|t:|1730660643
|switch|p1a: Flygon|Flygon, M|100/100
|move|p2a: hiddenpain11|Rock Slide|p1a: Flygon
|-resisted|p1a: Flygon
|-crit|p1a: Flygon
|-damage|p1a: Flygon|78/100
|
|-heal|p1a: Flygon|85/100|[from] item: Leftovers
|upkeep
|turn|13
|
|t:|1730660658
|switch|p2a: HydroElectricPlant|Swampert, M|59/100
|-damage|p2a: HydroElectricPlant|43/100|[from] Spikes
|move|p1a: Flygon|Toxic|p2a: HydroElectricPlant
|-status|p2a: HydroElectricPlant|tox
|
|-heal|p1a: Flygon|91/100|[from] item: Leftovers
|-damage|p2a: HydroElectricPlant|37/100 tox|[from] psn
|upkeep
|turn|14
|inactive|Christos has 270 seconds left.
|
|t:|1730660691
|move|p1a: Flygon|Protect|p1a: Flygon
|-singleturn|p1a: Flygon|Protect
|move|p2a: HydroElectricPlant|Endeavor|p1a: Flygon
|-activate|p1a: Flygon|Protect
|
|-heal|p1a: Flygon|97/100|[from] item: Leftovers
|-damage|p2a: HydroElectricPlant|24/100 tox|[from] psn
|upkeep
|turn|15
|
|t:|1730660697
|switch|p1a: Zapdos|Zapdos|30/100
|move|p2a: HydroElectricPlant|Endeavor|p1a: Zapdos
|-damage|p1a: Zapdos|22/100
|
|-heal|p1a: Zapdos|28/100|[from] item: Leftovers
|-enditem|p2a: HydroElectricPlant|Salac Berry|[eat]
|-boost|p2a: HydroElectricPlant|spe|1|[from] item: Salac Berry
|-damage|p2a: HydroElectricPlant|6/100 tox|[from] psn
|upkeep
|turn|16
|inactive|Christos has 270 seconds left.
|inactive|Christos has 240 seconds left.
|
|t:|1730660732
|move|p2a: HydroElectricPlant|Hydro Pump|p1a: Zapdos
|-damage|p1a: Zapdos|0 fnt
|faint|p1a: Zapdos
|inactive|Christos has 240 seconds left.
|
|t:|1730660740
|switch|p1a: Aerodactyl|Aerodactyl, F|100/100
|
|-damage|p2a: HydroElectricPlant|0 fnt|[from] psn
|faint|p2a: HydroElectricPlant
|upkeep
|inactive|witgiz has 270 seconds left.
|
|t:|1730660782
|switch|p2a: hexdox|Salamence, F|100/100
|-ability|p2a: hexdox|Intimidate|boost
|-unboost|p1a: Aerodactyl|atk|1
|turn|17
|inactive|Christos has 240 seconds left.
|
|t:|1730660805
|switch|p1a: Flygon|Flygon, M|97/100
|move|p2a: hexdox|Dragon Dance|p2a: hexdox
|-boost|p2a: hexdox|atk|1
|-boost|p2a: hexdox|spe|1
|
|-heal|p1a: Flygon|100/100|[from] item: Leftovers
|upkeep
|turn|18
|inactive|Christos has 240 seconds left.
|
|t:|1730660817
|move|p2a: hexdox|Hidden Power|p1a: Flygon
|-damage|p1a: Flygon|49/100
|move|p1a: Flygon|Toxic|p2a: hexdox
|-status|p2a: hexdox|tox
|-enditem|p2a: hexdox|Lum Berry|[eat]
|-curestatus|p2a: hexdox|tox|[msg]
|
|-heal|p1a: Flygon|55/100|[from] item: Leftovers
|upkeep
|turn|19
|inactive|Christos has 240 seconds left.
|
|t:|1730660828
|switch|p1a: Skarmory|Skarmory, F|66/100
|move|p2a: hexdox|Dragon Dance|p2a: hexdox
|-boost|p2a: hexdox|atk|1
|-boost|p2a: hexdox|spe|1
|
|-heal|p1a: Skarmory|72/100|[from] item: Leftovers
|upkeep
|turn|20
|inactive|Christos has 240 seconds left.
|
|t:|1730660833
|move|p2a: hexdox|Rock Slide|p1a: Skarmory
|-damage|p1a: Skarmory|28/100
|move|p1a: Skarmory|Roar|p2a: hexdox
|drag|p2a: Pedrobas1123|Ludicolo, M|100/100
|-damage|p2a: Pedrobas1123|84/100|[from] Spikes
|
|-heal|p1a: Skarmory|34/100|[from] item: Leftovers
|upkeep
|turn|21
|inactive|Christos has 240 seconds left.
|
|t:|1730660847
|switch|p1a: Jirachi|Jirachi|100/100
|move|p2a: Pedrobas1123|Rain Dance|p2a: Pedrobas1123
|-weather|RainDance
|
|-weather|RainDance|[upkeep]
|upkeep
|turn|22
|
|t:|1730660856
|switch|p2a: 354Hamtaro|Dugtrio, F|88/100
|-damage|p2a: 354Hamtaro|72/100|[from] Spikes
|move|p1a: Jirachi|Wish|p1a: Jirachi
|
|-weather|RainDance|[upkeep]
|upkeep
|turn|23
|
|t:|1730660864
|move|p2a: 354Hamtaro|Earthquake|p1a: Jirachi
|-supereffective|p1a: Jirachi
|-damage|p1a: Jirachi|6/100
|move|p1a: Jirachi|Toxic|p2a: 354Hamtaro
|-status|p2a: 354Hamtaro|tox
|
|-heal|p1a: Jirachi|56/100|[from] move: Wish|[wisher] Jirachi
|-weather|RainDance|[upkeep]
|-damage|p2a: 354Hamtaro|65/100 tox|[from] psn
|-heal|p1a: Jirachi|62/100|[from] item: Leftovers
|upkeep
|turn|24
|
|t:|1730660874
|move|p1a: Jirachi|Protect|p1a: Jirachi
|-singleturn|p1a: Jirachi|Protect
|move|p2a: 354Hamtaro|Earthquake|p1a: Jirachi
|-activate|p1a: Jirachi|Protect
|
|-weather|RainDance|[upkeep]
|-damage|p2a: 354Hamtaro|53/100 tox|[from] psn
|-heal|p1a: Jirachi|68/100|[from] item: Leftovers
|upkeep
|turn|25
|
|t:|1730660886
|move|p1a: Jirachi|Protect|p1a: Jirachi
|-singleturn|p1a: Jirachi|Protect
|move|p2a: 354Hamtaro|Earthquake|p1a: Jirachi
|-activate|p1a: Jirachi|Protect
|
|-weather|none
|-damage|p2a: 354Hamtaro|35/100 tox|[from] psn
|-heal|p1a: Jirachi|75/100|[from] item: Leftovers
|upkeep
|turn|26
|
|t:|1730660897
|move|p1a: Jirachi|Protect||[still]
|-fail|p1a: Jirachi
|move|p2a: 354Hamtaro|Earthquake|p1a: Jirachi
|-supereffective|p1a: Jirachi
|-damage|p1a: Jirachi|0 fnt
|faint|p1a: Jirachi
|
|t:|1730660909
|switch|p1a: Skarmory|Skarmory, F|34/100
|
|-damage|p2a: 354Hamtaro|10/100 tox|[from] psn
|-heal|p1a: Skarmory|40/100|[from] item: Leftovers
|upkeep
|turn|27
|
|t:|1730660915
|switch|p2a: NoOneAtAII|Zapdos|54/100
|move|p1a: Skarmory|Spikes|p2a: NoOneAtAII
|-sidestart|p2: witgiz|Spikes
|
|-heal|p2a: NoOneAtAII|60/100|[from] item: Leftovers
|-heal|p1a: Skarmory|46/100|[from] item: Leftovers
|upkeep
|turn|28
|
|t:|1730660937
|move|p2a: NoOneAtAII|Substitute|p2a: NoOneAtAII
|-start|p2a: NoOneAtAII|Substitute
|-damage|p2a: NoOneAtAII|35/100
|move|p1a: Skarmory|Roar|p2a: NoOneAtAII
|drag|p2a: hexdox|Salamence, F|100/100
|-ability|p2a: hexdox|Intimidate|boost
|-unboost|p1a: Skarmory|atk|1
|
|-heal|p1a: Skarmory|52/100|[from] item: Leftovers
|upkeep
|turn|29
|inactive|witgiz has 270 seconds left.
|
|t:|1730660981
|switch|p2a: 354Hamtaro|Dugtrio, F|10/100 tox
|-damage|p2a: 354Hamtaro|0 fnt|[from] Spikes
|faint|p2a: 354Hamtaro
|
|t:|1730660982
|switch|p2a: Pedrobas1123|Ludicolo, M|84/100
|-damage|p2a: Pedrobas1123|59/100|[from] Spikes
|
|-heal|p1a: Skarmory|58/100|[from] item: Leftovers
|upkeep
|turn|30
|
|t:|1730660998
|switch|p1a: Flygon|Flygon, M|55/100
|move|p2a: Pedrobas1123|Hydro Pump|p1a: Flygon
|-damage|p1a: Flygon|0 fnt
|faint|p1a: Flygon
|
|t:|1730661009
|switch|p1a: Aerodactyl|Aerodactyl, F|100/100
|
|upkeep
|turn|31
|
|t:|1730661017
|move|p1a: Aerodactyl|Hidden Power|p2a: Pedrobas1123
|-supereffective|p2a: Pedrobas1123
|-damage|p2a: Pedrobas1123|0 fnt
|faint|p2a: Pedrobas1123
|inactive|witgiz has 270 seconds left.
|
|t:|1730661042
|switch|p2a: NoOneAtAII|Zapdos|35/100
|
|-heal|p2a: NoOneAtAII|41/100|[from] item: Leftovers
|upkeep
|turn|32
|
|t:|1730661050
|switch|p1a: Tyranitar|Tyranitar, M|100/100
|-weather|Sandstorm|[from] ability: Sand Stream|[of] p1a: Tyranitar
|move|p2a: NoOneAtAII|Substitute|p2a: NoOneAtAII
|-start|p2a: NoOneAtAII|Substitute
|-damage|p2a: NoOneAtAII|16/100
|
|-weather|Sandstorm|[upkeep]
|-damage|p2a: NoOneAtAII|10/100|[from] Sandstorm
|-heal|p2a: NoOneAtAII|16/100|[from] item: Leftovers
|upkeep
|turn|33
|inactive|witgiz has 270 seconds left.
|inactive|witgiz has 240 seconds left.
|
|t:|1730661108
|move|p2a: NoOneAtAII|Thunderbolt|p1a: Tyranitar
|-damage|p1a: Tyranitar|58/100
|move|p1a: Tyranitar|Flamethrower|p2a: NoOneAtAII
|-end|p2a: NoOneAtAII|Substitute
|
|-weather|Sandstorm|[upkeep]
|-damage|p2a: NoOneAtAII|10/100|[from] Sandstorm
|-heal|p2a: NoOneAtAII|16/100|[from] item: Leftovers
|-heal|p1a: Tyranitar|64/100|[from] item: Leftovers
|upkeep
|turn|34
|inactive|Christos has 240 seconds left.
|
|t:|1730661127
|move|p2a: NoOneAtAII|Thunderbolt|p1a: Tyranitar
|-damage|p1a: Tyranitar|24/100
|move|p1a: Tyranitar|Crunch|p2a: NoOneAtAII
|-damage|p2a: NoOneAtAII|0 fnt
|faint|p2a: NoOneAtAII
|
|t:|1730661129
|switch|p2a: hexdox|Salamence, F|100/100
|-ability|p2a: hexdox|Intimidate|boost
|-unboost|p1a: Tyranitar|atk|1
|
|-weather|Sandstorm|[upkeep]
|-damage|p2a: hexdox|94/100|[from] Sandstorm
|-heal|p1a: Tyranitar|30/100|[from] item: Leftovers
|upkeep
|turn|35
|
|t:|1730661139
|switch|p1a: Skarmory|Skarmory, F|58/100
|move|p2a: hexdox|Dragon Dance|p2a: hexdox
|-boost|p2a: hexdox|atk|1
|-boost|p2a: hexdox|spe|1
|
|-weather|Sandstorm|[upkeep]
|-damage|p2a: hexdox|88/100|[from] Sandstorm
|-heal|p1a: Skarmory|64/100|[from] item: Leftovers
|upkeep
|turn|36
|
|t:|1730661145
|move|p2a: hexdox|Rock Slide|p1a: Skarmory
|-damage|p1a: Skarmory|33/100
|move|p1a: Skarmory|Roar|p2a: hexdox
|drag|p2a: hiddenpain11|Heracross, F, shiny|84/100
|-damage|p2a: hiddenpain11|59/100|[from] Spikes
|
|-weather|Sandstorm|[upkeep]
|-damage|p2a: hiddenpain11|53/100|[from] Sandstorm
|-heal|p1a: Skarmory|39/100|[from] item: Leftovers
|upkeep
|turn|37
|inactive|witgiz has 240 seconds left.
|inactive|Christos has 240 seconds left.
|
|t:|1730661203
|move|p2a: hiddenpain11|Substitute|p2a: hiddenpain11
|-start|p2a: hiddenpain11|Substitute
|-damage|p2a: hiddenpain11|28/100
|move|p1a: Skarmory|Roar|p2a: hiddenpain11
|drag|p2a: hexdox|Salamence, F|88/100
|-ability|p2a: hexdox|Intimidate|boost
|-unboost|p1a: Skarmory|atk|1
|
|-weather|Sandstorm|[upkeep]
|-damage|p2a: hexdox|82/100|[from] Sandstorm
|-heal|p1a: Skarmory|45/100|[from] item: Leftovers
|upkeep
|turn|38
|inactive|Christos has 210 seconds left.
|
|t:|1730661225
|move|p2a: hexdox|Rock Slide|p1a: Skarmory
|-damage|p1a: Skarmory|22/100
|cant|p1a: Skarmory|flinch
|
|-weather|Sandstorm|[upkeep]
|-damage|p2a: hexdox|76/100|[from] Sandstorm
|-heal|p1a: Skarmory|28/100|[from] item: Leftovers
|upkeep
|turn|39
|inactive|Christos has 210 seconds left.
|
|t:|1730661237
|move|p2a: hexdox|Dragon Dance|p2a: hexdox
|-boost|p2a: hexdox|atk|1
|-boost|p2a: hexdox|spe|1
|move|p1a: Skarmory|Roar|p2a: hexdox
|drag|p2a: hiddenpain11|Heracross, F, shiny|28/100
|-damage|p2a: hiddenpain11|3/100|[from] Spikes
|
|-weather|Sandstorm|[upkeep]
|-damage|p2a: hiddenpain11|0 fnt|[from] Sandstorm
|faint|p2a: hiddenpain11
|-heal|p1a: Skarmory|34/100|[from] item: Leftovers
|upkeep
|
|t:|1730661241
|switch|p2a: hexdox|Salamence, F|76/100
|-ability|p2a: hexdox|Intimidate|boost
|-unboost|p1a: Skarmory|atk|1
|turn|40
|
|t:|1730661256
|move|p2a: hexdox|Dragon Dance|p2a: hexdox
|-boost|p2a: hexdox|atk|1
|-boost|p2a: hexdox|spe|1
|move|p1a: Skarmory|Toxic|p2a: hexdox
|-status|p2a: hexdox|tox
|
|-weather|Sandstorm|[upkeep]
|-damage|p2a: hexdox|70/100 tox|[from] Sandstorm
|-damage|p2a: hexdox|64/100 tox|[from] psn
|-heal|p1a: Skarmory|40/100|[from] item: Leftovers
|upkeep
|turn|41
|
|t:|1730661280
|move|p1a: Skarmory|Protect|p1a: Skarmory
|-singleturn|p1a: Skarmory|Protect
|move|p2a: hexdox|Rock Slide|p1a: Skarmory
|-activate|p1a: Skarmory|Protect
|
|-weather|Sandstorm|[upkeep]
|-damage|p2a: hexdox|58/100 tox|[from] Sandstorm
|-damage|p2a: hexdox|45/100 tox|[from] psn
|-heal|p1a: Skarmory|46/100|[from] item: Leftovers
|upkeep
|turn|42
|
|t:|1730661290
|switch|p1a: Tyranitar|Tyranitar, M|30/100
|move|p2a: hexdox|Rock Slide|p1a: Tyranitar|[miss]
|-miss|p2a: hexdox|p1a: Tyranitar
|
|-weather|Sandstorm|[upkeep]
|-damage|p2a: hexdox|39/100 tox|[from] Sandstorm
|-damage|p2a: hexdox|21/100 tox|[from] psn
|-heal|p1a: Tyranitar|36/100|[from] item: Leftovers
|upkeep
|turn|43
|c|☆witgiz|gg
|c|☆Christos|gg
|
|t:|1730661299
|move|p2a: hexdox|Rock Slide|p1a: Tyranitar
|-damage|p1a: Tyranitar|0 fnt
|faint|p1a: Tyranitar
|
|t:|1730661303
|switch|p1a: Skarmory|Skarmory, F|46/100
|
|-weather|Sandstorm|[upkeep]
|-damage|p2a: hexdox|15/100 tox|[from] Sandstorm
|-damage|p2a: hexdox|0 fnt|[from] psn
|faint|p2a: hexdox
|
|win|Christos
|upkeep
|c|☆Christos|/log Christos made the replay of this battle unlisted.
|player|p1|
|player|p2|
|player|p1|Christos|boarder|

</script>
<script type="application/json" class="data" id="replaydata-smogtours-gen3ou-804482">
{"id":"smogtours-gen3ou-804482","format":"[Gen 3] OU","players":["Christos","witgiz"],"uploadtime":1730661303,"views":54,"formatid":"gen3ou","rating":null,"private":1,"password":null}
</script>

<script defer src="js/replays.js?9d40a366"></script>
