<!DOCTYPE html>
<meta charset="utf-8" />
<meta name="viewport" content="width=device-width" />

<title>[Gen 3] OU: alargemongoose vs. Sepulo - Replays - Pok&eacute;mon Showdown!</title>

<meta name="description" content="Watch a replay of a Pok&eacute;mon battle between alargemongoose and Sepulo! Format: [Gen 3] OU; Date: Oct 11, 2024" />
<!--

Hey, you! Looking in the source for the replay log?

You can find them in JSON format, just add `.json` at the end of a replay URL.

https://replay.pokemonshowdown.com/gen7randomdoublesbattle-865046831.json

Or, if you only need the log itself, add `.log` instead:

https://replay.pokemonshowdown.com/gen7randomdoublesbattle-865046831.log

-->

<link rel="stylesheet" href="//pokemonshowdown.com/style/global.css?0.023195364461161105" />
<link rel="stylesheet" href="//play.pokemonshowdown.com/style/font-awesome.css?0.13261647063804238" />
<link rel="stylesheet" href="//play.pokemonshowdown.com/style/battle.css?0.8753245789963631" />
<link rel="stylesheet" href="//play.pokemonshowdown.com/style/utilichart.css?0.8627959624976733" />

<!-- Global site tag (gtag.js) - Google Analytics -->
<script async src="https://www.googletagmanager.com/gtag/js?id=UA-26211653-1"></script>
<script>
  window.dataLayer = window.dataLayer || [];
  function gtag(){dataLayer.push(arguments);}
  gtag('js', new Date());

  gtag('config', 'UA-26211653-1');
</script>
<!-- End Google Analytics -->
<!-- Venatus Ad Manager - Install in <HEAD> of page -->
	<script src="https://hb.vntsm.com/v3/live/ad-manager.min.js" type="text/javascript" data-site-id="642aba63ec9a7b11c3c9c1be" data-mode="scan" async></script>
<!-- / Venatus Ad Manager -->

<style>
	@media (max-width:820px) {
		.battle {
			margin: 0 auto;
		}
		.battle-log {
			margin: 7px auto 0;
			max-width: 640px;
			height: 300px;
			position: static;
		}
	}
	.optgroup {
		display: inline-block;
		line-height: 22px;
		font-size: 10pt;
	}
	.optgroup .button {
		height: 25px;
		padding-top: 0;
		padding-bottom: 0;
	}
	.optgroup button.button {
		padding-left: 12px;
		padding-right: 12px;
	}
	.linklist {
		list-style: none;
		margin: 0.5em 0;
		padding: 0;
	}
	.linklist li {
		padding: 2px 0;
	}
	.sidebar {
		float: left;
		width: 320px;
	}
	.bar-wrapper {
		max-width: 1100px;
		margin: 0 auto;
	}
	.bar-wrapper.has-sidebar {
		max-width: 1430px;
	}
	.mainbar {
		margin: 0;
		padding-right: 1px;
	}
	.mainbar.has-sidebar {
		margin-left: 330px;
	}
	@media (min-width: 1511px) {
		.sidebar {
			width: 400px;
		}
		.bar-wrapper.has-sidebar {
			max-width: 1510px;
		}
		.mainbar.has-sidebar {
			margin-left: 410px;
		}
	}
	.section.first-section {
		margin-top: 9px;
	}
	.blocklink small {
		white-space: normal;
	}
	.button {
		vertical-align: middle;
	}
	.replay-controls {
		padding-top: 10px;
	}
	.replay-controls h1 {
		font-size: 16pt;
		font-weight: normal;
		color: #CCC;
	}
	.pagelink {
		text-align: center;
	}
	.pagelink a {
		width: 150px;
	}
	.textbox, .button {
		font-size: 11pt;
		vertical-align: middle;
	}
	@media (max-width: 450px) {
		.button {
			font-size: 9pt;
		}
	}
</style>

<div>

	<header>
		<div class="nav-wrapper"><ul class="nav">
			<li><a class="button nav-first" href="//pokemonshowdown.com/"><img src="//pokemonshowdown.com/images/pokemonshowdownbeta.png" srcset="//pokemonshowdown.com/images/pokemonshowdownbeta.png 1x, //pokemonshowdown.com/images/pokemonshowdownbeta@2x.png 2x" alt="Pok&eacute;mon Showdown" width="146" height="44" /> Home</a></li>
			<li><a class="button" href="//pokemonshowdown.com/dex/">Pok&eacute;dex</a></li>
			<li><a class="button cur" href="/">Replays</a></li>
			<li><a class="button" href="//pokemonshowdown.com/ladder/">Ladder</a></li>
			<li><a class="button nav-last" href="//pokemonshowdown.com/forums/">Forum</a></li>
			<li><a class="button greenbutton nav-first nav-last" href="//play.pokemonshowdown.com/">Play</a></li>
		</ul></div>
	</header>

	<div class="main" id="main">

		<noscript><section class="section">You need to enable JavaScript to use this page; sorry!</section></noscript>

	</div>

</div>

<script defer nomodule src="//play.pokemonshowdown.com/js/lib/ps-polyfill.js"></script>
<script defer src="//play.pokemonshowdown.com/js/lib/preact.min.js"></script>

<script defer src="//play.pokemonshowdown.com/config/config.js?2bddbc15"></script>
<script defer src="//play.pokemonshowdown.com/js/lib/jquery-1.11.0.min.js"></script>
<script defer src="//play.pokemonshowdown.com/js/lib/html-sanitizer-minified.js"></script>
<script defer src="//play.pokemonshowdown.com/js/battle-sound.js"></script>
<script defer src="//play.pokemonshowdown.com/js/battledata.js?0.7209276989879541"></script>
<script defer src="//play.pokemonshowdown.com/data/pokedex-mini.js?0.6111056340867951"></script>
<script defer src="//play.pokemonshowdown.com/data/pokedex-mini-bw.js?0.3532142036491459"></script>
<script defer src="//play.pokemonshowdown.com/data/graphics.js?0.24223875632456182"></script>
<script defer src="//play.pokemonshowdown.com/data/pokedex.js?0.38839984266356864"></script>
<script defer src="//play.pokemonshowdown.com/data/moves.js?0.21866028504024015"></script>
<script defer src="//play.pokemonshowdown.com/data/abilities.js?0.2005157953846628"></script>
<script defer src="//play.pokemonshowdown.com/data/items.js?0.9894211263848525"></script>
<script defer src="//play.pokemonshowdown.com/data/teambuilder-tables.js?0.6008791140282215"></script>
<script defer src="//play.pokemonshowdown.com/js/battle-tooltips.js?0.7580118955022959"></script>
<script defer src="//play.pokemonshowdown.com/js/battle.js?0.6057722274234274"></script>

<script defer src="js/utils.js?e31f9a17"></script>
<script defer src="js/replays-battle.js?7008c182"></script>

<!-- don't scrape this data! just add .json or .log after the URL!
Full API docs: https://github.com/smogon/pokemon-showdown-client/blob/master/WEB-API.md -->
<script type="text/plain" class="log" id="replaylog-smogtours-gen3ou-797088">
|inactive|Battle timer is ON: inactive players will automatically lose when time's up.
|t:|1728606182
|gametype|singles
|player|p1|alargemongoose|170|
|player|p2|Sepulo|pokemonbreeder|
|teamsize|p1|6
|teamsize|p2|6
|gen|3
|tier|[Gen 3] OU
|rule|Sleep Clause Mod: Limit one foe put to sleep
|rule|Switch Priority Clause Mod: Faster Pokémon switch first
|rule|Species Clause: Limit one of each Pokémon
|rule|OHKO Clause: OHKO moves are banned
|rule|Evasion Items Clause: Evasion items are banned
|rule|Evasion Moves Clause: Evasion moves are banned
|rule|Endless Battle Clause: Forcing endless battles is banned
|rule|HP Percentage Mod: HP is shown in percentages
|rule|One Boost Passer Clause: Limit one Baton Passer that has a way to boost its stats
|rule|Freeze Clause Mod: Limit one foe frozen
|
|t:|1728606182
|start
|switch|p1a: Tyranitar|Tyranitar, F|100/100
|switch|p2a: Heracross|Heracross, F|100/100
|-weather|Sandstorm|[from] ability: Sand Stream|[of] p1a: Tyranitar
|turn|1
|c|☆Sepulo|glhf
|c|☆alargemongoose|you too
|
|t:|1728606206
|switch|p1a: Skarmory|Skarmory, M, shiny|100/100
|move|p2a: Heracross|Megahorn|p1a: Skarmory
|-resisted|p1a: Skarmory
|-damage|p1a: Skarmory|89/100
|
|-weather|Sandstorm|[upkeep]
|-damage|p2a: Heracross|94/100|[from] Sandstorm
|-heal|p2a: Heracross|100/100|[from] item: Leftovers
|-heal|p1a: Skarmory|95/100|[from] item: Leftovers
|upkeep
|turn|2
|
|t:|1728606227
|switch|p2a: Magneton|Magneton|100/100
|switch|p1a: Aerodactyl|Aerodactyl, M|100/100
|
|-weather|Sandstorm|[upkeep]
|upkeep
|turn|3
|
|t:|1728606247
|switch|p2a: Flygon|Flygon, F|100/100
|move|p1a: Aerodactyl|Earthquake|p2a: Flygon
|-immune|p2a: Flygon
|
|-weather|Sandstorm|[upkeep]
|upkeep
|turn|4
|
|t:|1728606267
|switch|p2a: Heracross|Heracross, F|100/100
|move|p1a: Aerodactyl|Substitute|p1a: Aerodactyl
|-start|p1a: Aerodactyl|Substitute
|-damage|p1a: Aerodactyl|76/100
|
|-weather|Sandstorm|[upkeep]
|-damage|p2a: Heracross|94/100|[from] Sandstorm
|-heal|p2a: Heracross|100/100|[from] item: Leftovers
|upkeep
|turn|5
|
|t:|1728606280
|move|p1a: Aerodactyl|Double-Edge|p2a: Heracross
|-damage|p2a: Heracross|57/100
|move|p2a: Heracross|Megahorn|p1a: Aerodactyl
|-resisted|p1a: Aerodactyl
|-end|p1a: Aerodactyl|Substitute
|
|-weather|Sandstorm|[upkeep]
|-damage|p2a: Heracross|51/100|[from] Sandstorm
|-heal|p2a: Heracross|57/100|[from] item: Leftovers
|upkeep
|turn|6
|
|t:|1728606293
|move|p1a: Aerodactyl|Substitute|p1a: Aerodactyl
|-start|p1a: Aerodactyl|Substitute
|-damage|p1a: Aerodactyl|51/100
|move|p2a: Heracross|Rock Slide|p1a: Aerodactyl
|-supereffective|p1a: Aerodactyl
|-end|p1a: Aerodactyl|Substitute
|
|-weather|Sandstorm|[upkeep]
|-damage|p2a: Heracross|51/100|[from] Sandstorm
|-heal|p2a: Heracross|57/100|[from] item: Leftovers
|upkeep
|turn|7
|inactive|alargemongoose has 270 seconds left.
|
|t:|1728606327
|switch|p2a: Gyarados|Gyarados, F|100/100
|-ability|p2a: Gyarados|Intimidate|boost
|-unboost|p1a: Aerodactyl|atk|1
|move|p1a: Aerodactyl|Rock Slide|p2a: Gyarados
|-supereffective|p2a: Gyarados
|-damage|p2a: Gyarados|43/100
|
|-weather|Sandstorm|[upkeep]
|-damage|p2a: Gyarados|37/100|[from] Sandstorm
|-heal|p2a: Gyarados|43/100|[from] item: Leftovers
|upkeep
|turn|8
|inactive|alargemongoose has 270 seconds left.
|
|t:|1728606343
|switch|p2a: Swampert|Swampert, F|100/100
|move|p1a: Aerodactyl|Rock Slide|p2a: Swampert
|-resisted|p2a: Swampert
|-damage|p2a: Swampert|90/100
|
|-weather|Sandstorm|[upkeep]
|-heal|p2a: Swampert|96/100|[from] item: Leftovers
|upkeep
|turn|9
|inactive|Sepulo has 270 seconds left.
|inactive|alargemongoose has 270 seconds left.
|
|t:|1728606387
|switch|p1a: Celebi|Celebi|100/100
|switch|p2a: Tyranitar|Tyranitar, F|100/100
|
|-weather|Sandstorm|[upkeep]
|-damage|p1a: Celebi|94/100|[from] Sandstorm
|-heal|p1a: Celebi|100/100|[from] item: Leftovers
|upkeep
|turn|10
|
|t:|1728606394
|move|p1a: Celebi|Giga Drain|p2a: Tyranitar
|-supereffective|p2a: Tyranitar
|-damage|p2a: Tyranitar|57/100
|move|p2a: Tyranitar|Crunch|p1a: Celebi
|-supereffective|p1a: Celebi
|-damage|p1a: Celebi|41/100
|
|-weather|Sandstorm|[upkeep]
|-damage|p1a: Celebi|35/100|[from] Sandstorm
|-heal|p1a: Celebi|41/100|[from] item: Leftovers
|-heal|p2a: Tyranitar|63/100|[from] item: Leftovers
|upkeep
|turn|11
|
|t:|1728606400
|move|p1a: Celebi|Giga Drain|p2a: Tyranitar
|-supereffective|p2a: Tyranitar
|-damage|p2a: Tyranitar|20/100
|-heal|p1a: Celebi|65/100|[from] drain|[of] p2a: Tyranitar
|move|p2a: Tyranitar|Crunch|p1a: Celebi
|-supereffective|p1a: Celebi
|-damage|p1a: Celebi|0 fnt
|faint|p1a: Celebi
|
|t:|1728606405
|switch|p1a: Starmie|Starmie, shiny|100/100
|
|-weather|Sandstorm|[upkeep]
|-damage|p1a: Starmie|94/100|[from] Sandstorm
|-heal|p1a: Starmie|100/100|[from] item: Leftovers
|-heal|p2a: Tyranitar|27/100|[from] item: Leftovers
|upkeep
|turn|12
|inactive|Sepulo has 270 seconds left.
|
|t:|1728606423
|move|p1a: Starmie|Surf|p2a: Tyranitar
|-supereffective|p2a: Tyranitar
|-damage|p2a: Tyranitar|0 fnt
|faint|p2a: Tyranitar
|inactive|Sepulo has 240 seconds left.
|
|t:|1728606455
|switch|p2a: Heracross|Heracross, F|57/100
|
|-weather|Sandstorm|[upkeep]
|-damage|p1a: Starmie|94/100|[from] Sandstorm
|-damage|p2a: Heracross|51/100|[from] Sandstorm
|-heal|p1a: Starmie|100/100|[from] item: Leftovers
|-heal|p2a: Heracross|57/100|[from] item: Leftovers
|upkeep
|turn|13
|inactive|Sepulo has 240 seconds left.
|
|t:|1728606486
|-singleturn|p2a: Heracross|move: Focus Punch
|switch|p1a: Swampert|Swampert, F, shiny|100/100
|move|p2a: Heracross|Focus Punch|p1a: Swampert
|-damage|p1a: Swampert|49/100
|
|-weather|Sandstorm|[upkeep]
|-damage|p2a: Heracross|51/100|[from] Sandstorm
|-heal|p2a: Heracross|57/100|[from] item: Leftovers
|-heal|p1a: Swampert|55/100|[from] item: Leftovers
|upkeep
|turn|14
|
|t:|1728606498
|switch|p2a: Gyarados|Gyarados, F|43/100
|-ability|p2a: Gyarados|Intimidate|boost
|-unboost|p1a: Swampert|atk|1
|move|p1a: Swampert|Surf|p2a: Gyarados
|-resisted|p2a: Gyarados
|-damage|p2a: Gyarados|28/100
|
|-weather|Sandstorm|[upkeep]
|-damage|p2a: Gyarados|22/100|[from] Sandstorm
|-heal|p2a: Gyarados|28/100|[from] item: Leftovers
|-heal|p1a: Swampert|61/100|[from] item: Leftovers
|upkeep
|turn|15
|
|t:|1728606506
|move|p2a: Gyarados|Earthquake|p1a: Swampert
|-damage|p1a: Swampert|37/100
|move|p1a: Swampert|Ice Beam|p2a: Gyarados
|-damage|p2a: Gyarados|8/100
|
|-weather|Sandstorm|[upkeep]
|-damage|p2a: Gyarados|2/100|[from] Sandstorm
|-heal|p2a: Gyarados|8/100|[from] item: Leftovers
|-heal|p1a: Swampert|43/100|[from] item: Leftovers
|upkeep
|turn|16
|inactive|Sepulo has 240 seconds left.
|inactive|alargemongoose has 270 seconds left.
|
|t:|1728606526
|move|p1a: Swampert|Protect|p1a: Swampert
|-singleturn|p1a: Swampert|Protect
|move|p2a: Gyarados|Hidden Power|p1a: Swampert
|-activate|p1a: Swampert|Protect
|
|-weather|Sandstorm|[upkeep]
|-damage|p2a: Gyarados|2/100|[from] Sandstorm
|-heal|p2a: Gyarados|8/100|[from] item: Leftovers
|-heal|p1a: Swampert|49/100|[from] item: Leftovers
|upkeep
|turn|17
|inactive|alargemongoose has 270 seconds left.
|
|t:|1728606563
|switch|p1a: Skarmory|Skarmory, M, shiny|95/100
|move|p2a: Gyarados|Hidden Power|p1a: Skarmory
|-resisted|p1a: Skarmory
|-damage|p1a: Skarmory|80/100
|
|-weather|Sandstorm|[upkeep]
|-damage|p2a: Gyarados|2/100|[from] Sandstorm
|-heal|p2a: Gyarados|8/100|[from] item: Leftovers
|-heal|p1a: Skarmory|87/100|[from] item: Leftovers
|upkeep
|turn|18
|
|t:|1728606567
|switch|p2a: Magneton|Magneton|100/100
|move|p1a: Skarmory|Spikes|p2a: Magneton
|-sidestart|p2: Sepulo|Spikes
|
|-weather|Sandstorm|[upkeep]
|-heal|p1a: Skarmory|93/100|[from] item: Leftovers
|upkeep
|turn|19
|
|t:|1728606572
|move|p1a: Skarmory|Spikes|p2a: Magneton
|-sidestart|p2: Sepulo|Spikes
|move|p2a: Magneton|Thunderbolt|p1a: Skarmory
|-supereffective|p1a: Skarmory
|-damage|p1a: Skarmory|0 fnt
|faint|p1a: Skarmory
|
|t:|1728606577
|switch|p1a: Aerodactyl|Aerodactyl, M|51/100
|
|-weather|Sandstorm|[upkeep]
|upkeep
|turn|20
|inactive|alargemongoose has 270 seconds left.
|
|t:|1728606583
|switch|p2a: Gyarados|Gyarados, F|8/100
|-ability|p2a: Gyarados|Intimidate|boost
|-unboost|p1a: Aerodactyl|atk|1
|move|p1a: Aerodactyl|Earthquake|p2a: Gyarados
|-immune|p2a: Gyarados
|
|-weather|Sandstorm|[upkeep]
|-damage|p2a: Gyarados|2/100|[from] Sandstorm
|-heal|p2a: Gyarados|8/100|[from] item: Leftovers
|upkeep
|turn|21
|
|t:|1728606589
|move|p1a: Aerodactyl|Double-Edge|p2a: Gyarados
|-damage|p2a: Gyarados|0 fnt
|faint|p2a: Gyarados
|
|t:|1728606609
|switch|p2a: Swampert|Swampert, F|96/100
|-damage|p2a: Swampert|79/100|[from] Spikes
|
|-weather|Sandstorm|[upkeep]
|-heal|p2a: Swampert|86/100|[from] item: Leftovers
|upkeep
|turn|22
|inactive|alargemongoose has 270 seconds left.
|inactive|Sepulo has 270 seconds left.
|
|t:|1728606643
|move|p1a: Aerodactyl|Substitute|p1a: Aerodactyl
|-start|p1a: Aerodactyl|Substitute
|-damage|p1a: Aerodactyl|26/100
|move|p2a: Swampert|Hydro Pump|p1a: Aerodactyl|[miss]
|-miss|p2a: Swampert|p1a: Aerodactyl
|
|-weather|Sandstorm|[upkeep]
|-heal|p2a: Swampert|92/100|[from] item: Leftovers
|upkeep
|turn|23
|
|t:|1728606647
|move|p1a: Aerodactyl|Double-Edge|p2a: Swampert
|-damage|p2a: Swampert|70/100
|move|p2a: Swampert|Ice Beam|p1a: Aerodactyl
|-supereffective|p1a: Aerodactyl
|-end|p1a: Aerodactyl|Substitute
|
|-weather|Sandstorm|[upkeep]
|-heal|p2a: Swampert|77/100|[from] item: Leftovers
|upkeep
|turn|24
|inactive|Sepulo has 270 seconds left.
|
|t:|1728606679
|move|p1a: Aerodactyl|Substitute|p1a: Aerodactyl
|-start|p1a: Aerodactyl|Substitute
|-damage|p1a: Aerodactyl|1/100
|move|p2a: Swampert|Ice Beam|p1a: Aerodactyl
|-supereffective|p1a: Aerodactyl
|-end|p1a: Aerodactyl|Substitute
|
|-weather|Sandstorm|[upkeep]
|-enditem|p1a: Aerodactyl|Liechi Berry|[eat]
|-boost|p1a: Aerodactyl|atk|1|[from] item: Liechi Berry
|-heal|p2a: Swampert|83/100|[from] item: Leftovers
|upkeep
|turn|25
|
|t:|1728606686
|move|p1a: Aerodactyl|Double-Edge|p2a: Swampert
|-damage|p2a: Swampert|52/100
|move|p2a: Swampert|Ice Beam|p1a: Aerodactyl
|-supereffective|p1a: Aerodactyl
|-damage|p1a: Aerodactyl|0 fnt
|faint|p1a: Aerodactyl
|
|t:|1728606691
|switch|p1a: Starmie|Starmie, shiny|100/100
|
|-weather|Sandstorm|[upkeep]
|-damage|p1a: Starmie|94/100|[from] Sandstorm
|-heal|p1a: Starmie|100/100|[from] item: Leftovers
|-heal|p2a: Swampert|58/100|[from] item: Leftovers
|upkeep
|turn|26
|
|t:|1728606696
|move|p1a: Starmie|Surf|p2a: Swampert
|-damage|p2a: Swampert|21/100
|move|p2a: Swampert|Earthquake|p1a: Starmie
|-damage|p1a: Starmie|39/100
|
|-weather|Sandstorm|[upkeep]
|-damage|p1a: Starmie|33/100|[from] Sandstorm
|-heal|p1a: Starmie|39/100|[from] item: Leftovers
|-heal|p2a: Swampert|28/100|[from] item: Leftovers
|upkeep
|turn|27
|
|t:|1728606700
|move|p1a: Starmie|Surf|p2a: Swampert
|-damage|p2a: Swampert|0 fnt
|faint|p2a: Swampert
|
|t:|1728606702
|switch|p2a: Heracross|Heracross, F|57/100
|-damage|p2a: Heracross|40/100|[from] Spikes
|
|-weather|Sandstorm|[upkeep]
|-damage|p1a: Starmie|33/100|[from] Sandstorm
|-damage|p2a: Heracross|34/100|[from] Sandstorm
|-heal|p1a: Starmie|39/100|[from] item: Leftovers
|-heal|p2a: Heracross|40/100|[from] item: Leftovers
|upkeep
|turn|28
|
|t:|1728606707
|move|p1a: Starmie|Surf|p2a: Heracross
|-damage|p2a: Heracross|3/100
|move|p2a: Heracross|Megahorn|p1a: Starmie
|-supereffective|p1a: Starmie
|-damage|p1a: Starmie|0 fnt
|faint|p1a: Starmie
|
|t:|1728606720
|switch|p1a: Swampert|Swampert, F, shiny|49/100
|
|-weather|Sandstorm|[upkeep]
|-damage|p2a: Heracross|0 fnt|[from] Sandstorm
|faint|p2a: Heracross
|-heal|p1a: Swampert|55/100|[from] item: Leftovers
|upkeep
|
|t:|1728606722
|switch|p2a: Magneton|Magneton|100/100
|-damage|p2a: Magneton|84/100|[from] Spikes
|turn|29
|inactive|Sepulo has 270 seconds left.
|
|t:|1728606761
|move|p1a: Swampert|Protect|p1a: Swampert
|-singleturn|p1a: Swampert|Protect
|move|p2a: Magneton|Toxic|p1a: Swampert
|-activate|p1a: Swampert|Protect
|
|-weather|Sandstorm|[upkeep]
|-heal|p1a: Swampert|62/100|[from] item: Leftovers
|upkeep
|turn|30
|
|t:|1728606775
|-singleturn|p1a: Swampert|move: Focus Punch
|move|p2a: Magneton|Toxic|p1a: Swampert
|-status|p1a: Swampert|tox
|move|p1a: Swampert|Focus Punch|p2a: Magneton
|-supereffective|p2a: Magneton
|-crit|p2a: Magneton
|-damage|p2a: Magneton|0 fnt
|faint|p2a: Magneton
|
|t:|1728606778
|switch|p2a: Flygon|Flygon, F|100/100
|
|-weather|Sandstorm|[upkeep]
|-heal|p1a: Swampert|68/100 tox|[from] item: Leftovers
|-damage|p1a: Swampert|62/100 tox|[from] psn
|upkeep
|turn|31
|
|t:|1728606781
|move|p2a: Flygon|Substitute|p2a: Flygon
|-start|p2a: Flygon|Substitute
|-damage|p2a: Flygon|76/100
|move|p1a: Swampert|Ice Beam|p2a: Flygon
|-supereffective|p2a: Flygon
|-end|p2a: Flygon|Substitute
|
|-weather|Sandstorm|[upkeep]
|-heal|p2a: Flygon|82/100|[from] item: Leftovers
|-heal|p1a: Swampert|68/100 tox|[from] item: Leftovers
|-damage|p1a: Swampert|55/100 tox|[from] psn
|upkeep
|turn|32
|inactive|alargemongoose has 270 seconds left.
|inactive|Sepulo has 270 seconds left.
|
|t:|1728606827
|move|p2a: Flygon|Substitute|p2a: Flygon
|-start|p2a: Flygon|Substitute
|-damage|p2a: Flygon|57/100
|move|p1a: Swampert|Ice Beam|p2a: Flygon
|-supereffective|p2a: Flygon
|-end|p2a: Flygon|Substitute
|
|-weather|Sandstorm|[upkeep]
|-heal|p2a: Flygon|63/100|[from] item: Leftovers
|-heal|p1a: Swampert|62/100 tox|[from] item: Leftovers
|-damage|p1a: Swampert|43/100 tox|[from] psn
|upkeep
|turn|33
|inactive|Sepulo has 270 seconds left.
|
|t:|1728606848
|switch|p1a: Tyranitar|Tyranitar, F|100/100
|move|p2a: Flygon|Substitute|p2a: Flygon
|-start|p2a: Flygon|Substitute
|-damage|p2a: Flygon|38/100
|
|-weather|Sandstorm|[upkeep]
|-heal|p2a: Flygon|44/100|[from] item: Leftovers
|upkeep
|turn|34
|
|t:|1728606850
|move|p2a: Flygon|Earthquake|p1a: Tyranitar
|-supereffective|p1a: Tyranitar
|-damage|p1a: Tyranitar|29/100
|move|p1a: Tyranitar|Hidden Power|p2a: Flygon
|-end|p2a: Flygon|Substitute
|
|-weather|Sandstorm|[upkeep]
|-heal|p2a: Flygon|51/100|[from] item: Leftovers
|upkeep
|turn|35
|inactive|alargemongoose has 270 seconds left.
|
|t:|1728606859
|move|p2a: Flygon|Earthquake|p1a: Tyranitar
|-supereffective|p1a: Tyranitar
|-damage|p1a: Tyranitar|0 fnt
|faint|p1a: Tyranitar
|
|t:|1728606861
|switch|p1a: Swampert|Swampert, F, shiny|43/100 tox
|
|-weather|Sandstorm|[upkeep]
|-heal|p2a: Flygon|57/100|[from] item: Leftovers
|-heal|p1a: Swampert|49/100 tox|[from] item: Leftovers
|-damage|p1a: Swampert|43/100 tox|[from] psn
|upkeep
|turn|36
|
|t:|1728606864
|move|p2a: Flygon|Substitute|p2a: Flygon
|-start|p2a: Flygon|Substitute
|-damage|p2a: Flygon|32/100
|move|p1a: Swampert|Ice Beam|p2a: Flygon
|-supereffective|p2a: Flygon
|-end|p2a: Flygon|Substitute
|
|-weather|Sandstorm|[upkeep]
|-heal|p2a: Flygon|38/100|[from] item: Leftovers
|-heal|p1a: Swampert|49/100 tox|[from] item: Leftovers
|-damage|p1a: Swampert|37/100 tox|[from] psn
|upkeep
|turn|37
|
|t:|1728606869
|move|p2a: Flygon|Substitute|p2a: Flygon
|-start|p2a: Flygon|Substitute
|-damage|p2a: Flygon|13/100
|move|p1a: Swampert|Ice Beam|p2a: Flygon
|-supereffective|p2a: Flygon
|-end|p2a: Flygon|Substitute
|
|-weather|Sandstorm|[upkeep]
|-heal|p2a: Flygon|20/100|[from] item: Leftovers
|-heal|p1a: Swampert|43/100 tox|[from] item: Leftovers
|-damage|p1a: Swampert|24/100 tox|[from] psn
|upkeep
|turn|38
|c|☆Sepulo|gg
|c|☆alargemongoose|gg
|
|t:|1728606876
|move|p2a: Flygon|Earthquake|p1a: Swampert
|-damage|p1a: Swampert|0 fnt
|faint|p1a: Swampert
|
|win|Sepulo

</script>
<script type="application/json" class="data" id="replaydata-smogtours-gen3ou-797088">
{"id":"smogtours-gen3ou-797088","format":"[Gen 3] OU","players":["alargemongoose","Sepulo"],"uploadtime":1728606876,"views":106,"formatid":"gen3ou","rating":null,"private":0,"password":null}
</script>

<script defer src="js/replays.js?9d40a366"></script>
