<!DOCTYPE html>
<meta charset="utf-8" />
<meta name="viewport" content="width=device-width" />

<title>[Gen 3] OU: Violet River vs. dicerat8 - Replays - Pok&eacute;mon Showdown!</title>

<meta name="description" content="Watch a replay of a Pok&eacute;mon battle between Violet River and dicerat8! Format: [Gen 3] OU; Date: Nov 8, 2024" />
<!--

Hey, you! Looking in the source for the replay log?

You can find them in JSON format, just add `.json` at the end of a replay URL.

https://replay.pokemonshowdown.com/gen7randomdoublesbattle-865046831.json

Or, if you only need the log itself, add `.log` instead:

https://replay.pokemonshowdown.com/gen7randomdoublesbattle-865046831.log

-->

<link rel="stylesheet" href="//pokemonshowdown.com/style/global.css?0.023195364461161105" />
<link rel="stylesheet" href="//play.pokemonshowdown.com/style/font-awesome.css?0.13261647063804238" />
<link rel="stylesheet" href="//play.pokemonshowdown.com/style/battle.css?0.8753245789963631" />
<link rel="stylesheet" href="//play.pokemonshowdown.com/style/utilichart.css?0.8627959624976733" />

<!-- Global site tag (gtag.js) - Google Analytics -->
<script async src="https://www.googletagmanager.com/gtag/js?id=UA-26211653-1"></script>
<script>
  window.dataLayer = window.dataLayer || [];
  function gtag(){dataLayer.push(arguments);}
  gtag('js', new Date());

  gtag('config', 'UA-26211653-1');
</script>
<!-- End Google Analytics -->
<!-- Venatus Ad Manager - Install in <HEAD> of page -->
	<script src="https://hb.vntsm.com/v3/live/ad-manager.min.js" type="text/javascript" data-site-id="642aba63ec9a7b11c3c9c1be" data-mode="scan" async></script>
<!-- / Venatus Ad Manager -->

<style>
	@media (max-width:820px) {
		.battle {
			margin: 0 auto;
		}
		.battle-log {
			margin: 7px auto 0;
			max-width: 640px;
			height: 300px;
			position: static;
		}
	}
	.optgroup {
		display: inline-block;
		line-height: 22px;
		font-size: 10pt;
	}
	.optgroup .button {
		height: 25px;
		padding-top: 0;
		padding-bottom: 0;
	}
	.optgroup button.button {
		padding-left: 12px;
		padding-right: 12px;
	}
	.linklist {
		list-style: none;
		margin: 0.5em 0;
		padding: 0;
	}
	.linklist li {
		padding: 2px 0;
	}
	.sidebar {
		float: left;
		width: 320px;
	}
	.bar-wrapper {
		max-width: 1100px;
		margin: 0 auto;
	}
	.bar-wrapper.has-sidebar {
		max-width: 1430px;
	}
	.mainbar {
		margin: 0;
		padding-right: 1px;
	}
	.mainbar.has-sidebar {
		margin-left: 330px;
	}
	@media (min-width: 1511px) {
		.sidebar {
			width: 400px;
		}
		.bar-wrapper.has-sidebar {
			max-width: 1510px;
		}
		.mainbar.has-sidebar {
			margin-left: 410px;
		}
	}
	.section.first-section {
		margin-top: 9px;
	}
	.blocklink small {
		white-space: normal;
	}
	.button {
		vertical-align: middle;
	}
	.replay-controls {
		padding-top: 10px;
	}
	.replay-controls h1 {
		font-size: 16pt;
		font-weight: normal;
		color: #CCC;
	}
	.pagelink {
		text-align: center;
	}
	.pagelink a {
		width: 150px;
	}
	.textbox, .button {
		font-size: 11pt;
		vertical-align: middle;
	}
	@media (max-width: 450px) {
		.button {
			font-size: 9pt;
		}
	}
</style>

<div>

	<header>
		<div class="nav-wrapper"><ul class="nav">
			<li><a class="button nav-first" href="//pokemonshowdown.com/"><img src="//pokemonshowdown.com/images/pokemonshowdownbeta.png" srcset="//pokemonshowdown.com/images/pokemonshowdownbeta.png 1x, //pokemonshowdown.com/images/pokemonshowdownbeta@2x.png 2x" alt="Pok&eacute;mon Showdown" width="146" height="44" /> Home</a></li>
			<li><a class="button" href="//pokemonshowdown.com/dex/">Pok&eacute;dex</a></li>
			<li><a class="button cur" href="/">Replays</a></li>
			<li><a class="button" href="//pokemonshowdown.com/ladder/">Ladder</a></li>
			<li><a class="button nav-last" href="//pokemonshowdown.com/forums/">Forum</a></li>
			<li><a class="button greenbutton nav-first nav-last" href="//play.pokemonshowdown.com/">Play</a></li>
		</ul></div>
	</header>

	<div class="main" id="main">

		<noscript><section class="section">You need to enable JavaScript to use this page; sorry!</section></noscript>

	</div>

</div>

<script defer nomodule src="//play.pokemonshowdown.com/js/lib/ps-polyfill.js"></script>
<script defer src="//play.pokemonshowdown.com/js/lib/preact.min.js"></script>

<script defer src="//play.pokemonshowdown.com/config/config.js?2bddbc15"></script>
<script defer src="//play.pokemonshowdown.com/js/lib/jquery-1.11.0.min.js"></script>
<script defer src="//play.pokemonshowdown.com/js/lib/html-sanitizer-minified.js"></script>
<script defer src="//play.pokemonshowdown.com/js/battle-sound.js"></script>
<script defer src="//play.pokemonshowdown.com/js/battledata.js?0.7209276989879541"></script>
<script defer src="//play.pokemonshowdown.com/data/pokedex-mini.js?0.6111056340867951"></script>
<script defer src="//play.pokemonshowdown.com/data/pokedex-mini-bw.js?0.3532142036491459"></script>
<script defer src="//play.pokemonshowdown.com/data/graphics.js?0.24223875632456182"></script>
<script defer src="//play.pokemonshowdown.com/data/pokedex.js?0.38839984266356864"></script>
<script defer src="//play.pokemonshowdown.com/data/moves.js?0.21866028504024015"></script>
<script defer src="//play.pokemonshowdown.com/data/abilities.js?0.2005157953846628"></script>
<script defer src="//play.pokemonshowdown.com/data/items.js?0.9894211263848525"></script>
<script defer src="//play.pokemonshowdown.com/data/teambuilder-tables.js?0.6008791140282215"></script>
<script defer src="//play.pokemonshowdown.com/js/battle-tooltips.js?0.7580118955022959"></script>
<script defer src="//play.pokemonshowdown.com/js/battle.js?0.6057722274234274"></script>

<script defer src="js/utils.js?e31f9a17"></script>
<script defer src="js/replays-battle.js?7008c182"></script>

<!-- don't scrape this data! just add .json or .log after the URL!
Full API docs: https://github.com/smogon/pokemon-showdown-client/blob/master/WEB-API.md -->
<script type="text/plain" class="log" id="replaylog-smogtours-gen3ou-805214">
|inactive|Battle timer is ON: inactive players will automatically lose when time's up.
|t:|1731058337
|gametype|singles
|player|p1|Violet River|jasmine-masters2|
|player|p2|dicerat8|eusine|
|teamsize|p1|6
|teamsize|p2|6
|gen|3
|tier|[Gen 3] OU
|rule|Sleep Clause Mod: Limit one foe put to sleep
|rule|Switch Priority Clause Mod: Faster Pokémon switch first
|rule|Species Clause: Limit one of each Pokémon
|rule|OHKO Clause: OHKO moves are banned
|rule|Evasion Items Clause: Evasion items are banned
|rule|Evasion Moves Clause: Evasion moves are banned
|rule|Endless Battle Clause: Forcing endless battles is banned
|rule|HP Percentage Mod: HP is shown in percentages
|rule|One Boost Passer Clause: Limit one Baton Passer that has a way to boost its stats
|rule|Freeze Clause Mod: Limit one foe frozen
|
|t:|1731058337
|start
|switch|p1a: Zapdos|Zapdos|100/100
|switch|p2a: Glalie|Glalie, F|100/100
|turn|1
|c|☆dicerat8|gl
|c|☆Violet River|hf
|
|t:|1731058346
|move|p1a: Zapdos|Thunderbolt|p2a: Glalie
|-damage|p2a: Glalie|51/100
|move|p2a: Glalie|Ice Beam|p1a: Zapdos
|-supereffective|p1a: Zapdos
|-damage|p1a: Zapdos|47/100
|-status|p1a: Zapdos|frz
|
|-heal|p1a: Zapdos|53/100 frz|[from] item: Leftovers
|upkeep
|turn|2
|
|t:|1731058358
|switch|p1a: Tyranitar|Tyranitar, M|100/100
|-weather|Sandstorm|[from] ability: Sand Stream|[of] p1a: Tyranitar
|move|p2a: Glalie|Spikes|p1a: Tyranitar
|-sidestart|p1: Violet River|Spikes
|
|-weather|Sandstorm|[upkeep]
|-damage|p2a: Glalie|45/100|[from] Sandstorm
|upkeep
|turn|3
|
|t:|1731058362
|move|p2a: Glalie|Taunt|p1a: Tyranitar
|-start|p1a: Tyranitar|move: Taunt
|move|p1a: Tyranitar|Fire Blast|p2a: Glalie
|-supereffective|p2a: Glalie
|-damage|p2a: Glalie|0 fnt
|faint|p2a: Glalie
|
|t:|1731058380
|switch|p2a: Swampert|Swampert, F|100/100
|
|-weather|Sandstorm|[upkeep]
|upkeep
|turn|4
|
|t:|1731058386
|switch|p2a: Moltres|Moltres|100/100
|move|p1a: Tyranitar|Hidden Power|p2a: Moltres
|-resisted|p2a: Moltres
|-damage|p2a: Moltres|94/100
|
|-weather|Sandstorm|[upkeep]
|-damage|p2a: Moltres|88/100|[from] Sandstorm
|-heal|p2a: Moltres|94/100|[from] item: Leftovers
|-end|p1a: Tyranitar|move: Taunt|[silent]
|upkeep
|turn|5
|
|t:|1731058392
|move|p1a: Tyranitar|Crunch|p2a: Moltres
|-damage|p2a: Moltres|47/100
|move|p2a: Moltres|Roar|p1a: Tyranitar
|drag|p1a: Skarmory|Skarmory, F|100/100
|
|-weather|Sandstorm|[upkeep]
|-damage|p2a: Moltres|41/100|[from] Sandstorm
|-heal|p2a: Moltres|47/100|[from] item: Leftovers
|upkeep
|turn|6
|
|t:|1731058395
|switch|p1a: Zapdos|Zapdos|53/100 frz
|move|p2a: Moltres|Flamethrower|p1a: Zapdos
|-damage|p1a: Zapdos|0 fnt
|faint|p1a: Zapdos
|
|t:|1731058401
|switch|p1a: Tyranitar|Tyranitar, M|100/100
|-damage|p1a: Tyranitar|88/100|[from] Spikes
|
|-weather|Sandstorm|[upkeep]
|-damage|p2a: Moltres|41/100|[from] Sandstorm
|-heal|p2a: Moltres|47/100|[from] item: Leftovers
|-heal|p1a: Tyranitar|94/100|[from] item: Leftovers
|upkeep
|turn|7
|
|t:|1731058403
|move|p2a: Moltres|Will-O-Wisp|p1a: Tyranitar|[miss]
|-miss|p2a: Moltres|p1a: Tyranitar
|move|p1a: Tyranitar|Crunch|p2a: Moltres
|-damage|p2a: Moltres|5/100
|
|-weather|Sandstorm|[upkeep]
|-damage|p2a: Moltres|0 fnt|[from] Sandstorm
|faint|p2a: Moltres
|-heal|p1a: Tyranitar|100/100|[from] item: Leftovers
|upkeep
|
|t:|1731058406
|switch|p2a: Tyranitar|Tyranitar, M|100/100
|turn|8
|
|t:|1731058409
|switch|p1a: Skarmory|Skarmory, F|100/100
|move|p2a: Tyranitar|Dragon Dance|p2a: Tyranitar
|-boost|p2a: Tyranitar|atk|1
|-boost|p2a: Tyranitar|spe|1
|
|-weather|Sandstorm|[upkeep]
|upkeep
|turn|9
|
|t:|1731058412
|move|p2a: Tyranitar|Rock Slide|p1a: Skarmory
|-damage|p1a: Skarmory|51/100
|cant|p1a: Skarmory|flinch
|
|-weather|Sandstorm|[upkeep]
|-heal|p1a: Skarmory|57/100|[from] item: Leftovers
|upkeep
|turn|10
|
|t:|1731058415
|move|p2a: Tyranitar|Rock Slide|p1a: Skarmory
|-damage|p1a: Skarmory|15/100
|move|p1a: Skarmory|Roar|p2a: Tyranitar
|drag|p2a: Swampert|Swampert, F|100/100
|
|-weather|Sandstorm|[upkeep]
|-heal|p1a: Skarmory|21/100|[from] item: Leftovers
|upkeep
|turn|11
|
|t:|1731058417
|move|p1a: Skarmory|Spikes|p2a: Swampert
|-sidestart|p2: dicerat8|Spikes
|move|p2a: Swampert|Hydro Pump|p1a: Skarmory
|-damage|p1a: Skarmory|0 fnt
|faint|p1a: Skarmory
|
|t:|1731058424
|switch|p1a: Tyranitar|Tyranitar, M|100/100
|-damage|p1a: Tyranitar|88/100|[from] Spikes
|
|-weather|Sandstorm|[upkeep]
|-heal|p1a: Tyranitar|94/100|[from] item: Leftovers
|upkeep
|turn|12
|
|t:|1731058431
|switch|p2a: Aerodactyl|Aerodactyl, M|100/100
|move|p1a: Tyranitar|Hidden Power|p2a: Aerodactyl
|-damage|p2a: Aerodactyl|71/100
|
|-weather|Sandstorm|[upkeep]
|-heal|p1a: Tyranitar|100/100|[from] item: Leftovers
|upkeep
|turn|13
|
|t:|1731058436
|switch|p1a: Swampert|Swampert, M|100/100
|-damage|p1a: Swampert|88/100|[from] Spikes
|move|p2a: Aerodactyl|Earthquake|p1a: Swampert
|-crit|p1a: Swampert
|-damage|p1a: Swampert|31/100
|
|-weather|Sandstorm|[upkeep]
|-heal|p1a: Swampert|37/100|[from] item: Leftovers
|upkeep
|turn|14
|
|t:|1731058441
|switch|p2a: Gengar|Gengar, M|100/100
|move|p1a: Swampert|Surf|p2a: Gengar
|-damage|p2a: Gengar|69/100
|
|-weather|Sandstorm|[upkeep]
|-damage|p2a: Gengar|63/100|[from] Sandstorm
|-heal|p2a: Gengar|69/100|[from] item: Leftovers
|-heal|p1a: Swampert|43/100|[from] item: Leftovers
|upkeep
|turn|15
|
|t:|1731058444
|move|p1a: Swampert|Protect|p1a: Swampert
|-singleturn|p1a: Swampert|Protect
|move|p2a: Gengar|Hidden Power|p1a: Swampert
|-activate|p1a: Swampert|Protect
|
|-weather|Sandstorm|[upkeep]
|-damage|p2a: Gengar|63/100|[from] Sandstorm
|-heal|p2a: Gengar|69/100|[from] item: Leftovers
|-heal|p1a: Swampert|50/100|[from] item: Leftovers
|upkeep
|turn|16
|
|t:|1731058447
|switch|p1a: Blissey|Blissey, F|100/100
|-damage|p1a: Blissey|88/100|[from] Spikes
|move|p2a: Gengar|Hidden Power|p1a: Blissey
|-damage|p1a: Blissey|79/100
|
|-weather|Sandstorm|[upkeep]
|-damage|p2a: Gengar|63/100|[from] Sandstorm
|-damage|p1a: Blissey|73/100|[from] Sandstorm
|-heal|p2a: Gengar|69/100|[from] item: Leftovers
|-heal|p1a: Blissey|79/100|[from] item: Leftovers
|upkeep
|turn|17
|
|t:|1731058451
|switch|p2a: Swampert|Swampert, F|100/100
|-damage|p2a: Swampert|88/100|[from] Spikes
|move|p1a: Blissey|Thunder Wave|p2a: Swampert
|-immune|p2a: Swampert
|
|-weather|Sandstorm|[upkeep]
|-damage|p1a: Blissey|73/100|[from] Sandstorm
|-heal|p2a: Swampert|94/100|[from] item: Leftovers
|-heal|p1a: Blissey|79/100|[from] item: Leftovers
|upkeep
|turn|18
|
|t:|1731058454
|move|p2a: Swampert|Earthquake|p1a: Blissey
|-damage|p1a: Blissey|42/100
|move|p1a: Blissey|Seismic Toss|p2a: Swampert
|-damage|p2a: Swampert|65/100
|
|-weather|Sandstorm|[upkeep]
|-damage|p1a: Blissey|36/100|[from] Sandstorm
|-heal|p2a: Swampert|71/100|[from] item: Leftovers
|-heal|p1a: Blissey|42/100|[from] item: Leftovers
|upkeep
|turn|19
|
|t:|1731058457
|-singleturn|p2a: Swampert|move: Focus Punch
|move|p1a: Blissey|Soft-Boiled|p1a: Blissey
|-heal|p1a: Blissey|92/100
|move|p2a: Swampert|Focus Punch|p1a: Blissey
|-supereffective|p1a: Blissey
|-damage|p1a: Blissey|14/100
|
|-weather|Sandstorm|[upkeep]
|-damage|p1a: Blissey|8/100|[from] Sandstorm
|-heal|p2a: Swampert|77/100|[from] item: Leftovers
|-heal|p1a: Blissey|14/100|[from] item: Leftovers
|upkeep
|turn|20
|
|t:|1731058460
|switch|p1a: Gengar|Gengar, F|100/100
|move|p2a: Swampert|Earthquake|p1a: Gengar
|-immune|p1a: Gengar
|
|-weather|Sandstorm|[upkeep]
|-damage|p1a: Gengar|95/100|[from] Sandstorm
|-heal|p1a: Gengar|100/100|[from] item: Leftovers
|-heal|p2a: Swampert|83/100|[from] item: Leftovers
|upkeep
|turn|21
|
|t:|1731058476
|switch|p2a: Aerodactyl|Aerodactyl, M|71/100
|move|p1a: Gengar|Hidden Power|p2a: Aerodactyl
|-damage|p2a: Aerodactyl|40/100
|
|-weather|Sandstorm|[upkeep]
|-damage|p1a: Gengar|95/100|[from] Sandstorm
|-heal|p1a: Gengar|100/100|[from] item: Leftovers
|upkeep
|turn|22
|
|t:|1731058486
|switch|p1a: Blissey|Blissey, F|14/100
|-damage|p1a: Blissey|2/100|[from] Spikes
|move|p2a: Aerodactyl|Rock Slide|p1a: Blissey
|-damage|p1a: Blissey|0 fnt
|faint|p1a: Blissey
|
|t:|1731058487
|switch|p1a: Swampert|Swampert, M|50/100
|-damage|p1a: Swampert|37/100|[from] Spikes
|
|-weather|Sandstorm|[upkeep]
|-heal|p1a: Swampert|43/100|[from] item: Leftovers
|upkeep
|turn|23
|
|t:|1731058512
|switch|p2a: Swampert|Swampert, F|83/100
|-damage|p2a: Swampert|71/100|[from] Spikes
|move|p1a: Swampert|Roar|p2a: Swampert
|drag|p2a: Gengar|Gengar, M|69/100
|
|-weather|Sandstorm|[upkeep]
|-damage|p2a: Gengar|63/100|[from] Sandstorm
|-heal|p2a: Gengar|69/100|[from] item: Leftovers
|-heal|p1a: Swampert|50/100|[from] item: Leftovers
|upkeep
|turn|24
|
|t:|1731058514
|move|p1a: Swampert|Protect|p1a: Swampert
|-singleturn|p1a: Swampert|Protect
|move|p2a: Gengar|Hidden Power|p1a: Swampert
|-activate|p1a: Swampert|Protect
|
|-weather|Sandstorm|[upkeep]
|-damage|p2a: Gengar|63/100|[from] Sandstorm
|-heal|p2a: Gengar|69/100|[from] item: Leftovers
|-heal|p1a: Swampert|56/100|[from] item: Leftovers
|upkeep
|turn|25
|
|t:|1731058520
|switch|p1a: Tyranitar|Tyranitar, M|100/100
|-damage|p1a: Tyranitar|88/100|[from] Spikes
|move|p2a: Gengar|Hidden Power|p1a: Tyranitar
|-supereffective|p1a: Tyranitar
|-damage|p1a: Tyranitar|50/100
|
|-weather|Sandstorm|[upkeep]
|-damage|p2a: Gengar|63/100|[from] Sandstorm
|-heal|p2a: Gengar|69/100|[from] item: Leftovers
|-heal|p1a: Tyranitar|57/100|[from] item: Leftovers
|upkeep
|turn|26
|
|t:|1731058525
|-singleturn|p1a: Tyranitar|move: Focus Punch
|move|p2a: Gengar|Hidden Power|p1a: Tyranitar
|-supereffective|p1a: Tyranitar
|-damage|p1a: Tyranitar|15/100
|move|p1a: Tyranitar|Focus Punch||[still]
|cant|p1a: Tyranitar|Focus Punch|Focus Punch
|
|-weather|Sandstorm|[upkeep]
|-damage|p2a: Gengar|63/100|[from] Sandstorm
|-heal|p2a: Gengar|69/100|[from] item: Leftovers
|-heal|p1a: Tyranitar|21/100|[from] item: Leftovers
|upkeep
|turn|27
|c|☆Violet River|gg
|
|t:|1731058530
|switch|p1a: Gengar|Gengar, F|100/100
|move|p2a: Gengar|Hidden Power|p1a: Gengar
|-resisted|p1a: Gengar
|-damage|p1a: Gengar|90/100
|
|-weather|Sandstorm|[upkeep]
|-damage|p2a: Gengar|63/100|[from] Sandstorm
|-damage|p1a: Gengar|84/100|[from] Sandstorm
|-heal|p1a: Gengar|90/100|[from] item: Leftovers
|-heal|p2a: Gengar|69/100|[from] item: Leftovers
|upkeep
|turn|28
|
|t:|1731058535
|switch|p2a: Swampert|Swampert, F|71/100
|-damage|p2a: Swampert|59/100|[from] Spikes
|move|p1a: Gengar|Thunderbolt|p2a: Swampert
|-immune|p2a: Swampert
|
|-weather|Sandstorm|[upkeep]
|-damage|p1a: Gengar|84/100|[from] Sandstorm
|-heal|p1a: Gengar|90/100|[from] item: Leftovers
|-heal|p2a: Swampert|65/100|[from] item: Leftovers
|upkeep
|turn|29
|
|t:|1731058539
|move|p1a: Gengar|Hidden Power|p2a: Swampert
|-supereffective|p2a: Swampert
|-damage|p2a: Swampert|0 fnt
|faint|p2a: Swampert
|
|t:|1731058541
|switch|p2a: Aerodactyl|Aerodactyl, M|40/100
|
|-weather|Sandstorm|[upkeep]
|-damage|p1a: Gengar|84/100|[from] Sandstorm
|-heal|p1a: Gengar|90/100|[from] item: Leftovers
|upkeep
|turn|30
|
|t:|1731058546
|switch|p1a: Tyranitar|Tyranitar, M|21/100
|-damage|p1a: Tyranitar|9/100|[from] Spikes
|move|p2a: Aerodactyl|Hidden Power|p1a: Tyranitar
|-resisted|p1a: Tyranitar
|-damage|p1a: Tyranitar|0 fnt
|faint|p1a: Tyranitar
|
|t:|1731058548
|switch|p1a: Swampert|Swampert, M|56/100
|-damage|p1a: Swampert|43/100|[from] Spikes
|
|-weather|Sandstorm|[upkeep]
|-heal|p1a: Swampert|50/100|[from] item: Leftovers
|upkeep
|turn|31
|
|t:|1731058550
|move|p2a: Aerodactyl|Hidden Power|p1a: Swampert
|-damage|p1a: Swampert|20/100
|move|p1a: Swampert|Surf|p2a: Aerodactyl
|-supereffective|p2a: Aerodactyl
|-damage|p2a: Aerodactyl|0 fnt
|faint|p2a: Aerodactyl
|
|t:|1731058553
|switch|p2a: Gengar|Gengar, M|69/100
|
|-weather|Sandstorm|[upkeep]
|-damage|p2a: Gengar|63/100|[from] Sandstorm
|-heal|p2a: Gengar|69/100|[from] item: Leftovers
|-heal|p1a: Swampert|26/100|[from] item: Leftovers
|upkeep
|turn|32
|
|t:|1731058556
|move|p1a: Swampert|Protect|p1a: Swampert
|-singleturn|p1a: Swampert|Protect
|move|p2a: Gengar|Hidden Power|p1a: Swampert
|-activate|p1a: Swampert|Protect
|
|-weather|Sandstorm|[upkeep]
|-damage|p2a: Gengar|63/100|[from] Sandstorm
|-heal|p2a: Gengar|69/100|[from] item: Leftovers
|-heal|p1a: Swampert|32/100|[from] item: Leftovers
|upkeep
|turn|33
|
|t:|1731058558
|switch|p1a: Gengar|Gengar, F|90/100
|move|p2a: Gengar|Ice Punch|p1a: Gengar
|-damage|p1a: Gengar|64/100
|
|-weather|Sandstorm|[upkeep]
|-damage|p2a: Gengar|63/100|[from] Sandstorm
|-damage|p1a: Gengar|58/100|[from] Sandstorm
|-heal|p1a: Gengar|64/100|[from] item: Leftovers
|-heal|p2a: Gengar|69/100|[from] item: Leftovers
|upkeep
|turn|34
|
|t:|1731058562
|move|p2a: Gengar|Thunderbolt|p1a: Gengar
|-damage|p1a: Gengar|34/100
|move|p1a: Gengar|Thunderbolt|p2a: Gengar
|-damage|p2a: Gengar|38/100
|
|-weather|Sandstorm|[upkeep]
|-damage|p1a: Gengar|28/100|[from] Sandstorm
|-damage|p2a: Gengar|33/100|[from] Sandstorm
|-heal|p2a: Gengar|38/100|[from] item: Leftovers
|-heal|p1a: Gengar|34/100|[from] item: Leftovers
|upkeep
|turn|35
|
|t:|1731058567
|move|p1a: Gengar|Thunderbolt|p2a: Gengar
|-damage|p2a: Gengar|4/100
|move|p2a: Gengar|Thunderbolt|p1a: Gengar
|-damage|p1a: Gengar|2/100
|
|-weather|Sandstorm|[upkeep]
|-damage|p1a: Gengar|0 fnt|[from] Sandstorm
|-damage|p2a: Gengar|0 fnt|[from] Sandstorm
|faint|p1a: Gengar
|faint|p2a: Gengar
|upkeep
|
|t:|1731058570
|switch|p2a: Tyranitar|Tyranitar, M|100/100
|switch|p1a: Swampert|Swampert, M|32/100
|-damage|p2a: Tyranitar|88/100|[from] Spikes
|-damage|p1a: Swampert|20/100|[from] Spikes
|turn|36
|
|t:|1731058579
|move|p2a: Tyranitar|Earthquake|p1a: Swampert
|-damage|p1a: Swampert|0 fnt
|faint|p1a: Swampert
|
|win|dicerat8
|c|☆dicerat8|ggwp
|player|p1|

</script>
<script type="application/json" class="data" id="replaydata-smogtours-gen3ou-805214">
{"id":"smogtours-gen3ou-805214","format":"[Gen 3] OU","players":["Violet River","dicerat8"],"uploadtime":1731058579,"views":71,"formatid":"gen3ou","rating":null,"private":0,"password":null}
</script>

<script defer src="js/replays.js?9d40a366"></script>
