<!DOCTYPE html>
<meta charset="utf-8" />
<meta name="viewport" content="width=device-width" />

<title>[Gen 3] OU: triangles vs. Strawbbz - Replays - Pok&eacute;mon Showdown!</title>

<meta name="description" content="Watch a replay of a Pok&eacute;mon battle between triangles and Strawbbz! Format: [Gen 3] OU; Date: Oct 28, 2024" />
<!--

Hey, you! Looking in the source for the replay log?

You can find them in JSON format, just add `.json` at the end of a replay URL.

https://replay.pokemonshowdown.com/gen7randomdoublesbattle-865046831.json

Or, if you only need the log itself, add `.log` instead:

https://replay.pokemonshowdown.com/gen7randomdoublesbattle-865046831.log

-->

<link rel="stylesheet" href="//pokemonshowdown.com/style/global.css?0.767286132409787" />
<link rel="stylesheet" href="//play.pokemonshowdown.com/style/font-awesome.css?0.9266228007934947" />
<link rel="stylesheet" href="//play.pokemonshowdown.com/style/battle.css?0.7924700842790926" />
<link rel="stylesheet" href="//play.pokemonshowdown.com/style/utilichart.css?0.8777417872839479" />

<!-- Global site tag (gtag.js) - Google Analytics -->
<script async src="https://www.googletagmanager.com/gtag/js?id=UA-26211653-1"></script>
<script>
  window.dataLayer = window.dataLayer || [];
  function gtag(){dataLayer.push(arguments);}
  gtag('js', new Date());

  gtag('config', 'UA-26211653-1');
</script>
<!-- End Google Analytics -->
<!-- Venatus Ad Manager - Install in <HEAD> of page -->
	<script src="https://hb.vntsm.com/v3/live/ad-manager.min.js" type="text/javascript" data-site-id="642aba63ec9a7b11c3c9c1be" data-mode="scan" async></script>
<!-- / Venatus Ad Manager -->

<style>
	@media (max-width:820px) {
		.battle {
			margin: 0 auto;
		}
		.battle-log {
			margin: 7px auto 0;
			max-width: 640px;
			height: 300px;
			position: static;
		}
	}
	.optgroup {
		display: inline-block;
		line-height: 22px;
		font-size: 10pt;
	}
	.optgroup .button {
		height: 25px;
		padding-top: 0;
		padding-bottom: 0;
	}
	.optgroup button.button {
		padding-left: 12px;
		padding-right: 12px;
	}
	.linklist {
		list-style: none;
		margin: 0.5em 0;
		padding: 0;
	}
	.linklist li {
		padding: 2px 0;
	}
	.sidebar {
		float: left;
		width: 320px;
	}
	.bar-wrapper {
		max-width: 1100px;
		margin: 0 auto;
	}
	.bar-wrapper.has-sidebar {
		max-width: 1430px;
	}
	.mainbar {
		margin: 0;
		padding-right: 1px;
	}
	.mainbar.has-sidebar {
		margin-left: 330px;
	}
	@media (min-width: 1511px) {
		.sidebar {
			width: 400px;
		}
		.bar-wrapper.has-sidebar {
			max-width: 1510px;
		}
		.mainbar.has-sidebar {
			margin-left: 410px;
		}
	}
	.section.first-section {
		margin-top: 9px;
	}
	.blocklink small {
		white-space: normal;
	}
	.button {
		vertical-align: middle;
	}
	.replay-controls {
		padding-top: 10px;
	}
	.replay-controls h1 {
		font-size: 16pt;
		font-weight: normal;
		color: #CCC;
	}
	.pagelink {
		text-align: center;
	}
	.pagelink a {
		width: 150px;
	}
	.textbox, .button {
		font-size: 11pt;
		vertical-align: middle;
	}
	@media (max-width: 450px) {
		.button {
			font-size: 9pt;
		}
	}
</style>

<div>

	<header>
		<div class="nav-wrapper"><ul class="nav">
			<li><a class="button nav-first" href="//pokemonshowdown.com/"><img src="//pokemonshowdown.com/images/pokemonshowdownbeta.png" srcset="//pokemonshowdown.com/images/pokemonshowdownbeta.png 1x, //pokemonshowdown.com/images/pokemonshowdownbeta@2x.png 2x" alt="Pok&eacute;mon Showdown" width="146" height="44" /> Home</a></li>
			<li><a class="button" href="//pokemonshowdown.com/dex/">Pok&eacute;dex</a></li>
			<li><a class="button cur" href="/">Replays</a></li>
			<li><a class="button" href="//pokemonshowdown.com/ladder/">Ladder</a></li>
			<li><a class="button nav-last" href="//pokemonshowdown.com/forums/">Forum</a></li>
			<li><a class="button greenbutton nav-first nav-last" href="//play.pokemonshowdown.com/">Play</a></li>
		</ul></div>
	</header>

	<div class="main" id="main">

		<noscript><section class="section">You need to enable JavaScript to use this page; sorry!</section></noscript>

	</div>

</div>

<script defer nomodule src="//play.pokemonshowdown.com/js/lib/ps-polyfill.js"></script>
<script defer src="//play.pokemonshowdown.com/js/lib/preact.min.js"></script>

<script defer src="//play.pokemonshowdown.com/config/config.js?6dec07f6"></script>
<script defer src="//play.pokemonshowdown.com/js/lib/jquery-1.11.0.min.js"></script>
<script defer src="//play.pokemonshowdown.com/js/lib/html-sanitizer-minified.js"></script>
<script defer src="//play.pokemonshowdown.com/js/battle-sound.js"></script>
<script defer src="//play.pokemonshowdown.com/js/battledata.js?0.6315294753075389"></script>
<script defer src="//play.pokemonshowdown.com/data/pokedex-mini.js?0.7603743185311358"></script>
<script defer src="//play.pokemonshowdown.com/data/pokedex-mini-bw.js?0.030888842834281283"></script>
<script defer src="//play.pokemonshowdown.com/data/graphics.js?0.05593094747507488"></script>
<script defer src="//play.pokemonshowdown.com/data/pokedex.js?0.47064822249611904"></script>
<script defer src="//play.pokemonshowdown.com/data/moves.js?0.8583693120512459"></script>
<script defer src="//play.pokemonshowdown.com/data/abilities.js?0.16017181182386842"></script>
<script defer src="//play.pokemonshowdown.com/data/items.js?0.4163379185673943"></script>
<script defer src="//play.pokemonshowdown.com/data/teambuilder-tables.js?0.31075597372830477"></script>
<script defer src="//play.pokemonshowdown.com/js/battle-tooltips.js?0.6536193500708172"></script>
<script defer src="//play.pokemonshowdown.com/js/battle.js?0.1916591943277901"></script>

<script defer src="js/utils.js?e31f9a17"></script>
<script defer src="js/replays-battle.js?7008c182"></script>

<!-- don't scrape this data! just add .json or .log after the URL!
Full API docs: https://github.com/smogon/pokemon-showdown-client/blob/master/WEB-API.md -->
<script type="text/plain" class="log" id="replaylog-smogtours-gen3ou-803085">
|inactive|Battle timer is ON: inactive players will automatically lose when time's up.
|t:|1730136478
|gametype|singles
|player|p1|triangles|lucas|
|player|p2|Strawbbz|silver-gen2|
|teamsize|p1|6
|teamsize|p2|6
|gen|3
|tier|[Gen 3] OU
|rule|Sleep Clause Mod: Limit one foe put to sleep
|rule|Switch Priority Clause Mod: Faster Pokémon switch first
|rule|Species Clause: Limit one of each Pokémon
|rule|OHKO Clause: OHKO moves are banned
|rule|Evasion Items Clause: Evasion items are banned
|rule|Evasion Moves Clause: Evasion moves are banned
|rule|Endless Battle Clause: Forcing endless battles is banned
|rule|HP Percentage Mod: HP is shown in percentages
|rule|One Boost Passer Clause: Limit one Baton Passer that has a way to boost its stats
|rule|Freeze Clause Mod: Limit one foe frozen
|
|t:|1730136478
|start
|switch|p1a: Registeel|Registeel, shiny|100/100
|switch|p2a: Raikou|Raikou|100/100
|turn|1
|c|☆triangles|hf
|inactive|Strawbbz has 270 seconds left.
|
|t:|1730136509
|switch|p2a: Skarmory|Skarmory, M|100/100
|move|p1a: Registeel|Seismic Toss|p2a: Skarmory
|-damage|p2a: Skarmory|71/100
|
|-heal|p2a: Skarmory|77/100|[from] item: Leftovers
|upkeep
|turn|2
|
|t:|1730136522
|move|p2a: Skarmory|Spikes|p1a: Registeel
|-sidestart|p1: triangles|Spikes
|move|p1a: Registeel|Thunder Wave|p2a: Skarmory
|-status|p2a: Skarmory|par
|
|-heal|p2a: Skarmory|83/100 par|[from] item: Leftovers
|upkeep
|turn|3
|
|t:|1730136529
|switch|p1a: Forretress|Forretress, F, shiny|100/100
|-damage|p1a: Forretress|88/100|[from] Spikes
|cant|p2a: Skarmory|par
|
|-heal|p1a: Forretress|94/100|[from] item: Leftovers
|-heal|p2a: Skarmory|89/100 par|[from] item: Leftovers
|upkeep
|turn|4
|
|t:|1730136533
|switch|p2a: Magneton|Magneton|100/100
|move|p1a: Forretress|Spikes|p2a: Magneton
|-sidestart|p2: Strawbbz|Spikes
|
|-heal|p1a: Forretress|100/100|[from] item: Leftovers
|upkeep
|turn|5
|
|t:|1730136536
|move|p2a: Magneton|Hidden Power|p1a: Forretress
|-supereffective|p1a: Forretress
|-crit|p1a: Forretress
|-damage|p1a: Forretress|0 fnt
|faint|p1a: Forretress
|
|t:|1730136553
|switch|p1a: Can Uzun|Flygon, F, shiny|100/100
|
|upkeep
|turn|6
|
|t:|1730136572
|switch|p1a: Zapdos|Zapdos|100/100
|switch|p2a: Porygon2|Porygon2|100/100
|-damage|p2a: Porygon2|88/100|[from] Spikes
|-ability|p2a: Porygon2|Pressure|[from] ability: Trace|[of] p1a: Zapdos
|
|-heal|p2a: Porygon2|94/100|[from] item: Leftovers
|upkeep
|turn|7
|
|t:|1730136582
|move|p1a: Zapdos|Thunderbolt|p2a: Porygon2
|-damage|p2a: Porygon2|60/100
|move|p2a: Porygon2|Toxic|p1a: Zapdos
|-status|p1a: Zapdos|tox
|
|-damage|p1a: Zapdos|94/100 tox|[from] psn
|-heal|p2a: Porygon2|67/100|[from] item: Leftovers
|upkeep
|turn|8
|
|t:|1730136590
|switch|p1a: Tim Riggins|Tyranitar, M, shiny|100/100
|-damage|p1a: Tim Riggins|88/100|[from] Spikes
|-weather|Sandstorm|[from] ability: Sand Stream|[of] p1a: Tim Riggins
|move|p2a: Porygon2|Thunderbolt|p1a: Tim Riggins
|-damage|p1a: Tim Riggins|70/100
|-status|p1a: Tim Riggins|par
|
|-weather|Sandstorm|[upkeep]
|-damage|p2a: Porygon2|60/100|[from] Sandstorm
|-heal|p2a: Porygon2|67/100|[from] item: Leftovers
|-heal|p1a: Tim Riggins|76/100 par|[from] item: Leftovers
|upkeep
|turn|9
|
|t:|1730136596
|-singleturn|p1a: Tim Riggins|move: Focus Punch
|switch|p2a: Swampert|Swampert, M|100/100
|-damage|p2a: Swampert|88/100|[from] Spikes
|move|p1a: Tim Riggins|Focus Punch|p2a: Swampert
|-damage|p2a: Swampert|56/100
|
|-weather|Sandstorm|[upkeep]
|-heal|p2a: Swampert|63/100|[from] item: Leftovers
|-heal|p1a: Tim Riggins|83/100 par|[from] item: Leftovers
|upkeep
|turn|10
|inactive|triangles has 270 seconds left.
|
|t:|1730136632
|switch|p1a: Milotic|Milotic, F, shiny|100/100
|-damage|p1a: Milotic|88/100|[from] Spikes
|move|p2a: Swampert|Ice Beam|p1a: Milotic
|-resisted|p1a: Milotic
|-damage|p1a: Milotic|81/100
|
|-weather|Sandstorm|[upkeep]
|-damage|p1a: Milotic|75/100|[from] Sandstorm
|-heal|p1a: Milotic|81/100|[from] item: Leftovers
|-heal|p2a: Swampert|69/100|[from] item: Leftovers
|upkeep
|turn|11
|inactive|triangles has 270 seconds left.
|
|t:|1730136638
|move|p2a: Swampert|Protect|p2a: Swampert
|-singleturn|p2a: Swampert|Protect
|move|p1a: Milotic|Surf|p2a: Swampert
|-activate|p2a: Swampert|Protect
|
|-weather|Sandstorm|[upkeep]
|-damage|p1a: Milotic|75/100|[from] Sandstorm
|-heal|p1a: Milotic|81/100|[from] item: Leftovers
|-heal|p2a: Swampert|75/100|[from] item: Leftovers
|upkeep
|turn|12
|
|t:|1730136651
|switch|p2a: Porygon2|Porygon2|67/100
|-damage|p2a: Porygon2|54/100|[from] Spikes
|-ability|p2a: Porygon2|Marvel Scale|[from] ability: Trace|[of] p1a: Milotic
|move|p1a: Milotic|Surf|p2a: Porygon2
|-damage|p2a: Porygon2|24/100
|
|-weather|Sandstorm|[upkeep]
|-damage|p1a: Milotic|75/100|[from] Sandstorm
|-damage|p2a: Porygon2|18/100|[from] Sandstorm
|-heal|p1a: Milotic|81/100|[from] item: Leftovers
|-heal|p2a: Porygon2|24/100|[from] item: Leftovers
|upkeep
|turn|13
|
|t:|1730136655
|move|p1a: Milotic|Surf|p2a: Porygon2
|-damage|p2a: Porygon2|0 fnt
|faint|p2a: Porygon2
|
|t:|1730136678
|switch|p2a: Magneton|Magneton|100/100
|-damage|p2a: Magneton|88/100|[from] Spikes
|
|-weather|Sandstorm|[upkeep]
|-damage|p1a: Milotic|75/100|[from] Sandstorm
|-heal|p1a: Milotic|81/100|[from] item: Leftovers
|upkeep
|turn|14
|
|t:|1730136697
|switch|p1a: Tim Riggins|Tyranitar, M, shiny|83/100 par
|-damage|p1a: Tim Riggins|70/100 par|[from] Spikes
|move|p2a: Magneton|Thunderbolt|p1a: Tim Riggins
|-damage|p1a: Tim Riggins|23/100 par
|
|-weather|Sandstorm|[upkeep]
|-heal|p1a: Tim Riggins|29/100 par|[from] item: Leftovers
|upkeep
|turn|15
|
|t:|1730136702
|switch|p1a: Can Uzun|Flygon, F, shiny|100/100
|move|p2a: Magneton|Thunderbolt|p1a: Can Uzun
|-immune|p1a: Can Uzun
|
|-weather|Sandstorm|[upkeep]
|upkeep
|turn|16
|
|t:|1730136711
|move|p2a: Magneton|Protect|p2a: Magneton
|-singleturn|p2a: Magneton|Protect
|move|p1a: Can Uzun|Flamethrower|p2a: Magneton
|-activate|p2a: Magneton|Protect
|
|-weather|Sandstorm|[upkeep]
|upkeep
|turn|17
|
|t:|1730136717
|switch|p2a: Blissey|Blissey, F|100/100
|-damage|p2a: Blissey|88/100|[from] Spikes
|move|p1a: Can Uzun|Earthquake|p2a: Blissey
|-damage|p2a: Blissey|46/100
|
|-weather|Sandstorm|[upkeep]
|-damage|p2a: Blissey|40/100|[from] Sandstorm
|-heal|p2a: Blissey|46/100|[from] item: Leftovers
|upkeep
|turn|18
|inactive|triangles has 270 seconds left.
|
|t:|1730136750
|move|p1a: Can Uzun|Earthquake|p2a: Blissey
|-damage|p2a: Blissey|4/100
|move|p2a: Blissey|Soft-Boiled|p2a: Blissey
|-heal|p2a: Blissey|54/100
|
|-weather|Sandstorm|[upkeep]
|-damage|p2a: Blissey|48/100|[from] Sandstorm
|-heal|p2a: Blissey|54/100|[from] item: Leftovers
|upkeep
|turn|19
|
|t:|1730136756
|switch|p1a: Registeel|Registeel, shiny|100/100
|-damage|p1a: Registeel|88/100|[from] Spikes
|move|p2a: Blissey|Ice Beam|p1a: Registeel
|-resisted|p1a: Registeel
|-damage|p1a: Registeel|81/100
|
|-weather|Sandstorm|[upkeep]
|-damage|p2a: Blissey|48/100|[from] Sandstorm
|-heal|p2a: Blissey|54/100|[from] item: Leftovers
|-heal|p1a: Registeel|87/100|[from] item: Leftovers
|upkeep
|turn|20
|inactive|triangles has 270 seconds left.
|
|t:|1730136777
|switch|p2a: Skarmory|Skarmory, M|89/100 par
|move|p1a: Registeel|Seismic Toss|p2a: Skarmory
|-damage|p2a: Skarmory|59/100 par
|
|-weather|Sandstorm|[upkeep]
|-heal|p1a: Registeel|93/100|[from] item: Leftovers
|-heal|p2a: Skarmory|65/100 par|[from] item: Leftovers
|upkeep
|turn|21
|
|t:|1730136781
|move|p1a: Registeel|Seismic Toss|p2a: Skarmory
|-damage|p2a: Skarmory|35/100 par
|move|p2a: Skarmory|Spikes|p1a: Registeel
|-sidestart|p1: triangles|Spikes
|
|-weather|Sandstorm|[upkeep]
|-heal|p1a: Registeel|99/100|[from] item: Leftovers
|-heal|p2a: Skarmory|41/100 par|[from] item: Leftovers
|upkeep
|turn|22
|
|t:|1730136784
|move|p2a: Skarmory|Protect|p2a: Skarmory
|-singleturn|p2a: Skarmory|Protect
|move|p1a: Registeel|Seismic Toss|p2a: Skarmory
|-activate|p2a: Skarmory|Protect
|
|-weather|Sandstorm|[upkeep]
|-heal|p1a: Registeel|100/100|[from] item: Leftovers
|-heal|p2a: Skarmory|47/100 par|[from] item: Leftovers
|upkeep
|turn|23
|
|t:|1730136792
|switch|p2a: Swampert|Swampert, M|75/100
|-damage|p2a: Swampert|63/100|[from] Spikes
|move|p1a: Registeel|Seismic Toss|p2a: Swampert
|-damage|p2a: Swampert|38/100
|
|-weather|Sandstorm|[upkeep]
|-heal|p2a: Swampert|44/100|[from] item: Leftovers
|upkeep
|turn|24
|inactive|triangles has 270 seconds left.
|
|t:|1730136839
|switch|p1a: Zapdos|Zapdos|94/100 tox
|move|p2a: Swampert|Earthquake|p1a: Zapdos
|-immune|p1a: Zapdos
|
|-weather|Sandstorm|[upkeep]
|-damage|p1a: Zapdos|88/100 tox|[from] Sandstorm
|-heal|p1a: Zapdos|94/100 tox|[from] item: Leftovers
|-damage|p1a: Zapdos|88/100 tox|[from] psn
|-heal|p2a: Swampert|50/100|[from] item: Leftovers
|upkeep
|turn|25
|
|t:|1730136846
|move|p2a: Swampert|Protect|p2a: Swampert
|-singleturn|p2a: Swampert|Protect
|move|p1a: Zapdos|Thunderbolt|p2a: Swampert
|-activate|p2a: Swampert|Protect
|
|-weather|Sandstorm|[upkeep]
|-damage|p1a: Zapdos|82/100 tox|[from] Sandstorm
|-heal|p1a: Zapdos|88/100 tox|[from] item: Leftovers
|-damage|p1a: Zapdos|76/100 tox|[from] psn
|-heal|p2a: Swampert|56/100|[from] item: Leftovers
|upkeep
|turn|26
|
|t:|1730136850
|switch|p2a: Blissey|Blissey, F|54/100
|-damage|p2a: Blissey|42/100|[from] Spikes
|move|p1a: Zapdos|Roar|p2a: Blissey
|drag|p2a: Raikou|Raikou|100/100
|-damage|p2a: Raikou|88/100|[from] Spikes
|
|-weather|Sandstorm|[upkeep]
|-damage|p2a: Raikou|82/100|[from] Sandstorm
|-damage|p1a: Zapdos|70/100 tox|[from] Sandstorm
|-heal|p2a: Raikou|88/100|[from] item: Leftovers
|-heal|p1a: Zapdos|76/100 tox|[from] item: Leftovers
|-damage|p1a: Zapdos|58/100 tox|[from] psn
|upkeep
|turn|27
|inactive|Strawbbz has 270 seconds left.
|
|t:|1730136890
|move|p2a: Raikou|Thunderbolt|p1a: Zapdos
|-damage|p1a: Zapdos|25/100 tox
|move|p1a: Zapdos|Rest|p1a: Zapdos
|-status|p1a: Zapdos|slp|[from] move: Rest
|-heal|p1a: Zapdos|100/100 slp|[silent]
|
|-weather|Sandstorm|[upkeep]
|-damage|p2a: Raikou|82/100|[from] Sandstorm
|-damage|p1a: Zapdos|94/100 slp|[from] Sandstorm
|-heal|p2a: Raikou|88/100|[from] item: Leftovers
|-heal|p1a: Zapdos|100/100 slp|[from] item: Leftovers
|upkeep
|turn|28
|inactive|Strawbbz has 270 seconds left.
|
|t:|1730136897
|move|p2a: Raikou|Calm Mind|p2a: Raikou
|-boost|p2a: Raikou|spa|1
|-boost|p2a: Raikou|spd|1
|cant|p1a: Zapdos|slp
|move|p1a: Zapdos|Sleep Talk|p1a: Zapdos
|move|p1a: Zapdos|Thunderbolt|p2a: Raikou|[from]Sleep Talk
|-resisted|p2a: Raikou
|-damage|p2a: Raikou|74/100
|-status|p2a: Raikou|par
|
|-weather|Sandstorm|[upkeep]
|-damage|p1a: Zapdos|94/100 slp|[from] Sandstorm
|-damage|p2a: Raikou|68/100 par|[from] Sandstorm
|-heal|p1a: Zapdos|100/100 slp|[from] item: Leftovers
|-heal|p2a: Raikou|74/100 par|[from] item: Leftovers
|upkeep
|turn|29
|
|t:|1730136912
|cant|p1a: Zapdos|slp
|move|p1a: Zapdos|Sleep Talk|p1a: Zapdos
|move|p1a: Zapdos|Thunderbolt|p2a: Raikou|[from]Sleep Talk
|-resisted|p2a: Raikou
|-damage|p2a: Raikou|61/100 par
|cant|p2a: Raikou|par
|
|-weather|Sandstorm|[upkeep]
|-damage|p1a: Zapdos|94/100 slp|[from] Sandstorm
|-damage|p2a: Raikou|55/100 par|[from] Sandstorm
|-heal|p1a: Zapdos|100/100 slp|[from] item: Leftovers
|-heal|p2a: Raikou|61/100 par|[from] item: Leftovers
|upkeep
|turn|30
|
|t:|1730136925
|move|p2a: Raikou|Thunderbolt|p1a: Zapdos
|-damage|p1a: Zapdos|50/100 slp
|-curestatus|p1a: Zapdos|slp|[msg]
|move|p1a: Zapdos|Roar|p2a: Raikou
|drag|p2a: Skarmory|Skarmory, M|47/100 par
|
|-weather|Sandstorm|[upkeep]
|-damage|p1a: Zapdos|44/100|[from] Sandstorm
|-heal|p1a: Zapdos|50/100|[from] item: Leftovers
|-heal|p2a: Skarmory|53/100 par|[from] item: Leftovers
|upkeep
|turn|31
|
|t:|1730136932
|move|p2a: Skarmory|Protect|p2a: Skarmory
|-singleturn|p2a: Skarmory|Protect
|move|p1a: Zapdos|Thunderbolt|p2a: Skarmory
|-activate|p2a: Skarmory|Protect
|
|-weather|Sandstorm|[upkeep]
|-damage|p1a: Zapdos|44/100|[from] Sandstorm
|-heal|p1a: Zapdos|50/100|[from] item: Leftovers
|-heal|p2a: Skarmory|59/100 par|[from] item: Leftovers
|upkeep
|turn|32
|
|t:|1730136944
|switch|p2a: Swampert|Swampert, M|56/100
|-damage|p2a: Swampert|44/100|[from] Spikes
|move|p1a: Zapdos|Roar|p2a: Swampert
|drag|p2a: Blissey|Blissey, F|42/100
|-damage|p2a: Blissey|29/100|[from] Spikes
|
|-weather|Sandstorm|[upkeep]
|-damage|p1a: Zapdos|44/100|[from] Sandstorm
|-damage|p2a: Blissey|23/100|[from] Sandstorm
|-heal|p1a: Zapdos|50/100|[from] item: Leftovers
|-heal|p2a: Blissey|29/100|[from] item: Leftovers
|upkeep
|turn|33
|
|t:|1730136964
|move|p2a: Blissey|Soft-Boiled|p2a: Blissey
|-heal|p2a: Blissey|79/100
|move|p1a: Zapdos|Roar|p2a: Blissey
|drag|p2a: Raikou|Raikou|61/100 par
|-damage|p2a: Raikou|49/100 par|[from] Spikes
|
|-weather|Sandstorm|[upkeep]
|-damage|p1a: Zapdos|44/100|[from] Sandstorm
|-damage|p2a: Raikou|43/100 par|[from] Sandstorm
|-heal|p1a: Zapdos|50/100|[from] item: Leftovers
|-heal|p2a: Raikou|49/100 par|[from] item: Leftovers
|upkeep
|turn|34
|
|t:|1730136969
|move|p1a: Zapdos|Thunderbolt|p2a: Raikou
|-resisted|p2a: Raikou
|-damage|p2a: Raikou|29/100 par
|cant|p2a: Raikou|par
|
|-weather|Sandstorm|[upkeep]
|-damage|p1a: Zapdos|44/100|[from] Sandstorm
|-damage|p2a: Raikou|22/100 par|[from] Sandstorm
|-heal|p1a: Zapdos|50/100|[from] item: Leftovers
|-heal|p2a: Raikou|29/100 par|[from] item: Leftovers
|upkeep
|turn|35
|
|t:|1730136975
|move|p1a: Zapdos|Thunderbolt|p2a: Raikou
|-resisted|p2a: Raikou
|-damage|p2a: Raikou|7/100 par
|move|p2a: Raikou|Thunderbolt|p1a: Zapdos
|-damage|p1a: Zapdos|20/100
|
|-weather|Sandstorm|[upkeep]
|-damage|p1a: Zapdos|14/100|[from] Sandstorm
|-damage|p2a: Raikou|1/100 par|[from] Sandstorm
|-heal|p1a: Zapdos|20/100|[from] item: Leftovers
|-heal|p2a: Raikou|7/100 par|[from] item: Leftovers
|upkeep
|turn|36
|
|t:|1730136982
|move|p1a: Zapdos|Thunderbolt|p2a: Raikou
|-resisted|p2a: Raikou
|-damage|p2a: Raikou|0 fnt
|faint|p2a: Raikou
|
|t:|1730136989
|switch|p2a: Blissey|Blissey, F|79/100
|-damage|p2a: Blissey|67/100|[from] Spikes
|
|-weather|Sandstorm|[upkeep]
|-damage|p1a: Zapdos|14/100|[from] Sandstorm
|-damage|p2a: Blissey|61/100|[from] Sandstorm
|-heal|p1a: Zapdos|20/100|[from] item: Leftovers
|-heal|p2a: Blissey|67/100|[from] item: Leftovers
|upkeep
|turn|37
|
|t:|1730136992
|move|p1a: Zapdos|Rest|p1a: Zapdos
|-status|p1a: Zapdos|slp|[from] move: Rest
|-heal|p1a: Zapdos|100/100 slp|[silent]
|move|p2a: Blissey|Ice Beam|p1a: Zapdos
|-supereffective|p1a: Zapdos
|-damage|p1a: Zapdos|66/100 slp
|
|-weather|Sandstorm|[upkeep]
|-damage|p1a: Zapdos|60/100 slp|[from] Sandstorm
|-damage|p2a: Blissey|61/100|[from] Sandstorm
|-heal|p1a: Zapdos|66/100 slp|[from] item: Leftovers
|-heal|p2a: Blissey|67/100|[from] item: Leftovers
|upkeep
|turn|38
|
|t:|1730137000
|switch|p1a: Registeel|Registeel, shiny|100/100
|-damage|p1a: Registeel|84/100|[from] Spikes
|move|p2a: Blissey|Calm Mind|p2a: Blissey
|-boost|p2a: Blissey|spa|1
|-boost|p2a: Blissey|spd|1
|
|-weather|Sandstorm|[upkeep]
|-damage|p2a: Blissey|61/100|[from] Sandstorm
|-heal|p2a: Blissey|67/100|[from] item: Leftovers
|-heal|p1a: Registeel|90/100|[from] item: Leftovers
|upkeep
|turn|39
|
|t:|1730137006
|move|p2a: Blissey|Calm Mind|p2a: Blissey
|-boost|p2a: Blissey|spa|1
|-boost|p2a: Blissey|spd|1
|move|p1a: Registeel|Thunder Wave|p2a: Blissey
|-status|p2a: Blissey|par
|
|-weather|Sandstorm|[upkeep]
|-damage|p2a: Blissey|61/100 par|[from] Sandstorm
|-heal|p1a: Registeel|96/100|[from] item: Leftovers
|-heal|p2a: Blissey|67/100 par|[from] item: Leftovers
|upkeep
|turn|40
|
|t:|1730137009
|-curestatus|p2a: Blissey|par|[from] ability: Natural Cure
|switch|p2a: Skarmory|Skarmory, M|59/100 par
|move|p1a: Registeel|Seismic Toss|p2a: Skarmory
|-damage|p2a: Skarmory|29/100 par
|
|-weather|Sandstorm|[upkeep]
|-heal|p1a: Registeel|100/100|[from] item: Leftovers
|-heal|p2a: Skarmory|35/100 par|[from] item: Leftovers
|upkeep
|turn|41
|
|t:|1730137019
|move|p1a: Registeel|Seismic Toss|p2a: Skarmory
|-damage|p2a: Skarmory|5/100 par
|move|p2a: Skarmory|Spikes|p1a: Registeel
|-sidestart|p1: triangles|Spikes
|
|-weather|Sandstorm|[upkeep]
|-heal|p2a: Skarmory|11/100 par|[from] item: Leftovers
|upkeep
|turn|42
|
|t:|1730137025
|move|p1a: Registeel|Seismic Toss|p2a: Skarmory
|-damage|p2a: Skarmory|0 fnt
|faint|p2a: Skarmory
|
|t:|1730137028
|switch|p2a: Magneton|Magneton|88/100
|-damage|p2a: Magneton|76/100|[from] Spikes
|
|-weather|Sandstorm|[upkeep]
|upkeep
|turn|43
|
|t:|1730137031
|move|p2a: Magneton|Thunderbolt|p1a: Registeel
|-damage|p1a: Registeel|67/100
|move|p1a: Registeel|Seismic Toss|p2a: Magneton
|-damage|p2a: Magneton|34/100
|
|-weather|Sandstorm|[upkeep]
|-heal|p1a: Registeel|73/100|[from] item: Leftovers
|upkeep
|turn|44
|
|t:|1730137050
|move|p1a: Registeel|Protect|p1a: Registeel
|-singleturn|p1a: Registeel|Protect
|move|p2a: Magneton|Thunderbolt|p1a: Registeel
|-activate|p1a: Registeel|Protect
|
|-weather|Sandstorm|[upkeep]
|-heal|p1a: Registeel|79/100|[from] item: Leftovers
|upkeep
|turn|45
|
|t:|1730137052
|move|p2a: Magneton|Thunderbolt|p1a: Registeel
|-damage|p1a: Registeel|50/100
|move|p1a: Registeel|Seismic Toss|p2a: Magneton
|-damage|p2a: Magneton|0 fnt
|faint|p2a: Magneton
|
|t:|1730137065
|switch|p2a: Swampert|Swampert, M|44/100
|-damage|p2a: Swampert|32/100|[from] Spikes
|
|-weather|Sandstorm|[upkeep]
|-heal|p2a: Swampert|38/100|[from] item: Leftovers
|-heal|p1a: Registeel|57/100|[from] item: Leftovers
|upkeep
|turn|46
|
|t:|1730137069
|move|p1a: Registeel|Protect|p1a: Registeel
|-singleturn|p1a: Registeel|Protect
|move|p2a: Swampert|Earthquake|p1a: Registeel
|-activate|p1a: Registeel|Protect
|
|-weather|Sandstorm|[upkeep]
|-heal|p2a: Swampert|44/100|[from] item: Leftovers
|-heal|p1a: Registeel|63/100|[from] item: Leftovers
|upkeep
|turn|47
|
|t:|1730137074
|switch|p1a: Zapdos|Zapdos|66/100 slp
|move|p2a: Swampert|Protect||[still]
|-fail|p2a: Swampert
|
|-weather|Sandstorm|[upkeep]
|-damage|p1a: Zapdos|60/100 slp|[from] Sandstorm
|-heal|p1a: Zapdos|66/100 slp|[from] item: Leftovers
|-heal|p2a: Swampert|50/100|[from] item: Leftovers
|upkeep
|turn|48
|
|t:|1730137080
|cant|p1a: Zapdos|slp
|move|p1a: Zapdos|Sleep Talk|p1a: Zapdos
|move|p1a: Zapdos|Thunderbolt|p2a: Swampert|[from]Sleep Talk
|-immune|p2a: Swampert
|move|p2a: Swampert|Ice Beam|p1a: Zapdos
|-supereffective|p1a: Zapdos
|-damage|p1a: Zapdos|39/100 slp
|
|-weather|Sandstorm|[upkeep]
|-damage|p1a: Zapdos|33/100 slp|[from] Sandstorm
|-heal|p1a: Zapdos|39/100 slp|[from] item: Leftovers
|-heal|p2a: Swampert|56/100|[from] item: Leftovers
|upkeep
|turn|49
|
|t:|1730137084
|cant|p1a: Zapdos|slp
|move|p1a: Zapdos|Sleep Talk|p1a: Zapdos
|move|p1a: Zapdos|Rest|p1a: Zapdos|[from]Sleep Talk
|move|p2a: Swampert|Ice Beam|p1a: Zapdos
|-supereffective|p1a: Zapdos
|-damage|p1a: Zapdos|11/100 slp
|
|-weather|Sandstorm|[upkeep]
|-damage|p1a: Zapdos|5/100 slp|[from] Sandstorm
|-heal|p1a: Zapdos|11/100 slp|[from] item: Leftovers
|-heal|p2a: Swampert|63/100|[from] item: Leftovers
|upkeep
|turn|50
|
|t:|1730137087
|switch|p2a: Blissey|Blissey, F|67/100
|-damage|p2a: Blissey|54/100|[from] Spikes
|-curestatus|p1a: Zapdos|slp|[msg]
|move|p1a: Zapdos|Rest|p1a: Zapdos
|-status|p1a: Zapdos|slp|[from] move: Rest
|-heal|p1a: Zapdos|100/100 slp|[silent]
|
|-weather|Sandstorm|[upkeep]
|-damage|p1a: Zapdos|94/100 slp|[from] Sandstorm
|-damage|p2a: Blissey|48/100|[from] Sandstorm
|-heal|p1a: Zapdos|100/100 slp|[from] item: Leftovers
|-heal|p2a: Blissey|54/100|[from] item: Leftovers
|upkeep
|turn|51
|
|t:|1730137089
|cant|p1a: Zapdos|slp
|move|p1a: Zapdos|Sleep Talk|p1a: Zapdos
|move|p1a: Zapdos|Roar|p2a: Blissey|[from]Sleep Talk
|drag|p2a: Swampert|Swampert, M|63/100
|-damage|p2a: Swampert|50/100|[from] Spikes
|
|-weather|Sandstorm|[upkeep]
|-damage|p1a: Zapdos|94/100 slp|[from] Sandstorm
|-heal|p1a: Zapdos|100/100 slp|[from] item: Leftovers
|-heal|p2a: Swampert|56/100|[from] item: Leftovers
|upkeep
|turn|52
|
|t:|1730137095
|move|p2a: Swampert|Protect|p2a: Swampert
|-singleturn|p2a: Swampert|Protect
|cant|p1a: Zapdos|slp
|move|p1a: Zapdos|Sleep Talk|p1a: Zapdos
|move|p1a: Zapdos|Rest|p1a: Zapdos|[from]Sleep Talk
|
|-weather|Sandstorm|[upkeep]
|-damage|p1a: Zapdos|94/100 slp|[from] Sandstorm
|-heal|p1a: Zapdos|100/100 slp|[from] item: Leftovers
|-heal|p2a: Swampert|63/100|[from] item: Leftovers
|upkeep
|turn|53
|
|t:|1730137099
|switch|p1a: Milotic|Milotic, F, shiny|81/100
|-damage|p1a: Milotic|56/100|[from] Spikes
|move|p2a: Swampert|Ice Beam|p1a: Milotic
|-resisted|p1a: Milotic
|-crit|p1a: Milotic
|-damage|p1a: Milotic|43/100
|
|-weather|Sandstorm|[upkeep]
|-damage|p1a: Milotic|37/100|[from] Sandstorm
|-heal|p1a: Milotic|43/100|[from] item: Leftovers
|-heal|p2a: Swampert|69/100|[from] item: Leftovers
|upkeep
|turn|54
|
|t:|1730137107
|switch|p2a: Blissey|Blissey, F|54/100
|-damage|p2a: Blissey|42/100|[from] Spikes
|move|p1a: Milotic|Recover|p1a: Milotic
|-heal|p1a: Milotic|93/100
|
|-weather|Sandstorm|[upkeep]
|-damage|p1a: Milotic|87/100|[from] Sandstorm
|-damage|p2a: Blissey|36/100|[from] Sandstorm
|-heal|p1a: Milotic|93/100|[from] item: Leftovers
|-heal|p2a: Blissey|42/100|[from] item: Leftovers
|upkeep
|turn|55
|
|t:|1730137109
|move|p1a: Milotic|Toxic|p2a: Blissey|[miss]
|-miss|p1a: Milotic|p2a: Blissey
|move|p2a: Blissey|Soft-Boiled|p2a: Blissey
|-heal|p2a: Blissey|92/100
|
|-weather|Sandstorm|[upkeep]
|-damage|p1a: Milotic|87/100|[from] Sandstorm
|-damage|p2a: Blissey|86/100|[from] Sandstorm
|-heal|p1a: Milotic|93/100|[from] item: Leftovers
|-heal|p2a: Blissey|92/100|[from] item: Leftovers
|upkeep
|turn|56
|
|t:|1730137112
|move|p1a: Milotic|Toxic|p2a: Blissey
|-status|p2a: Blissey|tox
|move|p2a: Blissey|Thunderbolt|p1a: Milotic
|-supereffective|p1a: Milotic
|-damage|p1a: Milotic|54/100
|
|-weather|Sandstorm|[upkeep]
|-damage|p1a: Milotic|48/100|[from] Sandstorm
|-damage|p2a: Blissey|86/100 tox|[from] Sandstorm
|-heal|p1a: Milotic|54/100|[from] item: Leftovers
|-heal|p2a: Blissey|92/100 tox|[from] item: Leftovers
|-damage|p2a: Blissey|86/100 tox|[from] psn
|upkeep
|turn|57
|
|t:|1730137116
|move|p1a: Milotic|Recover|p1a: Milotic
|-heal|p1a: Milotic|100/100
|move|p2a: Blissey|Calm Mind|p2a: Blissey
|-boost|p2a: Blissey|spa|1
|-boost|p2a: Blissey|spd|1
|
|-weather|Sandstorm|[upkeep]
|-damage|p1a: Milotic|94/100|[from] Sandstorm
|-damage|p2a: Blissey|79/100 tox|[from] Sandstorm
|-heal|p1a: Milotic|100/100|[from] item: Leftovers
|-heal|p2a: Blissey|86/100 tox|[from] item: Leftovers
|-damage|p2a: Blissey|73/100 tox|[from] psn
|upkeep
|turn|58
|
|t:|1730137124
|switch|p1a: Tim Riggins|Tyranitar, M, shiny|29/100 par
|-damage|p1a: Tim Riggins|4/100 par|[from] Spikes
|move|p2a: Blissey|Ice Beam|p1a: Tim Riggins
|-damage|p1a: Tim Riggins|0 fnt
|faint|p1a: Tim Riggins
|
|t:|1730137129
|switch|p1a: Can Uzun|Flygon, F, shiny|100/100
|
|-weather|Sandstorm|[upkeep]
|-damage|p2a: Blissey|67/100 tox|[from] Sandstorm
|-heal|p2a: Blissey|73/100 tox|[from] item: Leftovers
|-damage|p2a: Blissey|55/100 tox|[from] psn
|upkeep
|turn|59
|
|t:|1730137137
|-curestatus|p2a: Blissey|tox|[from] ability: Natural Cure
|switch|p2a: Swampert|Swampert, M|69/100
|-damage|p2a: Swampert|56/100|[from] Spikes
|move|p1a: Can Uzun|Earthquake|p2a: Swampert
|-damage|p2a: Swampert|28/100
|
|-weather|Sandstorm|[upkeep]
|-heal|p2a: Swampert|34/100|[from] item: Leftovers
|upkeep
|turn|60
|
|t:|1730137149
|switch|p1a: Zapdos|Zapdos|100/100 slp
|move|p2a: Swampert|Earthquake|p1a: Zapdos
|-immune|p1a: Zapdos
|
|-weather|Sandstorm|[upkeep]
|-damage|p1a: Zapdos|94/100 slp|[from] Sandstorm
|-heal|p1a: Zapdos|100/100 slp|[from] item: Leftovers
|-heal|p2a: Swampert|40/100|[from] item: Leftovers
|upkeep
|turn|61
|
|t:|1730137154
|move|p2a: Swampert|Protect|p2a: Swampert
|-singleturn|p2a: Swampert|Protect
|cant|p1a: Zapdos|slp
|move|p1a: Zapdos|Sleep Talk|p1a: Zapdos
|move|p1a: Zapdos|Rest|p1a: Zapdos|[from]Sleep Talk
|
|-weather|Sandstorm|[upkeep]
|-damage|p1a: Zapdos|94/100 slp|[from] Sandstorm
|-heal|p1a: Zapdos|100/100 slp|[from] item: Leftovers
|-heal|p2a: Swampert|47/100|[from] item: Leftovers
|upkeep
|turn|62
|
|t:|1730137158
|cant|p1a: Zapdos|slp
|move|p1a: Zapdos|Sleep Talk|p1a: Zapdos
|move|p1a: Zapdos|Rest|p1a: Zapdos|[from]Sleep Talk
|move|p2a: Swampert|Ice Beam|p1a: Zapdos
|-supereffective|p1a: Zapdos
|-damage|p1a: Zapdos|71/100 slp
|
|-weather|Sandstorm|[upkeep]
|-damage|p1a: Zapdos|65/100 slp|[from] Sandstorm
|-heal|p1a: Zapdos|71/100 slp|[from] item: Leftovers
|-heal|p2a: Swampert|53/100|[from] item: Leftovers
|upkeep
|turn|63
|
|t:|1730137164
|-curestatus|p1a: Zapdos|slp|[msg]
|move|p1a: Zapdos|Rest|p1a: Zapdos
|-status|p1a: Zapdos|slp|[from] move: Rest
|-heal|p1a: Zapdos|100/100 slp|[silent]
|move|p2a: Swampert|Ice Beam|p1a: Zapdos
|-supereffective|p1a: Zapdos
|-damage|p1a: Zapdos|72/100 slp
|
|-weather|Sandstorm|[upkeep]
|-damage|p1a: Zapdos|66/100 slp|[from] Sandstorm
|-heal|p1a: Zapdos|72/100 slp|[from] item: Leftovers
|-heal|p2a: Swampert|59/100|[from] item: Leftovers
|upkeep
|turn|64
|
|t:|1730137170
|switch|p2a: Blissey|Blissey, F|55/100
|-damage|p2a: Blissey|42/100|[from] Spikes
|cant|p1a: Zapdos|slp
|
|-weather|Sandstorm|[upkeep]
|-damage|p1a: Zapdos|66/100 slp|[from] Sandstorm
|-damage|p2a: Blissey|36/100|[from] Sandstorm
|-heal|p1a: Zapdos|72/100 slp|[from] item: Leftovers
|-heal|p2a: Blissey|42/100|[from] item: Leftovers
|upkeep
|turn|65
|
|t:|1730137175
|cant|p1a: Zapdos|slp
|move|p1a: Zapdos|Sleep Talk|p1a: Zapdos
|move|p1a: Zapdos|Rest|p1a: Zapdos|[from]Sleep Talk
|move|p2a: Blissey|Soft-Boiled|p2a: Blissey
|-heal|p2a: Blissey|92/100
|
|-weather|Sandstorm|[upkeep]
|-damage|p1a: Zapdos|66/100 slp|[from] Sandstorm
|-damage|p2a: Blissey|86/100|[from] Sandstorm
|-heal|p1a: Zapdos|72/100 slp|[from] item: Leftovers
|-heal|p2a: Blissey|92/100|[from] item: Leftovers
|upkeep
|turn|66
|
|t:|1730137178
|move|p2a: Blissey|Calm Mind|p2a: Blissey
|-boost|p2a: Blissey|spa|1
|-boost|p2a: Blissey|spd|1
|-curestatus|p1a: Zapdos|slp|[msg]
|move|p1a: Zapdos|Roar|p2a: Blissey
|drag|p2a: Swampert|Swampert, M|59/100
|-damage|p2a: Swampert|47/100|[from] Spikes
|
|-weather|Sandstorm|[upkeep]
|-damage|p1a: Zapdos|66/100|[from] Sandstorm
|-heal|p1a: Zapdos|72/100|[from] item: Leftovers
|-heal|p2a: Swampert|53/100|[from] item: Leftovers
|upkeep
|turn|67
|
|t:|1730137182
|move|p2a: Swampert|Protect|p2a: Swampert
|-singleturn|p2a: Swampert|Protect
|move|p1a: Zapdos|Roar|p2a: Swampert
|-activate|p2a: Swampert|Protect
|
|-weather|Sandstorm|[upkeep]
|-damage|p1a: Zapdos|66/100|[from] Sandstorm
|-heal|p1a: Zapdos|72/100|[from] item: Leftovers
|-heal|p2a: Swampert|59/100|[from] item: Leftovers
|upkeep
|turn|68
|
|t:|1730137185
|switch|p2a: Blissey|Blissey, F|92/100
|-damage|p2a: Blissey|80/100|[from] Spikes
|move|p1a: Zapdos|Rest|p1a: Zapdos
|-status|p1a: Zapdos|slp|[from] move: Rest
|-heal|p1a: Zapdos|100/100 slp|[silent]
|
|-weather|Sandstorm|[upkeep]
|-damage|p1a: Zapdos|94/100 slp|[from] Sandstorm
|-damage|p2a: Blissey|74/100|[from] Sandstorm
|-heal|p1a: Zapdos|100/100 slp|[from] item: Leftovers
|-heal|p2a: Blissey|80/100|[from] item: Leftovers
|upkeep
|turn|69
|
|t:|1730137187
|cant|p1a: Zapdos|slp
|move|p1a: Zapdos|Sleep Talk|p1a: Zapdos
|move|p1a: Zapdos|Thunderbolt|p2a: Blissey|[from]Sleep Talk
|-damage|p2a: Blissey|64/100
|move|p2a: Blissey|Calm Mind|p2a: Blissey
|-boost|p2a: Blissey|spa|1
|-boost|p2a: Blissey|spd|1
|
|-weather|Sandstorm|[upkeep]
|-damage|p1a: Zapdos|94/100 slp|[from] Sandstorm
|-damage|p2a: Blissey|57/100|[from] Sandstorm
|-heal|p1a: Zapdos|100/100 slp|[from] item: Leftovers
|-heal|p2a: Blissey|64/100|[from] item: Leftovers
|upkeep
|turn|70
|
|t:|1730137190
|cant|p1a: Zapdos|slp
|move|p1a: Zapdos|Sleep Talk|p1a: Zapdos
|move|p1a: Zapdos|Thunderbolt|p2a: Blissey|[from]Sleep Talk
|-crit|p2a: Blissey
|-damage|p2a: Blissey|34/100
|move|p2a: Blissey|Ice Beam|p1a: Zapdos
|-supereffective|p1a: Zapdos
|-damage|p1a: Zapdos|50/100 slp
|
|-weather|Sandstorm|[upkeep]
|-damage|p1a: Zapdos|44/100 slp|[from] Sandstorm
|-damage|p2a: Blissey|27/100|[from] Sandstorm
|-heal|p1a: Zapdos|50/100 slp|[from] item: Leftovers
|-heal|p2a: Blissey|34/100|[from] item: Leftovers
|upkeep
|turn|71
|
|t:|1730137196
|move|p2a: Blissey|Soft-Boiled|p2a: Blissey
|-heal|p2a: Blissey|83/100
|-curestatus|p1a: Zapdos|slp|[msg]
|move|p1a: Zapdos|Roar|p2a: Blissey
|drag|p2a: Swampert|Swampert, M|59/100
|-damage|p2a: Swampert|47/100|[from] Spikes
|
|-weather|Sandstorm|[upkeep]
|-damage|p1a: Zapdos|44/100|[from] Sandstorm
|-heal|p1a: Zapdos|50/100|[from] item: Leftovers
|-heal|p2a: Swampert|53/100|[from] item: Leftovers
|upkeep
|turn|72
|
|t:|1730137200
|move|p1a: Zapdos|Rest|p1a: Zapdos
|-status|p1a: Zapdos|slp|[from] move: Rest
|-heal|p1a: Zapdos|100/100 slp|[silent]
|move|p2a: Swampert|Ice Beam|p1a: Zapdos
|-supereffective|p1a: Zapdos
|-damage|p1a: Zapdos|73/100 slp
|
|-weather|Sandstorm|[upkeep]
|-damage|p1a: Zapdos|67/100 slp|[from] Sandstorm
|-heal|p1a: Zapdos|73/100 slp|[from] item: Leftovers
|-heal|p2a: Swampert|59/100|[from] item: Leftovers
|upkeep
|turn|73
|inactive|triangles has 270 seconds left.
|
|t:|1730137231
|switch|p2a: Blissey|Blissey, F|83/100
|-damage|p2a: Blissey|71/100|[from] Spikes
|cant|p1a: Zapdos|slp
|move|p1a: Zapdos|Sleep Talk|p1a: Zapdos
|move|p1a: Zapdos|Roar|p2a: Blissey|[from]Sleep Talk
|drag|p2a: Swampert|Swampert, M|59/100
|-damage|p2a: Swampert|47/100|[from] Spikes
|
|-weather|Sandstorm|[upkeep]
|-damage|p1a: Zapdos|67/100 slp|[from] Sandstorm
|-heal|p1a: Zapdos|73/100 slp|[from] item: Leftovers
|-heal|p2a: Swampert|53/100|[from] item: Leftovers
|upkeep
|turn|74
|inactive|triangles has 270 seconds left.
|
|t:|1730137244
|move|p2a: Swampert|Protect|p2a: Swampert
|-singleturn|p2a: Swampert|Protect
|cant|p1a: Zapdos|slp
|move|p1a: Zapdos|Sleep Talk|p1a: Zapdos
|move|p1a: Zapdos|Thunderbolt|p2a: Swampert|[from]Sleep Talk
|-activate|p2a: Swampert|Protect
|
|-weather|Sandstorm|[upkeep]
|-damage|p1a: Zapdos|67/100 slp|[from] Sandstorm
|-heal|p1a: Zapdos|73/100 slp|[from] item: Leftovers
|-heal|p2a: Swampert|59/100|[from] item: Leftovers
|upkeep
|turn|75
|
|t:|1730137250
|move|p2a: Swampert|Earthquake|p1a: Zapdos
|-immune|p1a: Zapdos
|-curestatus|p1a: Zapdos|slp|[msg]
|move|p1a: Zapdos|Roar|p2a: Swampert
|drag|p2a: Blissey|Blissey, F|71/100
|-damage|p2a: Blissey|59/100|[from] Spikes
|
|-weather|Sandstorm|[upkeep]
|-damage|p1a: Zapdos|67/100|[from] Sandstorm
|-damage|p2a: Blissey|52/100|[from] Sandstorm
|-heal|p1a: Zapdos|73/100|[from] item: Leftovers
|-heal|p2a: Blissey|59/100|[from] item: Leftovers
|upkeep
|turn|76
|
|t:|1730137256
|move|p2a: Blissey|Calm Mind|p2a: Blissey
|-boost|p2a: Blissey|spa|1
|-boost|p2a: Blissey|spd|1
|move|p1a: Zapdos|Roar|p2a: Blissey
|drag|p2a: Swampert|Swampert, M|59/100
|-damage|p2a: Swampert|47/100|[from] Spikes
|
|-weather|Sandstorm|[upkeep]
|-damage|p1a: Zapdos|67/100|[from] Sandstorm
|-heal|p1a: Zapdos|73/100|[from] item: Leftovers
|-heal|p2a: Swampert|53/100|[from] item: Leftovers
|upkeep
|turn|77
|
|t:|1730137275
|move|p2a: Swampert|Protect|p2a: Swampert
|-singleturn|p2a: Swampert|Protect
|move|p1a: Zapdos|Rest|p1a: Zapdos
|-status|p1a: Zapdos|slp|[from] move: Rest
|-heal|p1a: Zapdos|100/100 slp|[silent]
|
|-weather|Sandstorm|[upkeep]
|-damage|p1a: Zapdos|94/100 slp|[from] Sandstorm
|-heal|p1a: Zapdos|100/100 slp|[from] item: Leftovers
|-heal|p2a: Swampert|59/100|[from] item: Leftovers
|upkeep
|turn|78
|
|t:|1730137278
|switch|p2a: Blissey|Blissey, F|59/100
|-damage|p2a: Blissey|46/100|[from] Spikes
|cant|p1a: Zapdos|slp
|
|-weather|Sandstorm|[upkeep]
|-damage|p1a: Zapdos|94/100 slp|[from] Sandstorm
|-damage|p2a: Blissey|40/100|[from] Sandstorm
|-heal|p1a: Zapdos|100/100 slp|[from] item: Leftovers
|-heal|p2a: Blissey|46/100|[from] item: Leftovers
|upkeep
|turn|79
|
|t:|1730137281
|cant|p1a: Zapdos|slp
|move|p1a: Zapdos|Sleep Talk|p1a: Zapdos
|move|p1a: Zapdos|Rest|p1a: Zapdos|[from]Sleep Talk
|move|p2a: Blissey|Soft-Boiled|p2a: Blissey
|-heal|p2a: Blissey|96/100
|
|-weather|Sandstorm|[upkeep]
|-damage|p1a: Zapdos|94/100 slp|[from] Sandstorm
|-damage|p2a: Blissey|90/100|[from] Sandstorm
|-heal|p1a: Zapdos|100/100 slp|[from] item: Leftovers
|-heal|p2a: Blissey|96/100|[from] item: Leftovers
|upkeep
|turn|80
|
|t:|1730137285
|move|p2a: Blissey|Calm Mind|p2a: Blissey
|-boost|p2a: Blissey|spa|1
|-boost|p2a: Blissey|spd|1
|-curestatus|p1a: Zapdos|slp|[msg]
|move|p1a: Zapdos|Roar|p2a: Blissey
|drag|p2a: Swampert|Swampert, M|59/100
|-damage|p2a: Swampert|47/100|[from] Spikes
|
|-weather|Sandstorm|[upkeep]
|-damage|p1a: Zapdos|94/100|[from] Sandstorm
|-heal|p1a: Zapdos|100/100|[from] item: Leftovers
|-heal|p2a: Swampert|53/100|[from] item: Leftovers
|upkeep
|turn|81
|
|t:|1730137288
|move|p2a: Swampert|Protect|p2a: Swampert
|-singleturn|p2a: Swampert|Protect
|move|p1a: Zapdos|Roar|p2a: Swampert
|-activate|p2a: Swampert|Protect
|
|-weather|Sandstorm|[upkeep]
|-damage|p1a: Zapdos|94/100|[from] Sandstorm
|-heal|p1a: Zapdos|100/100|[from] item: Leftovers
|-heal|p2a: Swampert|59/100|[from] item: Leftovers
|upkeep
|turn|82
|
|t:|1730137291
|move|p2a: Swampert|Earthquake|p1a: Zapdos
|-immune|p1a: Zapdos
|move|p1a: Zapdos|Roar|p2a: Swampert
|drag|p2a: Blissey|Blissey, F|96/100
|-damage|p2a: Blissey|84/100|[from] Spikes
|
|-weather|Sandstorm|[upkeep]
|-damage|p1a: Zapdos|94/100|[from] Sandstorm
|-damage|p2a: Blissey|77/100|[from] Sandstorm
|-heal|p1a: Zapdos|100/100|[from] item: Leftovers
|-heal|p2a: Blissey|84/100|[from] item: Leftovers
|upkeep
|turn|83
|inactive|Strawbbz disconnected and has 300 seconds to reconnect!
|player|p2|
|inactive|Strawbbz has 270 seconds to reconnect!
|inactive|Strawbbz has 240 seconds to reconnect!
|inactive|Strawbbz has 210 seconds to reconnect!
|inactive|Strawbbz has 180 seconds to reconnect!
|inactive|Strawbbz has 150 seconds to reconnect!
|inactive|Strawbbz has 120 seconds to reconnect!
|inactive|Strawbbz has 90 seconds to reconnect!
|inactive|Strawbbz has 60 seconds to reconnect!
|inactive|Strawbbz has 30 seconds to reconnect!
|c|☆triangles|i cant stop the timer
|c|☆triangles|ftr
|inactive|Strawbbz has 20 seconds to reconnect!
|inactive|Strawbbz has 15 seconds to reconnect!
|inactive|Strawbbz has 10 seconds to reconnect!
|inactive|Strawbbz has 5 seconds to reconnect!
|-message|Strawbbz lost due to inactivity.
|
|win|triangles

</script>
<script type="application/json" class="data" id="replaydata-smogtours-gen3ou-803085">
{"id":"smogtours-gen3ou-803085","format":"[Gen 3] OU","players":["triangles","Strawbbz"],"uploadtime":1730137606,"views":100,"formatid":"gen3ou","rating":null,"private":0,"password":null}
</script>

<script defer src="js/replays.js?9d40a366"></script>
