<!DOCTYPE html>
<meta charset="utf-8" />
<meta name="viewport" content="width=device-width" />

<title>[Gen 3] OU: drby vs. scootymcbooty123 - Replays - Pok&eacute;mon Showdown!</title>

<meta name="description" content="Watch a replay of a Pok&eacute;mon battle between drby and scootymcbooty123! Format: [Gen 3] OU; Date: Oct 29, 2024" />
<!--

Hey, you! Looking in the source for the replay log?

You can find them in JSON format, just add `.json` at the end of a replay URL.

https://replay.pokemonshowdown.com/gen7randomdoublesbattle-865046831.json

Or, if you only need the log itself, add `.log` instead:

https://replay.pokemonshowdown.com/gen7randomdoublesbattle-865046831.log

-->

<link rel="stylesheet" href="//pokemonshowdown.com/style/global.css?0.023195364461161105" />
<link rel="stylesheet" href="//play.pokemonshowdown.com/style/font-awesome.css?0.13261647063804238" />
<link rel="stylesheet" href="//play.pokemonshowdown.com/style/battle.css?0.8753245789963631" />
<link rel="stylesheet" href="//play.pokemonshowdown.com/style/utilichart.css?0.8627959624976733" />

<!-- Global site tag (gtag.js) - Google Analytics -->
<script async src="https://www.googletagmanager.com/gtag/js?id=UA-26211653-1"></script>
<script>
  window.dataLayer = window.dataLayer || [];
  function gtag(){dataLayer.push(arguments);}
  gtag('js', new Date());

  gtag('config', 'UA-26211653-1');
</script>
<!-- End Google Analytics -->
<!-- Venatus Ad Manager - Install in <HEAD> of page -->
	<script src="https://hb.vntsm.com/v3/live/ad-manager.min.js" type="text/javascript" data-site-id="642aba63ec9a7b11c3c9c1be" data-mode="scan" async></script>
<!-- / Venatus Ad Manager -->

<style>
	@media (max-width:820px) {
		.battle {
			margin: 0 auto;
		}
		.battle-log {
			margin: 7px auto 0;
			max-width: 640px;
			height: 300px;
			position: static;
		}
	}
	.optgroup {
		display: inline-block;
		line-height: 22px;
		font-size: 10pt;
	}
	.optgroup .button {
		height: 25px;
		padding-top: 0;
		padding-bottom: 0;
	}
	.optgroup button.button {
		padding-left: 12px;
		padding-right: 12px;
	}
	.linklist {
		list-style: none;
		margin: 0.5em 0;
		padding: 0;
	}
	.linklist li {
		padding: 2px 0;
	}
	.sidebar {
		float: left;
		width: 320px;
	}
	.bar-wrapper {
		max-width: 1100px;
		margin: 0 auto;
	}
	.bar-wrapper.has-sidebar {
		max-width: 1430px;
	}
	.mainbar {
		margin: 0;
		padding-right: 1px;
	}
	.mainbar.has-sidebar {
		margin-left: 330px;
	}
	@media (min-width: 1511px) {
		.sidebar {
			width: 400px;
		}
		.bar-wrapper.has-sidebar {
			max-width: 1510px;
		}
		.mainbar.has-sidebar {
			margin-left: 410px;
		}
	}
	.section.first-section {
		margin-top: 9px;
	}
	.blocklink small {
		white-space: normal;
	}
	.button {
		vertical-align: middle;
	}
	.replay-controls {
		padding-top: 10px;
	}
	.replay-controls h1 {
		font-size: 16pt;
		font-weight: normal;
		color: #CCC;
	}
	.pagelink {
		text-align: center;
	}
	.pagelink a {
		width: 150px;
	}
	.textbox, .button {
		font-size: 11pt;
		vertical-align: middle;
	}
	@media (max-width: 450px) {
		.button {
			font-size: 9pt;
		}
	}
</style>

<div>

	<header>
		<div class="nav-wrapper"><ul class="nav">
			<li><a class="button nav-first" href="//pokemonshowdown.com/"><img src="//pokemonshowdown.com/images/pokemonshowdownbeta.png" srcset="//pokemonshowdown.com/images/pokemonshowdownbeta.png 1x, //pokemonshowdown.com/images/pokemonshowdownbeta@2x.png 2x" alt="Pok&eacute;mon Showdown" width="146" height="44" /> Home</a></li>
			<li><a class="button" href="//pokemonshowdown.com/dex/">Pok&eacute;dex</a></li>
			<li><a class="button cur" href="/">Replays</a></li>
			<li><a class="button" href="//pokemonshowdown.com/ladder/">Ladder</a></li>
			<li><a class="button nav-last" href="//pokemonshowdown.com/forums/">Forum</a></li>
			<li><a class="button greenbutton nav-first nav-last" href="//play.pokemonshowdown.com/">Play</a></li>
		</ul></div>
	</header>

	<div class="main" id="main">

		<noscript><section class="section">You need to enable JavaScript to use this page; sorry!</section></noscript>

	</div>

</div>

<script defer nomodule src="//play.pokemonshowdown.com/js/lib/ps-polyfill.js"></script>
<script defer src="//play.pokemonshowdown.com/js/lib/preact.min.js"></script>

<script defer src="//play.pokemonshowdown.com/config/config.js?2bddbc15"></script>
<script defer src="//play.pokemonshowdown.com/js/lib/jquery-1.11.0.min.js"></script>
<script defer src="//play.pokemonshowdown.com/js/lib/html-sanitizer-minified.js"></script>
<script defer src="//play.pokemonshowdown.com/js/battle-sound.js"></script>
<script defer src="//play.pokemonshowdown.com/js/battledata.js?0.7209276989879541"></script>
<script defer src="//play.pokemonshowdown.com/data/pokedex-mini.js?0.6111056340867951"></script>
<script defer src="//play.pokemonshowdown.com/data/pokedex-mini-bw.js?0.3532142036491459"></script>
<script defer src="//play.pokemonshowdown.com/data/graphics.js?0.24223875632456182"></script>
<script defer src="//play.pokemonshowdown.com/data/pokedex.js?0.38839984266356864"></script>
<script defer src="//play.pokemonshowdown.com/data/moves.js?0.21866028504024015"></script>
<script defer src="//play.pokemonshowdown.com/data/abilities.js?0.2005157953846628"></script>
<script defer src="//play.pokemonshowdown.com/data/items.js?0.9894211263848525"></script>
<script defer src="//play.pokemonshowdown.com/data/teambuilder-tables.js?0.6008791140282215"></script>
<script defer src="//play.pokemonshowdown.com/js/battle-tooltips.js?0.7580118955022959"></script>
<script defer src="//play.pokemonshowdown.com/js/battle.js?0.6057722274234274"></script>

<script defer src="js/utils.js?e31f9a17"></script>
<script defer src="js/replays-battle.js?7008c182"></script>

<!-- don't scrape this data! just add .json or .log after the URL!
Full API docs: https://github.com/smogon/pokemon-showdown-client/blob/master/WEB-API.md -->
<script type="text/plain" class="log" id="replaylog-smogtours-gen3ou-803207">
|inactive|Battle timer is ON: inactive players will automatically lose when time's up.
|t:|1730164421
|gametype|singles
|player|p1|drby|pokemonbreeder-gen4|
|player|p2|scootymcbooty123|2|
|teamsize|p1|6
|teamsize|p2|6
|gen|3
|tier|[Gen 3] OU
|rule|Sleep Clause Mod: Limit one foe put to sleep
|rule|Switch Priority Clause Mod: Faster Pokémon switch first
|rule|Species Clause: Limit one of each Pokémon
|rule|OHKO Clause: OHKO moves are banned
|rule|Evasion Items Clause: Evasion items are banned
|rule|Evasion Moves Clause: Evasion moves are banned
|rule|Endless Battle Clause: Forcing endless battles is banned
|rule|HP Percentage Mod: HP is shown in percentages
|rule|One Boost Passer Clause: Limit one Baton Passer that has a way to boost its stats
|rule|Freeze Clause Mod: Limit one foe frozen
|
|t:|1730164421
|start
|switch|p1a: Jolteon|Jolteon, F|100/100
|switch|p2a: Jolteon|Jolteon, F|100/100
|turn|1
|inactive|drby has 270 seconds left.
|
|t:|1730164476
|move|p2a: Jolteon|Substitute|p2a: Jolteon
|-start|p2a: Jolteon|Substitute
|-damage|p2a: Jolteon|75/100
|move|p1a: Jolteon|Thunder Wave||[still]
|-fail|p1a: Jolteon
|
|upkeep
|turn|2
|
|t:|1730164486
|move|p2a: Jolteon|Hidden Power|p1a: Jolteon
|-damage|p1a: Jolteon|74/100
|move|p1a: Jolteon|Substitute|p1a: Jolteon
|-start|p1a: Jolteon|Substitute
|-damage|p1a: Jolteon|49/100
|
|-heal|p1a: Jolteon|55/100|[from] item: Leftovers
|upkeep
|turn|3
|
|t:|1730164505
|move|p2a: Jolteon|Hidden Power|p1a: Jolteon
|-end|p1a: Jolteon|Substitute
|move|p1a: Jolteon|Baton Pass|p1a: Jolteon
|
|t:|1730164508
|switch|p1a: Forretress|Forretress, M|100/100|[from] Baton Pass
|
|upkeep
|turn|4
|
|t:|1730164536
|move|p2a: Jolteon|Baton Pass|p2a: Jolteon
|
|t:|1730164538
|switch|p2a: Gengar|Gengar, F|100/100|[from] Baton Pass
|move|p1a: Forretress|Earthquake|p2a: Gengar
|-immune|p2a: Gengar
|
|upkeep
|turn|5
|
|t:|1730164545
|move|p2a: Gengar|Fire Punch|p1a: Forretress
|-supereffective|p1a: Forretress
|-damage|p1a: Forretress|0 fnt
|faint|p1a: Forretress
|
|t:|1730164552
|switch|p1a: Milotic|Milotic, F, shiny|100/100
|
|upkeep
|turn|6
|
|t:|1730164560
|move|p2a: Gengar|Thunderbolt|p1a: Milotic
|-supereffective|p1a: Milotic
|-damage|p1a: Milotic|49/100
|move|p1a: Milotic|Surf|p2a: Gengar
|-end|p2a: Gengar|Substitute
|
|-heal|p1a: Milotic|55/100|[from] item: Leftovers
|upkeep
|turn|7
|
|t:|1730164575
|switch|p1a: Jolteon|Jolteon, F|55/100
|move|p2a: Gengar|Thunderbolt|p1a: Jolteon
|-heal|p1a: Jolteon|80/100|[from] ability: Volt Absorb|[of] p2a: Gengar
|
|-heal|p1a: Jolteon|87/100|[from] item: Leftovers
|upkeep
|turn|8
|
|t:|1730164580
|switch|p2a: Jolteon|Jolteon, F|75/100
|move|p1a: Jolteon|Thunder Wave|p2a: Jolteon
|-status|p2a: Jolteon|par
|-enditem|p2a: Jolteon|Lum Berry|[eat]
|-curestatus|p2a: Jolteon|par|[msg]
|
|-heal|p1a: Jolteon|93/100|[from] item: Leftovers
|upkeep
|turn|9
|
|t:|1730164585
|move|p2a: Jolteon|Substitute|p2a: Jolteon
|-start|p2a: Jolteon|Substitute
|-damage|p2a: Jolteon|50/100
|move|p1a: Jolteon|Thunder Wave||[still]
|-fail|p1a: Jolteon
|
|-heal|p1a: Jolteon|99/100|[from] item: Leftovers
|upkeep
|turn|10
|
|t:|1730164608
|move|p2a: Jolteon|Hidden Power|p1a: Jolteon
|-damage|p1a: Jolteon|73/100
|move|p1a: Jolteon|Substitute|p1a: Jolteon
|-start|p1a: Jolteon|Substitute
|-damage|p1a: Jolteon|48/100
|
|-heal|p1a: Jolteon|54/100|[from] item: Leftovers
|upkeep
|turn|11
|
|t:|1730164613
|move|p2a: Jolteon|Hidden Power|p1a: Jolteon
|-end|p1a: Jolteon|Substitute
|move|p1a: Jolteon|Baton Pass|p1a: Jolteon
|
|t:|1730164621
|switch|p1a: Gengar|Gengar, M, shiny|100/100|[from] Baton Pass
|
|upkeep
|turn|12
|
|t:|1730164630
|move|p2a: Jolteon|Baton Pass|p2a: Jolteon
|
|t:|1730164631
|switch|p2a: Tyranitar|Tyranitar, F|100/100|[from] Baton Pass
|-weather|Sandstorm|[from] ability: Sand Stream|[of] p2a: Tyranitar
|move|p1a: Gengar|Fire Punch|p2a: Tyranitar
|-resisted|p2a: Tyranitar
|-activate|p2a: Tyranitar|Substitute|[damage]
|
|-weather|Sandstorm|[upkeep]
|-damage|p1a: Gengar|94/100|[from] Sandstorm
|-heal|p1a: Gengar|100/100|[from] item: Leftovers
|upkeep
|turn|13
|
|t:|1730164638
|move|p1a: Gengar|Hidden Power|p2a: Tyranitar
|-supereffective|p2a: Tyranitar
|-end|p2a: Tyranitar|Substitute
|move|p2a: Tyranitar|Pursuit|p1a: Gengar
|-supereffective|p1a: Gengar
|-damage|p1a: Gengar|33/100
|
|-weather|Sandstorm|[upkeep]
|-damage|p1a: Gengar|27/100|[from] Sandstorm
|-heal|p1a: Gengar|33/100|[from] item: Leftovers
|upkeep
|turn|14
|
|t:|1730164643
|move|p1a: Gengar|Explosion|p2a: Tyranitar
|-resisted|p2a: Tyranitar
|-damage|p2a: Tyranitar|71/100
|faint|p1a: Gengar
|
|t:|1730164645
|switch|p1a: Dugtrio|Dugtrio, M|100/100
|
|-weather|Sandstorm|[upkeep]
|-heal|p2a: Tyranitar|77/100|[from] item: Leftovers
|upkeep
|turn|15
|
|t:|1730164648
|move|p1a: Dugtrio|Earthquake|p2a: Tyranitar
|-supereffective|p2a: Tyranitar
|-damage|p2a: Tyranitar|0 fnt
|faint|p2a: Tyranitar
|
|t:|1730164653
|switch|p2a: Celebi|Celebi|100/100
|
|-weather|Sandstorm|[upkeep]
|-damage|p2a: Celebi|94/100|[from] Sandstorm
|-heal|p2a: Celebi|100/100|[from] item: Leftovers
|upkeep
|turn|16
|
|t:|1730164663
|switch|p1a: Breloom|Breloom, M|100/100
|move|p2a: Celebi|Calm Mind|p2a: Celebi
|-boost|p2a: Celebi|spa|1
|-boost|p2a: Celebi|spd|1
|
|-weather|Sandstorm|[upkeep]
|-damage|p1a: Breloom|94/100|[from] Sandstorm
|-damage|p2a: Celebi|94/100|[from] Sandstorm
|-heal|p1a: Breloom|100/100|[from] item: Leftovers
|-heal|p2a: Celebi|100/100|[from] item: Leftovers
|upkeep
|turn|17
|
|t:|1730164672
|move|p1a: Breloom|Spore|p2a: Celebi
|-status|p2a: Celebi|slp|[from] move: Spore
|cant|p2a: Celebi|slp
|
|-weather|Sandstorm|[upkeep]
|-damage|p1a: Breloom|94/100|[from] Sandstorm
|-damage|p2a: Celebi|94/100 slp|[from] Sandstorm
|-heal|p1a: Breloom|100/100|[from] item: Leftovers
|-heal|p2a: Celebi|100/100 slp|[from] item: Leftovers
|upkeep
|turn|18
|
|t:|1730164674
|-curestatus|p2a: Celebi|slp|[from] ability: Natural Cure
|switch|p2a: Moltres|Moltres|100/100
|move|p1a: Breloom|Substitute|p1a: Breloom
|-start|p1a: Breloom|Substitute
|-damage|p1a: Breloom|76/100
|
|-weather|Sandstorm|[upkeep]
|-damage|p1a: Breloom|69/100|[from] Sandstorm
|-damage|p2a: Moltres|94/100|[from] Sandstorm
|-heal|p1a: Breloom|76/100|[from] item: Leftovers
|-heal|p2a: Moltres|100/100|[from] item: Leftovers
|upkeep
|turn|19
|
|t:|1730164684
|move|p1a: Breloom|Spore|p2a: Moltres
|-status|p2a: Moltres|slp|[from] move: Spore
|cant|p2a: Moltres|slp
|
|-weather|Sandstorm|[upkeep]
|-damage|p1a: Breloom|69/100|[from] Sandstorm
|-damage|p2a: Moltres|94/100 slp|[from] Sandstorm
|-heal|p1a: Breloom|76/100|[from] item: Leftovers
|-heal|p2a: Moltres|100/100 slp|[from] item: Leftovers
|upkeep
|turn|20
|
|t:|1730164699
|switch|p2a: Celebi|Celebi|100/100
|move|p1a: Breloom|Hidden Power|p2a: Celebi
|-supereffective|p2a: Celebi
|-damage|p2a: Celebi|63/100
|
|-weather|Sandstorm|[upkeep]
|-damage|p1a: Breloom|69/100|[from] Sandstorm
|-damage|p2a: Celebi|57/100|[from] Sandstorm
|-heal|p1a: Breloom|76/100|[from] item: Leftovers
|-heal|p2a: Celebi|63/100|[from] item: Leftovers
|upkeep
|turn|21
|
|t:|1730164705
|move|p1a: Breloom|Hidden Power|p2a: Celebi
|-supereffective|p2a: Celebi
|-damage|p2a: Celebi|25/100
|move|p2a: Celebi|Hidden Power|p1a: Breloom
|-supereffective|p1a: Breloom
|-end|p1a: Breloom|Substitute
|
|-weather|Sandstorm|[upkeep]
|-damage|p1a: Breloom|69/100|[from] Sandstorm
|-damage|p2a: Celebi|19/100|[from] Sandstorm
|-heal|p1a: Breloom|76/100|[from] item: Leftovers
|-heal|p2a: Celebi|25/100|[from] item: Leftovers
|upkeep
|turn|22
|
|t:|1730164719
|move|p1a: Breloom|Hidden Power|p2a: Celebi
|-supereffective|p2a: Celebi
|-damage|p2a: Celebi|0 fnt
|faint|p2a: Celebi
|
|t:|1730164727
|switch|p2a: Gengar|Gengar, F|100/100
|
|-weather|Sandstorm|[upkeep]
|-damage|p2a: Gengar|94/100|[from] Sandstorm
|-damage|p1a: Breloom|69/100|[from] Sandstorm
|-heal|p2a: Gengar|100/100|[from] item: Leftovers
|-heal|p1a: Breloom|76/100|[from] item: Leftovers
|upkeep
|turn|23
|
|t:|1730164734
|move|p2a: Gengar|Ice Punch|p1a: Breloom
|-supereffective|p1a: Breloom
|-damage|p1a: Breloom|0 fnt
|faint|p1a: Breloom
|
|t:|1730164737
|switch|p1a: Jolteon|Jolteon, F|54/100
|
|-weather|Sandstorm|[upkeep]
|-damage|p1a: Jolteon|48/100|[from] Sandstorm
|-damage|p2a: Gengar|94/100|[from] Sandstorm
|-heal|p1a: Jolteon|54/100|[from] item: Leftovers
|-heal|p2a: Gengar|100/100|[from] item: Leftovers
|upkeep
|turn|24
|inactive|scootymcbooty123 has 270 seconds left.
|
|t:|1730164767
|move|p1a: Jolteon|Thunder Wave|p2a: Gengar
|-status|p2a: Gengar|par
|move|p2a: Gengar|Psychic|p1a: Jolteon
|-damage|p1a: Jolteon|16/100
|
|-weather|Sandstorm|[upkeep]
|-damage|p1a: Jolteon|9/100|[from] Sandstorm
|-damage|p2a: Gengar|94/100 par|[from] Sandstorm
|-heal|p1a: Jolteon|16/100|[from] item: Leftovers
|-heal|p2a: Gengar|100/100 par|[from] item: Leftovers
|upkeep
|turn|25
|
|t:|1730164778
|move|p1a: Jolteon|Thunderbolt|p2a: Gengar
|-damage|p2a: Gengar|28/100 par
|move|p2a: Gengar|Ice Punch|p1a: Jolteon
|-damage|p1a: Jolteon|0 fnt
|faint|p1a: Jolteon
|
|t:|1730164783
|switch|p1a: Milotic|Milotic, F, shiny|55/100
|
|-weather|Sandstorm|[upkeep]
|-damage|p1a: Milotic|49/100|[from] Sandstorm
|-damage|p2a: Gengar|22/100 par|[from] Sandstorm
|-heal|p1a: Milotic|55/100|[from] item: Leftovers
|-heal|p2a: Gengar|28/100 par|[from] item: Leftovers
|upkeep
|turn|26
|
|t:|1730164791
|move|p1a: Milotic|Surf|p2a: Gengar
|-damage|p2a: Gengar|0 fnt
|faint|p2a: Gengar
|
|t:|1730164796
|switch|p2a: Jolteon|Jolteon, F|50/100
|
|-weather|Sandstorm|[upkeep]
|-damage|p2a: Jolteon|44/100|[from] Sandstorm
|-damage|p1a: Milotic|49/100|[from] Sandstorm
|-heal|p1a: Milotic|55/100|[from] item: Leftovers
|upkeep
|turn|27
|
|t:|1730164809
|move|p2a: Jolteon|Substitute|p2a: Jolteon
|-start|p2a: Jolteon|Substitute
|-damage|p2a: Jolteon|19/100
|move|p1a: Milotic|Surf|p2a: Jolteon
|-end|p2a: Jolteon|Substitute
|
|-weather|Sandstorm|[upkeep]
|-damage|p2a: Jolteon|13/100|[from] Sandstorm
|-damage|p1a: Milotic|49/100|[from] Sandstorm
|-heal|p1a: Milotic|55/100|[from] item: Leftovers
|upkeep
|turn|28
|
|t:|1730164813
|move|p2a: Jolteon|Thunderbolt|p1a: Milotic
|-supereffective|p1a: Milotic
|-damage|p1a: Milotic|0 fnt
|faint|p1a: Milotic
|
|t:|1730164815
|switch|p1a: Dugtrio|Dugtrio, M|100/100
|
|-weather|Sandstorm|[upkeep]
|-damage|p2a: Jolteon|7/100|[from] Sandstorm
|upkeep
|turn|29
|
|t:|1730164819
|move|p2a: Jolteon|Hidden Power|p1a: Dugtrio
|-supereffective|p1a: Dugtrio
|-damage|p1a: Dugtrio|4/100
|move|p1a: Dugtrio|Rock Slide|p2a: Jolteon
|-damage|p2a: Jolteon|0 fnt
|faint|p2a: Jolteon
|
|t:|1730164824
|switch|p2a: Suicune|Suicune|100/100
|
|-weather|Sandstorm|[upkeep]
|-damage|p2a: Suicune|94/100|[from] Sandstorm
|-heal|p2a: Suicune|100/100|[from] item: Leftovers
|upkeep
|turn|30
|
|t:|1730164829
|move|p1a: Dugtrio|Rock Slide|p2a: Suicune
|-damage|p2a: Suicune|85/100
|move|p2a: Suicune|Surf|p1a: Dugtrio
|-supereffective|p1a: Dugtrio
|-damage|p1a: Dugtrio|0 fnt
|faint|p1a: Dugtrio
|
|win|scootymcbooty123
|c|☆scootymcbooty123|ggs
|c|☆drby|ggs!
|c|☆scootymcbooty123|have a good night :) gl if you are still in tourney
|player|p1|

</script>
<script type="application/json" class="data" id="replaydata-smogtours-gen3ou-803207">
{"id":"smogtours-gen3ou-803207","format":"[Gen 3] OU","players":["drby","scootymcbooty123"],"uploadtime":1730164829,"views":54,"formatid":"gen3ou","rating":null,"private":0,"password":null}
</script>

<script defer src="js/replays.js?9d40a366"></script>
