<!DOCTYPE html>
<meta charset="utf-8" />
<meta name="viewport" content="width=device-width" />

<title>[Gen 3] OU: HoChi_Pro vs. luisin - Replays - Pok&eacute;mon Showdown!</title>

<meta name="description" content="Watch a replay of a Pok&eacute;mon battle between HoChi_Pro and luisin! Format: [Gen 3] OU; Date: Oct 29, 2024" />
<!--

Hey, you! Looking in the source for the replay log?

You can find them in JSON format, just add `.json` at the end of a replay URL.

https://replay.pokemonshowdown.com/gen7randomdoublesbattle-865046831.json

Or, if you only need the log itself, add `.log` instead:

https://replay.pokemonshowdown.com/gen7randomdoublesbattle-865046831.log

-->

<link rel="stylesheet" href="//pokemonshowdown.com/style/global.css?0.023195364461161105" />
<link rel="stylesheet" href="//play.pokemonshowdown.com/style/font-awesome.css?0.13261647063804238" />
<link rel="stylesheet" href="//play.pokemonshowdown.com/style/battle.css?0.8753245789963631" />
<link rel="stylesheet" href="//play.pokemonshowdown.com/style/utilichart.css?0.8627959624976733" />

<!-- Global site tag (gtag.js) - Google Analytics -->
<script async src="https://www.googletagmanager.com/gtag/js?id=UA-26211653-1"></script>
<script>
  window.dataLayer = window.dataLayer || [];
  function gtag(){dataLayer.push(arguments);}
  gtag('js', new Date());

  gtag('config', 'UA-26211653-1');
</script>
<!-- End Google Analytics -->
<!-- Venatus Ad Manager - Install in <HEAD> of page -->
	<script src="https://hb.vntsm.com/v3/live/ad-manager.min.js" type="text/javascript" data-site-id="642aba63ec9a7b11c3c9c1be" data-mode="scan" async></script>
<!-- / Venatus Ad Manager -->

<style>
	@media (max-width:820px) {
		.battle {
			margin: 0 auto;
		}
		.battle-log {
			margin: 7px auto 0;
			max-width: 640px;
			height: 300px;
			position: static;
		}
	}
	.optgroup {
		display: inline-block;
		line-height: 22px;
		font-size: 10pt;
	}
	.optgroup .button {
		height: 25px;
		padding-top: 0;
		padding-bottom: 0;
	}
	.optgroup button.button {
		padding-left: 12px;
		padding-right: 12px;
	}
	.linklist {
		list-style: none;
		margin: 0.5em 0;
		padding: 0;
	}
	.linklist li {
		padding: 2px 0;
	}
	.sidebar {
		float: left;
		width: 320px;
	}
	.bar-wrapper {
		max-width: 1100px;
		margin: 0 auto;
	}
	.bar-wrapper.has-sidebar {
		max-width: 1430px;
	}
	.mainbar {
		margin: 0;
		padding-right: 1px;
	}
	.mainbar.has-sidebar {
		margin-left: 330px;
	}
	@media (min-width: 1511px) {
		.sidebar {
			width: 400px;
		}
		.bar-wrapper.has-sidebar {
			max-width: 1510px;
		}
		.mainbar.has-sidebar {
			margin-left: 410px;
		}
	}
	.section.first-section {
		margin-top: 9px;
	}
	.blocklink small {
		white-space: normal;
	}
	.button {
		vertical-align: middle;
	}
	.replay-controls {
		padding-top: 10px;
	}
	.replay-controls h1 {
		font-size: 16pt;
		font-weight: normal;
		color: #CCC;
	}
	.pagelink {
		text-align: center;
	}
	.pagelink a {
		width: 150px;
	}
	.textbox, .button {
		font-size: 11pt;
		vertical-align: middle;
	}
	@media (max-width: 450px) {
		.button {
			font-size: 9pt;
		}
	}
</style>

<div>

	<header>
		<div class="nav-wrapper"><ul class="nav">
			<li><a class="button nav-first" href="//pokemonshowdown.com/"><img src="//pokemonshowdown.com/images/pokemonshowdownbeta.png" srcset="//pokemonshowdown.com/images/pokemonshowdownbeta.png 1x, //pokemonshowdown.com/images/pokemonshowdownbeta@2x.png 2x" alt="Pok&eacute;mon Showdown" width="146" height="44" /> Home</a></li>
			<li><a class="button" href="//pokemonshowdown.com/dex/">Pok&eacute;dex</a></li>
			<li><a class="button cur" href="/">Replays</a></li>
			<li><a class="button" href="//pokemonshowdown.com/ladder/">Ladder</a></li>
			<li><a class="button nav-last" href="//pokemonshowdown.com/forums/">Forum</a></li>
			<li><a class="button greenbutton nav-first nav-last" href="//play.pokemonshowdown.com/">Play</a></li>
		</ul></div>
	</header>

	<div class="main" id="main">

		<noscript><section class="section">You need to enable JavaScript to use this page; sorry!</section></noscript>

	</div>

</div>

<script defer nomodule src="//play.pokemonshowdown.com/js/lib/ps-polyfill.js"></script>
<script defer src="//play.pokemonshowdown.com/js/lib/preact.min.js"></script>

<script defer src="//play.pokemonshowdown.com/config/config.js?2bddbc15"></script>
<script defer src="//play.pokemonshowdown.com/js/lib/jquery-1.11.0.min.js"></script>
<script defer src="//play.pokemonshowdown.com/js/lib/html-sanitizer-minified.js"></script>
<script defer src="//play.pokemonshowdown.com/js/battle-sound.js"></script>
<script defer src="//play.pokemonshowdown.com/js/battledata.js?0.7209276989879541"></script>
<script defer src="//play.pokemonshowdown.com/data/pokedex-mini.js?0.6111056340867951"></script>
<script defer src="//play.pokemonshowdown.com/data/pokedex-mini-bw.js?0.3532142036491459"></script>
<script defer src="//play.pokemonshowdown.com/data/graphics.js?0.24223875632456182"></script>
<script defer src="//play.pokemonshowdown.com/data/pokedex.js?0.38839984266356864"></script>
<script defer src="//play.pokemonshowdown.com/data/moves.js?0.21866028504024015"></script>
<script defer src="//play.pokemonshowdown.com/data/abilities.js?0.2005157953846628"></script>
<script defer src="//play.pokemonshowdown.com/data/items.js?0.9894211263848525"></script>
<script defer src="//play.pokemonshowdown.com/data/teambuilder-tables.js?0.6008791140282215"></script>
<script defer src="//play.pokemonshowdown.com/js/battle-tooltips.js?0.7580118955022959"></script>
<script defer src="//play.pokemonshowdown.com/js/battle.js?0.6057722274234274"></script>

<script defer src="js/utils.js?e31f9a17"></script>
<script defer src="js/replays-battle.js?7008c182"></script>

<!-- don't scrape this data! just add .json or .log after the URL!
Full API docs: https://github.com/smogon/pokemon-showdown-client/blob/master/WEB-API.md -->
<script type="text/plain" class="log" id="replaylog-smogtours-gen3ou-803341">
|inactive|Battle timer is ON: inactive players will automatically lose when time's up.
|badge|p2|bronze|gen9doublesou|100-3
|uhtml|medal-msg|<div class="broadcast-blue">Curious what those medals under the avatar are? PS now has Ladder Seasons! For more information, check out the <a href="https://www.smogon.com/forums/threads/3740067/">thread on Smogon.<\/a><\/div>
|t:|1730235758
|gametype|singles
|player|p1|HoChi_Pro|pokemonbreeder-gen4|
|player|p2|luisin|#luisin|
|teamsize|p1|6
|teamsize|p2|6
|gen|3
|tier|[Gen 3] OU
|rule|Sleep Clause Mod: Limit one foe put to sleep
|rule|Switch Priority Clause Mod: Faster Pokémon switch first
|rule|Species Clause: Limit one of each Pokémon
|rule|OHKO Clause: OHKO moves are banned
|rule|Evasion Items Clause: Evasion items are banned
|rule|Evasion Moves Clause: Evasion moves are banned
|rule|Endless Battle Clause: Forcing endless battles is banned
|rule|HP Percentage Mod: HP is shown in percentages
|rule|One Boost Passer Clause: Limit one Baton Passer that has a way to boost its stats
|rule|Freeze Clause Mod: Limit one foe frozen
|
|t:|1730235758
|start
|switch|p1a: Zapdos|Zapdos|100/100
|switch|p2a: Salamence|Salamence, M|100/100
|-ability|p2a: Salamence|Intimidate|boost
|-unboost|p1a: Zapdos|atk|1
|turn|1
|c|☆luisin|hf
|c|☆HoChi_Pro|y2
|inactive|luisin has 270 seconds left.
|
|t:|1730235795
|move|p1a: Zapdos|Thunderbolt|p2a: Salamence
|-damage|p2a: Salamence|37/100
|move|p2a: Salamence|Rock Slide|p1a: Zapdos
|-supereffective|p1a: Zapdos
|-damage|p1a: Zapdos|0 fnt
|faint|p1a: Zapdos
|
|t:|1730235805
|switch|p1a: Swampert|Swampert, F|100/100
|
|upkeep
|turn|2
|
|t:|1730235810
|switch|p2a: Suicune|Suicune|100/100
|move|p1a: Swampert|Substitute|p1a: Swampert
|-start|p1a: Swampert|Substitute
|-damage|p1a: Swampert|76/100
|
|upkeep
|turn|3
|
|t:|1730235817
|move|p1a: Swampert|Roar|p2a: Suicune
|drag|p2a: Salamence|Salamence, M|37/100
|
|upkeep
|turn|4
|
|t:|1730235823
|switch|p2a: Suicune|Suicune|100/100
|move|p1a: Swampert|Surf|p2a: Suicune
|-resisted|p2a: Suicune
|-damage|p2a: Suicune|86/100
|
|-heal|p2a: Suicune|92/100|[from] item: Leftovers
|upkeep
|turn|5
|
|t:|1730235830
|move|p2a: Suicune|Surf|p1a: Swampert
|-end|p1a: Swampert|Substitute
|move|p1a: Swampert|Roar|p2a: Suicune
|drag|p2a: Magneton|Magneton|100/100
|
|upkeep
|turn|6
|
|t:|1730235838
|switch|p2a: Suicune|Suicune|92/100
|move|p1a: Swampert|Substitute|p1a: Swampert
|-start|p1a: Swampert|Substitute
|-damage|p1a: Swampert|51/100
|
|-heal|p2a: Suicune|98/100|[from] item: Leftovers
|upkeep
|turn|7
|
|t:|1730235842
|move|p1a: Swampert|Endeavor|p2a: Suicune
|-damage|p2a: Suicune|43/100
|move|p2a: Suicune|Surf|p1a: Swampert
|-end|p1a: Swampert|Substitute
|
|-heal|p2a: Suicune|49/100|[from] item: Leftovers
|upkeep
|turn|8
|
|t:|1730235853
|switch|p1a: Celebi|Celebi|100/100
|move|p2a: Suicune|Roar|p1a: Celebi
|drag|p1a: Swampert|Swampert, F|51/100
|
|-heal|p2a: Suicune|56/100|[from] item: Leftovers
|upkeep
|turn|9
|
|t:|1730235861
|move|p1a: Swampert|Endeavor|p2a: Suicune
|-damage|p2a: Suicune|43/100
|move|p2a: Suicune|Surf|p1a: Swampert
|-damage|p1a: Swampert|18/100
|
|-enditem|p1a: Swampert|Salac Berry|[eat]
|-boost|p1a: Swampert|spe|1|[from] item: Salac Berry
|-heal|p2a: Suicune|49/100|[from] item: Leftovers
|upkeep
|turn|10
|
|t:|1730235867
|move|p1a: Swampert|Endeavor|p2a: Suicune
|-damage|p2a: Suicune|15/100
|move|p2a: Suicune|Surf|p1a: Swampert
|-damage|p1a: Swampert|0 fnt
|faint|p1a: Swampert
|
|t:|1730235883
|switch|p1a: Porygon2|Porygon2|100/100
|-ability|p1a: Porygon2|Pressure|[from] ability: Trace|[of] p2a: Suicune
|
|-heal|p2a: Suicune|22/100|[from] item: Leftovers
|upkeep
|turn|11
|
|t:|1730235889
|switch|p2a: Blissey|Blissey, F|100/100
|move|p1a: Porygon2|Thunder Wave|p2a: Blissey
|-status|p2a: Blissey|par
|
|upkeep
|turn|12
|
|t:|1730235895
|switch|p1a: Celebi|Celebi|100/100
|move|p2a: Blissey|Ice Beam|p1a: Celebi
|-supereffective|p1a: Celebi
|-damage|p1a: Celebi|66/100
|
|-heal|p1a: Celebi|73/100|[from] item: Leftovers
|upkeep
|turn|13
|
|t:|1730235900
|-curestatus|p2a: Blissey|par|[from] ability: Natural Cure
|switch|p2a: Metagross|Metagross|100/100
|move|p1a: Celebi|Calm Mind|p1a: Celebi
|-boost|p1a: Celebi|spa|1
|-boost|p1a: Celebi|spd|1
|
|-heal|p1a: Celebi|79/100|[from] item: Leftovers
|upkeep
|turn|14
|
|t:|1730235907
|move|p1a: Celebi|Baton Pass|p1a: Celebi
|
|t:|1730235915
|switch|p1a: Magneton|Magneton|100/100|[from] Baton Pass
|move|p2a: Metagross|Meteor Mash|p1a: Magneton
|-resisted|p1a: Magneton
|-damage|p1a: Magneton|79/100
|-boost|p2a: Metagross|atk|1
|
|upkeep
|turn|15
|
|t:|1730235924
|move|p1a: Magneton|Substitute|p1a: Magneton
|-start|p1a: Magneton|Substitute
|-damage|p1a: Magneton|54/100
|move|p2a: Metagross|Earthquake|p1a: Magneton
|-supereffective|p1a: Magneton
|-end|p1a: Magneton|Substitute
|
|upkeep
|turn|16
|
|t:|1730235929
|move|p1a: Magneton|Thunderbolt|p2a: Metagross
|-damage|p2a: Metagross|15/100
|move|p2a: Metagross|Earthquake|p1a: Magneton
|-supereffective|p1a: Magneton
|-damage|p1a: Magneton|0 fnt
|faint|p1a: Magneton
|
|t:|1730235945
|switch|p1a: Jirachi|Jirachi|100/100
|
|-heal|p2a: Metagross|21/100|[from] item: Leftovers
|upkeep
|turn|17
|
|t:|1730235955
|switch|p2a: Blissey|Blissey, F|100/100
|move|p1a: Jirachi|Hidden Power|p2a: Blissey
|-crit|p2a: Blissey
|-damage|p2a: Blissey|84/100
|
|-heal|p2a: Blissey|91/100|[from] item: Leftovers
|upkeep
|turn|18
|
|t:|1730235967
|switch|p1a: Porygon2|Porygon2|100/100
|-ability|p1a: Porygon2|Natural Cure|[from] ability: Trace|[of] p2a: Blissey
|move|p2a: Blissey|Ice Beam|p1a: Porygon2
|-damage|p1a: Porygon2|79/100
|-status|p1a: Porygon2|frz
|
|-heal|p2a: Blissey|97/100|[from] item: Leftovers
|-heal|p1a: Porygon2|86/100 frz|[from] item: Leftovers
|upkeep
|turn|19
|
|t:|1730235975
|switch|p2a: Metagross|Metagross|21/100
|cant|p1a: Porygon2|frz
|
|-heal|p2a: Metagross|27/100|[from] item: Leftovers
|-heal|p1a: Porygon2|92/100 frz|[from] item: Leftovers
|upkeep
|turn|20
|
|t:|1730235983
|move|p2a: Metagross|Meteor Mash|p1a: Porygon2
|-damage|p1a: Porygon2|55/100 frz
|-boost|p2a: Metagross|atk|1
|cant|p1a: Porygon2|frz
|
|-heal|p2a: Metagross|33/100|[from] item: Leftovers
|-heal|p1a: Porygon2|61/100 frz|[from] item: Leftovers
|upkeep
|turn|21
|
|t:|1730235988
|move|p2a: Metagross|Meteor Mash|p1a: Porygon2
|-damage|p1a: Porygon2|2/100 frz
|cant|p1a: Porygon2|frz
|
|-heal|p2a: Metagross|39/100|[from] item: Leftovers
|-heal|p1a: Porygon2|8/100 frz|[from] item: Leftovers
|upkeep
|turn|22
|
|t:|1730235993
|-curestatus|p1a: Porygon2|frz|[from] ability: Natural Cure
|switch|p1a: Jirachi|Jirachi|100/100
|move|p2a: Metagross|Earthquake|p1a: Jirachi
|-supereffective|p1a: Jirachi
|-damage|p1a: Jirachi|11/100
|
|-heal|p1a: Jirachi|18/100|[from] item: Leftovers
|-heal|p2a: Metagross|45/100|[from] item: Leftovers
|upkeep
|turn|23
|
|t:|1730236008
|switch|p1a: Porygon2|Porygon2|8/100
|-ability|p1a: Porygon2|Clear Body|[from] ability: Trace|[of] p2a: Metagross
|switch|p2a: Blissey|Blissey, F|97/100
|
|-heal|p2a: Blissey|100/100|[from] item: Leftovers
|-heal|p1a: Porygon2|14/100|[from] item: Leftovers
|upkeep
|turn|24
|
|t:|1730236034
|switch|p2a: Salamence|Salamence, M|37/100
|-ability|p2a: Salamence|Intimidate|boost
|-fail|p1a: Porygon2|unboost|[from] ability: Clear Body|[of] p1a: Porygon2
|move|p1a: Porygon2|Recover|p1a: Porygon2
|-heal|p1a: Porygon2|64/100
|
|-heal|p1a: Porygon2|70/100|[from] item: Leftovers
|upkeep
|turn|25
|
|t:|1730236041
|move|p2a: Salamence|Brick Break|p1a: Porygon2
|-supereffective|p1a: Porygon2
|-damage|p1a: Porygon2|9/100
|move|p1a: Porygon2|Ice Beam|p2a: Salamence
|-supereffective|p2a: Salamence
|-crit|p2a: Salamence
|-damage|p2a: Salamence|0 fnt
|faint|p2a: Salamence
|
|t:|1730236047
|switch|p2a: Magneton|Magneton|100/100
|
|-heal|p1a: Porygon2|15/100|[from] item: Leftovers
|upkeep
|turn|26
|
|t:|1730236055
|switch|p1a: Celebi|Celebi|79/100
|move|p2a: Magneton|Thunderbolt|p1a: Celebi
|-resisted|p1a: Celebi
|-damage|p1a: Celebi|57/100
|
|-heal|p1a: Celebi|63/100|[from] item: Leftovers
|upkeep
|turn|27
|
|t:|1730236061
|move|p1a: Celebi|Leech Seed|p2a: Magneton
|-start|p2a: Magneton|move: Leech Seed
|move|p2a: Magneton|Hidden Power|p1a: Celebi
|-supereffective|p1a: Celebi
|-damage|p1a: Celebi|22/100
|
|-heal|p1a: Celebi|28/100|[from] item: Leftovers
|-damage|p2a: Magneton|88/100|[from] Leech Seed|[of] p1a: Celebi
|-heal|p1a: Celebi|36/100|[silent]
|upkeep
|turn|28
|
|t:|1730236067
|switch|p2a: Metagross|Metagross|45/100
|move|p1a: Celebi|Calm Mind|p1a: Celebi
|-boost|p1a: Celebi|spa|1
|-boost|p1a: Celebi|spd|1
|
|-heal|p1a: Celebi|42/100|[from] item: Leftovers
|-heal|p2a: Metagross|51/100|[from] item: Leftovers
|upkeep
|turn|29
|
|t:|1730236071
|move|p1a: Celebi|Leech Seed|p2a: Metagross
|-start|p2a: Metagross|move: Leech Seed
|move|p2a: Metagross|Meteor Mash|p1a: Celebi|[miss]
|-miss|p2a: Metagross|p1a: Celebi
|
|-heal|p1a: Celebi|48/100|[from] item: Leftovers
|-heal|p2a: Metagross|57/100|[from] item: Leftovers
|-damage|p2a: Metagross|45/100|[from] Leech Seed|[of] p1a: Celebi
|-heal|p1a: Celebi|59/100|[silent]
|upkeep
|turn|30
|
|t:|1730236080
|move|p1a: Celebi|Psychic|p2a: Metagross
|-resisted|p2a: Metagross
|-damage|p2a: Metagross|34/100
|move|p2a: Metagross|Explosion|p1a: Celebi
|-damage|p1a: Celebi|0 fnt
|faint|p2a: Metagross
|faint|p1a: Celebi
|
|t:|1730236097
|switch|p1a: Jirachi|Jirachi|18/100
|switch|p2a: Suicune|Suicune|22/100
|
|-heal|p1a: Jirachi|24/100|[from] item: Leftovers
|-heal|p2a: Suicune|28/100|[from] item: Leftovers
|upkeep
|turn|31
|
|t:|1730236104
|switch|p2a: Claydol|Claydol|100/100
|move|p1a: Jirachi|Psychic|p2a: Claydol
|-resisted|p2a: Claydol
|-damage|p2a: Claydol|84/100
|
|-heal|p1a: Jirachi|30/100|[from] item: Leftovers
|-heal|p2a: Claydol|91/100|[from] item: Leftovers
|upkeep
|turn|32
|
|t:|1730236109
|move|p1a: Jirachi|Hidden Power|p2a: Claydol
|-supereffective|p2a: Claydol
|-damage|p2a: Claydol|58/100
|move|p2a: Claydol|Psychic|p1a: Jirachi
|-resisted|p1a: Jirachi
|-damage|p1a: Jirachi|25/100
|
|-heal|p1a: Jirachi|31/100|[from] item: Leftovers
|-heal|p2a: Claydol|64/100|[from] item: Leftovers
|upkeep
|turn|33
|
|t:|1730236115
|move|p1a: Jirachi|Calm Mind|p1a: Jirachi
|-boost|p1a: Jirachi|spa|1
|-boost|p1a: Jirachi|spd|1
|move|p2a: Claydol|Earthquake|p1a: Jirachi
|-supereffective|p1a: Jirachi
|-damage|p1a: Jirachi|0 fnt
|faint|p1a: Jirachi
|
|t:|1730236119
|switch|p1a: Porygon2|Porygon2|15/100
|-ability|p1a: Porygon2|Levitate|[from] ability: Trace|[of] p2a: Claydol
|
|-heal|p2a: Claydol|71/100|[from] item: Leftovers
|-heal|p1a: Porygon2|21/100|[from] item: Leftovers
|upkeep
|turn|34
|
|t:|1730236121
|move|p2a: Claydol|Explosion|p1a: Porygon2
|-damage|p1a: Porygon2|0 fnt
|faint|p2a: Claydol
|faint|p1a: Porygon2
|
|win|luisin
|c|☆luisin|gg
|c|☆HoChi_Pro|gg

</script>
<script type="application/json" class="data" id="replaydata-smogtours-gen3ou-803341">
{"id":"smogtours-gen3ou-803341","format":"[Gen 3] OU","players":["HoChi_Pro","luisin"],"uploadtime":1730236121,"views":60,"formatid":"gen3ou","rating":null,"private":0,"password":null}
</script>

<script defer src="js/replays.js?9d40a366"></script>
