<!DOCTYPE html>
<meta charset="utf-8" />
<meta name="viewport" content="width=device-width" />

<title>[Gen 3] OU: Mulikki vs. Colby2D - Replays - Pok&eacute;mon Showdown!</title>

<meta name="description" content="Watch a replay of a Pok&eacute;mon battle between Mulikki and Colby2D! Format: [Gen 3] OU; Date: Oct 27, 2024" />
<!--

Hey, you! Looking in the source for the replay log?

You can find them in JSON format, just add `.json` at the end of a replay URL.

https://replay.pokemonshowdown.com/gen7randomdoublesbattle-865046831.json

Or, if you only need the log itself, add `.log` instead:

https://replay.pokemonshowdown.com/gen7randomdoublesbattle-865046831.log

-->

<link rel="stylesheet" href="//pokemonshowdown.com/style/global.css?0.767286132409787" />
<link rel="stylesheet" href="//play.pokemonshowdown.com/style/font-awesome.css?0.9266228007934947" />
<link rel="stylesheet" href="//play.pokemonshowdown.com/style/battle.css?0.7924700842790926" />
<link rel="stylesheet" href="//play.pokemonshowdown.com/style/utilichart.css?0.8777417872839479" />

<!-- Global site tag (gtag.js) - Google Analytics -->
<script async src="https://www.googletagmanager.com/gtag/js?id=UA-26211653-1"></script>
<script>
  window.dataLayer = window.dataLayer || [];
  function gtag(){dataLayer.push(arguments);}
  gtag('js', new Date());

  gtag('config', 'UA-26211653-1');
</script>
<!-- End Google Analytics -->
<!-- Venatus Ad Manager - Install in <HEAD> of page -->
	<script src="https://hb.vntsm.com/v3/live/ad-manager.min.js" type="text/javascript" data-site-id="642aba63ec9a7b11c3c9c1be" data-mode="scan" async></script>
<!-- / Venatus Ad Manager -->

<style>
	@media (max-width:820px) {
		.battle {
			margin: 0 auto;
		}
		.battle-log {
			margin: 7px auto 0;
			max-width: 640px;
			height: 300px;
			position: static;
		}
	}
	.optgroup {
		display: inline-block;
		line-height: 22px;
		font-size: 10pt;
	}
	.optgroup .button {
		height: 25px;
		padding-top: 0;
		padding-bottom: 0;
	}
	.optgroup button.button {
		padding-left: 12px;
		padding-right: 12px;
	}
	.linklist {
		list-style: none;
		margin: 0.5em 0;
		padding: 0;
	}
	.linklist li {
		padding: 2px 0;
	}
	.sidebar {
		float: left;
		width: 320px;
	}
	.bar-wrapper {
		max-width: 1100px;
		margin: 0 auto;
	}
	.bar-wrapper.has-sidebar {
		max-width: 1430px;
	}
	.mainbar {
		margin: 0;
		padding-right: 1px;
	}
	.mainbar.has-sidebar {
		margin-left: 330px;
	}
	@media (min-width: 1511px) {
		.sidebar {
			width: 400px;
		}
		.bar-wrapper.has-sidebar {
			max-width: 1510px;
		}
		.mainbar.has-sidebar {
			margin-left: 410px;
		}
	}
	.section.first-section {
		margin-top: 9px;
	}
	.blocklink small {
		white-space: normal;
	}
	.button {
		vertical-align: middle;
	}
	.replay-controls {
		padding-top: 10px;
	}
	.replay-controls h1 {
		font-size: 16pt;
		font-weight: normal;
		color: #CCC;
	}
	.pagelink {
		text-align: center;
	}
	.pagelink a {
		width: 150px;
	}
	.textbox, .button {
		font-size: 11pt;
		vertical-align: middle;
	}
	@media (max-width: 450px) {
		.button {
			font-size: 9pt;
		}
	}
</style>

<div>

	<header>
		<div class="nav-wrapper"><ul class="nav">
			<li><a class="button nav-first" href="//pokemonshowdown.com/"><img src="//pokemonshowdown.com/images/pokemonshowdownbeta.png" srcset="//pokemonshowdown.com/images/pokemonshowdownbeta.png 1x, //pokemonshowdown.com/images/pokemonshowdownbeta@2x.png 2x" alt="Pok&eacute;mon Showdown" width="146" height="44" /> Home</a></li>
			<li><a class="button" href="//pokemonshowdown.com/dex/">Pok&eacute;dex</a></li>
			<li><a class="button cur" href="/">Replays</a></li>
			<li><a class="button" href="//pokemonshowdown.com/ladder/">Ladder</a></li>
			<li><a class="button nav-last" href="//pokemonshowdown.com/forums/">Forum</a></li>
			<li><a class="button greenbutton nav-first nav-last" href="//play.pokemonshowdown.com/">Play</a></li>
		</ul></div>
	</header>

	<div class="main" id="main">

		<noscript><section class="section">You need to enable JavaScript to use this page; sorry!</section></noscript>

	</div>

</div>

<script defer nomodule src="//play.pokemonshowdown.com/js/lib/ps-polyfill.js"></script>
<script defer src="//play.pokemonshowdown.com/js/lib/preact.min.js"></script>

<script defer src="//play.pokemonshowdown.com/config/config.js?6dec07f6"></script>
<script defer src="//play.pokemonshowdown.com/js/lib/jquery-1.11.0.min.js"></script>
<script defer src="//play.pokemonshowdown.com/js/lib/html-sanitizer-minified.js"></script>
<script defer src="//play.pokemonshowdown.com/js/battle-sound.js"></script>
<script defer src="//play.pokemonshowdown.com/js/battledata.js?0.6315294753075389"></script>
<script defer src="//play.pokemonshowdown.com/data/pokedex-mini.js?0.7603743185311358"></script>
<script defer src="//play.pokemonshowdown.com/data/pokedex-mini-bw.js?0.030888842834281283"></script>
<script defer src="//play.pokemonshowdown.com/data/graphics.js?0.05593094747507488"></script>
<script defer src="//play.pokemonshowdown.com/data/pokedex.js?0.47064822249611904"></script>
<script defer src="//play.pokemonshowdown.com/data/moves.js?0.8583693120512459"></script>
<script defer src="//play.pokemonshowdown.com/data/abilities.js?0.16017181182386842"></script>
<script defer src="//play.pokemonshowdown.com/data/items.js?0.4163379185673943"></script>
<script defer src="//play.pokemonshowdown.com/data/teambuilder-tables.js?0.31075597372830477"></script>
<script defer src="//play.pokemonshowdown.com/js/battle-tooltips.js?0.6536193500708172"></script>
<script defer src="//play.pokemonshowdown.com/js/battle.js?0.1916591943277901"></script>

<script defer src="js/utils.js?e31f9a17"></script>
<script defer src="js/replays-battle.js?7008c182"></script>

<!-- don't scrape this data! just add .json or .log after the URL!
Full API docs: https://github.com/smogon/pokemon-showdown-client/blob/master/WEB-API.md -->
<script type="text/plain" class="log" id="replaylog-smogtours-gen3ou-802409">
|inactive|Battle timer is ON: inactive players will automatically lose when time's up.
|t:|1730013766
|gametype|singles
|player|p1|Mulikki|102|
|player|p2|Colby2D|102|
|teamsize|p1|6
|teamsize|p2|6
|gen|3
|tier|[Gen 3] OU
|rule|Sleep Clause Mod: Limit one foe put to sleep
|rule|Switch Priority Clause Mod: Faster Pokémon switch first
|rule|Species Clause: Limit one of each Pokémon
|rule|OHKO Clause: OHKO moves are banned
|rule|Evasion Items Clause: Evasion items are banned
|rule|Evasion Moves Clause: Evasion moves are banned
|rule|Endless Battle Clause: Forcing endless battles is banned
|rule|HP Percentage Mod: HP is shown in percentages
|rule|One Boost Passer Clause: Limit one Baton Passer that has a way to boost its stats
|rule|Freeze Clause Mod: Limit one foe frozen
|
|t:|1730013766
|start
|switch|p1a: Medicham|Medicham, M|100/100
|switch|p2a: Tyranitar|Tyranitar, M|100/100
|-weather|Sandstorm|[from] ability: Sand Stream|[of] p2a: Tyranitar
|turn|1
|
|t:|1730013777
|move|p1a: Medicham|Rock Slide|p2a: Tyranitar
|-damage|p2a: Tyranitar|53/100
|move|p2a: Tyranitar|Ancient Power|p1a: Medicham
|-resisted|p1a: Medicham
|-damage|p1a: Medicham|75/100
|
|-weather|Sandstorm|[upkeep]
|-damage|p1a: Medicham|69/100|[from] Sandstorm
|upkeep
|turn|2
|
|t:|1730013788
|switch|p2a: Metagross|Metagross|100/100
|move|p1a: Medicham|Rock Slide|p2a: Metagross
|-resisted|p2a: Metagross
|-damage|p2a: Metagross|82/100
|
|-weather|Sandstorm|[upkeep]
|-damage|p1a: Medicham|63/100|[from] Sandstorm
|-heal|p2a: Metagross|88/100|[from] item: Leftovers
|upkeep
|turn|3
|
|t:|1730013799
|switch|p1a: Skarmory|Skarmory, F|100/100
|switch|p2a: Charizard|Charizard, M|100/100
|
|-weather|Sandstorm|[upkeep]
|-damage|p2a: Charizard|94/100|[from] Sandstorm
|-heal|p2a: Charizard|100/100|[from] item: Leftovers
|upkeep
|turn|4
|
|t:|1730013809
|move|p2a: Charizard|Substitute|p2a: Charizard
|-start|p2a: Charizard|Substitute
|-damage|p2a: Charizard|76/100
|move|p1a: Skarmory|Roar|p2a: Charizard
|drag|p2a: Blissey|Blissey, F|100/100
|
|-weather|Sandstorm|[upkeep]
|-damage|p2a: Blissey|94/100|[from] Sandstorm
|-heal|p2a: Blissey|100/100|[from] item: Leftovers
|upkeep
|turn|5
|
|t:|1730013821
|move|p1a: Skarmory|Spikes|p2a: Blissey
|-sidestart|p2: Colby2D|Spikes
|move|p2a: Blissey|Ice Beam|p1a: Skarmory
|-damage|p1a: Skarmory|77/100
|-status|p1a: Skarmory|frz
|
|-weather|Sandstorm|[upkeep]
|-damage|p2a: Blissey|94/100|[from] Sandstorm
|-heal|p1a: Skarmory|83/100 frz|[from] item: Leftovers
|-heal|p2a: Blissey|100/100|[from] item: Leftovers
|upkeep
|turn|6
|
|t:|1730013832
|switch|p2a: Charizard|Charizard, M|76/100
|cant|p1a: Skarmory|frz
|
|-weather|Sandstorm|[upkeep]
|-damage|p2a: Charizard|70/100|[from] Sandstorm
|-heal|p2a: Charizard|76/100|[from] item: Leftovers
|-heal|p1a: Skarmory|89/100 frz|[from] item: Leftovers
|upkeep
|turn|7
|
|t:|1730013842
|move|p2a: Charizard|Substitute|p2a: Charizard
|-start|p2a: Charizard|Substitute
|-damage|p2a: Charizard|51/100
|-curestatus|p1a: Skarmory|frz|[msg]
|move|p1a: Skarmory|Roar|p2a: Charizard
|drag|p2a: Tyranitar|Tyranitar, M|53/100
|-damage|p2a: Tyranitar|41/100|[from] Spikes
|
|-weather|Sandstorm|[upkeep]
|-heal|p1a: Skarmory|95/100|[from] item: Leftovers
|upkeep
|turn|8
|
|t:|1730013856
|move|p2a: Tyranitar|Fire Blast|p1a: Skarmory|[miss]
|-miss|p2a: Tyranitar|p1a: Skarmory
|move|p1a: Skarmory|Spikes|p2a: Tyranitar
|-sidestart|p2: Colby2D|Spikes
|
|-weather|Sandstorm|[upkeep]
|-heal|p1a: Skarmory|100/100|[from] item: Leftovers
|upkeep
|turn|9
|
|t:|1730013865
|move|p2a: Tyranitar|Fire Blast|p1a: Skarmory
|-supereffective|p1a: Skarmory
|-damage|p1a: Skarmory|42/100
|move|p1a: Skarmory|Spikes|p2a: Tyranitar
|-sidestart|p2: Colby2D|Spikes
|
|-weather|Sandstorm|[upkeep]
|-heal|p1a: Skarmory|48/100|[from] item: Leftovers
|upkeep
|turn|10
|
|t:|1730013884
|switch|p1a: Swampert|Swampert, M|100/100
|move|p2a: Tyranitar|Fire Blast|p1a: Swampert
|-resisted|p1a: Swampert
|-damage|p1a: Swampert|79/100
|
|-weather|Sandstorm|[upkeep]
|-heal|p1a: Swampert|85/100|[from] item: Leftovers
|upkeep
|turn|11
|
|t:|1730013899
|move|p2a: Tyranitar|Hidden Power|p1a: Swampert
|-supereffective|p1a: Swampert
|-crit|p1a: Swampert
|-damage|p1a: Swampert|0 fnt
|faint|p1a: Swampert
|c|☆Colby2D|sry
|
|t:|1730013916
|switch|p1a: Medicham|Medicham, M|63/100
|
|-weather|Sandstorm|[upkeep]
|-damage|p1a: Medicham|57/100|[from] Sandstorm
|upkeep
|turn|12
|
|t:|1730013928
|switch|p2a: Skarmory|Skarmory, M|100/100
|move|p1a: Medicham|Brick Break|p2a: Skarmory
|-damage|p2a: Skarmory|44/100
|
|-weather|Sandstorm|[upkeep]
|-damage|p1a: Medicham|51/100|[from] Sandstorm
|-heal|p2a: Skarmory|50/100|[from] item: Leftovers
|upkeep
|turn|13
|
|t:|1730013937
|move|p2a: Skarmory|Protect|p2a: Skarmory
|-singleturn|p2a: Skarmory|Protect
|move|p1a: Medicham|Brick Break|p2a: Skarmory
|-activate|p2a: Skarmory|Protect
|
|-weather|Sandstorm|[upkeep]
|-damage|p1a: Medicham|45/100|[from] Sandstorm
|-heal|p2a: Skarmory|56/100|[from] item: Leftovers
|upkeep
|turn|14
|
|t:|1730013947
|move|p1a: Medicham|Brick Break|p2a: Skarmory
|-damage|p2a: Skarmory|6/100
|move|p2a: Skarmory|Toxic|p1a: Medicham
|-status|p1a: Medicham|tox
|
|-weather|Sandstorm|[upkeep]
|-damage|p1a: Medicham|39/100 tox|[from] Sandstorm
|-damage|p1a: Medicham|33/100 tox|[from] psn
|-heal|p2a: Skarmory|12/100|[from] item: Leftovers
|upkeep
|turn|15
|
|t:|1730013961
|move|p1a: Medicham|Brick Break|p2a: Skarmory
|-damage|p2a: Skarmory|0 fnt
|faint|p2a: Skarmory
|
|t:|1730013968
|switch|p2a: Charizard|Charizard, M|51/100
|
|-weather|Sandstorm|[upkeep]
|-damage|p2a: Charizard|45/100|[from] Sandstorm
|-damage|p1a: Medicham|26/100 tox|[from] Sandstorm
|-heal|p2a: Charizard|51/100|[from] item: Leftovers
|-damage|p1a: Medicham|14/100 tox|[from] psn
|upkeep
|turn|16
|
|t:|1730013976
|move|p2a: Charizard|Flamethrower|p1a: Medicham
|-damage|p1a: Medicham|0 fnt
|faint|p1a: Medicham
|
|t:|1730013987
|switch|p1a: Snorlax|Snorlax, M|100/100
|
|-weather|Sandstorm|[upkeep]
|-damage|p2a: Charizard|45/100|[from] Sandstorm
|-damage|p1a: Snorlax|94/100|[from] Sandstorm
|-heal|p2a: Charizard|51/100|[from] item: Leftovers
|-heal|p1a: Snorlax|100/100|[from] item: Leftovers
|upkeep
|turn|17
|
|t:|1730014007
|-singleturn|p2a: Charizard|move: Focus Punch
|move|p1a: Snorlax|Body Slam|p2a: Charizard
|-damage|p2a: Charizard|0 fnt
|faint|p2a: Charizard
|
|t:|1730014014
|switch|p2a: Metagross|Metagross|88/100
|-damage|p2a: Metagross|63/100|[from] Spikes
|
|-weather|Sandstorm|[upkeep]
|-damage|p1a: Snorlax|94/100|[from] Sandstorm
|-heal|p2a: Metagross|69/100|[from] item: Leftovers
|-heal|p1a: Snorlax|100/100|[from] item: Leftovers
|upkeep
|turn|18
|
|t:|1730014025
|switch|p1a: Skarmory|Skarmory, F|48/100
|move|p2a: Metagross|Meteor Mash|p1a: Skarmory
|-resisted|p1a: Skarmory
|-damage|p1a: Skarmory|30/100
|
|-weather|Sandstorm|[upkeep]
|-heal|p2a: Metagross|75/100|[from] item: Leftovers
|-heal|p1a: Skarmory|36/100|[from] item: Leftovers
|upkeep
|turn|19
|
|t:|1730014036
|move|p2a: Metagross|Meteor Mash|p1a: Skarmory
|-resisted|p1a: Skarmory
|-damage|p1a: Skarmory|18/100
|move|p1a: Skarmory|Roar|p2a: Metagross
|drag|p2a: Aerodactyl|Aerodactyl, M|100/100
|
|-weather|Sandstorm|[upkeep]
|-heal|p1a: Skarmory|24/100|[from] item: Leftovers
|upkeep
|turn|20
|
|t:|1730014061
|switch|p1a: Snorlax|Snorlax, M|100/100
|move|p2a: Aerodactyl|Rock Slide|p1a: Snorlax
|-damage|p1a: Snorlax|60/100
|
|-weather|Sandstorm|[upkeep]
|-damage|p1a: Snorlax|53/100|[from] Sandstorm
|-heal|p1a: Snorlax|60/100|[from] item: Leftovers
|upkeep
|turn|21
|
|t:|1730014071
|move|p2a: Aerodactyl|Rock Slide|p1a: Snorlax
|-damage|p1a: Snorlax|20/100
|move|p1a: Snorlax|Body Slam|p2a: Aerodactyl
|-resisted|p2a: Aerodactyl
|-damage|p2a: Aerodactyl|70/100
|
|-weather|Sandstorm|[upkeep]
|-damage|p1a: Snorlax|14/100|[from] Sandstorm
|-heal|p1a: Snorlax|20/100|[from] item: Leftovers
|upkeep
|turn|22
|
|t:|1730014085
|move|p2a: Aerodactyl|Rock Slide|p1a: Snorlax
|-damage|p1a: Snorlax|0 fnt
|faint|p1a: Snorlax
|
|t:|1730014090
|switch|p1a: Gengar|Gengar, F|100/100
|
|-weather|Sandstorm|[upkeep]
|-damage|p1a: Gengar|94/100|[from] Sandstorm
|-heal|p1a: Gengar|100/100|[from] item: Leftovers
|upkeep
|turn|23
|
|t:|1730014097
|switch|p2a: Blissey|Blissey, F|100/100
|-damage|p2a: Blissey|76/100|[from] Spikes
|move|p1a: Gengar|Thunderbolt|p2a: Blissey
|-damage|p2a: Blissey|63/100
|
|-weather|Sandstorm|[upkeep]
|-damage|p1a: Gengar|94/100|[from] Sandstorm
|-damage|p2a: Blissey|57/100|[from] Sandstorm
|-heal|p1a: Gengar|100/100|[from] item: Leftovers
|-heal|p2a: Blissey|63/100|[from] item: Leftovers
|upkeep
|turn|24
|
|t:|1730014122
|switch|p1a: Skarmory|Skarmory, F|24/100
|move|p2a: Blissey|Thunderbolt|p1a: Skarmory
|-supereffective|p1a: Skarmory
|-damage|p1a: Skarmory|0 fnt
|faint|p1a: Skarmory
|
|t:|1730014131
|switch|p1a: Alakazam|Alakazam, F|100/100
|
|-weather|Sandstorm|[upkeep]
|-damage|p1a: Alakazam|95/100|[from] Sandstorm
|-damage|p2a: Blissey|57/100|[from] Sandstorm
|-heal|p1a: Alakazam|100/100|[from] item: Leftovers
|-heal|p2a: Blissey|63/100|[from] item: Leftovers
|upkeep
|turn|25
|
|t:|1730014142
|move|p1a: Alakazam|Psychic|p2a: Blissey
|-damage|p2a: Blissey|45/100
|move|p2a: Blissey|Toxic|p1a: Alakazam
|-status|p1a: Alakazam|tox
|-status|p2a: Blissey|psn|[from] ability: Synchronize|[of] p1a: Alakazam
|
|-weather|Sandstorm|[upkeep]
|-damage|p1a: Alakazam|95/100 tox|[from] Sandstorm
|-damage|p2a: Blissey|39/100 psn|[from] Sandstorm
|-heal|p1a: Alakazam|100/100 tox|[from] item: Leftovers
|-damage|p1a: Alakazam|95/100 tox|[from] psn
|-heal|p2a: Blissey|45/100 psn|[from] item: Leftovers
|-damage|p2a: Blissey|32/100 psn|[from] psn
|upkeep
|turn|26
|
|t:|1730014157
|move|p1a: Alakazam|Encore|p2a: Blissey
|-start|p2a: Blissey|Encore
|move|p2a: Blissey|Toxic|p1a: Alakazam|[miss]
|-miss|p2a: Blissey|p1a: Alakazam
|
|-weather|Sandstorm|[upkeep]
|-damage|p1a: Alakazam|89/100 tox|[from] Sandstorm
|-damage|p2a: Blissey|26/100 psn|[from] Sandstorm
|-heal|p1a: Alakazam|95/100 tox|[from] item: Leftovers
|-damage|p1a: Alakazam|83/100 tox|[from] psn
|-heal|p2a: Blissey|32/100 psn|[from] item: Leftovers
|-damage|p2a: Blissey|20/100 psn|[from] psn
|upkeep
|turn|27
|
|t:|1730014170
|move|p1a: Alakazam|Psychic|p2a: Blissey
|-damage|p2a: Blissey|1/100 psn
|move|p2a: Blissey|Toxic|p1a: Alakazam
|-fail|p1a: Alakazam|tox
|
|-weather|Sandstorm|[upkeep]
|-damage|p1a: Alakazam|77/100 tox|[from] Sandstorm
|-damage|p2a: Blissey|0 fnt|[from] Sandstorm
|faint|p2a: Blissey
|-heal|p1a: Alakazam|83/100 tox|[from] item: Leftovers
|-damage|p1a: Alakazam|65/100 tox|[from] psn
|upkeep
|
|t:|1730014188
|switch|p2a: Aerodactyl|Aerodactyl, M|70/100
|turn|28
|
|t:|1730014193
|move|p2a: Aerodactyl|Rock Slide|p1a: Alakazam
|-damage|p1a: Alakazam|0 fnt
|faint|p1a: Alakazam
|
|t:|1730014197
|switch|p1a: Gengar|Gengar, F|100/100
|
|-weather|Sandstorm|[upkeep]
|-damage|p1a: Gengar|94/100|[from] Sandstorm
|-heal|p1a: Gengar|100/100|[from] item: Leftovers
|upkeep
|turn|29
|
|t:|1730014205
|move|p2a: Aerodactyl|Rock Slide|p1a: Gengar
|-damage|p1a: Gengar|14/100
|cant|p1a: Gengar|flinch
|
|-weather|Sandstorm|[upkeep]
|-damage|p1a: Gengar|8/100|[from] Sandstorm
|-heal|p1a: Gengar|14/100|[from] item: Leftovers
|upkeep
|turn|30
|
|t:|1730014214
|move|p2a: Aerodactyl|Rock Slide|p1a: Gengar
|-damage|p1a: Gengar|0 fnt
|faint|p1a: Gengar
|
|win|Colby2D

</script>
<script type="application/json" class="data" id="replaydata-smogtours-gen3ou-802409">
{"id":"smogtours-gen3ou-802409","format":"[Gen 3] OU","players":["Mulikki","Colby2D"],"uploadtime":1730014214,"views":80,"formatid":"gen3ou","rating":null,"private":0,"password":null}
</script>

<script defer src="js/replays.js?9d40a366"></script>
