<!DOCTYPE html>
<meta charset="utf-8" />
<meta name="viewport" content="width=device-width" />

<title>[Gen 3] OU: bluesenergy00 vs. Koentjelub - Replays - Pok&eacute;mon Showdown!</title>

<meta name="description" content="Watch a replay of a Pok&eacute;mon battle between bluesenergy00 and Koentjelub! Format: [Gen 3] OU; Date: Oct 8, 2024" />
<!--

Hey, you! Looking in the source for the replay log?

You can find them in JSON format, just add `.json` at the end of a replay URL.

https://replay.pokemonshowdown.com/gen7randomdoublesbattle-865046831.json

Or, if you only need the log itself, add `.log` instead:

https://replay.pokemonshowdown.com/gen7randomdoublesbattle-865046831.log

-->

<link rel="stylesheet" href="//pokemonshowdown.com/style/global.css?0.023195364461161105" />
<link rel="stylesheet" href="//play.pokemonshowdown.com/style/font-awesome.css?0.13261647063804238" />
<link rel="stylesheet" href="//play.pokemonshowdown.com/style/battle.css?0.8753245789963631" />
<link rel="stylesheet" href="//play.pokemonshowdown.com/style/utilichart.css?0.8627959624976733" />

<!-- Global site tag (gtag.js) - Google Analytics -->
<script async src="https://www.googletagmanager.com/gtag/js?id=UA-26211653-1"></script>
<script>
  window.dataLayer = window.dataLayer || [];
  function gtag(){dataLayer.push(arguments);}
  gtag('js', new Date());

  gtag('config', 'UA-26211653-1');
</script>
<!-- End Google Analytics -->
<!-- Venatus Ad Manager - Install in <HEAD> of page -->
	<script src="https://hb.vntsm.com/v3/live/ad-manager.min.js" type="text/javascript" data-site-id="642aba63ec9a7b11c3c9c1be" data-mode="scan" async></script>
<!-- / Venatus Ad Manager -->

<style>
	@media (max-width:820px) {
		.battle {
			margin: 0 auto;
		}
		.battle-log {
			margin: 7px auto 0;
			max-width: 640px;
			height: 300px;
			position: static;
		}
	}
	.optgroup {
		display: inline-block;
		line-height: 22px;
		font-size: 10pt;
	}
	.optgroup .button {
		height: 25px;
		padding-top: 0;
		padding-bottom: 0;
	}
	.optgroup button.button {
		padding-left: 12px;
		padding-right: 12px;
	}
	.linklist {
		list-style: none;
		margin: 0.5em 0;
		padding: 0;
	}
	.linklist li {
		padding: 2px 0;
	}
	.sidebar {
		float: left;
		width: 320px;
	}
	.bar-wrapper {
		max-width: 1100px;
		margin: 0 auto;
	}
	.bar-wrapper.has-sidebar {
		max-width: 1430px;
	}
	.mainbar {
		margin: 0;
		padding-right: 1px;
	}
	.mainbar.has-sidebar {
		margin-left: 330px;
	}
	@media (min-width: 1511px) {
		.sidebar {
			width: 400px;
		}
		.bar-wrapper.has-sidebar {
			max-width: 1510px;
		}
		.mainbar.has-sidebar {
			margin-left: 410px;
		}
	}
	.section.first-section {
		margin-top: 9px;
	}
	.blocklink small {
		white-space: normal;
	}
	.button {
		vertical-align: middle;
	}
	.replay-controls {
		padding-top: 10px;
	}
	.replay-controls h1 {
		font-size: 16pt;
		font-weight: normal;
		color: #CCC;
	}
	.pagelink {
		text-align: center;
	}
	.pagelink a {
		width: 150px;
	}
	.textbox, .button {
		font-size: 11pt;
		vertical-align: middle;
	}
	@media (max-width: 450px) {
		.button {
			font-size: 9pt;
		}
	}
</style>

<div>

	<header>
		<div class="nav-wrapper"><ul class="nav">
			<li><a class="button nav-first" href="//pokemonshowdown.com/"><img src="//pokemonshowdown.com/images/pokemonshowdownbeta.png" srcset="//pokemonshowdown.com/images/pokemonshowdownbeta.png 1x, //pokemonshowdown.com/images/pokemonshowdownbeta@2x.png 2x" alt="Pok&eacute;mon Showdown" width="146" height="44" /> Home</a></li>
			<li><a class="button" href="//pokemonshowdown.com/dex/">Pok&eacute;dex</a></li>
			<li><a class="button cur" href="/">Replays</a></li>
			<li><a class="button" href="//pokemonshowdown.com/ladder/">Ladder</a></li>
			<li><a class="button nav-last" href="//pokemonshowdown.com/forums/">Forum</a></li>
			<li><a class="button greenbutton nav-first nav-last" href="//play.pokemonshowdown.com/">Play</a></li>
		</ul></div>
	</header>

	<div class="main" id="main">

		<noscript><section class="section">You need to enable JavaScript to use this page; sorry!</section></noscript>

	</div>

</div>

<script defer nomodule src="//play.pokemonshowdown.com/js/lib/ps-polyfill.js"></script>
<script defer src="//play.pokemonshowdown.com/js/lib/preact.min.js"></script>

<script defer src="//play.pokemonshowdown.com/config/config.js?2bddbc15"></script>
<script defer src="//play.pokemonshowdown.com/js/lib/jquery-1.11.0.min.js"></script>
<script defer src="//play.pokemonshowdown.com/js/lib/html-sanitizer-minified.js"></script>
<script defer src="//play.pokemonshowdown.com/js/battle-sound.js"></script>
<script defer src="//play.pokemonshowdown.com/js/battledata.js?0.7209276989879541"></script>
<script defer src="//play.pokemonshowdown.com/data/pokedex-mini.js?0.6111056340867951"></script>
<script defer src="//play.pokemonshowdown.com/data/pokedex-mini-bw.js?0.3532142036491459"></script>
<script defer src="//play.pokemonshowdown.com/data/graphics.js?0.24223875632456182"></script>
<script defer src="//play.pokemonshowdown.com/data/pokedex.js?0.38839984266356864"></script>
<script defer src="//play.pokemonshowdown.com/data/moves.js?0.21866028504024015"></script>
<script defer src="//play.pokemonshowdown.com/data/abilities.js?0.2005157953846628"></script>
<script defer src="//play.pokemonshowdown.com/data/items.js?0.9894211263848525"></script>
<script defer src="//play.pokemonshowdown.com/data/teambuilder-tables.js?0.6008791140282215"></script>
<script defer src="//play.pokemonshowdown.com/js/battle-tooltips.js?0.7580118955022959"></script>
<script defer src="//play.pokemonshowdown.com/js/battle.js?0.6057722274234274"></script>

<script defer src="js/utils.js?e31f9a17"></script>
<script defer src="js/replays-battle.js?7008c182"></script>

<!-- don't scrape this data! just add .json or .log after the URL!
Full API docs: https://github.com/smogon/pokemon-showdown-client/blob/master/WEB-API.md -->
<script type="text/plain" class="log" id="replaylog-gen3ou-2218734386">
|j|☆bluesenergy00
|j|☆Koentjelub
|t:|1728412941
|gametype|singles
|player|p1|bluesenergy00|red|
|player|p2|Koentjelub|lucas|
|teamsize|p1|6
|teamsize|p2|6
|gen|3
|tier|[Gen 3] OU
|rule|Sleep Clause Mod: Limit one foe put to sleep
|rule|Switch Priority Clause Mod: Faster Pokémon switch first
|rule|Species Clause: Limit one of each Pokémon
|rule|OHKO Clause: OHKO moves are banned
|rule|Evasion Items Clause: Evasion items are banned
|rule|Evasion Moves Clause: Evasion moves are banned
|rule|Endless Battle Clause: Forcing endless battles is banned
|rule|HP Percentage Mod: HP is shown in percentages
|rule|One Boost Passer Clause: Limit one Baton Passer that has a way to boost its stats
|rule|Freeze Clause Mod: Limit one foe frozen
|
|t:|1728412941
|start
|switch|p1a: Popo|Slaking, M|100/100
|switch|p2a: Tyranitar|Tyranitar, F|100/100
|-weather|Sandstorm|[from] ability: Sand Stream|[of] p2a: Tyranitar
|turn|1
|c|☆bluesenergy00|Hf
|
|t:|1728412949
|-singleturn|p1a: Popo|move: Focus Punch
|switch|p2a: Skarmory|Skarmory, F|100/100
|move|p1a: Popo|Focus Punch|p2a: Skarmory
|-damage|p2a: Skarmory|27/100
|
|-weather|Sandstorm|[upkeep]
|-damage|p1a: Popo|94/100|[from] Sandstorm
|-heal|p2a: Skarmory|33/100|[from] item: Leftovers
|upkeep
|turn|2
|
|t:|1728412953
|switch|p1a: Blastoise|Blastoise, M|100/100
|move|p2a: Skarmory|Spikes|p1a: Blastoise
|-sidestart|p1: bluesenergy00|Spikes
|
|-weather|Sandstorm|[upkeep]
|-damage|p1a: Blastoise|94/100|[from] Sandstorm
|-heal|p1a: Blastoise|100/100|[from] item: Leftovers
|-heal|p2a: Skarmory|39/100|[from] item: Leftovers
|upkeep
|turn|3
|
|t:|1728412959
|switch|p2a: Gengar|Gengar, M|100/100
|move|p1a: Blastoise|Hydro Pump|p2a: Gengar
|-damage|p2a: Gengar|55/100
|
|-weather|Sandstorm|[upkeep]
|-damage|p2a: Gengar|49/100|[from] Sandstorm
|-damage|p1a: Blastoise|94/100|[from] Sandstorm
|-heal|p2a: Gengar|55/100|[from] item: Leftovers
|-heal|p1a: Blastoise|100/100|[from] item: Leftovers
|upkeep
|turn|4
|
|t:|1728412967
|switch|p1a: Blissey|Blissey, F|100/100
|-damage|p1a: Blissey|88/100|[from] Spikes
|move|p2a: Gengar|Thunderbolt|p1a: Blissey
|-damage|p1a: Blissey|76/100
|
|-weather|Sandstorm|[upkeep]
|-damage|p2a: Gengar|49/100|[from] Sandstorm
|-damage|p1a: Blissey|70/100|[from] Sandstorm
|-heal|p2a: Gengar|55/100|[from] item: Leftovers
|-heal|p1a: Blissey|76/100|[from] item: Leftovers
|upkeep
|turn|5
|
|t:|1728412977
|switch|p2a: Blissey|Blissey, F|100/100
|switch|p1a: Jirachi|Jirachi|100/100
|-damage|p1a: Jirachi|88/100|[from] Spikes
|
|-weather|Sandstorm|[upkeep]
|-damage|p2a: Blissey|94/100|[from] Sandstorm
|-heal|p1a: Jirachi|94/100|[from] item: Leftovers
|-heal|p2a: Blissey|100/100|[from] item: Leftovers
|upkeep
|turn|6
|
|t:|1728412985
|move|p1a: Jirachi|Wish|p1a: Jirachi
|move|p2a: Blissey|Seismic Toss|p1a: Jirachi
|-damage|p1a: Jirachi|69/100
|
|-weather|Sandstorm|[upkeep]
|-damage|p2a: Blissey|94/100|[from] Sandstorm
|-heal|p1a: Jirachi|76/100|[from] item: Leftovers
|-heal|p2a: Blissey|100/100|[from] item: Leftovers
|upkeep
|turn|7
|
|t:|1728412990
|switch|p1a: Blissey|Blissey, F|76/100
|-damage|p1a: Blissey|64/100|[from] Spikes
|move|p2a: Blissey|Wish|p2a: Blissey
|
|-heal|p1a: Blissey|100/100|[from] move: Wish|[wisher] Jirachi
|-weather|Sandstorm|[upkeep]
|-damage|p1a: Blissey|94/100|[from] Sandstorm
|-damage|p2a: Blissey|94/100|[from] Sandstorm
|-heal|p1a: Blissey|100/100|[from] item: Leftovers
|-heal|p2a: Blissey|100/100|[from] item: Leftovers
|upkeep
|turn|8
|
|t:|1728412998
|switch|p2a: Skarmory|Skarmory, F|39/100
|move|p1a: Blissey|Thunderbolt|p2a: Skarmory
|-supereffective|p2a: Skarmory
|-damage|p2a: Skarmory|0 fnt
|faint|p2a: Skarmory
|
|t:|1728413002
|switch|p2a: Gengar|Gengar, M|55/100
|
|-heal|p2a: Gengar|100/100|[from] move: Wish|[wisher] Blissey
|-weather|Sandstorm|[upkeep]
|-damage|p2a: Gengar|94/100|[from] Sandstorm
|-damage|p1a: Blissey|94/100|[from] Sandstorm
|-heal|p2a: Gengar|100/100|[from] item: Leftovers
|-heal|p1a: Blissey|100/100|[from] item: Leftovers
|upkeep
|turn|9
|
|t:|1728413008
|switch|p2a: Tyranitar|Tyranitar, F|100/100
|move|p1a: Blissey|Ice Beam|p2a: Tyranitar
|-damage|p2a: Tyranitar|78/100
|
|-weather|Sandstorm|[upkeep]
|-damage|p1a: Blissey|94/100|[from] Sandstorm
|-heal|p2a: Tyranitar|84/100|[from] item: Leftovers
|-heal|p1a: Blissey|100/100|[from] item: Leftovers
|upkeep
|turn|10
|
|t:|1728413011
|switch|p1a: Flygon|Flygon, M|100/100
|move|p2a: Tyranitar|Substitute|p2a: Tyranitar
|-start|p2a: Tyranitar|Substitute
|-damage|p2a: Tyranitar|59/100
|
|-weather|Sandstorm|[upkeep]
|-heal|p2a: Tyranitar|65/100|[from] item: Leftovers
|upkeep
|turn|11
|
|t:|1728413015
|-singleturn|p2a: Tyranitar|move: Focus Punch
|move|p1a: Flygon|Protect|p1a: Flygon
|-singleturn|p1a: Flygon|Protect
|move|p2a: Tyranitar|Focus Punch|p1a: Flygon
|-activate|p1a: Flygon|Protect
|
|-weather|Sandstorm|[upkeep]
|-heal|p2a: Tyranitar|71/100|[from] item: Leftovers
|upkeep
|turn|12
|
|t:|1728413018
|-singleturn|p2a: Tyranitar|move: Focus Punch
|move|p1a: Flygon|Earthquake|p2a: Tyranitar
|-supereffective|p2a: Tyranitar
|-end|p2a: Tyranitar|Substitute
|move|p2a: Tyranitar|Focus Punch|p1a: Flygon
|-damage|p1a: Flygon|53/100
|
|-weather|Sandstorm|[upkeep]
|-heal|p1a: Flygon|59/100|[from] item: Leftovers
|-heal|p2a: Tyranitar|77/100|[from] item: Leftovers
|upkeep
|turn|13
|
|t:|1728413025
|switch|p2a: Gengar|Gengar, M|100/100
|move|p1a: Flygon|Toxic|p2a: Gengar
|-immune|p2a: Gengar
|
|-weather|Sandstorm|[upkeep]
|-damage|p2a: Gengar|94/100|[from] Sandstorm
|-heal|p2a: Gengar|100/100|[from] item: Leftovers
|-heal|p1a: Flygon|65/100|[from] item: Leftovers
|upkeep
|turn|14
|
|t:|1728413028
|move|p1a: Flygon|Protect|p1a: Flygon
|-singleturn|p1a: Flygon|Protect
|move|p2a: Gengar|Ice Punch|p1a: Flygon
|-activate|p1a: Flygon|Protect
|
|-weather|Sandstorm|[upkeep]
|-damage|p2a: Gengar|94/100|[from] Sandstorm
|-heal|p2a: Gengar|100/100|[from] item: Leftovers
|-heal|p1a: Flygon|71/100|[from] item: Leftovers
|upkeep
|turn|15
|
|t:|1728413034
|move|p2a: Gengar|Taunt|p1a: Flygon
|-start|p1a: Flygon|move: Taunt
|move|p1a: Flygon|Earthquake|p2a: Gengar
|-immune|p2a: Gengar
|
|-weather|Sandstorm|[upkeep]
|-damage|p2a: Gengar|94/100|[from] Sandstorm
|-heal|p2a: Gengar|100/100|[from] item: Leftovers
|-heal|p1a: Flygon|77/100|[from] item: Leftovers
|upkeep
|turn|16
|
|t:|1728413040
|switch|p1a: Blissey|Blissey, F|100/100
|-damage|p1a: Blissey|88/100|[from] Spikes
|move|p2a: Gengar|Ice Punch|p1a: Blissey
|-damage|p1a: Blissey|79/100
|
|-weather|Sandstorm|[upkeep]
|-damage|p2a: Gengar|94/100|[from] Sandstorm
|-damage|p1a: Blissey|73/100|[from] Sandstorm
|-heal|p2a: Gengar|100/100|[from] item: Leftovers
|-heal|p1a: Blissey|79/100|[from] item: Leftovers
|upkeep
|turn|17
|
|t:|1728413047
|switch|p2a: Tyranitar|Tyranitar, F|77/100
|move|p1a: Blissey|Ice Beam|p2a: Tyranitar
|-damage|p2a: Tyranitar|57/100
|
|-weather|Sandstorm|[upkeep]
|-damage|p1a: Blissey|73/100|[from] Sandstorm
|-heal|p2a: Tyranitar|64/100|[from] item: Leftovers
|-heal|p1a: Blissey|79/100|[from] item: Leftovers
|upkeep
|turn|18
|
|t:|1728413054
|switch|p1a: Skarmory|Skarmory, F|100/100
|move|p2a: Tyranitar|Substitute|p2a: Tyranitar
|-start|p2a: Tyranitar|Substitute
|-damage|p2a: Tyranitar|39/100
|
|-weather|Sandstorm|[upkeep]
|-heal|p2a: Tyranitar|45/100|[from] item: Leftovers
|upkeep
|turn|19
|
|t:|1728413057
|move|p2a: Tyranitar|Taunt|p1a: Skarmory
|-start|p1a: Skarmory|move: Taunt
|cant|p1a: Skarmory|move: Taunt|Roar
|
|-weather|Sandstorm|[upkeep]
|-heal|p2a: Tyranitar|51/100|[from] item: Leftovers
|upkeep
|turn|20
|
|t:|1728413075
|-singleturn|p2a: Tyranitar|move: Focus Punch
|switch|p1a: Blastoise|Blastoise, M|100/100
|-damage|p1a: Blastoise|88/100|[from] Spikes
|move|p2a: Tyranitar|Focus Punch|p1a: Blastoise
|-damage|p1a: Blastoise|38/100
|
|-weather|Sandstorm|[upkeep]
|-damage|p1a: Blastoise|32/100|[from] Sandstorm
|-heal|p1a: Blastoise|38/100|[from] item: Leftovers
|-heal|p2a: Tyranitar|57/100|[from] item: Leftovers
|upkeep
|turn|21
|
|t:|1728413079
|-singleturn|p2a: Tyranitar|move: Focus Punch
|move|p1a: Blastoise|Rapid Spin|p2a: Tyranitar
|-resisted|p2a: Tyranitar
|-activate|p2a: Tyranitar|Substitute|[damage]
|-sideend|p1: bluesenergy00|Spikes|[from] move: Rapid Spin|[of] p1a: Blastoise
|move|p2a: Tyranitar|Focus Punch|p1a: Blastoise
|-damage|p1a: Blastoise|0 fnt
|faint|p1a: Blastoise
|
|t:|1728413083
|switch|p1a: Jirachi|Jirachi|76/100
|
|-weather|Sandstorm|[upkeep]
|-heal|p1a: Jirachi|82/100|[from] item: Leftovers
|-heal|p2a: Tyranitar|63/100|[from] item: Leftovers
|upkeep
|turn|22
|
|t:|1728413086
|-singleturn|p2a: Tyranitar|move: Focus Punch
|move|p1a: Jirachi|Protect|p1a: Jirachi
|-singleturn|p1a: Jirachi|Protect
|move|p2a: Tyranitar|Focus Punch|p1a: Jirachi
|-activate|p1a: Jirachi|Protect
|
|-weather|Sandstorm|[upkeep]
|-heal|p1a: Jirachi|88/100|[from] item: Leftovers
|-heal|p2a: Tyranitar|70/100|[from] item: Leftovers
|upkeep
|turn|23
|
|t:|1728413089
|-singleturn|p2a: Tyranitar|move: Focus Punch
|move|p1a: Jirachi|Wish|p1a: Jirachi
|move|p2a: Tyranitar|Focus Punch|p1a: Jirachi
|-damage|p1a: Jirachi|52/100
|
|-weather|Sandstorm|[upkeep]
|-heal|p1a: Jirachi|58/100|[from] item: Leftovers
|-heal|p2a: Tyranitar|76/100|[from] item: Leftovers
|upkeep
|turn|24
|
|t:|1728413096
|-singleturn|p2a: Tyranitar|move: Focus Punch
|move|p1a: Jirachi|Protect|p1a: Jirachi
|-singleturn|p1a: Jirachi|Protect
|move|p2a: Tyranitar|Focus Punch|p1a: Jirachi
|-activate|p1a: Jirachi|Protect
|
|-heal|p1a: Jirachi|100/100|[from] move: Wish|[wisher] Jirachi
|-weather|Sandstorm|[upkeep]
|-heal|p2a: Tyranitar|82/100|[from] item: Leftovers
|upkeep
|turn|25
|
|t:|1728413101
|move|p1a: Jirachi|Wish|p1a: Jirachi
|move|p2a: Tyranitar|Taunt|p1a: Jirachi
|-start|p1a: Jirachi|move: Taunt
|
|-weather|Sandstorm|[upkeep]
|-heal|p2a: Tyranitar|88/100|[from] item: Leftovers
|upkeep
|turn|26
|
|t:|1728413106
|-singleturn|p2a: Tyranitar|move: Focus Punch
|switch|p1a: Flygon|Flygon, M|77/100
|move|p2a: Tyranitar|Focus Punch|p1a: Flygon
|-damage|p1a: Flygon|32/100
|
|-heal|p1a: Flygon|82/100|[from] move: Wish|[wisher] Jirachi
|-weather|Sandstorm|[upkeep]
|-heal|p1a: Flygon|88/100|[from] item: Leftovers
|-heal|p2a: Tyranitar|94/100|[from] item: Leftovers
|upkeep
|turn|27
|
|t:|1728413110
|-singleturn|p2a: Tyranitar|move: Focus Punch
|move|p1a: Flygon|Protect|p1a: Flygon
|-singleturn|p1a: Flygon|Protect
|move|p2a: Tyranitar|Focus Punch|p1a: Flygon
|-activate|p1a: Flygon|Protect
|
|-weather|Sandstorm|[upkeep]
|-heal|p1a: Flygon|94/100|[from] item: Leftovers
|-heal|p2a: Tyranitar|100/100|[from] item: Leftovers
|upkeep
|turn|28
|
|t:|1728413113
|-singleturn|p2a: Tyranitar|move: Focus Punch
|move|p1a: Flygon|Earthquake|p2a: Tyranitar
|-supereffective|p2a: Tyranitar
|-end|p2a: Tyranitar|Substitute
|move|p2a: Tyranitar|Focus Punch|p1a: Flygon
|-damage|p1a: Flygon|48/100
|
|-weather|Sandstorm|[upkeep]
|-heal|p1a: Flygon|54/100|[from] item: Leftovers
|upkeep
|turn|29
|
|t:|1728413120
|switch|p2a: Gengar|Gengar, M|100/100
|move|p1a: Flygon|Fire Blast|p2a: Gengar
|-damage|p2a: Gengar|75/100
|
|-weather|Sandstorm|[upkeep]
|-damage|p2a: Gengar|69/100|[from] Sandstorm
|-heal|p2a: Gengar|75/100|[from] item: Leftovers
|-heal|p1a: Flygon|60/100|[from] item: Leftovers
|upkeep
|turn|30
|
|t:|1728413126
|move|p1a: Flygon|Protect|p1a: Flygon
|-singleturn|p1a: Flygon|Protect
|move|p2a: Gengar|Ice Punch|p1a: Flygon
|-activate|p1a: Flygon|Protect
|
|-weather|Sandstorm|[upkeep]
|-damage|p2a: Gengar|69/100|[from] Sandstorm
|-heal|p2a: Gengar|75/100|[from] item: Leftovers
|-heal|p1a: Flygon|66/100|[from] item: Leftovers
|upkeep
|turn|31
|
|t:|1728413132
|switch|p1a: Blissey|Blissey, F|79/100
|move|p2a: Gengar|Ice Punch|p1a: Blissey
|-damage|p1a: Blissey|71/100
|-status|p1a: Blissey|frz
|
|-weather|Sandstorm|[upkeep]
|-damage|p2a: Gengar|69/100|[from] Sandstorm
|-damage|p1a: Blissey|65/100 frz|[from] Sandstorm
|-heal|p2a: Gengar|75/100|[from] item: Leftovers
|-heal|p1a: Blissey|71/100 frz|[from] item: Leftovers
|upkeep
|turn|32
|
|t:|1728413140
|switch|p2a: Tyranitar|Tyranitar, F|100/100
|-curestatus|p1a: Blissey|frz|[from] ability: Natural Cure
|switch|p1a: Jirachi|Jirachi|100/100
|
|-weather|Sandstorm|[upkeep]
|upkeep
|turn|33
|
|t:|1728413142
|move|p1a: Jirachi|Toxic|p2a: Tyranitar
|-status|p2a: Tyranitar|tox
|move|p2a: Tyranitar|Substitute|p2a: Tyranitar
|-start|p2a: Tyranitar|Substitute
|-damage|p2a: Tyranitar|75/100 tox
|
|-weather|Sandstorm|[upkeep]
|-heal|p2a: Tyranitar|82/100 tox|[from] item: Leftovers
|-damage|p2a: Tyranitar|75/100 tox|[from] psn
|upkeep
|turn|34
|
|t:|1728413148
|-singleturn|p2a: Tyranitar|move: Focus Punch
|move|p1a: Jirachi|Wish|p1a: Jirachi
|move|p2a: Tyranitar|Focus Punch|p1a: Jirachi
|-damage|p1a: Jirachi|67/100
|
|-weather|Sandstorm|[upkeep]
|-heal|p1a: Jirachi|73/100|[from] item: Leftovers
|-heal|p2a: Tyranitar|82/100 tox|[from] item: Leftovers
|-damage|p2a: Tyranitar|69/100 tox|[from] psn
|upkeep
|turn|35
|
|t:|1728413152
|switch|p1a: Skarmory|Skarmory, F|100/100
|switch|p2a: Moltres|Moltres|100/100
|
|-weather|Sandstorm|[upkeep]
|-damage|p2a: Moltres|94/100|[from] Sandstorm
|-heal|p2a: Moltres|100/100|[from] item: Leftovers
|upkeep
|turn|36
|
|t:|1728413157
|switch|p1a: Blissey|Blissey, F|71/100
|move|p2a: Moltres|Will-O-Wisp|p1a: Blissey
|-status|p1a: Blissey|brn
|
|-weather|Sandstorm|[upkeep]
|-damage|p2a: Moltres|94/100|[from] Sandstorm
|-damage|p1a: Blissey|65/100 brn|[from] Sandstorm
|-heal|p2a: Moltres|100/100|[from] item: Leftovers
|-heal|p1a: Blissey|71/100 brn|[from] item: Leftovers
|-damage|p1a: Blissey|58/100 brn|[from] brn
|upkeep
|turn|37
|
|t:|1728413163
|switch|p2a: Tyranitar|Tyranitar, F|69/100 tox
|move|p1a: Blissey|Soft-Boiled|p1a: Blissey
|-heal|p1a: Blissey|100/100 brn
|
|-weather|Sandstorm|[upkeep]
|-damage|p1a: Blissey|94/100 brn|[from] Sandstorm
|-heal|p2a: Tyranitar|75/100 tox|[from] item: Leftovers
|-damage|p2a: Tyranitar|69/100 tox|[from] psn
|-heal|p1a: Blissey|100/100 brn|[from] item: Leftovers
|-damage|p1a: Blissey|88/100 brn|[from] brn
|upkeep
|turn|38
|
|t:|1728413166
|-singleturn|p2a: Tyranitar|move: Focus Punch
|move|p1a: Blissey|Ice Beam|p2a: Tyranitar
|-damage|p2a: Tyranitar|47/100 tox
|move|p2a: Tyranitar|Focus Punch||[still]
|cant|p2a: Tyranitar|Focus Punch|Focus Punch
|
|-weather|Sandstorm|[upkeep]
|-damage|p1a: Blissey|82/100 brn|[from] Sandstorm
|-heal|p2a: Tyranitar|53/100 tox|[from] item: Leftovers
|-damage|p2a: Tyranitar|41/100 tox|[from] psn
|-heal|p1a: Blissey|88/100 brn|[from] item: Leftovers
|-damage|p1a: Blissey|76/100 brn|[from] brn
|upkeep
|turn|39
|
|t:|1728413172
|-curestatus|p1a: Blissey|brn|[from] ability: Natural Cure
|switch|p1a: Skarmory|Skarmory, F|100/100
|move|p2a: Tyranitar|Rock Slide|p1a: Skarmory
|-damage|p1a: Skarmory|69/100
|
|-weather|Sandstorm|[upkeep]
|-heal|p1a: Skarmory|75/100|[from] item: Leftovers
|-heal|p2a: Tyranitar|47/100 tox|[from] item: Leftovers
|-damage|p2a: Tyranitar|28/100 tox|[from] psn
|upkeep
|turn|40
|
|t:|1728413181
|move|p1a: Skarmory|Spikes|p2a: Tyranitar
|-sidestart|p2: Koentjelub|Spikes
|move|p2a: Tyranitar|Taunt|p1a: Skarmory
|-start|p1a: Skarmory|move: Taunt
|
|-weather|Sandstorm|[upkeep]
|-heal|p1a: Skarmory|81/100|[from] item: Leftovers
|-heal|p2a: Tyranitar|34/100 tox|[from] item: Leftovers
|-damage|p2a: Tyranitar|10/100 tox|[from] psn
|upkeep
|turn|41
|
|t:|1728413189
|switch|p2a: Moltres|Moltres|100/100
|move|p1a: Skarmory|Drill Peck|p2a: Moltres
|-damage|p2a: Moltres|76/100
|
|-weather|Sandstorm|[upkeep]
|-damage|p2a: Moltres|70/100|[from] Sandstorm
|-heal|p2a: Moltres|76/100|[from] item: Leftovers
|-heal|p1a: Skarmory|87/100|[from] item: Leftovers
|-end|p1a: Skarmory|move: Taunt|[silent]
|upkeep
|turn|42
|
|t:|1728413192
|switch|p1a: Blissey|Blissey, F|76/100
|move|p2a: Moltres|Flamethrower|p1a: Blissey
|-damage|p1a: Blissey|54/100
|-status|p1a: Blissey|brn
|
|-weather|Sandstorm|[upkeep]
|-damage|p2a: Moltres|70/100|[from] Sandstorm
|-damage|p1a: Blissey|48/100 brn|[from] Sandstorm
|-heal|p2a: Moltres|76/100|[from] item: Leftovers
|-heal|p1a: Blissey|54/100 brn|[from] item: Leftovers
|-damage|p1a: Blissey|42/100 brn|[from] brn
|upkeep
|turn|43
|
|t:|1728413199
|move|p2a: Moltres|Flamethrower|p1a: Blissey
|-damage|p1a: Blissey|21/100 brn
|move|p1a: Blissey|Soft-Boiled|p1a: Blissey
|-heal|p1a: Blissey|71/100 brn
|
|-weather|Sandstorm|[upkeep]
|-damage|p2a: Moltres|70/100|[from] Sandstorm
|-damage|p1a: Blissey|65/100 brn|[from] Sandstorm
|-heal|p2a: Moltres|76/100|[from] item: Leftovers
|-heal|p1a: Blissey|71/100 brn|[from] item: Leftovers
|-damage|p1a: Blissey|59/100 brn|[from] brn
|upkeep
|turn|44
|
|t:|1728413202
|move|p2a: Moltres|Flamethrower|p1a: Blissey
|-damage|p1a: Blissey|36/100 brn
|move|p1a: Blissey|Soft-Boiled|p1a: Blissey
|-heal|p1a: Blissey|86/100 brn
|
|-weather|Sandstorm|[upkeep]
|-damage|p2a: Moltres|70/100|[from] Sandstorm
|-damage|p1a: Blissey|80/100 brn|[from] Sandstorm
|-heal|p2a: Moltres|76/100|[from] item: Leftovers
|-heal|p1a: Blissey|86/100 brn|[from] item: Leftovers
|-damage|p1a: Blissey|74/100 brn|[from] brn
|upkeep
|turn|45
|
|t:|1728413205
|switch|p2a: Blissey|Blissey, F|100/100
|-damage|p2a: Blissey|88/100|[from] Spikes
|move|p1a: Blissey|Soft-Boiled|p1a: Blissey
|-heal|p1a: Blissey|100/100 brn
|
|-weather|Sandstorm|[upkeep]
|-damage|p1a: Blissey|94/100 brn|[from] Sandstorm
|-damage|p2a: Blissey|82/100|[from] Sandstorm
|-heal|p1a: Blissey|100/100 brn|[from] item: Leftovers
|-damage|p1a: Blissey|88/100 brn|[from] brn
|-heal|p2a: Blissey|88/100|[from] item: Leftovers
|upkeep
|turn|46
|
|t:|1728413226
|-curestatus|p1a: Blissey|brn|[from] ability: Natural Cure
|switch|p1a: Popo|Slaking, M|94/100
|move|p2a: Blissey|Toxic|p1a: Popo
|-status|p1a: Popo|tox
|
|-weather|Sandstorm|[upkeep]
|-damage|p1a: Popo|88/100 tox|[from] Sandstorm
|-damage|p2a: Blissey|82/100|[from] Sandstorm
|-damage|p1a: Popo|82/100 tox|[from] psn
|-heal|p2a: Blissey|88/100|[from] item: Leftovers
|upkeep
|turn|47
|
|t:|1728413231
|switch|p2a: Tyranitar|Tyranitar, F|10/100 tox
|-damage|p2a: Tyranitar|0 fnt|[from] Spikes
|faint|p2a: Tyranitar
|
|t:|1728413235
|switch|p2a: Swampert|Swampert, F|100/100
|-damage|p2a: Swampert|88/100|[from] Spikes
|
|-weather|Sandstorm|[upkeep]
|-damage|p1a: Popo|76/100 tox|[from] Sandstorm
|-damage|p1a: Popo|64/100 tox|[from] psn
|-heal|p2a: Swampert|94/100|[from] item: Leftovers
|upkeep
|turn|48
|
|t:|1728413238
|switch|p1a: Skarmory|Skarmory, F|87/100
|move|p2a: Swampert|Protect||[still]
|-fail|p2a: Swampert
|
|-weather|Sandstorm|[upkeep]
|-heal|p1a: Skarmory|93/100|[from] item: Leftovers
|-heal|p2a: Swampert|100/100|[from] item: Leftovers
|upkeep
|turn|49
|
|t:|1728413245
|move|p1a: Skarmory|Spikes|p2a: Swampert
|-sidestart|p2: Koentjelub|Spikes
|move|p2a: Swampert|Hydro Pump|p1a: Skarmory
|-damage|p1a: Skarmory|58/100
|
|-weather|Sandstorm|[upkeep]
|-heal|p1a: Skarmory|64/100|[from] item: Leftovers
|upkeep
|turn|50
|
|t:|1728413255
|switch|p2a: Gengar|Gengar, M|75/100
|move|p1a: Skarmory|Spikes|p2a: Gengar
|-sidestart|p2: Koentjelub|Spikes
|
|-weather|Sandstorm|[upkeep]
|-damage|p2a: Gengar|69/100|[from] Sandstorm
|-heal|p2a: Gengar|75/100|[from] item: Leftovers
|-heal|p1a: Skarmory|70/100|[from] item: Leftovers
|upkeep
|turn|51
|
|t:|1728413258
|switch|p1a: Blissey|Blissey, F|88/100
|move|p2a: Gengar|Thunderbolt|p1a: Blissey
|-damage|p1a: Blissey|77/100
|
|-weather|Sandstorm|[upkeep]
|-damage|p2a: Gengar|69/100|[from] Sandstorm
|-damage|p1a: Blissey|71/100|[from] Sandstorm
|-heal|p2a: Gengar|75/100|[from] item: Leftovers
|-heal|p1a: Blissey|77/100|[from] item: Leftovers
|upkeep
|turn|52
|
|t:|1728413267
|switch|p2a: Swampert|Swampert, F|100/100
|-damage|p2a: Swampert|76/100|[from] Spikes
|switch|p1a: Jirachi|Jirachi|73/100
|
|-weather|Sandstorm|[upkeep]
|-heal|p1a: Jirachi|79/100|[from] item: Leftovers
|-heal|p2a: Swampert|82/100|[from] item: Leftovers
|upkeep
|turn|53
|
|t:|1728413271
|move|p1a: Jirachi|Toxic|p2a: Swampert
|-status|p2a: Swampert|tox
|move|p2a: Swampert|Earthquake|p1a: Jirachi
|-supereffective|p1a: Jirachi
|-damage|p1a: Jirachi|30/100
|
|-weather|Sandstorm|[upkeep]
|-heal|p1a: Jirachi|36/100|[from] item: Leftovers
|-heal|p2a: Swampert|88/100 tox|[from] item: Leftovers
|-damage|p2a: Swampert|82/100 tox|[from] psn
|upkeep
|turn|54
|
|t:|1728413278
|move|p1a: Jirachi|Protect|p1a: Jirachi
|-singleturn|p1a: Jirachi|Protect
|move|p2a: Swampert|Earthquake|p1a: Jirachi
|-activate|p1a: Jirachi|Protect
|
|-weather|Sandstorm|[upkeep]
|-heal|p1a: Jirachi|42/100|[from] item: Leftovers
|-heal|p2a: Swampert|88/100 tox|[from] item: Leftovers
|-damage|p2a: Swampert|76/100 tox|[from] psn
|upkeep
|turn|55
|
|t:|1728413284
|switch|p1a: Skarmory|Skarmory, F|70/100
|switch|p2a: Moltres|Moltres|76/100
|
|-weather|Sandstorm|[upkeep]
|-damage|p2a: Moltres|70/100|[from] Sandstorm
|-heal|p2a: Moltres|76/100|[from] item: Leftovers
|-heal|p1a: Skarmory|76/100|[from] item: Leftovers
|upkeep
|turn|56
|
|t:|1728413288
|switch|p1a: Blissey|Blissey, F|77/100
|move|p2a: Moltres|Will-O-Wisp|p1a: Blissey
|-status|p1a: Blissey|brn
|
|-weather|Sandstorm|[upkeep]
|-damage|p2a: Moltres|70/100|[from] Sandstorm
|-damage|p1a: Blissey|71/100 brn|[from] Sandstorm
|-heal|p2a: Moltres|76/100|[from] item: Leftovers
|-heal|p1a: Blissey|77/100 brn|[from] item: Leftovers
|-damage|p1a: Blissey|65/100 brn|[from] brn
|upkeep
|turn|57
|
|t:|1728413294
|move|p2a: Moltres|Flamethrower|p1a: Blissey
|-damage|p1a: Blissey|43/100 brn
|move|p1a: Blissey|Soft-Boiled|p1a: Blissey
|-heal|p1a: Blissey|93/100 brn
|
|-weather|Sandstorm|[upkeep]
|-damage|p2a: Moltres|70/100|[from] Sandstorm
|-damage|p1a: Blissey|87/100 brn|[from] Sandstorm
|-heal|p2a: Moltres|76/100|[from] item: Leftovers
|-heal|p1a: Blissey|93/100 brn|[from] item: Leftovers
|-damage|p1a: Blissey|81/100 brn|[from] brn
|upkeep
|turn|58
|
|t:|1728413300
|move|p2a: Moltres|Flamethrower|p1a: Blissey
|-damage|p1a: Blissey|59/100 brn
|move|p1a: Blissey|Thunderbolt|p2a: Moltres
|-supereffective|p2a: Moltres
|-damage|p2a: Moltres|20/100
|
|-weather|Sandstorm|[upkeep]
|-damage|p2a: Moltres|14/100|[from] Sandstorm
|-damage|p1a: Blissey|53/100 brn|[from] Sandstorm
|-heal|p2a: Moltres|20/100|[from] item: Leftovers
|-heal|p1a: Blissey|59/100 brn|[from] item: Leftovers
|-damage|p1a: Blissey|47/100 brn|[from] brn
|upkeep
|turn|59
|
|t:|1728413308
|move|p2a: Moltres|Flamethrower|p1a: Blissey
|-damage|p1a: Blissey|27/100 brn
|move|p1a: Blissey|Soft-Boiled|p1a: Blissey
|-heal|p1a: Blissey|77/100 brn
|
|-weather|Sandstorm|[upkeep]
|-damage|p2a: Moltres|14/100|[from] Sandstorm
|-damage|p1a: Blissey|70/100 brn|[from] Sandstorm
|-heal|p2a: Moltres|20/100|[from] item: Leftovers
|-heal|p1a: Blissey|77/100 brn|[from] item: Leftovers
|-damage|p1a: Blissey|64/100 brn|[from] brn
|upkeep
|turn|60
|
|t:|1728413312
|move|p2a: Moltres|Flamethrower|p1a: Blissey
|-crit|p1a: Blissey
|-damage|p1a: Blissey|22/100 brn
|move|p1a: Blissey|Soft-Boiled|p1a: Blissey
|-heal|p1a: Blissey|72/100 brn
|
|-weather|Sandstorm|[upkeep]
|-damage|p2a: Moltres|14/100|[from] Sandstorm
|-damage|p1a: Blissey|66/100 brn|[from] Sandstorm
|-heal|p2a: Moltres|20/100|[from] item: Leftovers
|-heal|p1a: Blissey|72/100 brn|[from] item: Leftovers
|-damage|p1a: Blissey|59/100 brn|[from] brn
|upkeep
|turn|61
|
|t:|1728413316
|move|p2a: Moltres|Flamethrower|p1a: Blissey
|-damage|p1a: Blissey|37/100 brn
|move|p1a: Blissey|Soft-Boiled|p1a: Blissey
|-heal|p1a: Blissey|87/100 brn
|
|-weather|Sandstorm|[upkeep]
|-damage|p2a: Moltres|14/100|[from] Sandstorm
|-damage|p1a: Blissey|81/100 brn|[from] Sandstorm
|-heal|p2a: Moltres|20/100|[from] item: Leftovers
|-heal|p1a: Blissey|87/100 brn|[from] item: Leftovers
|-damage|p1a: Blissey|75/100 brn|[from] brn
|upkeep
|turn|62
|
|t:|1728413321
|switch|p2a: Blissey|Blissey, F|88/100
|-damage|p2a: Blissey|63/100|[from] Spikes
|move|p1a: Blissey|Thunderbolt|p2a: Blissey
|-damage|p2a: Blissey|54/100
|-status|p2a: Blissey|par
|
|-weather|Sandstorm|[upkeep]
|-damage|p1a: Blissey|69/100 brn|[from] Sandstorm
|-damage|p2a: Blissey|48/100 par|[from] Sandstorm
|-heal|p1a: Blissey|75/100 brn|[from] item: Leftovers
|-damage|p1a: Blissey|62/100 brn|[from] brn
|-heal|p2a: Blissey|54/100 par|[from] item: Leftovers
|upkeep
|turn|63
|
|t:|1728413326
|-curestatus|p1a: Blissey|brn|[from] ability: Natural Cure
|switch|p1a: Jirachi|Jirachi|42/100
|move|p2a: Blissey|Wish|p2a: Blissey
|
|-weather|Sandstorm|[upkeep]
|-damage|p2a: Blissey|48/100 par|[from] Sandstorm
|-heal|p1a: Jirachi|49/100|[from] item: Leftovers
|-heal|p2a: Blissey|54/100 par|[from] item: Leftovers
|upkeep
|turn|64
|
|t:|1728413339
|move|p1a: Jirachi|Wish|p1a: Jirachi
|move|p2a: Blissey|Seismic Toss|p1a: Jirachi
|-damage|p1a: Jirachi|24/100
|
|-heal|p2a: Blissey|100/100 par|[from] move: Wish|[wisher] Blissey
|-weather|Sandstorm|[upkeep]
|-damage|p2a: Blissey|94/100 par|[from] Sandstorm
|-heal|p1a: Jirachi|30/100|[from] item: Leftovers
|-heal|p2a: Blissey|100/100 par|[from] item: Leftovers
|upkeep
|turn|65
|
|t:|1728413348
|-curestatus|p2a: Blissey|par|[from] ability: Natural Cure
|switch|p2a: Moltres|Moltres|20/100
|move|p1a: Jirachi|Protect||[still]
|-fail|p1a: Jirachi
|
|-heal|p1a: Jirachi|80/100|[from] move: Wish|[wisher] Jirachi
|-weather|Sandstorm|[upkeep]
|-damage|p2a: Moltres|14/100|[from] Sandstorm
|-heal|p2a: Moltres|20/100|[from] item: Leftovers
|-heal|p1a: Jirachi|86/100|[from] item: Leftovers
|upkeep
|turn|66
|
|t:|1728413356
|move|p1a: Jirachi|Protect|p1a: Jirachi
|-singleturn|p1a: Jirachi|Protect
|move|p2a: Moltres|Flamethrower|p1a: Jirachi
|-activate|p1a: Jirachi|Protect
|
|-weather|Sandstorm|[upkeep]
|-damage|p2a: Moltres|14/100|[from] Sandstorm
|-heal|p2a: Moltres|20/100|[from] item: Leftovers
|-heal|p1a: Jirachi|92/100|[from] item: Leftovers
|upkeep
|turn|67
|
|t:|1728413360
|switch|p1a: Flygon|Flygon, M|66/100
|move|p2a: Moltres|Flamethrower|p1a: Flygon
|-resisted|p1a: Flygon
|-damage|p1a: Flygon|37/100
|
|-weather|Sandstorm|[upkeep]
|-damage|p2a: Moltres|14/100|[from] Sandstorm
|-heal|p2a: Moltres|20/100|[from] item: Leftovers
|-heal|p1a: Flygon|43/100|[from] item: Leftovers
|upkeep
|turn|68
|
|t:|1728413372
|switch|p2a: Gengar|Gengar, M|75/100
|move|p1a: Flygon|Toxic|p2a: Gengar
|-immune|p2a: Gengar
|
|-weather|Sandstorm|[upkeep]
|-damage|p2a: Gengar|69/100|[from] Sandstorm
|-heal|p2a: Gengar|75/100|[from] item: Leftovers
|-heal|p1a: Flygon|50/100|[from] item: Leftovers
|upkeep
|turn|69
|
|t:|1728413378
|move|p1a: Flygon|Protect|p1a: Flygon
|-singleturn|p1a: Flygon|Protect
|move|p2a: Gengar|Thunderbolt|p1a: Flygon
|-activate|p1a: Flygon|Protect
|
|-weather|Sandstorm|[upkeep]
|-damage|p2a: Gengar|69/100|[from] Sandstorm
|-heal|p2a: Gengar|75/100|[from] item: Leftovers
|-heal|p1a: Flygon|56/100|[from] item: Leftovers
|upkeep
|turn|70
|
|t:|1728413384
|switch|p1a: Blissey|Blissey, F|62/100
|move|p2a: Gengar|Ice Punch|p1a: Blissey
|-damage|p1a: Blissey|54/100
|
|-weather|Sandstorm|[upkeep]
|-damage|p2a: Gengar|69/100|[from] Sandstorm
|-damage|p1a: Blissey|48/100|[from] Sandstorm
|-heal|p2a: Gengar|75/100|[from] item: Leftovers
|-heal|p1a: Blissey|54/100|[from] item: Leftovers
|upkeep
|turn|71
|
|t:|1728413389
|switch|p1a: Jirachi|Jirachi|92/100
|move|p2a: Gengar|Thunderbolt|p1a: Jirachi
|-damage|p1a: Jirachi|70/100
|
|-weather|Sandstorm|[upkeep]
|-damage|p2a: Gengar|69/100|[from] Sandstorm
|-heal|p2a: Gengar|75/100|[from] item: Leftovers
|-heal|p1a: Jirachi|76/100|[from] item: Leftovers
|upkeep
|turn|72
|
|t:|1728413395
|move|p2a: Gengar|Thunderbolt|p1a: Jirachi
|-damage|p1a: Jirachi|53/100
|move|p1a: Jirachi|Fire Punch|p2a: Gengar
|-damage|p2a: Gengar|54/100
|
|-weather|Sandstorm|[upkeep]
|-damage|p2a: Gengar|48/100|[from] Sandstorm
|-heal|p2a: Gengar|54/100|[from] item: Leftovers
|-heal|p1a: Jirachi|59/100|[from] item: Leftovers
|upkeep
|turn|73
|
|t:|1728413401
|switch|p2a: Moltres|Moltres|20/100
|move|p1a: Jirachi|Fire Punch|p2a: Moltres
|-resisted|p2a: Moltres
|-damage|p2a: Moltres|11/100
|
|-weather|Sandstorm|[upkeep]
|-damage|p2a: Moltres|5/100|[from] Sandstorm
|-heal|p2a: Moltres|11/100|[from] item: Leftovers
|-heal|p1a: Jirachi|66/100|[from] item: Leftovers
|upkeep
|turn|74
|
|t:|1728413406
|move|p1a: Jirachi|Protect|p1a: Jirachi
|-singleturn|p1a: Jirachi|Protect
|move|p2a: Moltres|Flamethrower|p1a: Jirachi
|-activate|p1a: Jirachi|Protect
|
|-weather|Sandstorm|[upkeep]
|-damage|p2a: Moltres|5/100|[from] Sandstorm
|-heal|p2a: Moltres|11/100|[from] item: Leftovers
|-heal|p1a: Jirachi|72/100|[from] item: Leftovers
|upkeep
|turn|75
|
|t:|1728413413
|switch|p2a: Gengar|Gengar, M|54/100
|switch|p1a: Flygon|Flygon, M|56/100
|
|-weather|Sandstorm|[upkeep]
|-damage|p2a: Gengar|48/100|[from] Sandstorm
|-heal|p2a: Gengar|54/100|[from] item: Leftovers
|-heal|p1a: Flygon|62/100|[from] item: Leftovers
|upkeep
|turn|76
|
|t:|1728413417
|move|p1a: Flygon|Protect|p1a: Flygon
|-singleturn|p1a: Flygon|Protect
|move|p2a: Gengar|Ice Punch|p1a: Flygon
|-activate|p1a: Flygon|Protect
|
|-weather|Sandstorm|[upkeep]
|-damage|p2a: Gengar|48/100|[from] Sandstorm
|-heal|p2a: Gengar|54/100|[from] item: Leftovers
|-heal|p1a: Flygon|68/100|[from] item: Leftovers
|upkeep
|turn|77
|
|t:|1728413421
|switch|p1a: Jirachi|Jirachi|72/100
|move|p2a: Gengar|Ice Punch|p1a: Jirachi
|-resisted|p1a: Jirachi
|-damage|p1a: Jirachi|62/100
|
|-weather|Sandstorm|[upkeep]
|-damage|p2a: Gengar|48/100|[from] Sandstorm
|-heal|p2a: Gengar|54/100|[from] item: Leftovers
|-heal|p1a: Jirachi|68/100|[from] item: Leftovers
|upkeep
|turn|78
|
|t:|1728413426
|move|p2a: Gengar|Ice Punch|p1a: Jirachi
|-resisted|p1a: Jirachi
|-damage|p1a: Jirachi|60/100
|move|p1a: Jirachi|Fire Punch|p2a: Gengar
|-crit|p2a: Gengar
|-damage|p2a: Gengar|10/100
|-status|p2a: Gengar|brn
|
|-weather|Sandstorm|[upkeep]
|-damage|p2a: Gengar|4/100 brn|[from] Sandstorm
|-heal|p2a: Gengar|10/100 brn|[from] item: Leftovers
|-damage|p2a: Gengar|0 fnt|[from] brn
|faint|p2a: Gengar
|-heal|p1a: Jirachi|66/100|[from] item: Leftovers
|upkeep
|
|t:|1728413432
|switch|p2a: Swampert|Swampert, F|76/100 tox
|-damage|p2a: Swampert|51/100 tox|[from] Spikes
|turn|79
|
|t:|1728413439
|move|p1a: Jirachi|Protect|p1a: Jirachi
|-singleturn|p1a: Jirachi|Protect
|move|p2a: Swampert|Earthquake|p1a: Jirachi
|-activate|p1a: Jirachi|Protect
|
|-weather|Sandstorm|[upkeep]
|-heal|p1a: Jirachi|72/100|[from] item: Leftovers
|-heal|p2a: Swampert|57/100 tox|[from] item: Leftovers
|-damage|p2a: Swampert|51/100 tox|[from] psn
|upkeep
|turn|80
|
|t:|1728413443
|move|p1a: Jirachi|Wish|p1a: Jirachi
|move|p2a: Swampert|Ice Beam|p1a: Jirachi
|-resisted|p1a: Jirachi
|-damage|p1a: Jirachi|64/100
|
|-weather|Sandstorm|[upkeep]
|-heal|p1a: Jirachi|70/100|[from] item: Leftovers
|-heal|p2a: Swampert|57/100 tox|[from] item: Leftovers
|-damage|p2a: Swampert|45/100 tox|[from] psn
|upkeep
|turn|81
|
|t:|1728413449
|move|p1a: Jirachi|Protect|p1a: Jirachi
|-singleturn|p1a: Jirachi|Protect
|move|p2a: Swampert|Earthquake|p1a: Jirachi
|-activate|p1a: Jirachi|Protect
|
|-heal|p1a: Jirachi|100/100|[from] move: Wish|[wisher] Jirachi
|-weather|Sandstorm|[upkeep]
|-heal|p2a: Swampert|51/100 tox|[from] item: Leftovers
|-damage|p2a: Swampert|32/100 tox|[from] psn
|upkeep
|turn|82
|
|t:|1728413452
|switch|p1a: Skarmory|Skarmory, F|76/100
|move|p2a: Swampert|Earthquake|p1a: Skarmory
|-immune|p1a: Skarmory
|
|-weather|Sandstorm|[upkeep]
|-heal|p1a: Skarmory|82/100|[from] item: Leftovers
|-heal|p2a: Swampert|38/100 tox|[from] item: Leftovers
|-damage|p2a: Swampert|14/100 tox|[from] psn
|upkeep
|turn|83
|
|t:|1728413456
|switch|p2a: Moltres|Moltres|11/100
|move|p1a: Skarmory|Drill Peck|p2a: Moltres
|-crit|p2a: Moltres
|-damage|p2a: Moltres|0 fnt
|faint|p2a: Moltres
|c|☆Koentjelub|gg
|c|☆bluesenergy00|Gg
|-message|Koentjelub forfeited.
|
|win|bluesenergy00
|l|☆Koentjelub
|player|p2|

</script>
<script type="application/json" class="data" id="replaydata-gen3ou-2218734386">
{"id":"gen3ou-2218734386","format":"[Gen 3] OU","players":["bluesenergy00","Koentjelub"],"uploadtime":1728413507,"views":140,"formatid":"gen3ou","rating":null,"private":0,"password":null}
</script>

<script defer src="js/replays.js?9d40a366"></script>
