<!DOCTYPE html>
<meta charset="utf-8" />
<meta name="viewport" content="width=device-width" />

<title>[Gen 3] OU: ali.gnome vs. yeamints - Replays - Pok&eacute;mon Showdown!</title>

<meta name="description" content="Watch a replay of a Pok&eacute;mon battle between ali.gnome and yeamints! Format: [Gen 3] OU; Date: Oct 14, 2024" />
<!--

Hey, you! Looking in the source for the replay log?

You can find them in JSON format, just add `.json` at the end of a replay URL.

https://replay.pokemonshowdown.com/gen7randomdoublesbattle-865046831.json

Or, if you only need the log itself, add `.log` instead:

https://replay.pokemonshowdown.com/gen7randomdoublesbattle-865046831.log

-->

<link rel="stylesheet" href="//pokemonshowdown.com/style/global.css?0.023195364461161105" />
<link rel="stylesheet" href="//play.pokemonshowdown.com/style/font-awesome.css?0.13261647063804238" />
<link rel="stylesheet" href="//play.pokemonshowdown.com/style/battle.css?0.8753245789963631" />
<link rel="stylesheet" href="//play.pokemonshowdown.com/style/utilichart.css?0.8627959624976733" />

<!-- Global site tag (gtag.js) - Google Analytics -->
<script async src="https://www.googletagmanager.com/gtag/js?id=UA-26211653-1"></script>
<script>
  window.dataLayer = window.dataLayer || [];
  function gtag(){dataLayer.push(arguments);}
  gtag('js', new Date());

  gtag('config', 'UA-26211653-1');
</script>
<!-- End Google Analytics -->
<!-- Venatus Ad Manager - Install in <HEAD> of page -->
	<script src="https://hb.vntsm.com/v3/live/ad-manager.min.js" type="text/javascript" data-site-id="642aba63ec9a7b11c3c9c1be" data-mode="scan" async></script>
<!-- / Venatus Ad Manager -->

<style>
	@media (max-width:820px) {
		.battle {
			margin: 0 auto;
		}
		.battle-log {
			margin: 7px auto 0;
			max-width: 640px;
			height: 300px;
			position: static;
		}
	}
	.optgroup {
		display: inline-block;
		line-height: 22px;
		font-size: 10pt;
	}
	.optgroup .button {
		height: 25px;
		padding-top: 0;
		padding-bottom: 0;
	}
	.optgroup button.button {
		padding-left: 12px;
		padding-right: 12px;
	}
	.linklist {
		list-style: none;
		margin: 0.5em 0;
		padding: 0;
	}
	.linklist li {
		padding: 2px 0;
	}
	.sidebar {
		float: left;
		width: 320px;
	}
	.bar-wrapper {
		max-width: 1100px;
		margin: 0 auto;
	}
	.bar-wrapper.has-sidebar {
		max-width: 1430px;
	}
	.mainbar {
		margin: 0;
		padding-right: 1px;
	}
	.mainbar.has-sidebar {
		margin-left: 330px;
	}
	@media (min-width: 1511px) {
		.sidebar {
			width: 400px;
		}
		.bar-wrapper.has-sidebar {
			max-width: 1510px;
		}
		.mainbar.has-sidebar {
			margin-left: 410px;
		}
	}
	.section.first-section {
		margin-top: 9px;
	}
	.blocklink small {
		white-space: normal;
	}
	.button {
		vertical-align: middle;
	}
	.replay-controls {
		padding-top: 10px;
	}
	.replay-controls h1 {
		font-size: 16pt;
		font-weight: normal;
		color: #CCC;
	}
	.pagelink {
		text-align: center;
	}
	.pagelink a {
		width: 150px;
	}
	.textbox, .button {
		font-size: 11pt;
		vertical-align: middle;
	}
	@media (max-width: 450px) {
		.button {
			font-size: 9pt;
		}
	}
</style>

<div>

	<header>
		<div class="nav-wrapper"><ul class="nav">
			<li><a class="button nav-first" href="//pokemonshowdown.com/"><img src="//pokemonshowdown.com/images/pokemonshowdownbeta.png" srcset="//pokemonshowdown.com/images/pokemonshowdownbeta.png 1x, //pokemonshowdown.com/images/pokemonshowdownbeta@2x.png 2x" alt="Pok&eacute;mon Showdown" width="146" height="44" /> Home</a></li>
			<li><a class="button" href="//pokemonshowdown.com/dex/">Pok&eacute;dex</a></li>
			<li><a class="button cur" href="/">Replays</a></li>
			<li><a class="button" href="//pokemonshowdown.com/ladder/">Ladder</a></li>
			<li><a class="button nav-last" href="//pokemonshowdown.com/forums/">Forum</a></li>
			<li><a class="button greenbutton nav-first nav-last" href="//play.pokemonshowdown.com/">Play</a></li>
		</ul></div>
	</header>

	<div class="main" id="main">

		<noscript><section class="section">You need to enable JavaScript to use this page; sorry!</section></noscript>

	</div>

</div>

<script defer nomodule src="//play.pokemonshowdown.com/js/lib/ps-polyfill.js"></script>
<script defer src="//play.pokemonshowdown.com/js/lib/preact.min.js"></script>

<script defer src="//play.pokemonshowdown.com/config/config.js?2bddbc15"></script>
<script defer src="//play.pokemonshowdown.com/js/lib/jquery-1.11.0.min.js"></script>
<script defer src="//play.pokemonshowdown.com/js/lib/html-sanitizer-minified.js"></script>
<script defer src="//play.pokemonshowdown.com/js/battle-sound.js"></script>
<script defer src="//play.pokemonshowdown.com/js/battledata.js?0.7209276989879541"></script>
<script defer src="//play.pokemonshowdown.com/data/pokedex-mini.js?0.6111056340867951"></script>
<script defer src="//play.pokemonshowdown.com/data/pokedex-mini-bw.js?0.3532142036491459"></script>
<script defer src="//play.pokemonshowdown.com/data/graphics.js?0.24223875632456182"></script>
<script defer src="//play.pokemonshowdown.com/data/pokedex.js?0.38839984266356864"></script>
<script defer src="//play.pokemonshowdown.com/data/moves.js?0.21866028504024015"></script>
<script defer src="//play.pokemonshowdown.com/data/abilities.js?0.2005157953846628"></script>
<script defer src="//play.pokemonshowdown.com/data/items.js?0.9894211263848525"></script>
<script defer src="//play.pokemonshowdown.com/data/teambuilder-tables.js?0.6008791140282215"></script>
<script defer src="//play.pokemonshowdown.com/js/battle-tooltips.js?0.7580118955022959"></script>
<script defer src="//play.pokemonshowdown.com/js/battle.js?0.6057722274234274"></script>

<script defer src="js/utils.js?e31f9a17"></script>
<script defer src="js/replays-battle.js?7008c182"></script>

<!-- don't scrape this data! just add .json or .log after the URL!
Full API docs: https://github.com/smogon/pokemon-showdown-client/blob/master/WEB-API.md -->
<script type="text/plain" class="log" id="replaylog-smogtours-gen3ou-798757">
|inactive|Battle timer is ON: inactive players will automatically lose when time's up.
|t:|1728938368
|gametype|singles
|player|p1|ali.gnome|sage|
|player|p2|yeamints|pokemonbreederf-gen4|
|teamsize|p1|6
|teamsize|p2|6
|gen|3
|tier|[Gen 3] OU
|rule|Sleep Clause Mod: Limit one foe put to sleep
|rule|Switch Priority Clause Mod: Faster Pokémon switch first
|rule|Species Clause: Limit one of each Pokémon
|rule|OHKO Clause: OHKO moves are banned
|rule|Evasion Items Clause: Evasion items are banned
|rule|Evasion Moves Clause: Evasion moves are banned
|rule|Endless Battle Clause: Forcing endless battles is banned
|rule|HP Percentage Mod: HP is shown in percentages
|rule|One Boost Passer Clause: Limit one Baton Passer that has a way to boost its stats
|rule|Freeze Clause Mod: Limit one foe frozen
|
|t:|1728938368
|start
|switch|p1a: Tyranitar|Tyranitar, F|100/100
|switch|p2a: Alakazam|Alakazam, F|100/100
|-weather|Sandstorm|[from] ability: Sand Stream|[of] p1a: Tyranitar
|turn|1
|c|☆ali.gnome|WOAH
|c|☆ali.gnome|awesome
|
|t:|1728938389
|switch|p2a: Forretress|Forretress, M|100/100
|move|p1a: Tyranitar|Fire Blast|p2a: Forretress
|-supereffective|p2a: Forretress
|-damage|p2a: Forretress|0 fnt
|faint|p2a: Forretress
|c|☆yeamints|OH
|c|☆yeamints|OW
|
|t:|1728938406
|switch|p2a: Flygon|Flygon, F|100/100
|
|-weather|Sandstorm|[upkeep]
|upkeep
|turn|2
|
|t:|1728938412
|move|p2a: Flygon|Toxic|p1a: Tyranitar
|-status|p1a: Tyranitar|tox
|-enditem|p1a: Tyranitar|Lum Berry|[eat]
|-curestatus|p1a: Tyranitar|tox|[msg]
|move|p1a: Tyranitar|Ice Beam|p2a: Flygon
|-supereffective|p2a: Flygon
|-damage|p2a: Flygon|0 fnt
|faint|p2a: Flygon
|
|t:|1728938433
|switch|p2a: Suicune|Suicune|100/100
|
|-weather|Sandstorm|[upkeep]
|-damage|p2a: Suicune|94/100|[from] Sandstorm
|upkeep
|turn|3
|
|t:|1728938440
|switch|p1a: Skarmory|Skarmory, M, shiny|100/100
|move|p2a: Suicune|Calm Mind|p2a: Suicune
|-boost|p2a: Suicune|spa|1
|-boost|p2a: Suicune|spd|1
|
|-weather|Sandstorm|[upkeep]
|-damage|p2a: Suicune|88/100|[from] Sandstorm
|upkeep
|turn|4
|
|t:|1728938447
|move|p2a: Suicune|Surf|p1a: Skarmory
|-damage|p1a: Skarmory|58/100
|move|p1a: Skarmory|Roar|p2a: Suicune
|drag|p2a: Alakazam|Alakazam, F|100/100
|
|-weather|Sandstorm|[upkeep]
|-damage|p2a: Alakazam|95/100|[from] Sandstorm
|-heal|p1a: Skarmory|64/100|[from] item: Leftovers
|upkeep
|turn|5
|
|t:|1728938455
|move|p2a: Alakazam|Trick|p1a: Skarmory
|-activate|p2a: Alakazam|move: Trick|[of] p1a: Skarmory
|-item|p1a: Skarmory|Choice Band|[from] move: Trick
|-item|p2a: Alakazam|Leftovers|[from] move: Trick
|move|p1a: Skarmory|Spikes|p2a: Alakazam
|-sidestart|p2: yeamints|Spikes
|
|-weather|Sandstorm|[upkeep]
|-damage|p2a: Alakazam|89/100|[from] Sandstorm
|-heal|p2a: Alakazam|95/100|[from] item: Leftovers
|upkeep
|turn|6
|
|t:|1728938476
|switch|p1a: Blissey|Blissey, F|100/100
|move|p2a: Alakazam|Substitute|p2a: Alakazam
|-start|p2a: Alakazam|Substitute
|-damage|p2a: Alakazam|70/100
|
|-weather|Sandstorm|[upkeep]
|-damage|p2a: Alakazam|64/100|[from] Sandstorm
|-damage|p1a: Blissey|94/100|[from] Sandstorm
|-heal|p2a: Alakazam|70/100|[from] item: Leftovers
|-heal|p1a: Blissey|100/100|[from] item: Leftovers
|upkeep
|turn|7
|
|t:|1728938484
|move|p2a: Alakazam|Ice Punch|p1a: Blissey
|-damage|p1a: Blissey|91/100
|-status|p1a: Blissey|frz
|-curestatus|p1a: Blissey|frz|[msg]
|move|p1a: Blissey|Seismic Toss|p2a: Alakazam
|-end|p2a: Alakazam|Substitute
|
|-weather|Sandstorm|[upkeep]
|-damage|p2a: Alakazam|64/100|[from] Sandstorm
|-damage|p1a: Blissey|84/100|[from] Sandstorm
|-heal|p2a: Alakazam|70/100|[from] item: Leftovers
|-heal|p1a: Blissey|91/100|[from] item: Leftovers
|upkeep
|turn|8
|
|t:|1728938495
|move|p2a: Alakazam|Psychic|p1a: Blissey
|-damage|p1a: Blissey|71/100
|move|p1a: Blissey|Seismic Toss|p2a: Alakazam
|-damage|p2a: Alakazam|30/100
|
|-weather|Sandstorm|[upkeep]
|-damage|p2a: Alakazam|24/100|[from] Sandstorm
|-damage|p1a: Blissey|65/100|[from] Sandstorm
|-heal|p2a: Alakazam|30/100|[from] item: Leftovers
|-heal|p1a: Blissey|71/100|[from] item: Leftovers
|upkeep
|turn|9
|
|t:|1728938505
|move|p2a: Alakazam|Psychic|p1a: Blissey
|-damage|p1a: Blissey|51/100
|move|p1a: Blissey|Soft-Boiled|p1a: Blissey
|-heal|p1a: Blissey|100/100
|
|-weather|Sandstorm|[upkeep]
|-damage|p2a: Alakazam|24/100|[from] Sandstorm
|-damage|p1a: Blissey|94/100|[from] Sandstorm
|-heal|p2a: Alakazam|30/100|[from] item: Leftovers
|-heal|p1a: Blissey|100/100|[from] item: Leftovers
|upkeep
|turn|10
|
|t:|1728938514
|switch|p2a: Gengar|Gengar, M|100/100
|move|p1a: Blissey|Seismic Toss|p2a: Gengar
|-immune|p2a: Gengar
|
|-weather|Sandstorm|[upkeep]
|-damage|p2a: Gengar|94/100|[from] Sandstorm
|-damage|p1a: Blissey|94/100|[from] Sandstorm
|-heal|p2a: Gengar|100/100|[from] item: Leftovers
|-heal|p1a: Blissey|100/100|[from] item: Leftovers
|upkeep
|turn|11
|
|t:|1728938528
|move|p2a: Gengar|Thunderbolt|p1a: Blissey
|-damage|p1a: Blissey|88/100
|move|p1a: Blissey|Thunder Wave|p2a: Gengar
|-status|p2a: Gengar|par
|
|-weather|Sandstorm|[upkeep]
|-damage|p1a: Blissey|82/100|[from] Sandstorm
|-damage|p2a: Gengar|94/100 par|[from] Sandstorm
|-heal|p1a: Blissey|88/100|[from] item: Leftovers
|-heal|p2a: Gengar|100/100 par|[from] item: Leftovers
|upkeep
|turn|12
|
|t:|1728938535
|move|p1a: Blissey|Ice Beam|p2a: Gengar
|-damage|p2a: Gengar|57/100 par
|move|p2a: Gengar|Explosion|p1a: Blissey
|-damage|p1a: Blissey|17/100
|faint|p2a: Gengar
|
|t:|1728938541
|switch|p2a: Aerodactyl|Aerodactyl, M|100/100
|
|-weather|Sandstorm|[upkeep]
|-damage|p1a: Blissey|11/100|[from] Sandstorm
|-heal|p1a: Blissey|17/100|[from] item: Leftovers
|upkeep
|turn|13
|
|t:|1728938546
|move|p2a: Aerodactyl|Rock Slide|p1a: Blissey
|-damage|p1a: Blissey|0 fnt
|faint|p1a: Blissey
|
|t:|1728938551
|switch|p1a: Metagross|Metagross|100/100
|
|-weather|Sandstorm|[upkeep]
|upkeep
|turn|14
|
|t:|1728938559
|switch|p2a: Alakazam|Alakazam, F|30/100
|-damage|p2a: Alakazam|18/100|[from] Spikes
|move|p1a: Metagross|Agility|p1a: Metagross
|-boost|p1a: Metagross|spe|2
|
|-weather|Sandstorm|[upkeep]
|-damage|p2a: Alakazam|12/100|[from] Sandstorm
|-heal|p2a: Alakazam|18/100|[from] item: Leftovers
|upkeep
|turn|15
|
|t:|1728938569
|move|p1a: Metagross|Earthquake|p2a: Alakazam
|-damage|p2a: Alakazam|0 fnt
|faint|p2a: Alakazam
|
|t:|1728938573
|switch|p2a: Suicune|Suicune|88/100
|-damage|p2a: Suicune|76/100|[from] Spikes
|
|-weather|Sandstorm|[upkeep]
|-damage|p2a: Suicune|69/100|[from] Sandstorm
|upkeep
|turn|16
|
|t:|1728938579
|move|p1a: Metagross|Explosion|p2a: Suicune
|-damage|p2a: Suicune|0 fnt
|faint|p1a: Metagross
|faint|p2a: Suicune
|
|t:|1728938584
|switch|p2a: Aerodactyl|Aerodactyl, M|100/100
|switch|p1a: Salamence|Salamence, M|100/100
|-ability|p1a: Salamence|Intimidate|boost
|-unboost|p2a: Aerodactyl|atk|1
|
|-weather|Sandstorm|[upkeep]
|-damage|p1a: Salamence|94/100|[from] Sandstorm
|-heal|p1a: Salamence|100/100|[from] item: Leftovers
|upkeep
|turn|17
|
|t:|1728938593
|switch|p1a: Skarmory|Skarmory, M, shiny|64/100
|move|p2a: Aerodactyl|Rock Slide|p1a: Skarmory|[miss]
|-miss|p2a: Aerodactyl|p1a: Skarmory
|
|-weather|Sandstorm|[upkeep]
|upkeep
|turn|18
|
|t:|1728938609
|switch|p1a: Salamence|Salamence, M|100/100
|-ability|p1a: Salamence|Intimidate|boost
|-unboost|p2a: Aerodactyl|atk|1
|move|p2a: Aerodactyl|Rock Slide|p1a: Salamence
|-supereffective|p1a: Salamence
|-damage|p1a: Salamence|32/100
|
|-weather|Sandstorm|[upkeep]
|-damage|p1a: Salamence|26/100|[from] Sandstorm
|-heal|p1a: Salamence|32/100|[from] item: Leftovers
|upkeep
|turn|19
|
|t:|1728938619
|switch|p1a: Tyranitar|Tyranitar, F|100/100
|move|p2a: Aerodactyl|Rock Slide|p1a: Tyranitar
|-crit|p1a: Tyranitar
|-damage|p1a: Tyranitar|0 fnt
|faint|p1a: Tyranitar
|
|t:|1728938625
|switch|p1a: Skarmory|Skarmory, M, shiny|64/100
|
|-weather|Sandstorm|[upkeep]
|upkeep
|turn|20
|
|t:|1728938632
|move|p2a: Aerodactyl|Rock Slide|p1a: Skarmory
|-damage|p1a: Skarmory|45/100
|move|p1a: Skarmory|Toxic|p2a: Aerodactyl|[miss]
|-miss|p1a: Skarmory|p2a: Aerodactyl
|
|-weather|Sandstorm|[upkeep]
|upkeep
|turn|21
|
|t:|1728938641
|move|p2a: Aerodactyl|Rock Slide|p1a: Skarmory
|-damage|p1a: Skarmory|25/100
|move|p1a: Skarmory|Toxic|p2a: Aerodactyl
|-status|p2a: Aerodactyl|tox
|
|-weather|Sandstorm|[upkeep]
|-damage|p2a: Aerodactyl|95/100 tox|[from] psn
|upkeep
|turn|22
|
|t:|1728938654
|switch|p1a: Salamence|Salamence, M|32/100
|-ability|p1a: Salamence|Intimidate|boost
|-unboost|p2a: Aerodactyl|atk|1
|move|p2a: Aerodactyl|Rock Slide|p1a: Salamence
|-supereffective|p1a: Salamence
|-damage|p1a: Salamence|0 fnt
|faint|p1a: Salamence
|
|t:|1728938660
|switch|p1a: Skarmory|Skarmory, M, shiny|25/100
|
|-weather|Sandstorm|[upkeep]
|-damage|p2a: Aerodactyl|83/100 tox|[from] psn
|upkeep
|turn|23
|
|t:|1728938662
|move|p1a: Skarmory|Protect|p1a: Skarmory
|-singleturn|p1a: Skarmory|Protect
|move|p2a: Aerodactyl|Rock Slide|p1a: Skarmory
|-activate|p1a: Skarmory|Protect
|
|-weather|Sandstorm|[upkeep]
|-damage|p2a: Aerodactyl|65/100 tox|[from] psn
|upkeep
|turn|24
|
|t:|1728938664
|move|p1a: Skarmory|Protect||[still]
|-fail|p1a: Skarmory
|move|p2a: Aerodactyl|Rock Slide|p1a: Skarmory
|-damage|p1a: Skarmory|10/100
|
|-weather|Sandstorm|[upkeep]
|-damage|p2a: Aerodactyl|41/100 tox|[from] psn
|upkeep
|turn|25
|
|t:|1728938675
|move|p1a: Skarmory|Protect|p1a: Skarmory
|-singleturn|p1a: Skarmory|Protect
|move|p2a: Aerodactyl|Rock Slide|p1a: Skarmory
|-activate|p1a: Skarmory|Protect
|
|-weather|Sandstorm|[upkeep]
|-damage|p2a: Aerodactyl|11/100 tox|[from] psn
|upkeep
|turn|26
|
|t:|1728938678
|move|p1a: Skarmory|Protect||[still]
|-fail|p1a: Skarmory
|move|p2a: Aerodactyl|Rock Slide|p1a: Skarmory|[miss]
|-miss|p2a: Aerodactyl|p1a: Skarmory
|
|-weather|Sandstorm|[upkeep]
|-damage|p2a: Aerodactyl|0 fnt|[from] psn
|faint|p2a: Aerodactyl
|
|win|ali.gnome
|upkeep
|player|p2|
|player|p2|yeamints|pokemonbreederf-gen4|
|c|☆yeamints|damn gg

</script>
<script type="application/json" class="data" id="replaydata-smogtours-gen3ou-798757">
{"id":"smogtours-gen3ou-798757","format":"[Gen 3] OU","players":["ali.gnome","yeamints"],"uploadtime":1728938678,"views":91,"formatid":"gen3ou","rating":null,"private":0,"password":null}
</script>

<script defer src="js/replays.js?9d40a366"></script>
