<!DOCTYPE html>
<meta charset="utf-8" />
<meta name="viewport" content="width=device-width" />

<title>[Gen 3] OU: CharBoy3000 vs. Aquafier - Replays - Pok&eacute;mon Showdown!</title>

<meta name="description" content="Watch a replay of a Pok&eacute;mon battle between CharBoy3000 and Aquafier! Format: [Gen 3] OU; Date: Oct 11, 2024" />
<!--

Hey, you! Looking in the source for the replay log?

You can find them in JSON format, just add `.json` at the end of a replay URL.

https://replay.pokemonshowdown.com/gen7randomdoublesbattle-865046831.json

Or, if you only need the log itself, add `.log` instead:

https://replay.pokemonshowdown.com/gen7randomdoublesbattle-865046831.log

-->

<link rel="stylesheet" href="//pokemonshowdown.com/style/global.css?0.767286132409787" />
<link rel="stylesheet" href="//play.pokemonshowdown.com/style/font-awesome.css?0.9266228007934947" />
<link rel="stylesheet" href="//play.pokemonshowdown.com/style/battle.css?0.7924700842790926" />
<link rel="stylesheet" href="//play.pokemonshowdown.com/style/utilichart.css?0.8777417872839479" />

<!-- Global site tag (gtag.js) - Google Analytics -->
<script async src="https://www.googletagmanager.com/gtag/js?id=UA-26211653-1"></script>
<script>
  window.dataLayer = window.dataLayer || [];
  function gtag(){dataLayer.push(arguments);}
  gtag('js', new Date());

  gtag('config', 'UA-26211653-1');
</script>
<!-- End Google Analytics -->
<!-- Venatus Ad Manager - Install in <HEAD> of page -->
	<script src="https://hb.vntsm.com/v3/live/ad-manager.min.js" type="text/javascript" data-site-id="642aba63ec9a7b11c3c9c1be" data-mode="scan" async></script>
<!-- / Venatus Ad Manager -->

<style>
	@media (max-width:820px) {
		.battle {
			margin: 0 auto;
		}
		.battle-log {
			margin: 7px auto 0;
			max-width: 640px;
			height: 300px;
			position: static;
		}
	}
	.optgroup {
		display: inline-block;
		line-height: 22px;
		font-size: 10pt;
	}
	.optgroup .button {
		height: 25px;
		padding-top: 0;
		padding-bottom: 0;
	}
	.optgroup button.button {
		padding-left: 12px;
		padding-right: 12px;
	}
	.linklist {
		list-style: none;
		margin: 0.5em 0;
		padding: 0;
	}
	.linklist li {
		padding: 2px 0;
	}
	.sidebar {
		float: left;
		width: 320px;
	}
	.bar-wrapper {
		max-width: 1100px;
		margin: 0 auto;
	}
	.bar-wrapper.has-sidebar {
		max-width: 1430px;
	}
	.mainbar {
		margin: 0;
		padding-right: 1px;
	}
	.mainbar.has-sidebar {
		margin-left: 330px;
	}
	@media (min-width: 1511px) {
		.sidebar {
			width: 400px;
		}
		.bar-wrapper.has-sidebar {
			max-width: 1510px;
		}
		.mainbar.has-sidebar {
			margin-left: 410px;
		}
	}
	.section.first-section {
		margin-top: 9px;
	}
	.blocklink small {
		white-space: normal;
	}
	.button {
		vertical-align: middle;
	}
	.replay-controls {
		padding-top: 10px;
	}
	.replay-controls h1 {
		font-size: 16pt;
		font-weight: normal;
		color: #CCC;
	}
	.pagelink {
		text-align: center;
	}
	.pagelink a {
		width: 150px;
	}
	.textbox, .button {
		font-size: 11pt;
		vertical-align: middle;
	}
	@media (max-width: 450px) {
		.button {
			font-size: 9pt;
		}
	}
</style>

<div>

	<header>
		<div class="nav-wrapper"><ul class="nav">
			<li><a class="button nav-first" href="//pokemonshowdown.com/"><img src="//pokemonshowdown.com/images/pokemonshowdownbeta.png" srcset="//pokemonshowdown.com/images/pokemonshowdownbeta.png 1x, //pokemonshowdown.com/images/pokemonshowdownbeta@2x.png 2x" alt="Pok&eacute;mon Showdown" width="146" height="44" /> Home</a></li>
			<li><a class="button" href="//pokemonshowdown.com/dex/">Pok&eacute;dex</a></li>
			<li><a class="button cur" href="/">Replays</a></li>
			<li><a class="button" href="//pokemonshowdown.com/ladder/">Ladder</a></li>
			<li><a class="button nav-last" href="//pokemonshowdown.com/forums/">Forum</a></li>
			<li><a class="button greenbutton nav-first nav-last" href="//play.pokemonshowdown.com/">Play</a></li>
		</ul></div>
	</header>

	<div class="main" id="main">

		<noscript><section class="section">You need to enable JavaScript to use this page; sorry!</section></noscript>

	</div>

</div>

<script defer nomodule src="//play.pokemonshowdown.com/js/lib/ps-polyfill.js"></script>
<script defer src="//play.pokemonshowdown.com/js/lib/preact.min.js"></script>

<script defer src="//play.pokemonshowdown.com/config/config.js?6dec07f6"></script>
<script defer src="//play.pokemonshowdown.com/js/lib/jquery-1.11.0.min.js"></script>
<script defer src="//play.pokemonshowdown.com/js/lib/html-sanitizer-minified.js"></script>
<script defer src="//play.pokemonshowdown.com/js/battle-sound.js"></script>
<script defer src="//play.pokemonshowdown.com/js/battledata.js?0.6315294753075389"></script>
<script defer src="//play.pokemonshowdown.com/data/pokedex-mini.js?0.7603743185311358"></script>
<script defer src="//play.pokemonshowdown.com/data/pokedex-mini-bw.js?0.030888842834281283"></script>
<script defer src="//play.pokemonshowdown.com/data/graphics.js?0.05593094747507488"></script>
<script defer src="//play.pokemonshowdown.com/data/pokedex.js?0.47064822249611904"></script>
<script defer src="//play.pokemonshowdown.com/data/moves.js?0.8583693120512459"></script>
<script defer src="//play.pokemonshowdown.com/data/abilities.js?0.16017181182386842"></script>
<script defer src="//play.pokemonshowdown.com/data/items.js?0.4163379185673943"></script>
<script defer src="//play.pokemonshowdown.com/data/teambuilder-tables.js?0.31075597372830477"></script>
<script defer src="//play.pokemonshowdown.com/js/battle-tooltips.js?0.6536193500708172"></script>
<script defer src="//play.pokemonshowdown.com/js/battle.js?0.1916591943277901"></script>

<script defer src="js/utils.js?e31f9a17"></script>
<script defer src="js/replays-battle.js?7008c182"></script>

<!-- don't scrape this data! just add .json or .log after the URL!
Full API docs: https://github.com/smogon/pokemon-showdown-client/blob/master/WEB-API.md -->
<script type="text/plain" class="log" id="replaylog-smogtours-gen3ou-797126">
|inactive|Battle timer is ON: inactive players will automatically lose when time's up.
|t:|1728615867
|gametype|singles
|player|p1|CharBoy3000|blaine|
|player|p2|Aquafier|266|
|teamsize|p1|6
|teamsize|p2|6
|gen|3
|tier|[Gen 3] OU
|rule|Sleep Clause Mod: Limit one foe put to sleep
|rule|Switch Priority Clause Mod: Faster Pokémon switch first
|rule|Species Clause: Limit one of each Pokémon
|rule|OHKO Clause: OHKO moves are banned
|rule|Evasion Items Clause: Evasion items are banned
|rule|Evasion Moves Clause: Evasion moves are banned
|rule|Endless Battle Clause: Forcing endless battles is banned
|rule|HP Percentage Mod: HP is shown in percentages
|rule|One Boost Passer Clause: Limit one Baton Passer that has a way to boost its stats
|rule|Freeze Clause Mod: Limit one foe frozen
|
|t:|1728615867
|start
|switch|p1a: Swampert|Swampert, M|100/100
|switch|p2a: Tyranitar|Tyranitar, M|100/100
|-weather|Sandstorm|[from] ability: Sand Stream|[of] p2a: Tyranitar
|turn|1
|c|☆Aquafier|glhf
|c|☆CharBoy3000|Hf
|inactive|Aquafier has 270 seconds left.
|
|t:|1728615898
|switch|p2a: Celebi|Celebi|100/100
|move|p1a: Swampert|Protect||[still]
|-fail|p1a: Swampert
|
|-weather|Sandstorm|[upkeep]
|-damage|p2a: Celebi|94/100|[from] Sandstorm
|-heal|p2a: Celebi|100/100|[from] item: Leftovers
|upkeep
|turn|2
|inactive|Aquafier has 270 seconds left.
|
|t:|1728615941
|switch|p1a: Forretress|Forretress, M|100/100
|move|p2a: Celebi|Leech Seed|p1a: Forretress
|-start|p1a: Forretress|move: Leech Seed
|
|-weather|Sandstorm|[upkeep]
|-damage|p2a: Celebi|94/100|[from] Sandstorm
|-heal|p2a: Celebi|100/100|[from] item: Leftovers
|-damage|p1a: Forretress|88/100|[from] Leech Seed|[of] p2a: Celebi
|upkeep
|turn|3
|inactive|Aquafier has 240 seconds left.
|
|t:|1728615972
|switch|p2a: Magneton|Magneton|100/100
|move|p1a: Forretress|Spikes|p2a: Magneton
|-sidestart|p2: Aquafier|Spikes
|
|-weather|Sandstorm|[upkeep]
|-heal|p1a: Forretress|94/100|[from] item: Leftovers
|-damage|p1a: Forretress|82/100|[from] Leech Seed|[of] p2a: Magneton
|upkeep
|turn|4
|
|t:|1728615976
|move|p2a: Magneton|Thunder Wave|p1a: Forretress
|-status|p1a: Forretress|par
|move|p1a: Forretress|Earthquake|p2a: Magneton
|-supereffective|p2a: Magneton
|-damage|p2a: Magneton|0 fnt
|faint|p2a: Magneton
|inactive|Aquafier has 240 seconds left.
|
|t:|1728616000
|switch|p2a: Celebi|Celebi|100/100
|-damage|p2a: Celebi|88/100|[from] Spikes
|
|-weather|Sandstorm|[upkeep]
|-damage|p2a: Celebi|82/100|[from] Sandstorm
|-heal|p2a: Celebi|88/100|[from] item: Leftovers
|-heal|p1a: Forretress|88/100 par|[from] item: Leftovers
|-damage|p1a: Forretress|76/100 par|[from] Leech Seed|[of] p2a: Celebi
|-heal|p2a: Celebi|99/100|[silent]
|upkeep
|turn|5
|inactive|Aquafier has 240 seconds left.
|
|t:|1728616008
|move|p2a: Celebi|Swords Dance|p2a: Celebi
|-boost|p2a: Celebi|atk|2
|move|p1a: Forretress|Hidden Power|p2a: Celebi
|-supereffective|p2a: Celebi
|-damage|p2a: Celebi|40/100
|
|-weather|Sandstorm|[upkeep]
|-damage|p2a: Celebi|34/100|[from] Sandstorm
|-heal|p2a: Celebi|40/100|[from] item: Leftovers
|-heal|p1a: Forretress|82/100 par|[from] item: Leftovers
|-damage|p1a: Forretress|69/100 par|[from] Leech Seed|[of] p2a: Celebi
|-heal|p2a: Celebi|51/100|[silent]
|upkeep
|turn|6
|inactive|Aquafier has 240 seconds left.
|
|t:|1728616023
|switch|p1a: Swampert|Swampert, M|100/100
|move|p2a: Celebi|Baton Pass|p2a: Celebi
|inactive|Aquafier has 210 seconds left.
|
|t:|1728616068
|switch|p2a: Metagross|Metagross|100/100|[from] Baton Pass
|-damage|p2a: Metagross|88/100|[from] Spikes
|
|-weather|Sandstorm|[upkeep]
|upkeep
|turn|7
|
|t:|1728616073
|move|p1a: Swampert|Protect|p1a: Swampert
|-singleturn|p1a: Swampert|Protect
|move|p2a: Metagross|Agility|p2a: Metagross
|-boost|p2a: Metagross|spe|2
|
|-weather|Sandstorm|[upkeep]
|upkeep
|turn|8
|inactive|Aquafier has 210 seconds left.
|
|t:|1728616085
|move|p2a: Metagross|Meteor Mash|p1a: Swampert
|-resisted|p1a: Swampert
|-damage|p1a: Swampert|59/100
|move|p1a: Swampert|Roar|p2a: Metagross
|drag|p2a: Aerodactyl|Aerodactyl, F|100/100
|
|-weather|Sandstorm|[upkeep]
|-heal|p1a: Swampert|65/100|[from] item: Leftovers
|upkeep
|turn|9
|inactive|Aquafier has 210 seconds left.
|inactive|Aquafier has 180 seconds left.
|
|t:|1728616131
|move|p2a: Aerodactyl|Substitute|p2a: Aerodactyl
|-start|p2a: Aerodactyl|Substitute
|-damage|p2a: Aerodactyl|75/100
|move|p1a: Swampert|Ice Beam|p2a: Aerodactyl
|-supereffective|p2a: Aerodactyl
|-end|p2a: Aerodactyl|Substitute
|
|-weather|Sandstorm|[upkeep]
|-heal|p1a: Swampert|71/100|[from] item: Leftovers
|upkeep
|turn|10
|inactive|Aquafier has 180 seconds left.
|
|t:|1728616148
|move|p2a: Aerodactyl|Substitute|p2a: Aerodactyl
|-start|p2a: Aerodactyl|Substitute
|-damage|p2a: Aerodactyl|50/100
|move|p1a: Swampert|Ice Beam|p2a: Aerodactyl
|-supereffective|p2a: Aerodactyl
|-crit|p2a: Aerodactyl
|-end|p2a: Aerodactyl|Substitute
|
|-weather|Sandstorm|[upkeep]
|-heal|p1a: Swampert|77/100|[from] item: Leftovers
|upkeep
|turn|11
|
|t:|1728616152
|move|p2a: Aerodactyl|Substitute|p2a: Aerodactyl
|-start|p2a: Aerodactyl|Substitute
|-damage|p2a: Aerodactyl|25/100
|move|p1a: Swampert|Ice Beam|p2a: Aerodactyl
|-supereffective|p2a: Aerodactyl
|-end|p2a: Aerodactyl|Substitute
|
|-weather|Sandstorm|[upkeep]
|-enditem|p2a: Aerodactyl|Liechi Berry|[eat]
|-boost|p2a: Aerodactyl|atk|1|[from] item: Liechi Berry
|-heal|p1a: Swampert|83/100|[from] item: Leftovers
|upkeep
|turn|12
|inactive|Aquafier has 180 seconds left.
|
|t:|1728616162
|move|p1a: Swampert|Protect|p1a: Swampert
|-singleturn|p1a: Swampert|Protect
|move|p2a: Aerodactyl|Double-Edge|p1a: Swampert
|-activate|p1a: Swampert|Protect
|
|-weather|Sandstorm|[upkeep]
|-heal|p1a: Swampert|90/100|[from] item: Leftovers
|upkeep
|turn|13
|
|t:|1728616170
|move|p2a: Aerodactyl|Double-Edge|p1a: Swampert
|-damage|p1a: Swampert|52/100
|move|p1a: Swampert|Ice Beam|p2a: Aerodactyl
|-supereffective|p2a: Aerodactyl
|-damage|p2a: Aerodactyl|0 fnt
|faint|p2a: Aerodactyl
|inactive|Aquafier has 180 seconds left.
|inactive|Aquafier has 150 seconds left.
|
|t:|1728616223
|switch|p2a: Celebi|Celebi|51/100
|-damage|p2a: Celebi|39/100|[from] Spikes
|
|-weather|Sandstorm|[upkeep]
|-damage|p2a: Celebi|32/100|[from] Sandstorm
|-heal|p2a: Celebi|39/100|[from] item: Leftovers
|-heal|p1a: Swampert|59/100|[from] item: Leftovers
|upkeep
|turn|14
|c|+goldmason|Movie
|
|t:|1728616250
|move|p2a: Celebi|Recover|p2a: Celebi
|-heal|p2a: Celebi|89/100
|move|p1a: Swampert|Ice Beam|p2a: Celebi
|-supereffective|p2a: Celebi
|-damage|p2a: Celebi|61/100
|
|-weather|Sandstorm|[upkeep]
|-damage|p2a: Celebi|55/100|[from] Sandstorm
|-heal|p2a: Celebi|61/100|[from] item: Leftovers
|-heal|p1a: Swampert|65/100|[from] item: Leftovers
|upkeep
|turn|15
|
|t:|1728616259
|move|p2a: Celebi|Swords Dance|p2a: Celebi
|-boost|p2a: Celebi|atk|2
|move|p1a: Swampert|Ice Beam|p2a: Celebi
|-supereffective|p2a: Celebi
|-damage|p2a: Celebi|32/100
|
|-weather|Sandstorm|[upkeep]
|-damage|p2a: Celebi|26/100|[from] Sandstorm
|-heal|p2a: Celebi|32/100|[from] item: Leftovers
|-heal|p1a: Swampert|71/100|[from] item: Leftovers
|upkeep
|turn|16
|
|t:|1728616264
|move|p2a: Celebi|Recover|p2a: Celebi
|-heal|p2a: Celebi|82/100
|move|p1a: Swampert|Earthquake|p2a: Celebi
|-resisted|p2a: Celebi
|-damage|p2a: Celebi|69/100
|
|-weather|Sandstorm|[upkeep]
|-damage|p2a: Celebi|63/100|[from] Sandstorm
|-heal|p2a: Celebi|69/100|[from] item: Leftovers
|-heal|p1a: Swampert|77/100|[from] item: Leftovers
|upkeep
|turn|17
|
|t:|1728616269
|move|p2a: Celebi|Leech Seed|p1a: Swampert
|-start|p1a: Swampert|move: Leech Seed
|move|p1a: Swampert|Roar|p2a: Celebi
|drag|p2a: Metagross|Metagross|88/100
|-damage|p2a: Metagross|76/100|[from] Spikes
|
|-weather|Sandstorm|[upkeep]
|-heal|p1a: Swampert|83/100|[from] item: Leftovers
|-damage|p1a: Swampert|71/100|[from] Leech Seed|[of] p2a: Metagross
|-heal|p2a: Metagross|92/100|[silent]
|upkeep
|turn|18
|inactive|Aquafier has 180 seconds left.
|
|t:|1728616295
|switch|p2a: Celebi|Celebi|69/100
|-damage|p2a: Celebi|57/100|[from] Spikes
|switch|p1a: Forretress|Forretress, M|69/100 par
|
|-weather|Sandstorm|[upkeep]
|-damage|p2a: Celebi|50/100|[from] Sandstorm
|-heal|p2a: Celebi|57/100|[from] item: Leftovers
|-heal|p1a: Forretress|76/100 par|[from] item: Leftovers
|upkeep
|turn|19
|
|t:|1728616309
|move|p2a: Celebi|Recover|p2a: Celebi
|-heal|p2a: Celebi|100/100
|move|p1a: Forretress|Spikes|p2a: Celebi
|-sidestart|p2: Aquafier|Spikes
|
|-weather|Sandstorm|[upkeep]
|-damage|p2a: Celebi|94/100|[from] Sandstorm
|-heal|p2a: Celebi|100/100|[from] item: Leftovers
|-heal|p1a: Forretress|82/100 par|[from] item: Leftovers
|upkeep
|turn|20
|
|t:|1728616317
|switch|p1a: Swampert|Swampert, M|71/100
|move|p2a: Celebi|Leech Seed|p1a: Swampert
|-start|p1a: Swampert|move: Leech Seed
|
|-weather|Sandstorm|[upkeep]
|-damage|p2a: Celebi|94/100|[from] Sandstorm
|-heal|p2a: Celebi|100/100|[from] item: Leftovers
|-heal|p1a: Swampert|77/100|[from] item: Leftovers
|-damage|p1a: Swampert|65/100|[from] Leech Seed|[of] p2a: Celebi
|upkeep
|turn|21
|inactive|Aquafier has 180 seconds left.
|
|t:|1728616331
|switch|p1a: Jumpluff|Jumpluff, M|100/100
|move|p2a: Celebi|Swords Dance|p2a: Celebi
|-boost|p2a: Celebi|atk|2
|
|-weather|Sandstorm|[upkeep]
|-damage|p1a: Jumpluff|94/100|[from] Sandstorm
|-damage|p2a: Celebi|94/100|[from] Sandstorm
|-heal|p1a: Jumpluff|100/100|[from] item: Leftovers
|-heal|p2a: Celebi|100/100|[from] item: Leftovers
|upkeep
|turn|22
|inactive|Aquafier has 180 seconds left.
|inactive|Aquafier has 150 seconds left.
|
|t:|1728616374
|move|p1a: Jumpluff|Encore|p2a: Celebi
|-start|p2a: Celebi|Encore
|move|p2a: Celebi|Swords Dance|p2a: Celebi
|-boost|p2a: Celebi|atk|2
|
|-weather|Sandstorm|[upkeep]
|-damage|p1a: Jumpluff|94/100|[from] Sandstorm
|-damage|p2a: Celebi|94/100|[from] Sandstorm
|-heal|p1a: Jumpluff|100/100|[from] item: Leftovers
|-heal|p2a: Celebi|100/100|[from] item: Leftovers
|upkeep
|turn|23
|inactive|Aquafier has 150 seconds left.
|
|t:|1728616384
|switch|p2a: Tyranitar|Tyranitar, M|100/100
|-damage|p2a: Tyranitar|84/100|[from] Spikes
|move|p1a: Jumpluff|Sleep Powder|p2a: Tyranitar|[miss]
|-miss|p1a: Jumpluff|p2a: Tyranitar
|
|-weather|Sandstorm|[upkeep]
|-damage|p1a: Jumpluff|94/100|[from] Sandstorm
|-heal|p1a: Jumpluff|100/100|[from] item: Leftovers
|-heal|p2a: Tyranitar|90/100|[from] item: Leftovers
|upkeep
|turn|24
|
|t:|1728616390
|move|p1a: Jumpluff|Substitute|p1a: Jumpluff
|-start|p1a: Jumpluff|Substitute
|-damage|p1a: Jumpluff|76/100
|move|p2a: Tyranitar|Ice Beam|p1a: Jumpluff
|-supereffective|p1a: Jumpluff
|-end|p1a: Jumpluff|Substitute
|
|-weather|Sandstorm|[upkeep]
|-damage|p1a: Jumpluff|69/100|[from] Sandstorm
|-heal|p1a: Jumpluff|76/100|[from] item: Leftovers
|-heal|p2a: Tyranitar|96/100|[from] item: Leftovers
|upkeep
|turn|25
|
|t:|1728616402
|switch|p1a: Blissey|Blissey, F|100/100
|switch|p2a: Celebi|Celebi|100/100
|-damage|p2a: Celebi|84/100|[from] Spikes
|
|-weather|Sandstorm|[upkeep]
|-damage|p2a: Celebi|78/100|[from] Sandstorm
|-damage|p1a: Blissey|94/100|[from] Sandstorm
|-heal|p2a: Celebi|84/100|[from] item: Leftovers
|-heal|p1a: Blissey|100/100|[from] item: Leftovers
|upkeep
|turn|26
|
|t:|1728616413
|move|p2a: Celebi|Leech Seed|p1a: Blissey|[miss]
|-miss|p2a: Celebi|p1a: Blissey
|move|p1a: Blissey|Toxic|p2a: Celebi
|-status|p2a: Celebi|tox
|
|-weather|Sandstorm|[upkeep]
|-damage|p2a: Celebi|78/100 tox|[from] Sandstorm
|-damage|p1a: Blissey|94/100|[from] Sandstorm
|-heal|p2a: Celebi|84/100 tox|[from] item: Leftovers
|-damage|p2a: Celebi|78/100 tox|[from] psn
|-heal|p1a: Blissey|100/100|[from] item: Leftovers
|upkeep
|turn|27
|
|t:|1728616423
|switch|p1a: Jumpluff|Jumpluff, M|76/100
|move|p2a: Celebi|Leech Seed|p1a: Jumpluff
|-immune|p1a: Jumpluff
|
|-weather|Sandstorm|[upkeep]
|-damage|p1a: Jumpluff|69/100|[from] Sandstorm
|-damage|p2a: Celebi|72/100 tox|[from] Sandstorm
|-heal|p1a: Jumpluff|76/100|[from] item: Leftovers
|-heal|p2a: Celebi|78/100 tox|[from] item: Leftovers
|-damage|p2a: Celebi|65/100 tox|[from] psn
|upkeep
|turn|28
|inactive|Aquafier has 180 seconds left.
|
|t:|1728616436
|move|p1a: Jumpluff|Leech Seed|p2a: Celebi
|-immune|p2a: Celebi
|move|p2a: Celebi|Recover|p2a: Celebi
|-heal|p2a: Celebi|100/100 tox
|
|-weather|Sandstorm|[upkeep]
|-damage|p1a: Jumpluff|69/100|[from] Sandstorm
|-damage|p2a: Celebi|94/100 tox|[from] Sandstorm
|-heal|p1a: Jumpluff|76/100|[from] item: Leftovers
|-heal|p2a: Celebi|100/100 tox|[from] item: Leftovers
|-damage|p2a: Celebi|82/100 tox|[from] psn
|upkeep
|turn|29
|
|t:|1728616442
|move|p1a: Jumpluff|Encore|p2a: Celebi
|-start|p2a: Celebi|Encore
|move|p2a: Celebi|Recover|p2a: Celebi
|-heal|p2a: Celebi|100/100 tox
|
|-weather|Sandstorm|[upkeep]
|-damage|p1a: Jumpluff|69/100|[from] Sandstorm
|-damage|p2a: Celebi|94/100 tox|[from] Sandstorm
|-heal|p1a: Jumpluff|76/100|[from] item: Leftovers
|-heal|p2a: Celebi|100/100 tox|[from] item: Leftovers
|-damage|p2a: Celebi|76/100 tox|[from] psn
|upkeep
|turn|30
|inactive|Aquafier has 180 seconds left.
|
|t:|1728616481
|-curestatus|p2a: Celebi|tox|[from] ability: Natural Cure
|switch|p2a: Tyranitar|Tyranitar, M|96/100
|-damage|p2a: Tyranitar|80/100|[from] Spikes
|move|p1a: Jumpluff|Leech Seed|p2a: Tyranitar
|-start|p2a: Tyranitar|move: Leech Seed
|
|-weather|Sandstorm|[upkeep]
|-damage|p1a: Jumpluff|69/100|[from] Sandstorm
|-heal|p1a: Jumpluff|76/100|[from] item: Leftovers
|-heal|p2a: Tyranitar|86/100|[from] item: Leftovers
|-damage|p2a: Tyranitar|74/100|[from] Leech Seed|[of] p1a: Jumpluff
|-heal|p1a: Jumpluff|90/100|[silent]
|upkeep
|turn|31
|
|t:|1728616492
|switch|p2a: Swampert|Swampert, F|100/100
|-damage|p2a: Swampert|84/100|[from] Spikes
|move|p1a: Jumpluff|Substitute|p1a: Jumpluff
|-start|p1a: Jumpluff|Substitute
|-damage|p1a: Jumpluff|66/100
|
|-weather|Sandstorm|[upkeep]
|-damage|p1a: Jumpluff|59/100|[from] Sandstorm
|-heal|p1a: Jumpluff|66/100|[from] item: Leftovers
|-heal|p2a: Swampert|90/100|[from] item: Leftovers
|upkeep
|turn|32
|
|t:|1728616499
|move|p1a: Jumpluff|Leech Seed|p2a: Swampert
|-start|p2a: Swampert|move: Leech Seed
|move|p2a: Swampert|Ice Beam|p1a: Jumpluff
|-supereffective|p1a: Jumpluff
|-end|p1a: Jumpluff|Substitute
|
|-weather|Sandstorm|[upkeep]
|-damage|p1a: Jumpluff|59/100|[from] Sandstorm
|-heal|p1a: Jumpluff|66/100|[from] item: Leftovers
|-heal|p2a: Swampert|96/100|[from] item: Leftovers
|-damage|p2a: Swampert|84/100|[from] Leech Seed|[of] p1a: Jumpluff
|-heal|p1a: Jumpluff|78/100|[silent]
|upkeep
|turn|33
|
|t:|1728616506
|move|p1a: Jumpluff|Sleep Powder|p2a: Swampert
|-status|p2a: Swampert|slp|[from] move: Sleep Powder
|cant|p2a: Swampert|slp
|
|-weather|Sandstorm|[upkeep]
|-damage|p1a: Jumpluff|72/100|[from] Sandstorm
|-heal|p1a: Jumpluff|78/100|[from] item: Leftovers
|-heal|p2a: Swampert|90/100 slp|[from] item: Leftovers
|-damage|p2a: Swampert|78/100 slp|[from] Leech Seed|[of] p1a: Jumpluff
|-heal|p1a: Jumpluff|90/100|[silent]
|upkeep
|turn|34
|
|t:|1728616513
|switch|p2a: Tyranitar|Tyranitar, M|74/100
|-damage|p2a: Tyranitar|57/100|[from] Spikes
|move|p1a: Jumpluff|Substitute|p1a: Jumpluff
|-start|p1a: Jumpluff|Substitute
|-damage|p1a: Jumpluff|66/100
|
|-weather|Sandstorm|[upkeep]
|-damage|p1a: Jumpluff|59/100|[from] Sandstorm
|-heal|p1a: Jumpluff|66/100|[from] item: Leftovers
|-heal|p2a: Tyranitar|63/100|[from] item: Leftovers
|upkeep
|turn|35
|
|t:|1728616515
|move|p1a: Jumpluff|Leech Seed|p2a: Tyranitar
|-start|p2a: Tyranitar|move: Leech Seed
|move|p2a: Tyranitar|Ice Beam|p1a: Jumpluff
|-supereffective|p1a: Jumpluff
|-end|p1a: Jumpluff|Substitute
|
|-weather|Sandstorm|[upkeep]
|-damage|p1a: Jumpluff|59/100|[from] Sandstorm
|-heal|p1a: Jumpluff|66/100|[from] item: Leftovers
|-heal|p2a: Tyranitar|69/100|[from] item: Leftovers
|-damage|p2a: Tyranitar|57/100|[from] Leech Seed|[of] p1a: Jumpluff
|-heal|p1a: Jumpluff|80/100|[silent]
|upkeep
|turn|36
|
|t:|1728616528
|move|p1a: Jumpluff|Substitute|p1a: Jumpluff
|-start|p1a: Jumpluff|Substitute
|-damage|p1a: Jumpluff|56/100
|move|p2a: Tyranitar|Brick Break|p1a: Jumpluff
|-resisted|p1a: Jumpluff
|-activate|p1a: Jumpluff|Substitute|[damage]
|
|-weather|Sandstorm|[upkeep]
|-damage|p1a: Jumpluff|49/100|[from] Sandstorm
|-heal|p1a: Jumpluff|56/100|[from] item: Leftovers
|-heal|p2a: Tyranitar|63/100|[from] item: Leftovers
|-damage|p2a: Tyranitar|51/100|[from] Leech Seed|[of] p1a: Jumpluff
|-heal|p1a: Jumpluff|70/100|[silent]
|upkeep
|turn|37
|
|t:|1728616535
|move|p1a: Jumpluff|Encore|p2a: Tyranitar
|-start|p2a: Tyranitar|Encore
|move|p2a: Tyranitar|Brick Break|p1a: Jumpluff
|-resisted|p1a: Jumpluff
|-end|p1a: Jumpluff|Substitute
|
|-weather|Sandstorm|[upkeep]
|-damage|p1a: Jumpluff|64/100|[from] Sandstorm
|-heal|p1a: Jumpluff|70/100|[from] item: Leftovers
|-heal|p2a: Tyranitar|57/100|[from] item: Leftovers
|-damage|p2a: Tyranitar|45/100|[from] Leech Seed|[of] p1a: Jumpluff
|-heal|p1a: Jumpluff|85/100|[silent]
|upkeep
|turn|38
|
|t:|1728616541
|switch|p2a: Celebi|Celebi|76/100
|-damage|p2a: Celebi|59/100|[from] Spikes
|move|p1a: Jumpluff|Substitute|p1a: Jumpluff
|-start|p1a: Jumpluff|Substitute
|-damage|p1a: Jumpluff|60/100
|
|-weather|Sandstorm|[upkeep]
|-damage|p1a: Jumpluff|54/100|[from] Sandstorm
|-damage|p2a: Celebi|53/100|[from] Sandstorm
|-heal|p1a: Jumpluff|60/100|[from] item: Leftovers
|-heal|p2a: Celebi|59/100|[from] item: Leftovers
|upkeep
|turn|39
|
|t:|1728616554
|move|p1a: Jumpluff|Leech Seed|p2a: Celebi
|-immune|p2a: Celebi
|move|p2a: Celebi|Recover|p2a: Celebi
|-heal|p2a: Celebi|100/100
|
|-weather|Sandstorm|[upkeep]
|-damage|p1a: Jumpluff|54/100|[from] Sandstorm
|-damage|p2a: Celebi|94/100|[from] Sandstorm
|-heal|p1a: Jumpluff|60/100|[from] item: Leftovers
|-heal|p2a: Celebi|100/100|[from] item: Leftovers
|upkeep
|turn|40
|
|t:|1728616563
|move|p1a: Jumpluff|Encore|p2a: Celebi
|-start|p2a: Celebi|Encore
|move|p2a: Celebi|Recover||[still]
|-fail|p2a: Celebi|heal
|
|-weather|Sandstorm|[upkeep]
|-damage|p1a: Jumpluff|54/100|[from] Sandstorm
|-damage|p2a: Celebi|94/100|[from] Sandstorm
|-heal|p1a: Jumpluff|60/100|[from] item: Leftovers
|-heal|p2a: Celebi|100/100|[from] item: Leftovers
|upkeep
|turn|41
|
|t:|1728616570
|move|p1a: Jumpluff|Leech Seed|p2a: Celebi
|-immune|p2a: Celebi
|move|p2a: Celebi|Recover||[still]
|-fail|p2a: Celebi|heal
|
|-weather|Sandstorm|[upkeep]
|-damage|p1a: Jumpluff|54/100|[from] Sandstorm
|-damage|p2a: Celebi|94/100|[from] Sandstorm
|-heal|p1a: Jumpluff|60/100|[from] item: Leftovers
|-heal|p2a: Celebi|100/100|[from] item: Leftovers
|upkeep
|turn|42
|
|t:|1728616574
|switch|p1a: Forretress|Forretress, M|82/100 par
|move|p2a: Celebi|Recover||[still]
|-fail|p2a: Celebi|heal
|
|-weather|Sandstorm|[upkeep]
|-damage|p2a: Celebi|94/100|[from] Sandstorm
|-heal|p2a: Celebi|100/100|[from] item: Leftovers
|-heal|p1a: Forretress|88/100 par|[from] item: Leftovers
|upkeep
|turn|43
|
|t:|1728616584
|switch|p2a: Swampert|Swampert, F|78/100 slp
|-damage|p2a: Swampert|61/100 slp|[from] Spikes
|move|p1a: Forretress|Spikes|p2a: Swampert
|-sidestart|p2: Aquafier|Spikes
|
|-weather|Sandstorm|[upkeep]
|-heal|p2a: Swampert|68/100 slp|[from] item: Leftovers
|-heal|p1a: Forretress|94/100 par|[from] item: Leftovers
|upkeep
|turn|44
|inactive|Aquafier has 240 seconds left.
|
|t:|1728616605
|cant|p2a: Swampert|slp
|move|p1a: Forretress|Hidden Power|p2a: Swampert
|-damage|p2a: Swampert|44/100 slp
|
|-weather|Sandstorm|[upkeep]
|-heal|p2a: Swampert|50/100 slp|[from] item: Leftovers
|-heal|p1a: Forretress|100/100 par|[from] item: Leftovers
|upkeep
|turn|45
|
|t:|1728616612
|cant|p2a: Swampert|slp
|move|p1a: Forretress|Hidden Power|p2a: Swampert
|-damage|p2a: Swampert|24/100 slp
|
|-weather|Sandstorm|[upkeep]
|-heal|p2a: Swampert|30/100 slp|[from] item: Leftovers
|upkeep
|turn|46
|
|t:|1728616615
|-curestatus|p2a: Swampert|slp|[msg]
|move|p2a: Swampert|Ice Beam|p1a: Forretress
|-resisted|p1a: Forretress
|-damage|p1a: Forretress|87/100 par
|cant|p1a: Forretress|par
|
|-weather|Sandstorm|[upkeep]
|-heal|p2a: Swampert|37/100|[from] item: Leftovers
|-heal|p1a: Forretress|93/100 par|[from] item: Leftovers
|upkeep
|turn|47
|
|t:|1728616622
|move|p2a: Swampert|Hydro Pump|p1a: Forretress
|-damage|p1a: Forretress|41/100 par
|move|p1a: Forretress|Hidden Power|p2a: Swampert
|-damage|p2a: Swampert|14/100
|
|-weather|Sandstorm|[upkeep]
|-heal|p2a: Swampert|20/100|[from] item: Leftovers
|-heal|p1a: Forretress|47/100 par|[from] item: Leftovers
|upkeep
|turn|48
|
|t:|1728616632
|switch|p1a: Blissey|Blissey, F|100/100
|move|p2a: Swampert|Hydro Pump|p1a: Blissey|[miss]
|-miss|p2a: Swampert|p1a: Blissey
|
|-weather|Sandstorm|[upkeep]
|-damage|p1a: Blissey|94/100|[from] Sandstorm
|-heal|p2a: Swampert|26/100|[from] item: Leftovers
|-heal|p1a: Blissey|100/100|[from] item: Leftovers
|upkeep
|turn|49
|
|t:|1728616639
|-singleturn|p2a: Swampert|move: Focus Punch
|move|p1a: Blissey|Wish|p1a: Blissey
|move|p2a: Swampert|Focus Punch|p1a: Blissey
|-supereffective|p1a: Blissey
|-damage|p1a: Blissey|39/100
|
|-weather|Sandstorm|[upkeep]
|-damage|p1a: Blissey|33/100|[from] Sandstorm
|-heal|p2a: Swampert|32/100|[from] item: Leftovers
|-heal|p1a: Blissey|39/100|[from] item: Leftovers
|upkeep
|turn|50
|
|t:|1728616653
|-singleturn|p2a: Swampert|move: Focus Punch
|switch|p1a: Swampert|Swampert, M|65/100
|move|p2a: Swampert|Focus Punch|p1a: Swampert
|-damage|p1a: Swampert|39/100
|
|-heal|p1a: Swampert|89/100|[from] move: Wish|[wisher] Blissey
|-weather|Sandstorm|[upkeep]
|-heal|p2a: Swampert|38/100|[from] item: Leftovers
|-heal|p1a: Swampert|95/100|[from] item: Leftovers
|upkeep
|turn|51
|
|t:|1728616668
|switch|p2a: Celebi|Celebi|100/100
|-damage|p2a: Celebi|75/100|[from] Spikes
|move|p1a: Swampert|Ice Beam|p2a: Celebi
|-supereffective|p2a: Celebi
|-damage|p2a: Celebi|48/100
|
|-weather|Sandstorm|[upkeep]
|-damage|p2a: Celebi|42/100|[from] Sandstorm
|-heal|p2a: Celebi|48/100|[from] item: Leftovers
|-heal|p1a: Swampert|100/100|[from] item: Leftovers
|upkeep
|turn|52
|inactive|Aquafier has 270 seconds left.
|
|t:|1728616716
|move|p2a: Celebi|Recover|p2a: Celebi
|-heal|p2a: Celebi|98/100
|move|p1a: Swampert|Ice Beam|p2a: Celebi
|-supereffective|p2a: Celebi
|-damage|p2a: Celebi|68/100
|
|-weather|Sandstorm|[upkeep]
|-damage|p2a: Celebi|62/100|[from] Sandstorm
|-heal|p2a: Celebi|68/100|[from] item: Leftovers
|upkeep
|turn|53
|
|t:|1728616724
|move|p2a: Celebi|Swords Dance|p2a: Celebi
|-boost|p2a: Celebi|atk|2
|move|p1a: Swampert|Roar|p2a: Celebi
|drag|p2a: Tyranitar|Tyranitar, M|45/100
|-damage|p2a: Tyranitar|20/100|[from] Spikes
|
|-weather|Sandstorm|[upkeep]
|-heal|p2a: Tyranitar|26/100|[from] item: Leftovers
|upkeep
|turn|54
|inactive|Aquafier has 270 seconds left.
|
|t:|1728616756
|move|p1a: Swampert|Protect|p1a: Swampert
|-singleturn|p1a: Swampert|Protect
|move|p2a: Tyranitar|Crunch|p1a: Swampert
|-activate|p1a: Swampert|Protect
|
|-weather|Sandstorm|[upkeep]
|-heal|p2a: Tyranitar|32/100|[from] item: Leftovers
|upkeep
|turn|55
|
|t:|1728616769
|move|p2a: Tyranitar|Crunch|p1a: Swampert
|-damage|p1a: Swampert|69/100
|move|p1a: Swampert|Earthquake|p2a: Tyranitar
|-supereffective|p2a: Tyranitar
|-damage|p2a: Tyranitar|0 fnt
|faint|p2a: Tyranitar
|inactive|Aquafier has 240 seconds left.
|inactive|Aquafier has 210 seconds left.
|
|t:|1728616824
|switch|p2a: Celebi|Celebi|68/100
|-damage|p2a: Celebi|43/100|[from] Spikes
|
|-weather|Sandstorm|[upkeep]
|-damage|p2a: Celebi|37/100|[from] Sandstorm
|-heal|p2a: Celebi|43/100|[from] item: Leftovers
|-heal|p1a: Swampert|76/100|[from] item: Leftovers
|upkeep
|turn|56
|
|t:|1728616829
|move|p2a: Celebi|Recover|p2a: Celebi
|-heal|p2a: Celebi|93/100
|move|p1a: Swampert|Roar|p2a: Celebi
|drag|p2a: Metagross|Metagross|92/100
|-damage|p2a: Metagross|67/100|[from] Spikes
|
|-weather|Sandstorm|[upkeep]
|-heal|p1a: Swampert|82/100|[from] item: Leftovers
|upkeep
|turn|57
|
|t:|1728616836
|move|p1a: Swampert|Protect|p1a: Swampert
|-singleturn|p1a: Swampert|Protect
|move|p2a: Metagross|Agility|p2a: Metagross
|-boost|p2a: Metagross|spe|2
|
|-weather|Sandstorm|[upkeep]
|-heal|p1a: Swampert|88/100|[from] item: Leftovers
|upkeep
|turn|58
|
|t:|1728616840
|move|p2a: Metagross|Explosion|p1a: Swampert
|-damage|p1a: Swampert|0 fnt
|faint|p2a: Metagross
|faint|p1a: Swampert
|inactive|Aquafier has 240 seconds left.
|
|t:|1728616848
|switch|p2a: Celebi|Celebi|93/100
|switch|p1a: Tyranitar|Tyranitar, F|100/100
|-damage|p2a: Celebi|68/100|[from] Spikes
|
|-weather|Sandstorm|[upkeep]
|-damage|p2a: Celebi|62/100|[from] Sandstorm
|-heal|p2a: Celebi|68/100|[from] item: Leftovers
|upkeep
|turn|59
|inactive|Aquafier has 240 seconds left.
|
|t:|1728616864
|move|p2a: Celebi|Leech Seed|p1a: Tyranitar
|-start|p1a: Tyranitar|move: Leech Seed
|move|p1a: Tyranitar|Fire Blast|p2a: Celebi|[miss]
|-miss|p1a: Tyranitar|p2a: Celebi
|
|-weather|Sandstorm|[upkeep]
|-damage|p2a: Celebi|62/100|[from] Sandstorm
|-heal|p2a: Celebi|68/100|[from] item: Leftovers
|-damage|p1a: Tyranitar|88/100|[from] Leech Seed|[of] p2a: Celebi
|-heal|p2a: Celebi|81/100|[silent]
|upkeep
|turn|60
|inactive|Aquafier has 240 seconds left.
|
|t:|1728616870
|move|p2a: Celebi|Swords Dance|p2a: Celebi
|-boost|p2a: Celebi|atk|2
|move|p1a: Tyranitar|Fire Blast|p2a: Celebi
|-supereffective|p2a: Celebi
|-damage|p2a: Celebi|23/100
|
|-weather|Sandstorm|[upkeep]
|-damage|p2a: Celebi|16/100|[from] Sandstorm
|-heal|p2a: Celebi|23/100|[from] item: Leftovers
|-heal|p1a: Tyranitar|94/100|[from] item: Leftovers
|-damage|p1a: Tyranitar|82/100|[from] Leech Seed|[of] p2a: Celebi
|-heal|p2a: Celebi|35/100|[silent]
|upkeep
|turn|61
|
|t:|1728616876
|move|p2a: Celebi|Recover|p2a: Celebi
|-heal|p2a: Celebi|85/100
|move|p1a: Tyranitar|Ice Beam|p2a: Celebi
|-supereffective|p2a: Celebi
|-damage|p2a: Celebi|41/100
|
|-weather|Sandstorm|[upkeep]
|-damage|p2a: Celebi|35/100|[from] Sandstorm
|-heal|p2a: Celebi|41/100|[from] item: Leftovers
|-heal|p1a: Tyranitar|88/100|[from] item: Leftovers
|-damage|p1a: Tyranitar|76/100|[from] Leech Seed|[of] p2a: Celebi
|-heal|p2a: Celebi|54/100|[silent]
|upkeep
|turn|62
|
|t:|1728616880
|switch|p1a: Forretress|Forretress, M|47/100 par
|move|p2a: Celebi|Recover|p2a: Celebi
|-heal|p2a: Celebi|100/100
|
|-weather|Sandstorm|[upkeep]
|-damage|p2a: Celebi|94/100|[from] Sandstorm
|-heal|p2a: Celebi|100/100|[from] item: Leftovers
|-heal|p1a: Forretress|53/100 par|[from] item: Leftovers
|upkeep
|turn|63
|
|t:|1728616886
|move|p2a: Celebi|Swords Dance|p2a: Celebi
|-boost|p2a: Celebi|atk|2
|move|p1a: Forretress|Hidden Power|p2a: Celebi
|-supereffective|p2a: Celebi
|-damage|p2a: Celebi|37/100
|
|-weather|Sandstorm|[upkeep]
|-damage|p2a: Celebi|31/100|[from] Sandstorm
|-heal|p2a: Celebi|37/100|[from] item: Leftovers
|-heal|p1a: Forretress|60/100 par|[from] item: Leftovers
|upkeep
|turn|64
|
|t:|1728616890
|move|p2a: Celebi|Recover|p2a: Celebi
|-heal|p2a: Celebi|87/100
|move|p1a: Forretress|Hidden Power|p2a: Celebi
|-supereffective|p2a: Celebi
|-damage|p2a: Celebi|19/100
|
|-weather|Sandstorm|[upkeep]
|-damage|p2a: Celebi|13/100|[from] Sandstorm
|-heal|p2a: Celebi|19/100|[from] item: Leftovers
|-heal|p1a: Forretress|66/100 par|[from] item: Leftovers
|upkeep
|turn|65
|
|t:|1728616896
|move|p2a: Celebi|Baton Pass|p2a: Celebi
|
|t:|1728616898
|switch|p2a: Swampert|Swampert, F|38/100|[from] Baton Pass
|-damage|p2a: Swampert|13/100|[from] Spikes
|move|p1a: Forretress|Hidden Power|p2a: Swampert
|-damage|p2a: Swampert|0 fnt
|faint|p2a: Swampert
|c|☆Aquafier|gg lol
|
|t:|1728616906
|switch|p2a: Celebi|Celebi|19/100
|-damage|p2a: Celebi|0 fnt|[from] Spikes
|faint|p2a: Celebi
|
|win|CharBoy3000
|c|☆CharBoy3000|Gg
|player|p1|
|player|p1|CharBoy3000|blaine|
|player|p2|
|player|p1|
|player|p1|CharBoy3000|blaine|

</script>
<script type="application/json" class="data" id="replaydata-smogtours-gen3ou-797126">
{"id":"smogtours-gen3ou-797126","format":"[Gen 3] OU","players":["CharBoy3000","Aquafier"],"uploadtime":1728616906,"views":89,"formatid":"gen3ou","rating":null,"private":0,"password":null}
</script>

<script defer src="js/replays.js?9d40a366"></script>
