<!DOCTYPE html>
<meta charset="utf-8" />
<meta name="viewport" content="width=device-width" />

<title>[Gen 3] OU: 1p1o1s1h1e1 vs. BlackWhiteMagic - Replays - Pok&eacute;mon Showdown!</title>

<meta name="description" content="Watch a replay of a Pok&eacute;mon battle between 1p1o1s1h1e1 and BlackWhiteMagic! Format: [Gen 3] OU; Date: Oct 12, 2024" />
<!--

Hey, you! Looking in the source for the replay log?

You can find them in JSON format, just add `.json` at the end of a replay URL.

https://replay.pokemonshowdown.com/gen7randomdoublesbattle-865046831.json

Or, if you only need the log itself, add `.log` instead:

https://replay.pokemonshowdown.com/gen7randomdoublesbattle-865046831.log

-->

<link rel="stylesheet" href="//pokemonshowdown.com/style/global.css?0.023195364461161105" />
<link rel="stylesheet" href="//play.pokemonshowdown.com/style/font-awesome.css?0.13261647063804238" />
<link rel="stylesheet" href="//play.pokemonshowdown.com/style/battle.css?0.8753245789963631" />
<link rel="stylesheet" href="//play.pokemonshowdown.com/style/utilichart.css?0.8627959624976733" />

<!-- Global site tag (gtag.js) - Google Analytics -->
<script async src="https://www.googletagmanager.com/gtag/js?id=UA-26211653-1"></script>
<script>
  window.dataLayer = window.dataLayer || [];
  function gtag(){dataLayer.push(arguments);}
  gtag('js', new Date());

  gtag('config', 'UA-26211653-1');
</script>
<!-- End Google Analytics -->
<!-- Venatus Ad Manager - Install in <HEAD> of page -->
	<script src="https://hb.vntsm.com/v3/live/ad-manager.min.js" type="text/javascript" data-site-id="642aba63ec9a7b11c3c9c1be" data-mode="scan" async></script>
<!-- / Venatus Ad Manager -->

<style>
	@media (max-width:820px) {
		.battle {
			margin: 0 auto;
		}
		.battle-log {
			margin: 7px auto 0;
			max-width: 640px;
			height: 300px;
			position: static;
		}
	}
	.optgroup {
		display: inline-block;
		line-height: 22px;
		font-size: 10pt;
	}
	.optgroup .button {
		height: 25px;
		padding-top: 0;
		padding-bottom: 0;
	}
	.optgroup button.button {
		padding-left: 12px;
		padding-right: 12px;
	}
	.linklist {
		list-style: none;
		margin: 0.5em 0;
		padding: 0;
	}
	.linklist li {
		padding: 2px 0;
	}
	.sidebar {
		float: left;
		width: 320px;
	}
	.bar-wrapper {
		max-width: 1100px;
		margin: 0 auto;
	}
	.bar-wrapper.has-sidebar {
		max-width: 1430px;
	}
	.mainbar {
		margin: 0;
		padding-right: 1px;
	}
	.mainbar.has-sidebar {
		margin-left: 330px;
	}
	@media (min-width: 1511px) {
		.sidebar {
			width: 400px;
		}
		.bar-wrapper.has-sidebar {
			max-width: 1510px;
		}
		.mainbar.has-sidebar {
			margin-left: 410px;
		}
	}
	.section.first-section {
		margin-top: 9px;
	}
	.blocklink small {
		white-space: normal;
	}
	.button {
		vertical-align: middle;
	}
	.replay-controls {
		padding-top: 10px;
	}
	.replay-controls h1 {
		font-size: 16pt;
		font-weight: normal;
		color: #CCC;
	}
	.pagelink {
		text-align: center;
	}
	.pagelink a {
		width: 150px;
	}
	.textbox, .button {
		font-size: 11pt;
		vertical-align: middle;
	}
	@media (max-width: 450px) {
		.button {
			font-size: 9pt;
		}
	}
</style>

<div>

	<header>
		<div class="nav-wrapper"><ul class="nav">
			<li><a class="button nav-first" href="//pokemonshowdown.com/"><img src="//pokemonshowdown.com/images/pokemonshowdownbeta.png" srcset="//pokemonshowdown.com/images/pokemonshowdownbeta.png 1x, //pokemonshowdown.com/images/pokemonshowdownbeta@2x.png 2x" alt="Pok&eacute;mon Showdown" width="146" height="44" /> Home</a></li>
			<li><a class="button" href="//pokemonshowdown.com/dex/">Pok&eacute;dex</a></li>
			<li><a class="button cur" href="/">Replays</a></li>
			<li><a class="button" href="//pokemonshowdown.com/ladder/">Ladder</a></li>
			<li><a class="button nav-last" href="//pokemonshowdown.com/forums/">Forum</a></li>
			<li><a class="button greenbutton nav-first nav-last" href="//play.pokemonshowdown.com/">Play</a></li>
		</ul></div>
	</header>

	<div class="main" id="main">

		<noscript><section class="section">You need to enable JavaScript to use this page; sorry!</section></noscript>

	</div>

</div>

<script defer nomodule src="//play.pokemonshowdown.com/js/lib/ps-polyfill.js"></script>
<script defer src="//play.pokemonshowdown.com/js/lib/preact.min.js"></script>

<script defer src="//play.pokemonshowdown.com/config/config.js?2bddbc15"></script>
<script defer src="//play.pokemonshowdown.com/js/lib/jquery-1.11.0.min.js"></script>
<script defer src="//play.pokemonshowdown.com/js/lib/html-sanitizer-minified.js"></script>
<script defer src="//play.pokemonshowdown.com/js/battle-sound.js"></script>
<script defer src="//play.pokemonshowdown.com/js/battledata.js?0.7209276989879541"></script>
<script defer src="//play.pokemonshowdown.com/data/pokedex-mini.js?0.6111056340867951"></script>
<script defer src="//play.pokemonshowdown.com/data/pokedex-mini-bw.js?0.3532142036491459"></script>
<script defer src="//play.pokemonshowdown.com/data/graphics.js?0.24223875632456182"></script>
<script defer src="//play.pokemonshowdown.com/data/pokedex.js?0.38839984266356864"></script>
<script defer src="//play.pokemonshowdown.com/data/moves.js?0.21866028504024015"></script>
<script defer src="//play.pokemonshowdown.com/data/abilities.js?0.2005157953846628"></script>
<script defer src="//play.pokemonshowdown.com/data/items.js?0.9894211263848525"></script>
<script defer src="//play.pokemonshowdown.com/data/teambuilder-tables.js?0.6008791140282215"></script>
<script defer src="//play.pokemonshowdown.com/js/battle-tooltips.js?0.7580118955022959"></script>
<script defer src="//play.pokemonshowdown.com/js/battle.js?0.6057722274234274"></script>

<script defer src="js/utils.js?e31f9a17"></script>
<script defer src="js/replays-battle.js?7008c182"></script>

<!-- don't scrape this data! just add .json or .log after the URL!
Full API docs: https://github.com/smogon/pokemon-showdown-client/blob/master/WEB-API.md -->
<script type="text/plain" class="log" id="replaylog-smogtours-gen3ou-797824">
|inactive|Battle timer is ON: inactive players will automatically lose when time's up.
|t:|1728768405
|gametype|singles
|player|p1|1p1o1s1h1e1|266|
|player|p2|BlackWhiteMagic|102|
|teamsize|p1|6
|teamsize|p2|6
|gen|3
|tier|[Gen 3] OU
|rule|Sleep Clause Mod: Limit one foe put to sleep
|rule|Switch Priority Clause Mod: Faster Pokémon switch first
|rule|Species Clause: Limit one of each Pokémon
|rule|OHKO Clause: OHKO moves are banned
|rule|Evasion Items Clause: Evasion items are banned
|rule|Evasion Moves Clause: Evasion moves are banned
|rule|Endless Battle Clause: Forcing endless battles is banned
|rule|HP Percentage Mod: HP is shown in percentages
|rule|One Boost Passer Clause: Limit one Baton Passer that has a way to boost its stats
|rule|Freeze Clause Mod: Limit one foe frozen
|
|t:|1728768405
|start
|switch|p1a: Salamence|Salamence, F|100/100
|switch|p2a: Tyranitar|Tyranitar, F, shiny|100/100
|-ability|p1a: Salamence|Intimidate|boost
|-unboost|p2a: Tyranitar|atk|1
|-weather|Sandstorm|[from] ability: Sand Stream|[of] p2a: Tyranitar
|turn|1
|c|☆BlackWhiteMagic|glhf
|
|t:|1728768418
|switch|p2a: Gengar|Gengar, F, shiny|100/100
|move|p1a: Salamence|Brick Break|p2a: Gengar
|-immune|p2a: Gengar
|
|-weather|Sandstorm|[upkeep]
|-damage|p1a: Salamence|94/100|[from] Sandstorm
|-damage|p2a: Gengar|94/100|[from] Sandstorm
|-heal|p1a: Salamence|100/100|[from] item: Leftovers
|-heal|p2a: Gengar|100/100|[from] item: Leftovers
|upkeep
|turn|2
|
|t:|1728768439
|switch|p1a: Zapdos|Zapdos|100/100
|move|p2a: Gengar|Will-O-Wisp|p1a: Zapdos
|-status|p1a: Zapdos|brn
|
|-weather|Sandstorm|[upkeep]
|-damage|p1a: Zapdos|94/100 brn|[from] Sandstorm
|-damage|p2a: Gengar|94/100|[from] Sandstorm
|-heal|p1a: Zapdos|100/100 brn|[from] item: Leftovers
|-damage|p1a: Zapdos|88/100 brn|[from] brn
|-heal|p2a: Gengar|100/100|[from] item: Leftovers
|upkeep
|turn|3
|
|t:|1728768444
|switch|p2a: Blissey|Blissey, F, shiny|100/100
|move|p1a: Zapdos|Thunder Wave|p2a: Blissey
|-status|p2a: Blissey|par
|
|-weather|Sandstorm|[upkeep]
|-damage|p1a: Zapdos|82/100 brn|[from] Sandstorm
|-damage|p2a: Blissey|94/100 par|[from] Sandstorm
|-heal|p1a: Zapdos|88/100 brn|[from] item: Leftovers
|-damage|p1a: Zapdos|76/100 brn|[from] brn
|-heal|p2a: Blissey|100/100 par|[from] item: Leftovers
|upkeep
|turn|4
|
|t:|1728768452
|switch|p1a: Metagross|Metagross|100/100
|-curestatus|p2a: Blissey|par|[from] ability: Natural Cure
|switch|p2a: Skarmory|Skarmory, F, shiny|100/100
|
|-weather|Sandstorm|[upkeep]
|upkeep
|turn|5
|
|t:|1728768455
|move|p1a: Metagross|Hidden Power|p2a: Skarmory
|-supereffective|p2a: Skarmory
|-damage|p2a: Skarmory|59/100
|move|p2a: Skarmory|Spikes|p1a: Metagross
|-sidestart|p1: 1p1o1s1h1e1|Spikes
|
|-weather|Sandstorm|[upkeep]
|-heal|p2a: Skarmory|65/100|[from] item: Leftovers
|upkeep
|turn|6
|
|t:|1728768462
|switch|p2a: Magneton|Magneton, shiny|100/100
|move|p1a: Metagross|Hidden Power|p2a: Magneton
|-supereffective|p2a: Magneton
|-damage|p2a: Magneton|18/100
|
|-weather|Sandstorm|[upkeep]
|-heal|p2a: Magneton|24/100|[from] item: Leftovers
|upkeep
|turn|7
|
|t:|1728768467
|move|p1a: Metagross|Meteor Mash|p2a: Magneton|[miss]
|-miss|p1a: Metagross|p2a: Magneton
|move|p2a: Magneton|Thunderbolt|p1a: Metagross
|-damage|p1a: Metagross|29/100
|
|-weather|Sandstorm|[upkeep]
|-heal|p1a: Metagross|35/100|[from] item: Leftovers
|-heal|p2a: Magneton|30/100|[from] item: Leftovers
|upkeep
|turn|8
|
|t:|1728768480
|move|p2a: Magneton|Protect|p2a: Magneton
|-singleturn|p2a: Magneton|Protect
|move|p1a: Metagross|Hidden Power|p2a: Magneton
|-activate|p2a: Magneton|Protect
|
|-weather|Sandstorm|[upkeep]
|-heal|p1a: Metagross|41/100|[from] item: Leftovers
|-heal|p2a: Magneton|37/100|[from] item: Leftovers
|upkeep
|turn|9
|
|t:|1728768494
|switch|p2a: Blissey|Blissey, F, shiny|100/100
|move|p1a: Metagross|Hidden Power|p2a: Blissey
|-damage|p2a: Blissey|92/100
|
|-weather|Sandstorm|[upkeep]
|-damage|p2a: Blissey|86/100|[from] Sandstorm
|-heal|p1a: Metagross|47/100|[from] item: Leftovers
|-heal|p2a: Blissey|92/100|[from] item: Leftovers
|upkeep
|turn|10
|
|t:|1728768505
|switch|p2a: Skarmory|Skarmory, F, shiny|65/100
|move|p1a: Metagross|Meteor Mash|p2a: Skarmory
|-resisted|p2a: Skarmory
|-damage|p2a: Skarmory|47/100
|
|-weather|Sandstorm|[upkeep]
|-heal|p1a: Metagross|53/100|[from] item: Leftovers
|-heal|p2a: Skarmory|53/100|[from] item: Leftovers
|upkeep
|turn|11
|
|t:|1728768517
|move|p1a: Metagross|Hidden Power|p2a: Skarmory
|-supereffective|p2a: Skarmory
|-damage|p2a: Skarmory|15/100
|move|p2a: Skarmory|Roar|p1a: Metagross
|drag|p1a: Snorlax|Snorlax, M|100/100
|-damage|p1a: Snorlax|88/100|[from] Spikes
|
|-weather|Sandstorm|[upkeep]
|-damage|p1a: Snorlax|82/100|[from] Sandstorm
|-heal|p2a: Skarmory|21/100|[from] item: Leftovers
|-heal|p1a: Snorlax|88/100|[from] item: Leftovers
|upkeep
|turn|12
|
|t:|1728768526
|-singleturn|p1a: Snorlax|move: Focus Punch
|move|p2a: Skarmory|Drill Peck|p1a: Snorlax
|-damage|p1a: Snorlax|67/100
|move|p1a: Snorlax|Focus Punch||[still]
|cant|p1a: Snorlax|Focus Punch|Focus Punch
|
|-weather|Sandstorm|[upkeep]
|-damage|p1a: Snorlax|61/100|[from] Sandstorm
|-heal|p2a: Skarmory|27/100|[from] item: Leftovers
|-heal|p1a: Snorlax|67/100|[from] item: Leftovers
|upkeep
|turn|13
|
|t:|1728768540
|-singleturn|p1a: Snorlax|move: Focus Punch
|switch|p2a: Magneton|Magneton, shiny|37/100
|move|p1a: Snorlax|Focus Punch|p2a: Magneton
|-supereffective|p2a: Magneton
|-damage|p2a: Magneton|0 fnt
|faint|p2a: Magneton
|
|t:|1728768541
|switch|p2a: Gengar|Gengar, F, shiny|100/100
|
|-weather|Sandstorm|[upkeep]
|-damage|p2a: Gengar|94/100|[from] Sandstorm
|-damage|p1a: Snorlax|61/100|[from] Sandstorm
|-heal|p2a: Gengar|100/100|[from] item: Leftovers
|-heal|p1a: Snorlax|67/100|[from] item: Leftovers
|upkeep
|turn|14
|
|t:|1728768558
|switch|p2a: Tyranitar|Tyranitar, F, shiny|100/100
|switch|p1a: Zapdos|Zapdos|76/100 brn
|
|-weather|Sandstorm|[upkeep]
|-damage|p1a: Zapdos|69/100 brn|[from] Sandstorm
|-heal|p1a: Zapdos|76/100 brn|[from] item: Leftovers
|-damage|p1a: Zapdos|63/100 brn|[from] brn
|upkeep
|turn|15
|
|t:|1728768569
|switch|p2a: Blissey|Blissey, F, shiny|92/100
|move|p1a: Zapdos|Thunder Wave|p2a: Blissey
|-status|p2a: Blissey|par
|
|-weather|Sandstorm|[upkeep]
|-damage|p1a: Zapdos|57/100 brn|[from] Sandstorm
|-damage|p2a: Blissey|86/100 par|[from] Sandstorm
|-heal|p1a: Zapdos|63/100 brn|[from] item: Leftovers
|-damage|p1a: Zapdos|51/100 brn|[from] brn
|-heal|p2a: Blissey|92/100 par|[from] item: Leftovers
|upkeep
|turn|16
|
|t:|1728768575
|switch|p1a: Metagross|Metagross|53/100
|-damage|p1a: Metagross|41/100|[from] Spikes
|move|p2a: Blissey|Wish|p2a: Blissey
|
|-weather|Sandstorm|[upkeep]
|-damage|p2a: Blissey|86/100 par|[from] Sandstorm
|-heal|p1a: Metagross|47/100|[from] item: Leftovers
|-heal|p2a: Blissey|92/100 par|[from] item: Leftovers
|upkeep
|turn|17
|
|t:|1728768581
|-curestatus|p2a: Blissey|par|[from] ability: Natural Cure
|switch|p2a: Gengar|Gengar, F, shiny|100/100
|move|p1a: Metagross|Meteor Mash|p2a: Gengar|[miss]
|-miss|p1a: Metagross|p2a: Gengar
|
|-weather|Sandstorm|[upkeep]
|-damage|p2a: Gengar|94/100|[from] Sandstorm
|-heal|p2a: Gengar|100/100|[from] item: Leftovers
|-heal|p1a: Metagross|53/100|[from] item: Leftovers
|upkeep
|turn|18
|
|t:|1728768599
|switch|p2a: Tyranitar|Tyranitar, F, shiny|100/100
|switch|p1a: Zapdos|Zapdos|51/100 brn
|
|-weather|Sandstorm|[upkeep]
|-damage|p1a: Zapdos|44/100 brn|[from] Sandstorm
|-heal|p1a: Zapdos|51/100 brn|[from] item: Leftovers
|-damage|p1a: Zapdos|38/100 brn|[from] brn
|upkeep
|turn|19
|
|t:|1728768619
|move|p1a: Zapdos|Thunderbolt|p2a: Tyranitar
|-damage|p2a: Tyranitar|57/100
|move|p2a: Tyranitar|Rock Slide|p1a: Zapdos
|-supereffective|p1a: Zapdos
|-damage|p1a: Zapdos|0 fnt
|faint|p1a: Zapdos
|
|t:|1728768634
|switch|p1a: Salamence|Salamence, F|100/100
|-ability|p1a: Salamence|Intimidate|boost
|-unboost|p2a: Tyranitar|atk|1
|
|-weather|Sandstorm|[upkeep]
|-damage|p1a: Salamence|94/100|[from] Sandstorm
|-heal|p1a: Salamence|100/100|[from] item: Leftovers
|-heal|p2a: Tyranitar|64/100|[from] item: Leftovers
|upkeep
|turn|20
|
|t:|1728768653
|switch|p2a: Blissey|Blissey, F, shiny|92/100
|move|p1a: Salamence|Dragon Claw|p2a: Blissey
|-damage|p2a: Blissey|78/100
|
|-weather|Sandstorm|[upkeep]
|-damage|p1a: Salamence|94/100|[from] Sandstorm
|-damage|p2a: Blissey|72/100|[from] Sandstorm
|-heal|p1a: Salamence|100/100|[from] item: Leftovers
|-heal|p2a: Blissey|78/100|[from] item: Leftovers
|upkeep
|turn|21
|
|t:|1728768659
|switch|p1a: Metagross|Metagross|53/100
|-damage|p1a: Metagross|41/100|[from] Spikes
|move|p2a: Blissey|Ice Beam|p1a: Metagross
|-resisted|p1a: Metagross
|-damage|p1a: Metagross|26/100
|
|-weather|Sandstorm|[upkeep]
|-damage|p2a: Blissey|72/100|[from] Sandstorm
|-heal|p1a: Metagross|32/100|[from] item: Leftovers
|-heal|p2a: Blissey|78/100|[from] item: Leftovers
|upkeep
|turn|22
|
|t:|1728768675
|move|p1a: Metagross|Psychic|p2a: Blissey
|-damage|p2a: Blissey|61/100
|-unboost|p2a: Blissey|spd|1
|move|p2a: Blissey|Wish|p2a: Blissey
|
|-weather|Sandstorm|[upkeep]
|-damage|p2a: Blissey|55/100|[from] Sandstorm
|-heal|p1a: Metagross|38/100|[from] item: Leftovers
|-heal|p2a: Blissey|61/100|[from] item: Leftovers
|upkeep
|turn|23
|
|t:|1728768682
|switch|p2a: Tyranitar|Tyranitar, F, shiny|64/100
|move|p1a: Metagross|Meteor Mash|p2a: Tyranitar
|-supereffective|p2a: Tyranitar
|-damage|p2a: Tyranitar|0 fnt
|faint|p2a: Tyranitar
|
|t:|1728768684
|switch|p2a: Skarmory|Skarmory, F, shiny|27/100
|
|-heal|p2a: Skarmory|77/100|[from] move: Wish|[wisher] Blissey
|-weather|Sandstorm|[upkeep]
|-heal|p1a: Metagross|44/100|[from] item: Leftovers
|-heal|p2a: Skarmory|83/100|[from] item: Leftovers
|upkeep
|turn|24
|
|t:|1728768694
|move|p1a: Metagross|Hidden Power|p2a: Skarmory
|-supereffective|p2a: Skarmory
|-damage|p2a: Skarmory|41/100
|move|p2a: Skarmory|Roar|p1a: Metagross
|drag|p1a: Snorlax|Snorlax, M|67/100
|-damage|p1a: Snorlax|54/100|[from] Spikes
|
|-weather|Sandstorm|[upkeep]
|-damage|p1a: Snorlax|48/100|[from] Sandstorm
|-heal|p2a: Skarmory|47/100|[from] item: Leftovers
|-heal|p1a: Snorlax|54/100|[from] item: Leftovers
|upkeep
|turn|25
|
|t:|1728768702
|move|p2a: Skarmory|Spikes|p1a: Snorlax
|-sidestart|p1: 1p1o1s1h1e1|Spikes
|move|p1a: Snorlax|Body Slam|p2a: Skarmory
|-resisted|p2a: Skarmory
|-damage|p2a: Skarmory|32/100
|-status|p2a: Skarmory|par
|
|-weather|Sandstorm|[upkeep]
|-damage|p1a: Snorlax|48/100|[from] Sandstorm
|-heal|p1a: Snorlax|54/100|[from] item: Leftovers
|-heal|p2a: Skarmory|38/100 par|[from] item: Leftovers
|upkeep
|turn|26
|
|t:|1728768708
|-singleturn|p1a: Snorlax|move: Focus Punch
|move|p2a: Skarmory|Drill Peck|p1a: Snorlax
|-damage|p1a: Snorlax|34/100
|move|p1a: Snorlax|Focus Punch||[still]
|cant|p1a: Snorlax|Focus Punch|Focus Punch
|
|-weather|Sandstorm|[upkeep]
|-damage|p1a: Snorlax|28/100|[from] Sandstorm
|-heal|p1a: Snorlax|34/100|[from] item: Leftovers
|-heal|p2a: Skarmory|44/100 par|[from] item: Leftovers
|upkeep
|turn|27
|
|t:|1728768715
|move|p1a: Snorlax|Shadow Ball|p2a: Skarmory
|-resisted|p2a: Skarmory
|-damage|p2a: Skarmory|35/100 par
|move|p2a: Skarmory|Drill Peck|p1a: Snorlax
|-damage|p1a: Snorlax|13/100
|
|-weather|Sandstorm|[upkeep]
|-damage|p1a: Snorlax|7/100|[from] Sandstorm
|-heal|p1a: Snorlax|13/100|[from] item: Leftovers
|-heal|p2a: Skarmory|41/100 par|[from] item: Leftovers
|upkeep
|turn|28
|
|t:|1728768719
|move|p1a: Snorlax|Self-Destruct|p2a: Skarmory
|-resisted|p2a: Skarmory
|-damage|p2a: Skarmory|0 fnt
|faint|p1a: Snorlax
|faint|p2a: Skarmory
|
|t:|1728768734
|switch|p2a: Gengar|Gengar, F, shiny|100/100
|switch|p1a: Metagross|Metagross|44/100
|-damage|p1a: Metagross|27/100|[from] Spikes
|
|-weather|Sandstorm|[upkeep]
|-damage|p2a: Gengar|94/100|[from] Sandstorm
|-heal|p2a: Gengar|100/100|[from] item: Leftovers
|-heal|p1a: Metagross|33/100|[from] item: Leftovers
|upkeep
|turn|29
|
|t:|1728768739
|move|p2a: Gengar|Thunderbolt|p1a: Metagross
|-damage|p1a: Metagross|0 fnt
|faint|p1a: Metagross
|
|t:|1728768750
|switch|p1a: Salamence|Salamence, F|100/100
|-ability|p1a: Salamence|Intimidate|boost
|-unboost|p2a: Gengar|atk|1
|
|-weather|Sandstorm|[upkeep]
|-damage|p1a: Salamence|94/100|[from] Sandstorm
|-damage|p2a: Gengar|94/100|[from] Sandstorm
|-heal|p1a: Salamence|100/100|[from] item: Leftovers
|-heal|p2a: Gengar|100/100|[from] item: Leftovers
|upkeep
|turn|30
|
|t:|1728768755
|move|p1a: Salamence|Dragon Claw|p2a: Gengar
|-damage|p2a: Gengar|61/100
|move|p2a: Gengar|Ice Punch|p1a: Salamence
|-supereffective|p1a: Salamence
|-damage|p1a: Salamence|0 fnt
|faint|p1a: Salamence
|
|t:|1728768760
|switch|p1a: Tyranitar|Tyranitar, F|100/100
|-damage|p1a: Tyranitar|84/100|[from] Spikes
|
|-weather|Sandstorm|[upkeep]
|-damage|p2a: Gengar|54/100|[from] Sandstorm
|-heal|p2a: Gengar|61/100|[from] item: Leftovers
|upkeep
|turn|31
|
|t:|1728768767
|switch|p2a: Metagross|Metagross|100/100
|move|p1a: Tyranitar|Dragon Dance|p1a: Tyranitar
|-boost|p1a: Tyranitar|atk|1
|-boost|p1a: Tyranitar|spe|1
|
|-weather|Sandstorm|[upkeep]
|upkeep
|turn|32
|
|t:|1728768774
|move|p1a: Tyranitar|Earthquake|p2a: Metagross
|-supereffective|p2a: Metagross
|-damage|p2a: Metagross|17/100
|move|p2a: Metagross|Agility|p2a: Metagross
|-boost|p2a: Metagross|spe|2
|
|-weather|Sandstorm|[upkeep]
|upkeep
|turn|33
|
|t:|1728768781
|switch|p1a: Swampert|Swampert, M|100/100
|-damage|p1a: Swampert|84/100|[from] Spikes
|move|p2a: Metagross|Meteor Mash|p1a: Swampert
|-resisted|p1a: Swampert
|-damage|p1a: Swampert|52/100
|
|-weather|Sandstorm|[upkeep]
|-heal|p1a: Swampert|58/100|[from] item: Leftovers
|upkeep
|turn|34
|inactive|BlackWhiteMagic has 270 seconds left.
|
|t:|1728768812
|switch|p2a: Blissey|Blissey, F, shiny|61/100
|move|p1a: Swampert|Earthquake|p2a: Blissey
|-damage|p2a: Blissey|24/100
|
|-weather|Sandstorm|[upkeep]
|-damage|p2a: Blissey|18/100|[from] Sandstorm
|-heal|p1a: Swampert|64/100|[from] item: Leftovers
|-heal|p2a: Blissey|24/100|[from] item: Leftovers
|upkeep
|turn|35
|
|t:|1728768819
|-singleturn|p1a: Swampert|move: Focus Punch
|move|p2a: Blissey|Ice Beam|p1a: Swampert
|-damage|p1a: Swampert|38/100
|-status|p1a: Swampert|frz
|cant|p1a: Swampert|frz
|
|-weather|Sandstorm|[upkeep]
|-damage|p2a: Blissey|18/100|[from] Sandstorm
|-heal|p1a: Swampert|44/100 frz|[from] item: Leftovers
|-heal|p2a: Blissey|24/100|[from] item: Leftovers
|upkeep
|turn|36
|
|t:|1728768826
|cant|p1a: Swampert|frz
|move|p2a: Blissey|Wish|p2a: Blissey
|
|-weather|Sandstorm|[upkeep]
|-damage|p2a: Blissey|18/100|[from] Sandstorm
|-heal|p1a: Swampert|50/100 frz|[from] item: Leftovers
|-heal|p2a: Blissey|24/100|[from] item: Leftovers
|upkeep
|turn|37
|
|t:|1728768831
|switch|p2a: Metagross|Metagross|17/100
|cant|p1a: Swampert|frz
|
|-heal|p2a: Metagross|66/100|[from] move: Wish|[wisher] Blissey
|-weather|Sandstorm|[upkeep]
|-heal|p1a: Swampert|56/100 frz|[from] item: Leftovers
|upkeep
|turn|38
|
|t:|1728768834
|switch|p2a: Gengar|Gengar, F, shiny|61/100
|cant|p1a: Swampert|frz
|
|-weather|Sandstorm|[upkeep]
|-damage|p2a: Gengar|54/100|[from] Sandstorm
|-heal|p2a: Gengar|61/100|[from] item: Leftovers
|-heal|p1a: Swampert|62/100 frz|[from] item: Leftovers
|upkeep
|turn|39
|
|t:|1728768845
|switch|p2a: Blissey|Blissey, F, shiny|24/100
|-curestatus|p1a: Swampert|frz|[msg]
|move|p1a: Swampert|Hydro Pump|p2a: Blissey
|-damage|p2a: Blissey|2/100
|
|-weather|Sandstorm|[upkeep]
|-damage|p2a: Blissey|0 fnt|[from] Sandstorm
|faint|p2a: Blissey
|-heal|p1a: Swampert|69/100|[from] item: Leftovers
|upkeep
|
|t:|1728768849
|switch|p2a: Gengar|Gengar, F, shiny|61/100
|turn|40
|
|t:|1728768855
|move|p2a: Gengar|Giga Drain|p1a: Swampert
|-supereffective|p1a: Swampert
|-damage|p1a: Swampert|0 fnt
|-heal|p2a: Gengar|96/100|[from] drain|[of] p1a: Swampert
|faint|p1a: Swampert
|
|t:|1728768857
|switch|p1a: Tyranitar|Tyranitar, F|84/100
|-damage|p1a: Tyranitar|68/100|[from] Spikes
|
|-weather|Sandstorm|[upkeep]
|-damage|p2a: Gengar|90/100|[from] Sandstorm
|-heal|p2a: Gengar|96/100|[from] item: Leftovers
|upkeep
|turn|41
|
|t:|1728768866
|move|p2a: Gengar|Giga Drain|p1a: Tyranitar
|-supereffective|p1a: Tyranitar
|-damage|p1a: Tyranitar|30/100
|-heal|p2a: Gengar|100/100|[from] drain|[of] p1a: Tyranitar
|move|p1a: Tyranitar|Dragon Dance|p1a: Tyranitar
|-boost|p1a: Tyranitar|atk|1
|-boost|p1a: Tyranitar|spe|1
|
|-weather|Sandstorm|[upkeep]
|-damage|p2a: Gengar|94/100|[from] Sandstorm
|-heal|p2a: Gengar|100/100|[from] item: Leftovers
|upkeep
|turn|42
|
|t:|1728768874
|move|p1a: Tyranitar|Rock Slide|p2a: Gengar
|-damage|p2a: Gengar|14/100
|cant|p2a: Gengar|flinch
|
|-weather|Sandstorm|[upkeep]
|-damage|p2a: Gengar|8/100|[from] Sandstorm
|-heal|p2a: Gengar|14/100|[from] item: Leftovers
|upkeep
|turn|43
|
|t:|1728768879
|move|p1a: Tyranitar|Rock Slide|p2a: Gengar
|-damage|p2a: Gengar|0 fnt
|faint|p2a: Gengar
|
|t:|1728768881
|switch|p2a: Metagross|Metagross|66/100
|
|-weather|Sandstorm|[upkeep]
|upkeep
|turn|44
|
|t:|1728768883
|move|p1a: Tyranitar|Earthquake|p2a: Metagross
|-supereffective|p2a: Metagross
|-damage|p2a: Metagross|0 fnt
|faint|p2a: Metagross
|
|win|1p1o1s1h1e1
|c|☆BlackWhiteMagic|ggs
|c|☆1p1o1s1h1e1|gg

</script>
<script type="application/json" class="data" id="replaydata-smogtours-gen3ou-797824">
{"id":"smogtours-gen3ou-797824","format":"[Gen 3] OU","players":["1p1o1s1h1e1","BlackWhiteMagic"],"uploadtime":1728768883,"views":92,"formatid":"gen3ou","rating":null,"private":0,"password":null}
</script>

<script defer src="js/replays.js?9d40a366"></script>
