<!DOCTYPE html>
<meta charset="utf-8" />
<meta name="viewport" content="width=device-width" />

<title>[Gen 3] OU: CD56 vs. SixOfRobins - Replays - Pok&eacute;mon Showdown!</title>

<meta name="description" content="Watch a replay of a Pok&eacute;mon battle between CD56 and SixOfRobins! Format: [Gen 3] OU; Date: Oct 2, 2024" />
<!--

Hey, you! Looking in the source for the replay log?

You can find them in JSON format, just add `.json` at the end of a replay URL.

https://replay.pokemonshowdown.com/gen7randomdoublesbattle-865046831.json

Or, if you only need the log itself, add `.log` instead:

https://replay.pokemonshowdown.com/gen7randomdoublesbattle-865046831.log

-->

<link rel="stylesheet" href="//pokemonshowdown.com/style/global.css?0.023195364461161105" />
<link rel="stylesheet" href="//play.pokemonshowdown.com/style/font-awesome.css?0.13261647063804238" />
<link rel="stylesheet" href="//play.pokemonshowdown.com/style/battle.css?0.8753245789963631" />
<link rel="stylesheet" href="//play.pokemonshowdown.com/style/utilichart.css?0.8627959624976733" />

<!-- Global site tag (gtag.js) - Google Analytics -->
<script async src="https://www.googletagmanager.com/gtag/js?id=UA-26211653-1"></script>
<script>
  window.dataLayer = window.dataLayer || [];
  function gtag(){dataLayer.push(arguments);}
  gtag('js', new Date());

  gtag('config', 'UA-26211653-1');
</script>
<!-- End Google Analytics -->
<!-- Venatus Ad Manager - Install in <HEAD> of page -->
	<script src="https://hb.vntsm.com/v3/live/ad-manager.min.js" type="text/javascript" data-site-id="642aba63ec9a7b11c3c9c1be" data-mode="scan" async></script>
<!-- / Venatus Ad Manager -->

<style>
	@media (max-width:820px) {
		.battle {
			margin: 0 auto;
		}
		.battle-log {
			margin: 7px auto 0;
			max-width: 640px;
			height: 300px;
			position: static;
		}
	}
	.optgroup {
		display: inline-block;
		line-height: 22px;
		font-size: 10pt;
	}
	.optgroup .button {
		height: 25px;
		padding-top: 0;
		padding-bottom: 0;
	}
	.optgroup button.button {
		padding-left: 12px;
		padding-right: 12px;
	}
	.linklist {
		list-style: none;
		margin: 0.5em 0;
		padding: 0;
	}
	.linklist li {
		padding: 2px 0;
	}
	.sidebar {
		float: left;
		width: 320px;
	}
	.bar-wrapper {
		max-width: 1100px;
		margin: 0 auto;
	}
	.bar-wrapper.has-sidebar {
		max-width: 1430px;
	}
	.mainbar {
		margin: 0;
		padding-right: 1px;
	}
	.mainbar.has-sidebar {
		margin-left: 330px;
	}
	@media (min-width: 1511px) {
		.sidebar {
			width: 400px;
		}
		.bar-wrapper.has-sidebar {
			max-width: 1510px;
		}
		.mainbar.has-sidebar {
			margin-left: 410px;
		}
	}
	.section.first-section {
		margin-top: 9px;
	}
	.blocklink small {
		white-space: normal;
	}
	.button {
		vertical-align: middle;
	}
	.replay-controls {
		padding-top: 10px;
	}
	.replay-controls h1 {
		font-size: 16pt;
		font-weight: normal;
		color: #CCC;
	}
	.pagelink {
		text-align: center;
	}
	.pagelink a {
		width: 150px;
	}
	.textbox, .button {
		font-size: 11pt;
		vertical-align: middle;
	}
	@media (max-width: 450px) {
		.button {
			font-size: 9pt;
		}
	}
</style>

<div>

	<header>
		<div class="nav-wrapper"><ul class="nav">
			<li><a class="button nav-first" href="//pokemonshowdown.com/"><img src="//pokemonshowdown.com/images/pokemonshowdownbeta.png" srcset="//pokemonshowdown.com/images/pokemonshowdownbeta.png 1x, //pokemonshowdown.com/images/pokemonshowdownbeta@2x.png 2x" alt="Pok&eacute;mon Showdown" width="146" height="44" /> Home</a></li>
			<li><a class="button" href="//pokemonshowdown.com/dex/">Pok&eacute;dex</a></li>
			<li><a class="button cur" href="/">Replays</a></li>
			<li><a class="button" href="//pokemonshowdown.com/ladder/">Ladder</a></li>
			<li><a class="button nav-last" href="//pokemonshowdown.com/forums/">Forum</a></li>
			<li><a class="button greenbutton nav-first nav-last" href="//play.pokemonshowdown.com/">Play</a></li>
		</ul></div>
	</header>

	<div class="main" id="main">

		<noscript><section class="section">You need to enable JavaScript to use this page; sorry!</section></noscript>

	</div>

</div>

<script defer nomodule src="//play.pokemonshowdown.com/js/lib/ps-polyfill.js"></script>
<script defer src="//play.pokemonshowdown.com/js/lib/preact.min.js"></script>

<script defer src="//play.pokemonshowdown.com/config/config.js?2bddbc15"></script>
<script defer src="//play.pokemonshowdown.com/js/lib/jquery-1.11.0.min.js"></script>
<script defer src="//play.pokemonshowdown.com/js/lib/html-sanitizer-minified.js"></script>
<script defer src="//play.pokemonshowdown.com/js/battle-sound.js"></script>
<script defer src="//play.pokemonshowdown.com/js/battledata.js?0.7209276989879541"></script>
<script defer src="//play.pokemonshowdown.com/data/pokedex-mini.js?0.6111056340867951"></script>
<script defer src="//play.pokemonshowdown.com/data/pokedex-mini-bw.js?0.3532142036491459"></script>
<script defer src="//play.pokemonshowdown.com/data/graphics.js?0.24223875632456182"></script>
<script defer src="//play.pokemonshowdown.com/data/pokedex.js?0.38839984266356864"></script>
<script defer src="//play.pokemonshowdown.com/data/moves.js?0.21866028504024015"></script>
<script defer src="//play.pokemonshowdown.com/data/abilities.js?0.2005157953846628"></script>
<script defer src="//play.pokemonshowdown.com/data/items.js?0.9894211263848525"></script>
<script defer src="//play.pokemonshowdown.com/data/teambuilder-tables.js?0.6008791140282215"></script>
<script defer src="//play.pokemonshowdown.com/js/battle-tooltips.js?0.7580118955022959"></script>
<script defer src="//play.pokemonshowdown.com/js/battle.js?0.6057722274234274"></script>

<script defer src="js/utils.js?e31f9a17"></script>
<script defer src="js/replays-battle.js?7008c182"></script>

<!-- don't scrape this data! just add .json or .log after the URL!
Full API docs: https://github.com/smogon/pokemon-showdown-client/blob/master/WEB-API.md -->
<script type="text/plain" class="log" id="replaylog-gen3ou-2214662890">
|j|☆CD56
|j|☆SixOfRobins
|t:|1727911069
|gametype|singles
|player|p1|CD56|170|
|player|p2|SixOfRobins|plasmagruntf|
|teamsize|p1|6
|teamsize|p2|6
|gen|3
|tier|[Gen 3] OU
|rule|Sleep Clause Mod: Limit one foe put to sleep
|rule|Switch Priority Clause Mod: Faster Pokémon switch first
|rule|Species Clause: Limit one of each Pokémon
|rule|OHKO Clause: OHKO moves are banned
|rule|Evasion Items Clause: Evasion items are banned
|rule|Evasion Moves Clause: Evasion moves are banned
|rule|Endless Battle Clause: Forcing endless battles is banned
|rule|HP Percentage Mod: HP is shown in percentages
|rule|One Boost Passer Clause: Limit one Baton Passer that has a way to boost its stats
|rule|Freeze Clause Mod: Limit one foe frozen
|
|t:|1727911070
|start
|switch|p1a: Zapdos|Zapdos|100/100
|switch|p2a: Metagross|Metagross|100/100
|turn|1
|
|t:|1727911093
|switch|p2a: Skarmory|Skarmory, F|100/100
|move|p1a: Zapdos|Baton Pass|p1a: Zapdos
|
|t:|1727911099
|switch|p1a: Jirachi|Jirachi|100/100|[from] Baton Pass
|
|upkeep
|turn|2
|
|t:|1727911105
|move|p1a: Jirachi|Calm Mind|p1a: Jirachi
|-boost|p1a: Jirachi|spa|1
|-boost|p1a: Jirachi|spd|1
|move|p2a: Skarmory|Spikes|p1a: Jirachi
|-sidestart|p1: CD56|Spikes
|
|upkeep
|turn|3
|
|t:|1727911110
|move|p1a: Jirachi|Fire Punch|p2a: Skarmory
|-supereffective|p2a: Skarmory
|-damage|p2a: Skarmory|45/100
|move|p2a: Skarmory|Roar|p1a: Jirachi
|drag|p1a: Zapdos|Zapdos|100/100
|
|-heal|p2a: Skarmory|50/100|[from] item: Leftovers
|upkeep
|turn|4
|
|t:|1727911125
|move|p2a: Skarmory|Protect|p2a: Skarmory
|-singleturn|p2a: Skarmory|Protect
|move|p1a: Zapdos|Thunderbolt|p2a: Skarmory
|-activate|p2a: Skarmory|Protect
|
|-heal|p2a: Skarmory|56/100|[from] item: Leftovers
|upkeep
|turn|5
|
|t:|1727911137
|switch|p2a: Regice|Regice|100/100
|move|p1a: Zapdos|Thunderbolt|p2a: Regice
|-damage|p2a: Regice|76/100
|
|-heal|p2a: Regice|82/100|[from] item: Leftovers
|upkeep
|turn|6
|
|t:|1727911146
|move|p1a: Zapdos|Baton Pass|p1a: Zapdos
|
|t:|1727911148
|switch|p1a: Metagross|Metagross|100/100|[from] Baton Pass
|-damage|p1a: Metagross|88/100|[from] Spikes
|move|p2a: Regice|Thunder Wave|p1a: Metagross
|-status|p1a: Metagross|par
|
|-heal|p2a: Regice|88/100|[from] item: Leftovers
|-heal|p1a: Metagross|94/100 par|[from] item: Leftovers
|upkeep
|turn|7
|
|t:|1727911162
|switch|p2a: Suicune|Suicune|100/100
|move|p1a: Metagross|Meteor Mash|p2a: Suicune
|-resisted|p2a: Suicune
|-damage|p2a: Suicune|82/100
|
|-heal|p2a: Suicune|88/100|[from] item: Leftovers
|-heal|p1a: Metagross|100/100 par|[from] item: Leftovers
|upkeep
|turn|8
|
|t:|1727911176
|switch|p2a: Skarmory|Skarmory, F|56/100
|switch|p1a: Zapdos|Zapdos|100/100
|
|-heal|p2a: Skarmory|62/100|[from] item: Leftovers
|upkeep
|turn|9
|
|t:|1727911184
|move|p2a: Skarmory|Protect|p2a: Skarmory
|-singleturn|p2a: Skarmory|Protect
|move|p1a: Zapdos|Baton Pass|p1a: Zapdos
|
|t:|1727911185
|switch|p1a: Jirachi|Jirachi|100/100|[from] Baton Pass
|-damage|p1a: Jirachi|88/100|[from] Spikes
|
|-heal|p1a: Jirachi|94/100|[from] item: Leftovers
|-heal|p2a: Skarmory|68/100|[from] item: Leftovers
|upkeep
|turn|10
|
|t:|1727911208
|move|p1a: Jirachi|Fire Punch|p2a: Skarmory
|-supereffective|p2a: Skarmory
|-damage|p2a: Skarmory|26/100
|move|p2a: Skarmory|Spikes|p1a: Jirachi
|-sidestart|p1: CD56|Spikes
|
|-heal|p1a: Jirachi|100/100|[from] item: Leftovers
|-heal|p2a: Skarmory|32/100|[from] item: Leftovers
|upkeep
|turn|11
|
|t:|1727911228
|switch|p2a: Claydol|Claydol|100/100
|move|p1a: Jirachi|Calm Mind|p1a: Jirachi
|-boost|p1a: Jirachi|spa|1
|-boost|p1a: Jirachi|spd|1
|
|upkeep
|turn|12
|
|t:|1727911234
|switch|p1a: Zapdos|Zapdos|100/100
|move|p2a: Claydol|Earthquake|p1a: Zapdos
|-immune|p1a: Zapdos
|
|upkeep
|turn|13
|
|t:|1727911243
|switch|p2a: Regice|Regice|88/100
|move|p1a: Zapdos|Hidden Power|p2a: Regice
|-damage|p2a: Regice|77/100
|
|-heal|p2a: Regice|83/100|[from] item: Leftovers
|upkeep
|turn|14
|
|t:|1727911253
|move|p1a: Zapdos|Baton Pass|p1a: Zapdos
|
|t:|1727911262
|switch|p1a: Metagross|Metagross|100/100 par|[from] Baton Pass
|-damage|p1a: Metagross|84/100 par|[from] Spikes
|move|p2a: Regice|Thunderbolt|p1a: Metagross
|-damage|p1a: Metagross|53/100 par
|
|-heal|p2a: Regice|89/100|[from] item: Leftovers
|-heal|p1a: Metagross|59/100 par|[from] item: Leftovers
|upkeep
|turn|15
|
|t:|1727911280
|switch|p2a: Claydol|Claydol|100/100
|move|p1a: Metagross|Meteor Mash|p2a: Claydol
|-damage|p2a: Claydol|54/100
|
|-heal|p2a: Claydol|60/100|[from] item: Leftovers
|-heal|p1a: Metagross|65/100 par|[from] item: Leftovers
|upkeep
|turn|16
|
|t:|1727911293
|switch|p1a: Zapdos|Zapdos|100/100
|move|p2a: Claydol|Earthquake|p1a: Zapdos
|-immune|p1a: Zapdos
|
|-heal|p2a: Claydol|66/100|[from] item: Leftovers
|upkeep
|turn|17
|
|t:|1727911305
|switch|p2a: Regice|Regice|89/100
|move|p1a: Zapdos|Thunder Wave|p2a: Regice
|-status|p2a: Regice|par
|
|-heal|p2a: Regice|95/100 par|[from] item: Leftovers
|upkeep
|turn|18
|
|t:|1727911314
|switch|p1a: Raikou|Raikou|100/100
|-damage|p1a: Raikou|84/100|[from] Spikes
|move|p2a: Regice|Ice Beam|p1a: Raikou
|-damage|p1a: Raikou|40/100
|
|-heal|p1a: Raikou|47/100|[from] item: Leftovers
|-heal|p2a: Regice|100/100 par|[from] item: Leftovers
|upkeep
|turn|19
|
|t:|1727911323
|move|p1a: Raikou|Calm Mind|p1a: Raikou
|-boost|p1a: Raikou|spa|1
|-boost|p1a: Raikou|spd|1
|move|p2a: Regice|Ice Beam|p1a: Raikou
|-damage|p1a: Raikou|15/100
|
|-heal|p1a: Raikou|21/100|[from] item: Leftovers
|upkeep
|turn|20
|
|t:|1727911329
|move|p1a: Raikou|Thunderbolt|p2a: Regice
|-damage|p2a: Regice|63/100 par
|cant|p2a: Regice|par
|
|-heal|p1a: Raikou|28/100|[from] item: Leftovers
|-heal|p2a: Regice|69/100 par|[from] item: Leftovers
|upkeep
|turn|21
|
|t:|1727911338
|move|p1a: Raikou|Substitute|p1a: Raikou
|-start|p1a: Raikou|Substitute
|-damage|p1a: Raikou|3/100
|move|p2a: Regice|Explosion|p1a: Raikou
|-end|p1a: Raikou|Substitute
|faint|p2a: Regice
|c|☆SixOfRobins|lol
|c|☆SixOfRobins|read like a book
|c|☆CD56|happens
|c|☆CD56|youre no slouch
|c|☆SixOfRobins|thanks man
|c|☆SixOfRobins|you too
|
|t:|1727911380
|switch|p2a: Skarmory|Skarmory, F|32/100
|
|-heal|p1a: Raikou|9/100|[from] item: Leftovers
|-heal|p2a: Skarmory|38/100|[from] item: Leftovers
|upkeep
|turn|22
|c|☆CD56|much appreciated
|
|t:|1727911388
|move|p1a: Raikou|Thunderbolt|p2a: Skarmory
|-supereffective|p2a: Skarmory
|-damage|p2a: Skarmory|0 fnt
|faint|p2a: Skarmory
|
|t:|1727911408
|switch|p2a: Metagross|Metagross|100/100
|
|-heal|p1a: Raikou|15/100|[from] item: Leftovers
|upkeep
|turn|23
|
|t:|1727911412
|move|p1a: Raikou|Thunderbolt|p2a: Metagross
|-damage|p2a: Metagross|18/100
|move|p2a: Metagross|Earthquake|p1a: Raikou
|-supereffective|p1a: Raikou
|-damage|p1a: Raikou|0 fnt
|faint|p1a: Raikou
|
|t:|1727911418
|switch|p1a: Dugtrio|Dugtrio, M|100/100
|-damage|p1a: Dugtrio|84/100|[from] Spikes
|
|upkeep
|turn|24
|
|t:|1727911423
|move|p1a: Dugtrio|Earthquake|p2a: Metagross
|-supereffective|p2a: Metagross
|-damage|p2a: Metagross|0 fnt
|faint|p2a: Metagross
|
|t:|1727911436
|switch|p2a: Claydol|Claydol|66/100
|
|-heal|p2a: Claydol|72/100|[from] item: Leftovers
|upkeep
|turn|25
|
|t:|1727911457
|switch|p1a: Zapdos|Zapdos|100/100
|move|p2a: Claydol|Explosion|p1a: Zapdos
|-damage|p1a: Zapdos|0 fnt
|faint|p2a: Claydol
|faint|p1a: Zapdos
|
|t:|1727911468
|switch|p1a: Metagross|Metagross|65/100 par
|switch|p2a: Suicune|Suicune|88/100
|-damage|p1a: Metagross|49/100 par|[from] Spikes
|
|-heal|p2a: Suicune|95/100|[from] item: Leftovers
|-heal|p1a: Metagross|55/100 par|[from] item: Leftovers
|upkeep
|turn|26
|
|t:|1727911488
|switch|p2a: Tyranitar|Tyranitar, M|100/100
|-weather|Sandstorm|[from] ability: Sand Stream|[of] p2a: Tyranitar
|move|p1a: Metagross|Explosion|p2a: Tyranitar
|-resisted|p2a: Tyranitar
|-damage|p2a: Tyranitar|35/100
|faint|p1a: Metagross
|
|t:|1727911490
|switch|p1a: Dugtrio|Dugtrio, M|84/100
|-damage|p1a: Dugtrio|67/100|[from] Spikes
|
|-weather|Sandstorm|[upkeep]
|upkeep
|turn|27
|
|t:|1727911500
|move|p1a: Dugtrio|Earthquake|p2a: Tyranitar
|-supereffective|p2a: Tyranitar
|-damage|p2a: Tyranitar|0 fnt
|faint|p2a: Tyranitar
|
|t:|1727911505
|switch|p2a: Suicune|Suicune|95/100
|
|-weather|Sandstorm|[upkeep]
|-damage|p2a: Suicune|88/100|[from] Sandstorm
|-heal|p2a: Suicune|95/100|[from] item: Leftovers
|upkeep
|turn|28
|
|t:|1727911511
|move|p1a: Dugtrio|Earthquake|p2a: Suicune
|-damage|p2a: Suicune|53/100
|move|p2a: Suicune|Calm Mind|p2a: Suicune
|-boost|p2a: Suicune|spa|1
|-boost|p2a: Suicune|spd|1
|
|-weather|Sandstorm|[upkeep]
|-damage|p2a: Suicune|47/100|[from] Sandstorm
|-heal|p2a: Suicune|53/100|[from] item: Leftovers
|upkeep
|turn|29
|
|t:|1727911520
|move|p1a: Dugtrio|Earthquake|p2a: Suicune
|-damage|p2a: Suicune|14/100
|move|p2a: Suicune|Rest|p2a: Suicune
|-status|p2a: Suicune|slp|[from] move: Rest
|-heal|p2a: Suicune|100/100 slp|[silent]
|
|-weather|Sandstorm|[upkeep]
|-damage|p2a: Suicune|94/100 slp|[from] Sandstorm
|-heal|p2a: Suicune|100/100 slp|[from] item: Leftovers
|upkeep
|turn|30
|
|t:|1727911529
|move|p1a: Dugtrio|Earthquake|p2a: Suicune
|-damage|p2a: Suicune|54/100 slp
|cant|p2a: Suicune|slp
|move|p2a: Suicune|Sleep Talk|p2a: Suicune
|move|p2a: Suicune|Calm Mind|p2a: Suicune|[from]Sleep Talk
|-boost|p2a: Suicune|spa|1
|-boost|p2a: Suicune|spd|1
|
|-weather|Sandstorm|[upkeep]
|-damage|p2a: Suicune|48/100 slp|[from] Sandstorm
|-heal|p2a: Suicune|54/100 slp|[from] item: Leftovers
|upkeep
|turn|31
|
|t:|1727911540
|move|p1a: Dugtrio|Earthquake|p2a: Suicune
|-damage|p2a: Suicune|9/100 slp
|cant|p2a: Suicune|slp
|move|p2a: Suicune|Sleep Talk|p2a: Suicune
|move|p2a: Suicune|Calm Mind|p2a: Suicune|[from]Sleep Talk
|-boost|p2a: Suicune|spa|1
|-boost|p2a: Suicune|spd|1
|
|-weather|Sandstorm|[upkeep]
|-damage|p2a: Suicune|3/100 slp|[from] Sandstorm
|-heal|p2a: Suicune|9/100 slp|[from] item: Leftovers
|upkeep
|turn|32
|c|☆CD56|gg
|c|☆SixOfRobins|nooo
|c|☆SixOfRobins|gg
|
|t:|1727911550
|move|p1a: Dugtrio|Earthquake|p2a: Suicune
|-damage|p2a: Suicune|0 fnt
|faint|p2a: Suicune
|
|win|CD56
|l|☆SixOfRobins
|player|p2|
|j|☆SixOfRobins
|player|p2|SixOfRobins|plasmagruntf|

</script>
<script type="application/json" class="data" id="replaydata-gen3ou-2214662890">
{"id":"gen3ou-2214662890","format":"[Gen 3] OU","players":["CD56","SixOfRobins"],"uploadtime":1727912172,"views":186,"formatid":"gen3ou","rating":null,"private":0,"password":null}
</script>

<script defer src="js/replays.js?9d40a366"></script>
