<!DOCTYPE html>
<meta charset="utf-8" />
<meta name="viewport" content="width=device-width" />

<title>[Gen 3] OU: Scansafatiche vs. xtina xendrix - Replays - Pok&eacute;mon Showdown!</title>

<meta name="description" content="Watch a replay of a Pok&eacute;mon battle between Scansafatiche and xtina xendrix! Format: [Gen 3] OU; Date: Oct 12, 2024" />
<!--

Hey, you! Looking in the source for the replay log?

You can find them in JSON format, just add `.json` at the end of a replay URL.

https://replay.pokemonshowdown.com/gen7randomdoublesbattle-865046831.json

Or, if you only need the log itself, add `.log` instead:

https://replay.pokemonshowdown.com/gen7randomdoublesbattle-865046831.log

-->

<link rel="stylesheet" href="//pokemonshowdown.com/style/global.css?0.023195364461161105" />
<link rel="stylesheet" href="//play.pokemonshowdown.com/style/font-awesome.css?0.13261647063804238" />
<link rel="stylesheet" href="//play.pokemonshowdown.com/style/battle.css?0.8753245789963631" />
<link rel="stylesheet" href="//play.pokemonshowdown.com/style/utilichart.css?0.8627959624976733" />

<!-- Global site tag (gtag.js) - Google Analytics -->
<script async src="https://www.googletagmanager.com/gtag/js?id=UA-26211653-1"></script>
<script>
  window.dataLayer = window.dataLayer || [];
  function gtag(){dataLayer.push(arguments);}
  gtag('js', new Date());

  gtag('config', 'UA-26211653-1');
</script>
<!-- End Google Analytics -->
<!-- Venatus Ad Manager - Install in <HEAD> of page -->
	<script src="https://hb.vntsm.com/v3/live/ad-manager.min.js" type="text/javascript" data-site-id="642aba63ec9a7b11c3c9c1be" data-mode="scan" async></script>
<!-- / Venatus Ad Manager -->

<style>
	@media (max-width:820px) {
		.battle {
			margin: 0 auto;
		}
		.battle-log {
			margin: 7px auto 0;
			max-width: 640px;
			height: 300px;
			position: static;
		}
	}
	.optgroup {
		display: inline-block;
		line-height: 22px;
		font-size: 10pt;
	}
	.optgroup .button {
		height: 25px;
		padding-top: 0;
		padding-bottom: 0;
	}
	.optgroup button.button {
		padding-left: 12px;
		padding-right: 12px;
	}
	.linklist {
		list-style: none;
		margin: 0.5em 0;
		padding: 0;
	}
	.linklist li {
		padding: 2px 0;
	}
	.sidebar {
		float: left;
		width: 320px;
	}
	.bar-wrapper {
		max-width: 1100px;
		margin: 0 auto;
	}
	.bar-wrapper.has-sidebar {
		max-width: 1430px;
	}
	.mainbar {
		margin: 0;
		padding-right: 1px;
	}
	.mainbar.has-sidebar {
		margin-left: 330px;
	}
	@media (min-width: 1511px) {
		.sidebar {
			width: 400px;
		}
		.bar-wrapper.has-sidebar {
			max-width: 1510px;
		}
		.mainbar.has-sidebar {
			margin-left: 410px;
		}
	}
	.section.first-section {
		margin-top: 9px;
	}
	.blocklink small {
		white-space: normal;
	}
	.button {
		vertical-align: middle;
	}
	.replay-controls {
		padding-top: 10px;
	}
	.replay-controls h1 {
		font-size: 16pt;
		font-weight: normal;
		color: #CCC;
	}
	.pagelink {
		text-align: center;
	}
	.pagelink a {
		width: 150px;
	}
	.textbox, .button {
		font-size: 11pt;
		vertical-align: middle;
	}
	@media (max-width: 450px) {
		.button {
			font-size: 9pt;
		}
	}
</style>

<div>

	<header>
		<div class="nav-wrapper"><ul class="nav">
			<li><a class="button nav-first" href="//pokemonshowdown.com/"><img src="//pokemonshowdown.com/images/pokemonshowdownbeta.png" srcset="//pokemonshowdown.com/images/pokemonshowdownbeta.png 1x, //pokemonshowdown.com/images/pokemonshowdownbeta@2x.png 2x" alt="Pok&eacute;mon Showdown" width="146" height="44" /> Home</a></li>
			<li><a class="button" href="//pokemonshowdown.com/dex/">Pok&eacute;dex</a></li>
			<li><a class="button cur" href="/">Replays</a></li>
			<li><a class="button" href="//pokemonshowdown.com/ladder/">Ladder</a></li>
			<li><a class="button nav-last" href="//pokemonshowdown.com/forums/">Forum</a></li>
			<li><a class="button greenbutton nav-first nav-last" href="//play.pokemonshowdown.com/">Play</a></li>
		</ul></div>
	</header>

	<div class="main" id="main">

		<noscript><section class="section">You need to enable JavaScript to use this page; sorry!</section></noscript>

	</div>

</div>

<script defer nomodule src="//play.pokemonshowdown.com/js/lib/ps-polyfill.js"></script>
<script defer src="//play.pokemonshowdown.com/js/lib/preact.min.js"></script>

<script defer src="//play.pokemonshowdown.com/config/config.js?2bddbc15"></script>
<script defer src="//play.pokemonshowdown.com/js/lib/jquery-1.11.0.min.js"></script>
<script defer src="//play.pokemonshowdown.com/js/lib/html-sanitizer-minified.js"></script>
<script defer src="//play.pokemonshowdown.com/js/battle-sound.js"></script>
<script defer src="//play.pokemonshowdown.com/js/battledata.js?0.7209276989879541"></script>
<script defer src="//play.pokemonshowdown.com/data/pokedex-mini.js?0.6111056340867951"></script>
<script defer src="//play.pokemonshowdown.com/data/pokedex-mini-bw.js?0.3532142036491459"></script>
<script defer src="//play.pokemonshowdown.com/data/graphics.js?0.24223875632456182"></script>
<script defer src="//play.pokemonshowdown.com/data/pokedex.js?0.38839984266356864"></script>
<script defer src="//play.pokemonshowdown.com/data/moves.js?0.21866028504024015"></script>
<script defer src="//play.pokemonshowdown.com/data/abilities.js?0.2005157953846628"></script>
<script defer src="//play.pokemonshowdown.com/data/items.js?0.9894211263848525"></script>
<script defer src="//play.pokemonshowdown.com/data/teambuilder-tables.js?0.6008791140282215"></script>
<script defer src="//play.pokemonshowdown.com/js/battle-tooltips.js?0.7580118955022959"></script>
<script defer src="//play.pokemonshowdown.com/js/battle.js?0.6057722274234274"></script>

<script defer src="js/utils.js?e31f9a17"></script>
<script defer src="js/replays-battle.js?7008c182"></script>

<!-- don't scrape this data! just add .json or .log after the URL!
Full API docs: https://github.com/smogon/pokemon-showdown-client/blob/master/WEB-API.md -->
<script type="text/plain" class="log" id="replaylog-smogtours-gen3ou-797845">
|inactive|Battle timer is ON: inactive players will automatically lose when time's up.
|t:|1728770525
|gametype|singles
|player|p1|Scansafatiche|n|
|player|p2|xtina xendrix|lorelei-gen1|
|teamsize|p1|6
|teamsize|p2|6
|gen|3
|tier|[Gen 3] OU
|rule|Sleep Clause Mod: Limit one foe put to sleep
|rule|Switch Priority Clause Mod: Faster Pokémon switch first
|rule|Species Clause: Limit one of each Pokémon
|rule|OHKO Clause: OHKO moves are banned
|rule|Evasion Items Clause: Evasion items are banned
|rule|Evasion Moves Clause: Evasion moves are banned
|rule|Endless Battle Clause: Forcing endless battles is banned
|rule|HP Percentage Mod: HP is shown in percentages
|rule|One Boost Passer Clause: Limit one Baton Passer that has a way to boost its stats
|rule|Freeze Clause Mod: Limit one foe frozen
|
|t:|1728770525
|start
|switch|p1a: Tyranitar|Tyranitar, M|100/100
|switch|p2a: Tyranitar|Tyranitar, F|100/100
|-weather|Sandstorm|[from] ability: Sand Stream|[of] p2a: Tyranitar
|turn|1
|c|☆xtina xendrix|hf!
|c|☆Scansafatiche|glhf
|
|t:|1728770547
|switch|p2a: Skarmory|Skarmory, M|100/100
|move|p1a: Tyranitar|Earthquake|p2a: Skarmory
|-immune|p2a: Skarmory
|
|-weather|Sandstorm|[upkeep]
|upkeep
|turn|2
|
|t:|1728770559
|switch|p1a: Claydol|Claydol|100/100
|move|p2a: Skarmory|Spikes|p1a: Claydol
|-sidestart|p1: Scansafatiche|Spikes
|
|-weather|Sandstorm|[upkeep]
|upkeep
|turn|3
|
|t:|1728770571
|move|p2a: Skarmory|Toxic|p1a: Claydol
|-status|p1a: Claydol|tox
|move|p1a: Claydol|Psychic|p2a: Skarmory
|-resisted|p2a: Skarmory
|-damage|p2a: Skarmory|91/100
|
|-weather|Sandstorm|[upkeep]
|-heal|p2a: Skarmory|97/100|[from] item: Leftovers
|-damage|p1a: Claydol|95/100 tox|[from] psn
|upkeep
|turn|4
|
|t:|1728770576
|move|p2a: Skarmory|Spikes|p1a: Claydol
|-sidestart|p1: Scansafatiche|Spikes
|move|p1a: Claydol|Refresh|p1a: Claydol
|-curestatus|p1a: Claydol|tox|[msg]
|
|-weather|Sandstorm|[upkeep]
|-heal|p1a: Claydol|100/100|[from] item: Leftovers
|-heal|p2a: Skarmory|100/100|[from] item: Leftovers
|upkeep
|turn|5
|
|t:|1728770590
|move|p1a: Claydol|Rapid Spin|p2a: Skarmory
|-resisted|p2a: Skarmory
|-crit|p2a: Skarmory
|-damage|p2a: Skarmory|97/100
|-sideend|p1: Scansafatiche|Spikes|[from] move: Rapid Spin|[of] p1a: Claydol
|move|p2a: Skarmory|Toxic|p1a: Claydol|[miss]
|-miss|p2a: Skarmory|p1a: Claydol
|
|-weather|Sandstorm|[upkeep]
|-heal|p2a: Skarmory|100/100|[from] item: Leftovers
|upkeep
|turn|6
|inactive|xtina xendrix has 270 seconds left.
|
|t:|1728770639
|switch|p1a: Skarmory|Skarmory, M|100/100
|move|p2a: Skarmory|Toxic|p1a: Skarmory
|-immune|p1a: Skarmory
|
|-weather|Sandstorm|[upkeep]
|upkeep
|turn|7
|
|t:|1728770643
|move|p2a: Skarmory|Taunt|p1a: Skarmory
|-start|p1a: Skarmory|move: Taunt
|cant|p1a: Skarmory|move: Taunt|Spikes
|
|-weather|Sandstorm|[upkeep]
|upkeep
|turn|8
|inactive|xtina xendrix has 270 seconds left.
|
|t:|1728770653
|switch|p1a: Claydol|Claydol|100/100
|move|p2a: Skarmory|Spikes|p1a: Claydol
|-sidestart|p1: Scansafatiche|Spikes
|
|-weather|Sandstorm|[upkeep]
|upkeep
|turn|9
|
|t:|1728770658
|switch|p2a: Swampert|Swampert, F|100/100
|move|p1a: Claydol|Rapid Spin|p2a: Swampert
|-damage|p2a: Swampert|96/100
|-sideend|p1: Scansafatiche|Spikes|[from] move: Rapid Spin|[of] p1a: Claydol
|
|-weather|Sandstorm|[upkeep]
|-heal|p2a: Swampert|100/100|[from] item: Leftovers
|upkeep
|turn|10
|inactive|xtina xendrix has 270 seconds left.
|inactive|xtina xendrix has 240 seconds left.
|
|t:|1728770714
|switch|p1a: Milotic|Milotic, M|100/100
|move|p2a: Swampert|Curse|p2a: Swampert
|-unboost|p2a: Swampert|spe|1
|-boost|p2a: Swampert|atk|1
|-boost|p2a: Swampert|def|1
|
|-weather|Sandstorm|[upkeep]
|-damage|p1a: Milotic|94/100|[from] Sandstorm
|-heal|p1a: Milotic|100/100|[from] item: Leftovers
|upkeep
|turn|11
|
|t:|1728770723
|switch|p2a: Jirachi|Jirachi|100/100
|move|p1a: Milotic|Toxic|p2a: Jirachi
|-immune|p2a: Jirachi
|
|-weather|Sandstorm|[upkeep]
|-damage|p1a: Milotic|94/100|[from] Sandstorm
|-heal|p1a: Milotic|100/100|[from] item: Leftovers
|upkeep
|turn|12
|
|t:|1728770733
|move|p2a: Jirachi|Hidden Power|p1a: Milotic
|-supereffective|p1a: Milotic
|-damage|p1a: Milotic|65/100
|move|p1a: Milotic|Surf|p2a: Jirachi
|-damage|p2a: Jirachi|66/100
|
|-weather|Sandstorm|[upkeep]
|-damage|p1a: Milotic|59/100|[from] Sandstorm
|-heal|p2a: Jirachi|72/100|[from] item: Leftovers
|-heal|p1a: Milotic|65/100|[from] item: Leftovers
|upkeep
|turn|13
|
|t:|1728770740
|switch|p1a: Skarmory|Skarmory, M|100/100
|move|p2a: Jirachi|Body Slam|p1a: Skarmory
|-resisted|p1a: Skarmory
|-damage|p1a: Skarmory|93/100
|
|-weather|Sandstorm|[upkeep]
|-heal|p2a: Jirachi|79/100|[from] item: Leftovers
|-heal|p1a: Skarmory|99/100|[from] item: Leftovers
|upkeep
|turn|14
|inactive|xtina xendrix has 240 seconds left.
|inactive|xtina xendrix has 210 seconds left.
|
|t:|1728770817
|move|p2a: Jirachi|Fire Punch|p1a: Skarmory
|-supereffective|p1a: Skarmory
|-damage|p1a: Skarmory|58/100
|move|p1a: Skarmory|Spikes|p2a: Jirachi
|-sidestart|p2: xtina xendrix|Spikes
|
|-weather|Sandstorm|[upkeep]
|-heal|p2a: Jirachi|85/100|[from] item: Leftovers
|-heal|p1a: Skarmory|64/100|[from] item: Leftovers
|upkeep
|turn|15
|
|t:|1728770833
|switch|p1a: Blissey|Blissey, F|100/100
|move|p2a: Jirachi|Body Slam|p1a: Blissey
|-damage|p1a: Blissey|80/100
|
|-weather|Sandstorm|[upkeep]
|-damage|p1a: Blissey|74/100|[from] Sandstorm
|-heal|p2a: Jirachi|91/100|[from] item: Leftovers
|-heal|p1a: Blissey|80/100|[from] item: Leftovers
|upkeep
|turn|16
|
|t:|1728770847
|switch|p2a: Swampert|Swampert, F|100/100
|-damage|p2a: Swampert|88/100|[from] Spikes
|move|p1a: Blissey|Thunder Wave|p2a: Swampert
|-immune|p2a: Swampert
|
|-weather|Sandstorm|[upkeep]
|-damage|p1a: Blissey|74/100|[from] Sandstorm
|-heal|p1a: Blissey|80/100|[from] item: Leftovers
|-heal|p2a: Swampert|94/100|[from] item: Leftovers
|upkeep
|turn|17
|
|t:|1728770865
|switch|p1a: Skarmory|Skarmory, M|64/100
|move|p2a: Swampert|Curse|p2a: Swampert
|-unboost|p2a: Swampert|spe|1
|-boost|p2a: Swampert|atk|1
|-boost|p2a: Swampert|def|1
|
|-weather|Sandstorm|[upkeep]
|-heal|p1a: Skarmory|70/100|[from] item: Leftovers
|-heal|p2a: Swampert|100/100|[from] item: Leftovers
|upkeep
|turn|18
|
|t:|1728770870
|move|p1a: Skarmory|Spikes|p2a: Swampert
|-sidestart|p2: xtina xendrix|Spikes
|move|p2a: Swampert|Hydro Pump|p1a: Skarmory
|-crit|p1a: Skarmory
|-damage|p1a: Skarmory|0 fnt
|faint|p1a: Skarmory
|c|☆xtina xendrix|mb
|
|t:|1728770878
|switch|p1a: Milotic|Milotic, M|65/100
|
|-weather|Sandstorm|[upkeep]
|-damage|p1a: Milotic|59/100|[from] Sandstorm
|-heal|p1a: Milotic|65/100|[from] item: Leftovers
|upkeep
|turn|19
|
|t:|1728770884
|switch|p2a: Jirachi|Jirachi|91/100
|-damage|p2a: Jirachi|74/100|[from] Spikes
|move|p1a: Milotic|Toxic|p2a: Jirachi
|-immune|p2a: Jirachi
|
|-weather|Sandstorm|[upkeep]
|-damage|p1a: Milotic|59/100|[from] Sandstorm
|-heal|p2a: Jirachi|81/100|[from] item: Leftovers
|-heal|p1a: Milotic|65/100|[from] item: Leftovers
|upkeep
|turn|20
|
|t:|1728770890
|switch|p1a: Blissey|Blissey, F|80/100
|move|p2a: Jirachi|Body Slam|p1a: Blissey
|-crit|p1a: Blissey
|-damage|p1a: Blissey|37/100
|
|-weather|Sandstorm|[upkeep]
|-damage|p1a: Blissey|31/100|[from] Sandstorm
|-heal|p2a: Jirachi|87/100|[from] item: Leftovers
|-heal|p1a: Blissey|37/100|[from] item: Leftovers
|upkeep
|turn|21
|
|t:|1728770896
|move|p2a: Jirachi|Dynamic Punch|p1a: Blissey|[miss]
|-miss|p2a: Jirachi|p1a: Blissey
|move|p1a: Blissey|Soft-Boiled|p1a: Blissey
|-heal|p1a: Blissey|87/100
|
|-weather|Sandstorm|[upkeep]
|-damage|p1a: Blissey|81/100|[from] Sandstorm
|-heal|p2a: Jirachi|93/100|[from] item: Leftovers
|-heal|p1a: Blissey|87/100|[from] item: Leftovers
|upkeep
|turn|22
|
|t:|1728770900
|switch|p2a: Swampert|Swampert, F|100/100
|-damage|p2a: Swampert|84/100|[from] Spikes
|move|p1a: Blissey|Thunder Wave|p2a: Swampert
|-immune|p2a: Swampert
|
|-weather|Sandstorm|[upkeep]
|-damage|p1a: Blissey|81/100|[from] Sandstorm
|-heal|p1a: Blissey|87/100|[from] item: Leftovers
|-heal|p2a: Swampert|90/100|[from] item: Leftovers
|upkeep
|turn|23
|
|t:|1728770906
|move|p1a: Blissey|Seismic Toss|p2a: Swampert
|-damage|p2a: Swampert|65/100
|move|p2a: Swampert|Earthquake|p1a: Blissey
|-damage|p1a: Blissey|50/100
|
|-weather|Sandstorm|[upkeep]
|-damage|p1a: Blissey|43/100|[from] Sandstorm
|-heal|p1a: Blissey|50/100|[from] item: Leftovers
|-heal|p2a: Swampert|71/100|[from] item: Leftovers
|upkeep
|turn|24
|inactive|xtina xendrix has 240 seconds left.
|
|t:|1728770937
|switch|p2a: Charizard|Charizard, M|100/100
|move|p1a: Blissey|Soft-Boiled|p1a: Blissey
|-heal|p1a: Blissey|99/100
|
|-weather|Sandstorm|[upkeep]
|-damage|p2a: Charizard|94/100|[from] Sandstorm
|-damage|p1a: Blissey|93/100|[from] Sandstorm
|-heal|p2a: Charizard|100/100|[from] item: Leftovers
|-heal|p1a: Blissey|99/100|[from] item: Leftovers
|upkeep
|turn|25
|
|t:|1728770942
|move|p2a: Charizard|Beat Up|p1a: Blissey
|-damage|p1a: Blissey|89/100
|-crit|p1a: Blissey
|-damage|p1a: Blissey|87/100
|-damage|p1a: Blissey|71/100
|-damage|p1a: Blissey|61/100
|-damage|p1a: Blissey|46/100
|-damage|p1a: Blissey|35/100
|-hitcount|p1a: Blissey|6
|move|p1a: Blissey|Seismic Toss|p2a: Charizard
|-damage|p2a: Charizard|67/100
|
|-weather|Sandstorm|[upkeep]
|-damage|p2a: Charizard|61/100|[from] Sandstorm
|-damage|p1a: Blissey|28/100|[from] Sandstorm
|-heal|p2a: Charizard|67/100|[from] item: Leftovers
|-heal|p1a: Blissey|35/100|[from] item: Leftovers
|upkeep
|turn|26
|inactive|xtina xendrix has 240 seconds left.
|
|t:|1728770960
|switch|p2a: Jirachi|Jirachi|93/100
|-damage|p2a: Jirachi|76/100|[from] Spikes
|switch|p1a: Milotic|Milotic, M|65/100
|
|-weather|Sandstorm|[upkeep]
|-damage|p1a: Milotic|59/100|[from] Sandstorm
|-heal|p2a: Jirachi|83/100|[from] item: Leftovers
|-heal|p1a: Milotic|65/100|[from] item: Leftovers
|upkeep
|turn|27
|
|t:|1728770965
|move|p2a: Jirachi|Hidden Power|p1a: Milotic
|-supereffective|p1a: Milotic
|-damage|p1a: Milotic|34/100
|move|p1a: Milotic|Recover|p1a: Milotic
|-heal|p1a: Milotic|84/100
|
|-weather|Sandstorm|[upkeep]
|-damage|p1a: Milotic|78/100|[from] Sandstorm
|-heal|p2a: Jirachi|89/100|[from] item: Leftovers
|-heal|p1a: Milotic|84/100|[from] item: Leftovers
|upkeep
|turn|28
|inactive|xtina xendrix has 240 seconds left.
|
|t:|1728770987
|move|p2a: Jirachi|Body Slam|p1a: Milotic
|-damage|p1a: Milotic|69/100
|move|p1a: Milotic|Surf|p2a: Jirachi
|-damage|p2a: Jirachi|53/100
|
|-weather|Sandstorm|[upkeep]
|-damage|p1a: Milotic|63/100|[from] Sandstorm
|-heal|p2a: Jirachi|59/100|[from] item: Leftovers
|-heal|p1a: Milotic|69/100|[from] item: Leftovers
|upkeep
|turn|29
|
|t:|1728770993
|move|p2a: Jirachi|Hidden Power|p1a: Milotic
|-supereffective|p1a: Milotic
|-damage|p1a: Milotic|37/100
|move|p1a: Milotic|Recover|p1a: Milotic
|-heal|p1a: Milotic|87/100
|
|-weather|Sandstorm|[upkeep]
|-damage|p1a: Milotic|81/100|[from] Sandstorm
|-heal|p2a: Jirachi|66/100|[from] item: Leftovers
|-heal|p1a: Milotic|87/100|[from] item: Leftovers
|upkeep
|turn|30
|
|t:|1728771001
|move|p2a: Jirachi|Body Slam|p1a: Milotic
|-damage|p1a: Milotic|71/100
|-status|p1a: Milotic|par
|move|p1a: Milotic|Surf|p2a: Jirachi
|-damage|p2a: Jirachi|27/100
|
|-weather|Sandstorm|[upkeep]
|-damage|p1a: Milotic|65/100 par|[from] Sandstorm
|-heal|p2a: Jirachi|33/100|[from] item: Leftovers
|-heal|p1a: Milotic|71/100 par|[from] item: Leftovers
|upkeep
|turn|31
|
|t:|1728771010
|move|p2a: Jirachi|Hidden Power|p1a: Milotic
|-supereffective|p1a: Milotic
|-damage|p1a: Milotic|39/100 par
|move|p1a: Milotic|Surf|p2a: Jirachi
|-damage|p2a: Jirachi|0 fnt
|faint|p2a: Jirachi
|
|t:|1728771022
|switch|p2a: Blissey|Blissey, F|100/100
|-damage|p2a: Blissey|84/100|[from] Spikes
|
|-weather|Sandstorm|[upkeep]
|-damage|p2a: Blissey|78/100|[from] Sandstorm
|-damage|p1a: Milotic|33/100 par|[from] Sandstorm
|-heal|p2a: Blissey|84/100|[from] item: Leftovers
|-heal|p1a: Milotic|39/100 par|[from] item: Leftovers
|upkeep
|turn|32
|
|t:|1728771030
|switch|p1a: Blissey|Blissey, F|35/100
|move|p2a: Blissey|Ice Beam|p1a: Blissey
|-damage|p1a: Blissey|24/100
|
|-weather|Sandstorm|[upkeep]
|-damage|p1a: Blissey|18/100|[from] Sandstorm
|-damage|p2a: Blissey|78/100|[from] Sandstorm
|-heal|p1a: Blissey|24/100|[from] item: Leftovers
|-heal|p2a: Blissey|84/100|[from] item: Leftovers
|upkeep
|turn|33
|inactive|xtina xendrix has 240 seconds left.
|
|t:|1728771062
|switch|p2a: Skarmory|Skarmory, M|100/100
|move|p1a: Blissey|Soft-Boiled|p1a: Blissey
|-heal|p1a: Blissey|74/100
|
|-weather|Sandstorm|[upkeep]
|-damage|p1a: Blissey|68/100|[from] Sandstorm
|-heal|p1a: Blissey|74/100|[from] item: Leftovers
|upkeep
|turn|34
|
|t:|1728771066
|move|p2a: Skarmory|Taunt|p1a: Blissey
|-start|p1a: Blissey|move: Taunt
|cant|p1a: Blissey|move: Taunt|Thunder Wave
|
|-weather|Sandstorm|[upkeep]
|-damage|p1a: Blissey|68/100|[from] Sandstorm
|-heal|p1a: Blissey|74/100|[from] item: Leftovers
|upkeep
|turn|35
|
|t:|1728771073
|switch|p1a: Claydol|Claydol|100/100
|move|p2a: Skarmory|Toxic|p1a: Claydol
|-status|p1a: Claydol|tox
|
|-weather|Sandstorm|[upkeep]
|-damage|p1a: Claydol|95/100 tox|[from] psn
|upkeep
|turn|36
|
|t:|1728771078
|move|p2a: Skarmory|Taunt|p1a: Claydol
|-start|p1a: Claydol|move: Taunt
|cant|p1a: Claydol|move: Taunt|Refresh
|
|-weather|Sandstorm|[upkeep]
|-heal|p1a: Claydol|100/100 tox|[from] item: Leftovers
|-damage|p1a: Claydol|89/100 tox|[from] psn
|upkeep
|turn|37
|
|t:|1728771090
|switch|p1a: Milotic|Milotic, M|39/100 par
|move|p2a: Skarmory|Spikes|p1a: Milotic
|-sidestart|p1: Scansafatiche|Spikes
|
|-weather|Sandstorm|[upkeep]
|-damage|p1a: Milotic|33/100 par|[from] Sandstorm
|-heal|p1a: Milotic|39/100 par|[from] item: Leftovers
|upkeep
|turn|38
|inactive|xtina xendrix has 270 seconds left.
|
|t:|1728771097
|move|p2a: Skarmory|Taunt|p1a: Milotic
|-start|p1a: Milotic|move: Taunt
|move|p1a: Milotic|Surf|p2a: Skarmory
|-damage|p2a: Skarmory|70/100
|
|-weather|Sandstorm|[upkeep]
|-damage|p1a: Milotic|33/100 par|[from] Sandstorm
|-heal|p2a: Skarmory|76/100|[from] item: Leftovers
|-heal|p1a: Milotic|39/100 par|[from] item: Leftovers
|upkeep
|turn|39
|inactive|xtina xendrix has 270 seconds left.
|
|t:|1728771116
|move|p1a: Milotic|Surf|p2a: Skarmory
|-damage|p2a: Skarmory|42/100
|move|p2a: Skarmory|Roar|p1a: Milotic
|drag|p1a: Claydol|Claydol|89/100 tox
|
|-weather|Sandstorm|[upkeep]
|-heal|p1a: Claydol|95/100 tox|[from] item: Leftovers
|-heal|p2a: Skarmory|48/100|[from] item: Leftovers
|-damage|p1a: Claydol|89/100 tox|[from] psn
|upkeep
|turn|40
|
|t:|1728771122
|move|p1a: Claydol|Rapid Spin|p2a: Skarmory
|-resisted|p2a: Skarmory
|-crit|p2a: Skarmory
|-damage|p2a: Skarmory|44/100
|-sideend|p1: Scansafatiche|Spikes|[from] move: Rapid Spin|[of] p1a: Claydol
|move|p2a: Skarmory|Taunt|p1a: Claydol
|-start|p1a: Claydol|move: Taunt
|
|-weather|Sandstorm|[upkeep]
|-heal|p2a: Skarmory|50/100|[from] item: Leftovers
|-heal|p1a: Claydol|95/100 tox|[from] item: Leftovers
|-damage|p1a: Claydol|83/100 tox|[from] psn
|upkeep
|turn|41
|
|t:|1728771125
|switch|p1a: Milotic|Milotic, M|39/100 par
|move|p2a: Skarmory|Spikes|p1a: Milotic
|-sidestart|p1: Scansafatiche|Spikes
|
|-weather|Sandstorm|[upkeep]
|-damage|p1a: Milotic|33/100 par|[from] Sandstorm
|-heal|p2a: Skarmory|56/100|[from] item: Leftovers
|-heal|p1a: Milotic|39/100 par|[from] item: Leftovers
|upkeep
|turn|42
|
|t:|1728771131
|switch|p2a: Blissey|Blissey, F|84/100
|-damage|p2a: Blissey|67/100|[from] Spikes
|move|p1a: Milotic|Surf|p2a: Blissey
|-damage|p2a: Blissey|53/100
|
|-weather|Sandstorm|[upkeep]
|-damage|p2a: Blissey|47/100|[from] Sandstorm
|-damage|p1a: Milotic|33/100 par|[from] Sandstorm
|-heal|p2a: Blissey|53/100|[from] item: Leftovers
|-heal|p1a: Milotic|39/100 par|[from] item: Leftovers
|upkeep
|turn|43
|
|t:|1728771139
|switch|p1a: Dugtrio|Dugtrio, M|100/100
|-damage|p1a: Dugtrio|88/100|[from] Spikes
|move|p2a: Blissey|Thunderbolt|p1a: Dugtrio
|-immune|p1a: Dugtrio
|
|-weather|Sandstorm|[upkeep]
|-damage|p2a: Blissey|47/100|[from] Sandstorm
|-heal|p2a: Blissey|53/100|[from] item: Leftovers
|upkeep
|turn|44
|c|☆xtina xendrix|misclick oh god
|
|t:|1728771146
|move|p1a: Dugtrio|Earthquake|p2a: Blissey
|-damage|p2a: Blissey|0 fnt
|faint|p2a: Blissey
|c|☆Scansafatiche|unlucky
|
|t:|1728771154
|switch|p2a: Skarmory|Skarmory, M|56/100
|
|-weather|Sandstorm|[upkeep]
|-heal|p2a: Skarmory|62/100|[from] item: Leftovers
|upkeep
|turn|45
|
|t:|1728771159
|switch|p1a: Claydol|Claydol|83/100 tox
|switch|p2a: Tyranitar|Tyranitar, F|100/100
|-damage|p2a: Tyranitar|84/100|[from] Spikes
|
|-weather|Sandstorm|[upkeep]
|-heal|p2a: Tyranitar|90/100|[from] item: Leftovers
|-heal|p1a: Claydol|89/100 tox|[from] item: Leftovers
|-damage|p1a: Claydol|83/100 tox|[from] psn
|upkeep
|turn|46
|
|t:|1728771169
|switch|p2a: Charizard|Charizard, M|67/100
|move|p1a: Claydol|Earthquake|p2a: Charizard
|-immune|p2a: Charizard
|
|-weather|Sandstorm|[upkeep]
|-damage|p2a: Charizard|61/100|[from] Sandstorm
|-heal|p2a: Charizard|67/100|[from] item: Leftovers
|-heal|p1a: Claydol|89/100 tox|[from] item: Leftovers
|-damage|p1a: Claydol|77/100 tox|[from] psn
|upkeep
|turn|47
|
|t:|1728771179
|move|p2a: Charizard|Flamethrower|p1a: Claydol
|-damage|p1a: Claydol|36/100 tox
|move|p1a: Claydol|Rapid Spin|p2a: Charizard
|-damage|p2a: Charizard|59/100
|-sideend|p1: Scansafatiche|Spikes|[from] move: Rapid Spin|[of] p1a: Claydol
|
|-weather|Sandstorm|[upkeep]
|-damage|p2a: Charizard|53/100|[from] Sandstorm
|-heal|p2a: Charizard|59/100|[from] item: Leftovers
|-heal|p1a: Claydol|42/100 tox|[from] item: Leftovers
|-damage|p1a: Claydol|24/100 tox|[from] psn
|upkeep
|turn|48
|
|t:|1728771186
|switch|p1a: Tyranitar|Tyranitar, M|100/100
|move|p2a: Charizard|Flamethrower|p1a: Tyranitar
|-resisted|p1a: Tyranitar
|-damage|p1a: Tyranitar|81/100
|
|-weather|Sandstorm|[upkeep]
|-damage|p2a: Charizard|53/100|[from] Sandstorm
|-heal|p2a: Charizard|59/100|[from] item: Leftovers
|-heal|p1a: Tyranitar|87/100|[from] item: Leftovers
|upkeep
|turn|49
|
|t:|1728771197
|switch|p2a: Skarmory|Skarmory, M|62/100
|move|p1a: Tyranitar|Rock Slide|p2a: Skarmory
|-damage|p2a: Skarmory|27/100
|
|-weather|Sandstorm|[upkeep]
|-heal|p2a: Skarmory|33/100|[from] item: Leftovers
|-heal|p1a: Tyranitar|93/100|[from] item: Leftovers
|upkeep
|turn|50
|
|t:|1728771208
|switch|p2a: Charizard|Charizard, M|59/100
|move|p1a: Tyranitar|Rock Slide|p2a: Charizard
|-supereffective|p2a: Charizard
|-damage|p2a: Charizard|0 fnt
|faint|p2a: Charizard
|
|t:|1728771216
|switch|p2a: Skarmory|Skarmory, M|33/100
|
|-weather|Sandstorm|[upkeep]
|-heal|p2a: Skarmory|39/100|[from] item: Leftovers
|-heal|p1a: Tyranitar|99/100|[from] item: Leftovers
|upkeep
|turn|51
|
|t:|1728771230
|move|p2a: Skarmory|Toxic|p1a: Tyranitar|[miss]
|-miss|p2a: Skarmory|p1a: Tyranitar
|move|p1a: Tyranitar|Rock Slide|p2a: Skarmory
|-damage|p2a: Skarmory|9/100
|
|-weather|Sandstorm|[upkeep]
|-heal|p2a: Skarmory|15/100|[from] item: Leftovers
|-heal|p1a: Tyranitar|100/100|[from] item: Leftovers
|upkeep
|turn|52
|
|t:|1728771236
|switch|p1a: Milotic|Milotic, M|39/100 par
|move|p2a: Skarmory|Toxic||[still]
|-fail|p2a: Skarmory
|
|-weather|Sandstorm|[upkeep]
|-damage|p1a: Milotic|33/100 par|[from] Sandstorm
|-heal|p2a: Skarmory|21/100|[from] item: Leftovers
|-heal|p1a: Milotic|39/100 par|[from] item: Leftovers
|upkeep
|turn|53
|
|t:|1728771240
|move|p2a: Skarmory|Taunt|p1a: Milotic
|-start|p1a: Milotic|move: Taunt
|cant|p1a: Milotic|move: Taunt|Recover
|
|-weather|Sandstorm|[upkeep]
|-damage|p1a: Milotic|33/100 par|[from] Sandstorm
|-heal|p2a: Skarmory|27/100|[from] item: Leftovers
|-heal|p1a: Milotic|39/100 par|[from] item: Leftovers
|upkeep
|turn|54
|
|t:|1728771248
|move|p2a: Skarmory|Spikes|p1a: Milotic
|-sidestart|p1: Scansafatiche|Spikes
|cant|p1a: Milotic|par
|
|-weather|Sandstorm|[upkeep]
|-damage|p1a: Milotic|33/100 par|[from] Sandstorm
|-heal|p2a: Skarmory|33/100|[from] item: Leftovers
|-heal|p1a: Milotic|39/100 par|[from] item: Leftovers
|-end|p1a: Milotic|move: Taunt|[silent]
|upkeep
|turn|55
|
|t:|1728771252
|move|p2a: Skarmory|Taunt|p1a: Milotic
|-start|p1a: Milotic|move: Taunt
|cant|p1a: Milotic|par
|
|-weather|Sandstorm|[upkeep]
|-damage|p1a: Milotic|33/100 par|[from] Sandstorm
|-heal|p2a: Skarmory|39/100|[from] item: Leftovers
|-heal|p1a: Milotic|39/100 par|[from] item: Leftovers
|upkeep
|turn|56
|
|t:|1728771256
|move|p2a: Skarmory|Spikes|p1a: Milotic
|-sidestart|p1: Scansafatiche|Spikes
|cant|p1a: Milotic|par
|
|-weather|Sandstorm|[upkeep]
|-damage|p1a: Milotic|33/100 par|[from] Sandstorm
|-heal|p2a: Skarmory|45/100|[from] item: Leftovers
|-heal|p1a: Milotic|39/100 par|[from] item: Leftovers
|-end|p1a: Milotic|move: Taunt|[silent]
|upkeep
|turn|57
|
|t:|1728771266
|switch|p1a: Claydol|Claydol|24/100 tox
|move|p2a: Skarmory|Roar|p1a: Claydol
|drag|p1a: Tyranitar|Tyranitar, M|100/100
|-damage|p1a: Tyranitar|84/100|[from] Spikes
|
|-weather|Sandstorm|[upkeep]
|-heal|p2a: Skarmory|50/100|[from] item: Leftovers
|-heal|p1a: Tyranitar|90/100|[from] item: Leftovers
|upkeep
|turn|58
|
|t:|1728771272
|move|p2a: Skarmory|Toxic|p1a: Tyranitar
|-status|p1a: Tyranitar|tox
|move|p1a: Tyranitar|Rock Slide|p2a: Skarmory
|-damage|p2a: Skarmory|16/100
|
|-weather|Sandstorm|[upkeep]
|-heal|p2a: Skarmory|22/100|[from] item: Leftovers
|-heal|p1a: Tyranitar|96/100 tox|[from] item: Leftovers
|-damage|p1a: Tyranitar|90/100 tox|[from] psn
|upkeep
|turn|59
|
|t:|1728771278
|move|p2a: Skarmory|Spikes|p1a: Tyranitar
|-sidestart|p1: Scansafatiche|Spikes
|move|p1a: Tyranitar|Rock Slide|p2a: Skarmory|[miss]
|-miss|p1a: Tyranitar|p2a: Skarmory
|
|-weather|Sandstorm|[upkeep]
|-heal|p2a: Skarmory|28/100|[from] item: Leftovers
|-heal|p1a: Tyranitar|96/100 tox|[from] item: Leftovers
|-damage|p1a: Tyranitar|84/100 tox|[from] psn
|upkeep
|turn|60
|
|t:|1728771283
|move|p1a: Tyranitar|Rock Slide|p2a: Skarmory
|-damage|p2a: Skarmory|0 fnt
|faint|p2a: Skarmory
|
|t:|1728771294
|switch|p2a: Swampert|Swampert, F|71/100
|-damage|p2a: Swampert|55/100|[from] Spikes
|
|-weather|Sandstorm|[upkeep]
|-heal|p1a: Tyranitar|90/100 tox|[from] item: Leftovers
|-damage|p1a: Tyranitar|72/100 tox|[from] psn
|-heal|p2a: Swampert|61/100|[from] item: Leftovers
|upkeep
|turn|61
|inactive|xtina xendrix has 270 seconds left.
|inactive|Scansafatiche has 270 seconds left.
|inactive|xtina xendrix has 240 seconds left.
|
|t:|1728771364
|move|p1a: Tyranitar|Earthquake|p2a: Swampert
|-damage|p2a: Swampert|31/100
|move|p2a: Swampert|Curse|p2a: Swampert
|-unboost|p2a: Swampert|spe|1
|-boost|p2a: Swampert|atk|1
|-boost|p2a: Swampert|def|1
|
|-weather|Sandstorm|[upkeep]
|-heal|p1a: Tyranitar|78/100 tox|[from] item: Leftovers
|-damage|p1a: Tyranitar|53/100 tox|[from] psn
|-heal|p2a: Swampert|37/100|[from] item: Leftovers
|upkeep
|turn|62
|inactive|Scansafatiche has 270 seconds left.
|
|t:|1728771374
|move|p1a: Tyranitar|Earthquake|p2a: Swampert
|-damage|p2a: Swampert|14/100
|move|p2a: Swampert|Earthquake|p1a: Tyranitar
|-supereffective|p1a: Tyranitar
|-damage|p1a: Tyranitar|0 fnt
|faint|p1a: Tyranitar
|
|t:|1728771380
|switch|p1a: Dugtrio|Dugtrio, M|88/100
|-damage|p1a: Dugtrio|64/100|[from] Spikes
|
|-weather|Sandstorm|[upkeep]
|-heal|p2a: Swampert|20/100|[from] item: Leftovers
|upkeep
|turn|63
|
|t:|1728771386
|move|p1a: Dugtrio|Earthquake|p2a: Swampert
|-damage|p2a: Swampert|0 fnt
|faint|p2a: Swampert
|
|t:|1728771388
|switch|p2a: Tyranitar|Tyranitar, F|90/100
|-damage|p2a: Tyranitar|74/100|[from] Spikes
|
|-weather|Sandstorm|[upkeep]
|-heal|p2a: Tyranitar|80/100|[from] item: Leftovers
|upkeep
|turn|64
|
|t:|1728771395
|move|p1a: Dugtrio|Earthquake|p2a: Tyranitar
|-supereffective|p2a: Tyranitar
|-damage|p2a: Tyranitar|0 fnt
|faint|p2a: Tyranitar
|
|win|Scansafatiche
|c|☆Scansafatiche|gg
|c|☆xtina xendrix|gg
|c|☆xtina xendrix|/log xtina xendrix made the replay of this battle unlisted.
|player|p1|

</script>
<script type="application/json" class="data" id="replaydata-smogtours-gen3ou-797845">
{"id":"smogtours-gen3ou-797845","format":"[Gen 3] OU","players":["Scansafatiche","xtina xendrix"],"uploadtime":1728771395,"views":137,"formatid":"gen3ou","rating":null,"private":1,"password":null}
</script>

<script defer src="js/replays.js?9d40a366"></script>
