<!DOCTYPE html>
<meta charset="utf-8" />
<meta name="viewport" content="width=device-width" />

<title>[Gen 3] OU: Apostic vs. BongMoodeus - Replays - Pok&eacute;mon Showdown!</title>

<meta name="description" content="Watch a replay of a Pok&eacute;mon battle between Apostic and BongMoodeus! Format: [Gen 3] OU; Date: Oct 5, 2024" />
<!--

Hey, you! Looking in the source for the replay log?

You can find them in JSON format, just add `.json` at the end of a replay URL.

https://replay.pokemonshowdown.com/gen7randomdoublesbattle-865046831.json

Or, if you only need the log itself, add `.log` instead:

https://replay.pokemonshowdown.com/gen7randomdoublesbattle-865046831.log

-->

<link rel="stylesheet" href="//pokemonshowdown.com/style/global.css?0.767286132409787" />
<link rel="stylesheet" href="//play.pokemonshowdown.com/style/font-awesome.css?0.9266228007934947" />
<link rel="stylesheet" href="//play.pokemonshowdown.com/style/battle.css?0.7924700842790926" />
<link rel="stylesheet" href="//play.pokemonshowdown.com/style/utilichart.css?0.8777417872839479" />

<!-- Global site tag (gtag.js) - Google Analytics -->
<script async src="https://www.googletagmanager.com/gtag/js?id=UA-26211653-1"></script>
<script>
  window.dataLayer = window.dataLayer || [];
  function gtag(){dataLayer.push(arguments);}
  gtag('js', new Date());

  gtag('config', 'UA-26211653-1');
</script>
<!-- End Google Analytics -->
<!-- Venatus Ad Manager - Install in <HEAD> of page -->
	<script src="https://hb.vntsm.com/v3/live/ad-manager.min.js" type="text/javascript" data-site-id="642aba63ec9a7b11c3c9c1be" data-mode="scan" async></script>
<!-- / Venatus Ad Manager -->

<style>
	@media (max-width:820px) {
		.battle {
			margin: 0 auto;
		}
		.battle-log {
			margin: 7px auto 0;
			max-width: 640px;
			height: 300px;
			position: static;
		}
	}
	.optgroup {
		display: inline-block;
		line-height: 22px;
		font-size: 10pt;
	}
	.optgroup .button {
		height: 25px;
		padding-top: 0;
		padding-bottom: 0;
	}
	.optgroup button.button {
		padding-left: 12px;
		padding-right: 12px;
	}
	.linklist {
		list-style: none;
		margin: 0.5em 0;
		padding: 0;
	}
	.linklist li {
		padding: 2px 0;
	}
	.sidebar {
		float: left;
		width: 320px;
	}
	.bar-wrapper {
		max-width: 1100px;
		margin: 0 auto;
	}
	.bar-wrapper.has-sidebar {
		max-width: 1430px;
	}
	.mainbar {
		margin: 0;
		padding-right: 1px;
	}
	.mainbar.has-sidebar {
		margin-left: 330px;
	}
	@media (min-width: 1511px) {
		.sidebar {
			width: 400px;
		}
		.bar-wrapper.has-sidebar {
			max-width: 1510px;
		}
		.mainbar.has-sidebar {
			margin-left: 410px;
		}
	}
	.section.first-section {
		margin-top: 9px;
	}
	.blocklink small {
		white-space: normal;
	}
	.button {
		vertical-align: middle;
	}
	.replay-controls {
		padding-top: 10px;
	}
	.replay-controls h1 {
		font-size: 16pt;
		font-weight: normal;
		color: #CCC;
	}
	.pagelink {
		text-align: center;
	}
	.pagelink a {
		width: 150px;
	}
	.textbox, .button {
		font-size: 11pt;
		vertical-align: middle;
	}
	@media (max-width: 450px) {
		.button {
			font-size: 9pt;
		}
	}
</style>

<div>

	<header>
		<div class="nav-wrapper"><ul class="nav">
			<li><a class="button nav-first" href="//pokemonshowdown.com/"><img src="//pokemonshowdown.com/images/pokemonshowdownbeta.png" srcset="//pokemonshowdown.com/images/pokemonshowdownbeta.png 1x, //pokemonshowdown.com/images/pokemonshowdownbeta@2x.png 2x" alt="Pok&eacute;mon Showdown" width="146" height="44" /> Home</a></li>
			<li><a class="button" href="//pokemonshowdown.com/dex/">Pok&eacute;dex</a></li>
			<li><a class="button cur" href="/">Replays</a></li>
			<li><a class="button" href="//pokemonshowdown.com/ladder/">Ladder</a></li>
			<li><a class="button nav-last" href="//pokemonshowdown.com/forums/">Forum</a></li>
			<li><a class="button greenbutton nav-first nav-last" href="//play.pokemonshowdown.com/">Play</a></li>
		</ul></div>
	</header>

	<div class="main" id="main">

		<noscript><section class="section">You need to enable JavaScript to use this page; sorry!</section></noscript>

	</div>

</div>

<script defer nomodule src="//play.pokemonshowdown.com/js/lib/ps-polyfill.js"></script>
<script defer src="//play.pokemonshowdown.com/js/lib/preact.min.js"></script>

<script defer src="//play.pokemonshowdown.com/config/config.js?6dec07f6"></script>
<script defer src="//play.pokemonshowdown.com/js/lib/jquery-1.11.0.min.js"></script>
<script defer src="//play.pokemonshowdown.com/js/lib/html-sanitizer-minified.js"></script>
<script defer src="//play.pokemonshowdown.com/js/battle-sound.js"></script>
<script defer src="//play.pokemonshowdown.com/js/battledata.js?0.6315294753075389"></script>
<script defer src="//play.pokemonshowdown.com/data/pokedex-mini.js?0.7603743185311358"></script>
<script defer src="//play.pokemonshowdown.com/data/pokedex-mini-bw.js?0.030888842834281283"></script>
<script defer src="//play.pokemonshowdown.com/data/graphics.js?0.05593094747507488"></script>
<script defer src="//play.pokemonshowdown.com/data/pokedex.js?0.47064822249611904"></script>
<script defer src="//play.pokemonshowdown.com/data/moves.js?0.8583693120512459"></script>
<script defer src="//play.pokemonshowdown.com/data/abilities.js?0.16017181182386842"></script>
<script defer src="//play.pokemonshowdown.com/data/items.js?0.4163379185673943"></script>
<script defer src="//play.pokemonshowdown.com/data/teambuilder-tables.js?0.31075597372830477"></script>
<script defer src="//play.pokemonshowdown.com/js/battle-tooltips.js?0.6536193500708172"></script>
<script defer src="//play.pokemonshowdown.com/js/battle.js?0.1916591943277901"></script>

<script defer src="js/utils.js?e31f9a17"></script>
<script defer src="js/replays-battle.js?7008c182"></script>

<!-- don't scrape this data! just add .json or .log after the URL!
Full API docs: https://github.com/smogon/pokemon-showdown-client/blob/master/WEB-API.md -->
<script type="text/plain" class="log" id="replaylog-smogtours-gen3ou-794784">
|inactive|Battle timer is ON: inactive players will automatically lose when time's up.
|t:|1728086618
|gametype|singles
|player|p1|Apostic|2|
|player|p2|BongMoodeus|1|
|teamsize|p1|6
|teamsize|p2|6
|gen|3
|tier|[Gen 3] OU
|rule|Sleep Clause Mod: Limit one foe put to sleep
|rule|Switch Priority Clause Mod: Faster Pokémon switch first
|rule|Species Clause: Limit one of each Pokémon
|rule|OHKO Clause: OHKO moves are banned
|rule|Evasion Items Clause: Evasion items are banned
|rule|Evasion Moves Clause: Evasion moves are banned
|rule|Endless Battle Clause: Forcing endless battles is banned
|rule|HP Percentage Mod: HP is shown in percentages
|rule|One Boost Passer Clause: Limit one Baton Passer that has a way to boost its stats
|rule|Freeze Clause Mod: Limit one foe frozen
|
|t:|1728086618
|start
|switch|p1a: Metagross|Metagross|100/100
|switch|p2a: Skarmory|Skarmory, F|100/100
|turn|1
|c|☆BongMoodeus|gl hf!
|c|☆Apostic|u 2!
|inactive|BongMoodeus has 270 seconds left.
|
|t:|1728086655
|move|p1a: Metagross|Meteor Mash|p2a: Skarmory
|-resisted|p2a: Skarmory
|-damage|p2a: Skarmory|68/100
|-boost|p1a: Metagross|atk|1
|move|p2a: Skarmory|Spikes|p1a: Metagross
|-sidestart|p1: Apostic|Spikes
|
|-heal|p2a: Skarmory|74/100|[from] item: Leftovers
|upkeep
|turn|2
|
|t:|1728086673
|move|p2a: Skarmory|Protect|p2a: Skarmory
|-singleturn|p2a: Skarmory|Protect
|move|p1a: Metagross|Meteor Mash|p2a: Skarmory
|-activate|p2a: Skarmory|Protect
|
|-heal|p2a: Skarmory|80/100|[from] item: Leftovers
|upkeep
|turn|3
|
|t:|1728086679
|move|p1a: Metagross|Meteor Mash|p2a: Skarmory
|-resisted|p2a: Skarmory
|-damage|p2a: Skarmory|30/100
|move|p2a: Skarmory|Roar|p1a: Metagross
|drag|p1a: Tyranitar|Tyranitar, F|100/100
|-damage|p1a: Tyranitar|88/100|[from] Spikes
|-weather|Sandstorm|[from] ability: Sand Stream|[of] p1a: Tyranitar
|
|-weather|Sandstorm|[upkeep]
|-heal|p2a: Skarmory|36/100|[from] item: Leftovers
|-heal|p1a: Tyranitar|94/100|[from] item: Leftovers
|upkeep
|turn|4
|
|t:|1728086687
|switch|p2a: Metagross|Metagross|100/100
|move|p1a: Tyranitar|Fire Blast|p2a: Metagross|[miss]
|-miss|p1a: Tyranitar|p2a: Metagross
|
|-weather|Sandstorm|[upkeep]
|-heal|p1a: Tyranitar|100/100|[from] item: Leftovers
|upkeep
|turn|5
|
|t:|1728086696
|switch|p1a: Forretress|Forretress, F|100/100
|-damage|p1a: Forretress|88/100|[from] Spikes
|move|p2a: Metagross|Meteor Mash|p1a: Forretress
|-resisted|p1a: Forretress
|-damage|p1a: Forretress|55/100
|
|-weather|Sandstorm|[upkeep]
|-heal|p1a: Forretress|61/100|[from] item: Leftovers
|upkeep
|turn|6
|
|t:|1728086708
|switch|p2a: Gengar|Gengar, M|100/100
|move|p1a: Forretress|Spikes|p2a: Gengar
|-sidestart|p2: BongMoodeus|Spikes
|
|-weather|Sandstorm|[upkeep]
|-damage|p2a: Gengar|95/100|[from] Sandstorm
|-heal|p2a: Gengar|100/100|[from] item: Leftovers
|-heal|p1a: Forretress|67/100|[from] item: Leftovers
|upkeep
|turn|7
|
|t:|1728086721
|switch|p2a: Metagross|Metagross|100/100
|-damage|p2a: Metagross|88/100|[from] Spikes
|switch|p1a: Tyranitar|Tyranitar, F|100/100
|-damage|p1a: Tyranitar|88/100|[from] Spikes
|
|-weather|Sandstorm|[upkeep]
|-heal|p1a: Tyranitar|94/100|[from] item: Leftovers
|upkeep
|turn|8
|
|t:|1728086726
|move|p2a: Metagross|Meteor Mash|p1a: Tyranitar
|-supereffective|p1a: Tyranitar
|-damage|p1a: Tyranitar|0 fnt
|-boost|p2a: Metagross|atk|1
|faint|p1a: Tyranitar
|
|t:|1728086731
|switch|p1a: Venusaur|Venusaur, M|100/100
|-damage|p1a: Venusaur|88/100|[from] Spikes
|
|-weather|Sandstorm|[upkeep]
|-damage|p1a: Venusaur|82/100|[from] Sandstorm
|-heal|p1a: Venusaur|88/100|[from] item: Leftovers
|upkeep
|turn|9
|
|t:|1728086741
|move|p2a: Metagross|Meteor Mash|p1a: Venusaur
|-damage|p1a: Venusaur|0 fnt
|faint|p1a: Venusaur
|
|t:|1728086748
|switch|p1a: Forretress|Forretress, F|67/100
|-damage|p1a: Forretress|55/100|[from] Spikes
|
|-weather|Sandstorm|[upkeep]
|-heal|p1a: Forretress|61/100|[from] item: Leftovers
|upkeep
|turn|10
|
|t:|1728086751
|move|p2a: Metagross|Meteor Mash|p1a: Forretress
|-resisted|p1a: Forretress
|-damage|p1a: Forretress|15/100
|move|p1a: Forretress|Earthquake|p2a: Metagross
|-supereffective|p2a: Metagross
|-damage|p2a: Metagross|54/100
|
|-weather|Sandstorm|[upkeep]
|-heal|p1a: Forretress|21/100|[from] item: Leftovers
|upkeep
|turn|11
|
|t:|1728086761
|move|p2a: Metagross|Meteor Mash|p1a: Forretress|[miss]
|-miss|p2a: Metagross|p1a: Forretress
|move|p1a: Forretress|Spikes|p2a: Metagross
|-sidestart|p2: BongMoodeus|Spikes
|
|-weather|Sandstorm|[upkeep]
|-heal|p1a: Forretress|27/100|[from] item: Leftovers
|upkeep
|turn|12
|
|t:|1728086764
|move|p2a: Metagross|Meteor Mash|p1a: Forretress
|-resisted|p1a: Forretress
|-damage|p1a: Forretress|0 fnt
|faint|p1a: Forretress
|
|t:|1728086766
|switch|p1a: Aerodactyl|Aerodactyl, F|100/100
|
|-weather|Sandstorm|[upkeep]
|upkeep
|turn|13
|
|t:|1728086770
|switch|p2a: Skarmory|Skarmory, F|36/100
|move|p1a: Aerodactyl|Earthquake|p2a: Skarmory
|-immune|p2a: Skarmory
|
|-weather|Sandstorm|[upkeep]
|-heal|p2a: Skarmory|42/100|[from] item: Leftovers
|upkeep
|turn|14
|
|t:|1728086774
|switch|p1a: Blissey|Blissey, F|100/100
|-damage|p1a: Blissey|88/100|[from] Spikes
|move|p2a: Skarmory|Roar|p1a: Blissey
|drag|p1a: Aerodactyl|Aerodactyl, F|100/100
|
|-weather|Sandstorm|[upkeep]
|-heal|p2a: Skarmory|48/100|[from] item: Leftovers
|upkeep
|turn|15
|
|t:|1728086782
|move|p2a: Skarmory|Protect|p2a: Skarmory
|-singleturn|p2a: Skarmory|Protect
|move|p1a: Aerodactyl|Rock Slide|p2a: Skarmory
|-activate|p2a: Skarmory|Protect
|
|-weather|Sandstorm|[upkeep]
|-heal|p2a: Skarmory|53/100|[from] item: Leftovers
|upkeep
|turn|16
|
|t:|1728086784
|move|p1a: Aerodactyl|Rock Slide|p2a: Skarmory
|-damage|p2a: Skarmory|13/100
|move|p2a: Skarmory|Toxic|p1a: Aerodactyl
|-status|p1a: Aerodactyl|tox
|
|-weather|Sandstorm|[upkeep]
|-damage|p1a: Aerodactyl|95/100 tox|[from] psn
|-heal|p2a: Skarmory|19/100|[from] item: Leftovers
|upkeep
|turn|17
|
|t:|1728086787
|move|p2a: Skarmory|Protect|p2a: Skarmory
|-singleturn|p2a: Skarmory|Protect
|move|p1a: Aerodactyl|Rock Slide|p2a: Skarmory
|-activate|p2a: Skarmory|Protect
|
|-weather|Sandstorm|[upkeep]
|-damage|p1a: Aerodactyl|83/100 tox|[from] psn
|-heal|p2a: Skarmory|25/100|[from] item: Leftovers
|upkeep
|turn|18
|
|t:|1728086790
|switch|p2a: Metagross|Metagross|54/100
|-damage|p2a: Metagross|38/100|[from] Spikes
|move|p1a: Aerodactyl|Rock Slide|p2a: Metagross
|-resisted|p2a: Metagross
|-damage|p2a: Metagross|16/100
|
|-weather|Sandstorm|[upkeep]
|-damage|p1a: Aerodactyl|65/100 tox|[from] psn
|upkeep
|turn|19
|
|t:|1728086793
|move|p1a: Aerodactyl|Rock Slide|p2a: Metagross
|-resisted|p2a: Metagross
|-damage|p2a: Metagross|0 fnt
|faint|p2a: Metagross
|inactive|BongMoodeus has 270 seconds left.
|
|t:|1728086831
|switch|p2a: Jolteon|Jolteon, F|100/100
|-damage|p2a: Jolteon|84/100|[from] Spikes
|
|-weather|Sandstorm|[upkeep]
|-damage|p2a: Jolteon|78/100|[from] Sandstorm
|-heal|p2a: Jolteon|84/100|[from] item: Leftovers
|-damage|p1a: Aerodactyl|41/100 tox|[from] psn
|upkeep
|turn|20
|
|t:|1728086834
|switch|p1a: Blissey|Blissey, F|88/100
|-damage|p1a: Blissey|76/100|[from] Spikes
|move|p2a: Jolteon|Baton Pass|p2a: Jolteon
|
|t:|1728086841
|switch|p2a: Tyranitar|Tyranitar, F|100/100|[from] Baton Pass
|-damage|p2a: Tyranitar|84/100|[from] Spikes
|
|-weather|Sandstorm|[upkeep]
|-damage|p1a: Blissey|69/100|[from] Sandstorm
|-heal|p2a: Tyranitar|90/100|[from] item: Leftovers
|-heal|p1a: Blissey|76/100|[from] item: Leftovers
|upkeep
|turn|21
|
|t:|1728086850
|move|p2a: Tyranitar|Earthquake|p1a: Blissey
|-damage|p1a: Blissey|37/100
|move|p1a: Blissey|Thunderbolt|p2a: Tyranitar
|-damage|p2a: Tyranitar|68/100
|
|-weather|Sandstorm|[upkeep]
|-damage|p1a: Blissey|31/100|[from] Sandstorm
|-heal|p2a: Tyranitar|75/100|[from] item: Leftovers
|-heal|p1a: Blissey|37/100|[from] item: Leftovers
|upkeep
|turn|22
|
|t:|1728086855
|switch|p1a: Aerodactyl|Aerodactyl, F|41/100 tox
|move|p2a: Tyranitar|Earthquake|p1a: Aerodactyl
|-immune|p1a: Aerodactyl
|
|-weather|Sandstorm|[upkeep]
|-damage|p1a: Aerodactyl|35/100 tox|[from] psn
|-heal|p2a: Tyranitar|81/100|[from] item: Leftovers
|upkeep
|turn|23
|
|t:|1728086862
|switch|p2a: Skarmory|Skarmory, F|25/100
|move|p1a: Aerodactyl|Earthquake|p2a: Skarmory
|-immune|p2a: Skarmory
|
|-weather|Sandstorm|[upkeep]
|-damage|p1a: Aerodactyl|23/100 tox|[from] psn
|-heal|p2a: Skarmory|31/100|[from] item: Leftovers
|upkeep
|turn|24
|
|t:|1728086869
|switch|p1a: Blissey|Blissey, F|37/100
|-damage|p1a: Blissey|25/100|[from] Spikes
|move|p2a: Skarmory|Roar|p1a: Blissey
|drag|p1a: Aerodactyl|Aerodactyl, F|23/100 tox
|
|-weather|Sandstorm|[upkeep]
|-damage|p1a: Aerodactyl|17/100 tox|[from] psn
|-heal|p2a: Skarmory|37/100|[from] item: Leftovers
|upkeep
|turn|25
|
|t:|1728086874
|move|p2a: Skarmory|Protect|p2a: Skarmory
|-singleturn|p2a: Skarmory|Protect
|move|p1a: Aerodactyl|Rock Slide|p2a: Skarmory
|-activate|p2a: Skarmory|Protect
|
|-weather|Sandstorm|[upkeep]
|-damage|p1a: Aerodactyl|5/100 tox|[from] psn
|-heal|p2a: Skarmory|43/100|[from] item: Leftovers
|upkeep
|turn|26
|
|t:|1728086882
|move|p1a: Aerodactyl|Rock Slide|p2a: Skarmory
|-crit|p2a: Skarmory
|-damage|p2a: Skarmory|0 fnt
|faint|p2a: Skarmory
|inactive|BongMoodeus has 270 seconds left.
|inactive|BongMoodeus has 240 seconds left.
|
|t:|1728086958
|switch|p2a: Gengar|Gengar, M|100/100
|
|-weather|Sandstorm|[upkeep]
|-damage|p2a: Gengar|95/100|[from] Sandstorm
|-damage|p1a: Aerodactyl|0 fnt|[from] psn
|faint|p1a: Aerodactyl
|-heal|p2a: Gengar|100/100|[from] item: Leftovers
|upkeep
|
|t:|1728086962
|switch|p1a: Blissey|Blissey, F|25/100
|-damage|p1a: Blissey|12/100|[from] Spikes
|turn|27
|
|t:|1728086966
|move|p2a: Gengar|Explosion|p1a: Blissey
|-damage|p1a: Blissey|0 fnt
|faint|p2a: Gengar
|faint|p1a: Blissey
|
|t:|1728086969
|switch|p2a: Jolteon|Jolteon, F|84/100
|switch|p1a: Metagross|Metagross|100/100
|-damage|p2a: Jolteon|67/100|[from] Spikes
|-damage|p1a: Metagross|88/100|[from] Spikes
|
|-weather|Sandstorm|[upkeep]
|-damage|p2a: Jolteon|61/100|[from] Sandstorm
|-heal|p2a: Jolteon|67/100|[from] item: Leftovers
|upkeep
|turn|28
|
|t:|1728086973
|move|p2a: Jolteon|Thunder Wave|p1a: Metagross
|-status|p1a: Metagross|par
|move|p1a: Metagross|Meteor Mash|p2a: Jolteon
|-resisted|p2a: Jolteon
|-damage|p2a: Jolteon|0 fnt
|-boost|p1a: Metagross|atk|1
|faint|p2a: Jolteon
|
|t:|1728086977
|switch|p2a: Starmie|Starmie|100/100
|-damage|p2a: Starmie|84/100|[from] Spikes
|
|-weather|Sandstorm|[upkeep]
|-damage|p2a: Starmie|78/100|[from] Sandstorm
|-heal|p2a: Starmie|84/100|[from] item: Leftovers
|upkeep
|turn|29
|inactive|BongMoodeus has 270 seconds left.
|
|t:|1728086989
|move|p2a: Starmie|Thunderbolt|p1a: Metagross
|-damage|p1a: Metagross|56/100 par
|move|p1a: Metagross|Meteor Mash|p2a: Starmie
|-resisted|p2a: Starmie
|-damage|p2a: Starmie|0 fnt
|faint|p2a: Starmie
|
|t:|1728086991
|switch|p2a: Tyranitar|Tyranitar, F|81/100
|-damage|p2a: Tyranitar|64/100|[from] Spikes
|
|-weather|Sandstorm|[upkeep]
|-heal|p2a: Tyranitar|70/100|[from] item: Leftovers
|upkeep
|turn|30
|
|t:|1728086993
|move|p2a: Tyranitar|Earthquake|p1a: Metagross
|-supereffective|p1a: Metagross
|-damage|p1a: Metagross|0 fnt
|faint|p1a: Metagross
|
|win|BongMoodeus
|c|☆Apostic|gg wp
|c|☆BongMoodeus|gg u2

</script>
<script type="application/json" class="data" id="replaydata-smogtours-gen3ou-794784">
{"id":"smogtours-gen3ou-794784","format":"[Gen 3] OU","players":["Apostic","BongMoodeus"],"uploadtime":1728086993,"views":118,"formatid":"gen3ou","rating":null,"private":0,"password":null}
</script>

<script defer src="js/replays.js?9d40a366"></script>
