<!DOCTYPE html>
<meta charset="utf-8" />
<meta name="viewport" content="width=device-width" />

<title>[Gen 3] OU: pressle54 vs. cloud bolt - Replays - Pok&eacute;mon Showdown!</title>

<meta name="description" content="Watch a replay of a Pok&eacute;mon battle between pressle54 and cloud bolt! Format: [Gen 3] OU; Date: Oct 10, 2024" />
<!--

Hey, you! Looking in the source for the replay log?

You can find them in JSON format, just add `.json` at the end of a replay URL.

https://replay.pokemonshowdown.com/gen7randomdoublesbattle-865046831.json

Or, if you only need the log itself, add `.log` instead:

https://replay.pokemonshowdown.com/gen7randomdoublesbattle-865046831.log

-->

<link rel="stylesheet" href="//pokemonshowdown.com/style/global.css?0.023195364461161105" />
<link rel="stylesheet" href="//play.pokemonshowdown.com/style/font-awesome.css?0.13261647063804238" />
<link rel="stylesheet" href="//play.pokemonshowdown.com/style/battle.css?0.8753245789963631" />
<link rel="stylesheet" href="//play.pokemonshowdown.com/style/utilichart.css?0.8627959624976733" />

<!-- Global site tag (gtag.js) - Google Analytics -->
<script async src="https://www.googletagmanager.com/gtag/js?id=UA-26211653-1"></script>
<script>
  window.dataLayer = window.dataLayer || [];
  function gtag(){dataLayer.push(arguments);}
  gtag('js', new Date());

  gtag('config', 'UA-26211653-1');
</script>
<!-- End Google Analytics -->
<!-- Venatus Ad Manager - Install in <HEAD> of page -->
	<script src="https://hb.vntsm.com/v3/live/ad-manager.min.js" type="text/javascript" data-site-id="642aba63ec9a7b11c3c9c1be" data-mode="scan" async></script>
<!-- / Venatus Ad Manager -->

<style>
	@media (max-width:820px) {
		.battle {
			margin: 0 auto;
		}
		.battle-log {
			margin: 7px auto 0;
			max-width: 640px;
			height: 300px;
			position: static;
		}
	}
	.optgroup {
		display: inline-block;
		line-height: 22px;
		font-size: 10pt;
	}
	.optgroup .button {
		height: 25px;
		padding-top: 0;
		padding-bottom: 0;
	}
	.optgroup button.button {
		padding-left: 12px;
		padding-right: 12px;
	}
	.linklist {
		list-style: none;
		margin: 0.5em 0;
		padding: 0;
	}
	.linklist li {
		padding: 2px 0;
	}
	.sidebar {
		float: left;
		width: 320px;
	}
	.bar-wrapper {
		max-width: 1100px;
		margin: 0 auto;
	}
	.bar-wrapper.has-sidebar {
		max-width: 1430px;
	}
	.mainbar {
		margin: 0;
		padding-right: 1px;
	}
	.mainbar.has-sidebar {
		margin-left: 330px;
	}
	@media (min-width: 1511px) {
		.sidebar {
			width: 400px;
		}
		.bar-wrapper.has-sidebar {
			max-width: 1510px;
		}
		.mainbar.has-sidebar {
			margin-left: 410px;
		}
	}
	.section.first-section {
		margin-top: 9px;
	}
	.blocklink small {
		white-space: normal;
	}
	.button {
		vertical-align: middle;
	}
	.replay-controls {
		padding-top: 10px;
	}
	.replay-controls h1 {
		font-size: 16pt;
		font-weight: normal;
		color: #CCC;
	}
	.pagelink {
		text-align: center;
	}
	.pagelink a {
		width: 150px;
	}
	.textbox, .button {
		font-size: 11pt;
		vertical-align: middle;
	}
	@media (max-width: 450px) {
		.button {
			font-size: 9pt;
		}
	}
</style>

<div>

	<header>
		<div class="nav-wrapper"><ul class="nav">
			<li><a class="button nav-first" href="//pokemonshowdown.com/"><img src="//pokemonshowdown.com/images/pokemonshowdownbeta.png" srcset="//pokemonshowdown.com/images/pokemonshowdownbeta.png 1x, //pokemonshowdown.com/images/pokemonshowdownbeta@2x.png 2x" alt="Pok&eacute;mon Showdown" width="146" height="44" /> Home</a></li>
			<li><a class="button" href="//pokemonshowdown.com/dex/">Pok&eacute;dex</a></li>
			<li><a class="button cur" href="/">Replays</a></li>
			<li><a class="button" href="//pokemonshowdown.com/ladder/">Ladder</a></li>
			<li><a class="button nav-last" href="//pokemonshowdown.com/forums/">Forum</a></li>
			<li><a class="button greenbutton nav-first nav-last" href="//play.pokemonshowdown.com/">Play</a></li>
		</ul></div>
	</header>

	<div class="main" id="main">

		<noscript><section class="section">You need to enable JavaScript to use this page; sorry!</section></noscript>

	</div>

</div>

<script defer nomodule src="//play.pokemonshowdown.com/js/lib/ps-polyfill.js"></script>
<script defer src="//play.pokemonshowdown.com/js/lib/preact.min.js"></script>

<script defer src="//play.pokemonshowdown.com/config/config.js?2bddbc15"></script>
<script defer src="//play.pokemonshowdown.com/js/lib/jquery-1.11.0.min.js"></script>
<script defer src="//play.pokemonshowdown.com/js/lib/html-sanitizer-minified.js"></script>
<script defer src="//play.pokemonshowdown.com/js/battle-sound.js"></script>
<script defer src="//play.pokemonshowdown.com/js/battledata.js?0.7209276989879541"></script>
<script defer src="//play.pokemonshowdown.com/data/pokedex-mini.js?0.6111056340867951"></script>
<script defer src="//play.pokemonshowdown.com/data/pokedex-mini-bw.js?0.3532142036491459"></script>
<script defer src="//play.pokemonshowdown.com/data/graphics.js?0.24223875632456182"></script>
<script defer src="//play.pokemonshowdown.com/data/pokedex.js?0.38839984266356864"></script>
<script defer src="//play.pokemonshowdown.com/data/moves.js?0.21866028504024015"></script>
<script defer src="//play.pokemonshowdown.com/data/abilities.js?0.2005157953846628"></script>
<script defer src="//play.pokemonshowdown.com/data/items.js?0.9894211263848525"></script>
<script defer src="//play.pokemonshowdown.com/data/teambuilder-tables.js?0.6008791140282215"></script>
<script defer src="//play.pokemonshowdown.com/js/battle-tooltips.js?0.7580118955022959"></script>
<script defer src="//play.pokemonshowdown.com/js/battle.js?0.6057722274234274"></script>

<script defer src="js/utils.js?e31f9a17"></script>
<script defer src="js/replays-battle.js?7008c182"></script>

<!-- don't scrape this data! just add .json or .log after the URL!
Full API docs: https://github.com/smogon/pokemon-showdown-client/blob/master/WEB-API.md -->
<script type="text/plain" class="log" id="replaylog-smogtours-gen3ou-796838">
|inactive|Battle timer is ON: inactive players will automatically lose when time's up.
|t:|1728522060
|gametype|singles
|player|p1|pressle54|boarder|
|player|p2|cloud bolt|flannery|
|teamsize|p1|6
|teamsize|p2|6
|gen|3
|tier|[Gen 3] OU
|rule|Sleep Clause Mod: Limit one foe put to sleep
|rule|Switch Priority Clause Mod: Faster Pokémon switch first
|rule|Species Clause: Limit one of each Pokémon
|rule|OHKO Clause: OHKO moves are banned
|rule|Evasion Items Clause: Evasion items are banned
|rule|Evasion Moves Clause: Evasion moves are banned
|rule|Endless Battle Clause: Forcing endless battles is banned
|rule|HP Percentage Mod: HP is shown in percentages
|rule|One Boost Passer Clause: Limit one Baton Passer that has a way to boost its stats
|rule|Freeze Clause Mod: Limit one foe frozen
|
|t:|1728522060
|start
|switch|p1a: Tyranitar|Tyranitar, M, shiny|100/100
|switch|p2a: Tyranitar|Tyranitar, F|100/100
|-weather|Sandstorm|[from] ability: Sand Stream|[of] p2a: Tyranitar
|turn|1
|
|t:|1728522070
|-singleturn|p1a: Tyranitar|move: Focus Punch
|switch|p2a: Skarmory|Skarmory, F|100/100
|move|p1a: Tyranitar|Focus Punch|p2a: Skarmory
|-damage|p2a: Skarmory|56/100
|
|-weather|Sandstorm|[upkeep]
|-heal|p2a: Skarmory|62/100|[from] item: Leftovers
|upkeep
|turn|2
|
|t:|1728522079
|switch|p1a: Skarmory|Skarmory, M, shiny|100/100
|move|p2a: Skarmory|Drill Peck|p1a: Skarmory
|-resisted|p1a: Skarmory
|-damage|p1a: Skarmory|92/100
|
|-weather|Sandstorm|[upkeep]
|-heal|p2a: Skarmory|68/100|[from] item: Leftovers
|-heal|p1a: Skarmory|98/100|[from] item: Leftovers
|upkeep
|turn|3
|
|t:|1728522084
|move|p2a: Skarmory|Taunt|p1a: Skarmory
|-start|p1a: Skarmory|move: Taunt
|cant|p1a: Skarmory|move: Taunt|Taunt
|
|-weather|Sandstorm|[upkeep]
|-heal|p2a: Skarmory|74/100|[from] item: Leftovers
|-heal|p1a: Skarmory|100/100|[from] item: Leftovers
|upkeep
|turn|4
|
|t:|1728522096
|switch|p1a: Starmie|Starmie, shiny|100/100
|move|p2a: Skarmory|Spikes|p1a: Starmie
|-sidestart|p1: pressle54|Spikes
|
|-weather|Sandstorm|[upkeep]
|-damage|p1a: Starmie|94/100|[from] Sandstorm
|-heal|p1a: Starmie|100/100|[from] item: Leftovers
|-heal|p2a: Skarmory|80/100|[from] item: Leftovers
|upkeep
|turn|5
|
|t:|1728522100
|switch|p2a: Blissey|Blissey, F|100/100
|move|p1a: Starmie|Thunderbolt|p2a: Blissey
|-damage|p2a: Blissey|89/100
|-status|p2a: Blissey|par
|
|-weather|Sandstorm|[upkeep]
|-damage|p1a: Starmie|94/100|[from] Sandstorm
|-damage|p2a: Blissey|83/100 par|[from] Sandstorm
|-heal|p1a: Starmie|100/100|[from] item: Leftovers
|-heal|p2a: Blissey|89/100 par|[from] item: Leftovers
|upkeep
|turn|6
|
|t:|1728522105
|move|p1a: Starmie|Rapid Spin|p2a: Blissey
|-damage|p2a: Blissey|86/100 par
|-sideend|p1: pressle54|Spikes|[from] move: Rapid Spin|[of] p1a: Starmie
|cant|p2a: Blissey|par
|
|-weather|Sandstorm|[upkeep]
|-damage|p1a: Starmie|94/100|[from] Sandstorm
|-damage|p2a: Blissey|80/100 par|[from] Sandstorm
|-heal|p1a: Starmie|100/100|[from] item: Leftovers
|-heal|p2a: Blissey|86/100 par|[from] item: Leftovers
|upkeep
|turn|7
|
|t:|1728522112
|switch|p1a: Skarmory|Skarmory, M, shiny|100/100
|-curestatus|p2a: Blissey|par|[from] ability: Natural Cure
|switch|p2a: Swampert|Swampert, M|100/100
|
|-weather|Sandstorm|[upkeep]
|upkeep
|turn|8
|
|t:|1728522118
|switch|p2a: Jirachi|Jirachi|100/100
|move|p1a: Skarmory|Spikes|p2a: Jirachi
|-sidestart|p2: cloud bolt|Spikes
|
|-weather|Sandstorm|[upkeep]
|upkeep
|turn|9
|
|t:|1728522125
|switch|p1a: Swampert|Swampert, M, shiny|100/100
|move|p2a: Jirachi|Body Slam|p1a: Swampert
|-damage|p1a: Swampert|87/100
|
|-weather|Sandstorm|[upkeep]
|-heal|p1a: Swampert|93/100|[from] item: Leftovers
|upkeep
|turn|10
|
|t:|1728522131
|-singleturn|p1a: Swampert|move: Focus Punch
|move|p2a: Jirachi|Hidden Power|p1a: Swampert
|-supereffective|p1a: Swampert
|-damage|p1a: Swampert|9/100
|move|p1a: Swampert|Focus Punch||[still]
|cant|p1a: Swampert|Focus Punch|Focus Punch
|
|-weather|Sandstorm|[upkeep]
|-heal|p1a: Swampert|15/100|[from] item: Leftovers
|upkeep
|turn|11
|
|t:|1728522137
|move|p1a: Swampert|Protect|p1a: Swampert
|-singleturn|p1a: Swampert|Protect
|move|p2a: Jirachi|Body Slam|p1a: Swampert
|-activate|p1a: Swampert|Protect
|
|-weather|Sandstorm|[upkeep]
|-heal|p1a: Swampert|22/100|[from] item: Leftovers
|upkeep
|turn|12
|
|t:|1728522146
|switch|p1a: Tyranitar|Tyranitar, M, shiny|100/100
|move|p2a: Jirachi|Hidden Power|p1a: Tyranitar
|-supereffective|p1a: Tyranitar
|-damage|p1a: Tyranitar|62/100
|
|-weather|Sandstorm|[upkeep]
|-heal|p1a: Tyranitar|68/100|[from] item: Leftovers
|upkeep
|turn|13
|
|t:|1728522154
|move|p2a: Jirachi|Dynamic Punch|p1a: Tyranitar
|-supereffective|p1a: Tyranitar
|-damage|p1a: Tyranitar|0 fnt
|faint|p1a: Tyranitar
|
|t:|1728522166
|switch|p1a: Skarmory|Skarmory, M, shiny|100/100
|
|-weather|Sandstorm|[upkeep]
|upkeep
|turn|14
|
|t:|1728522170
|move|p2a: Jirachi|Fire Punch|p1a: Skarmory
|-supereffective|p1a: Skarmory
|-damage|p1a: Skarmory|52/100
|move|p1a: Skarmory|Spikes|p2a: Jirachi
|-sidestart|p2: cloud bolt|Spikes
|
|-weather|Sandstorm|[upkeep]
|-heal|p1a: Skarmory|58/100|[from] item: Leftovers
|upkeep
|turn|15
|
|t:|1728522174
|move|p2a: Jirachi|Body Slam|p1a: Skarmory
|-resisted|p1a: Skarmory
|-damage|p1a: Skarmory|50/100
|-status|p1a: Skarmory|par
|move|p1a: Skarmory|Spikes|p2a: Jirachi
|-sidestart|p2: cloud bolt|Spikes
|
|-weather|Sandstorm|[upkeep]
|-heal|p1a: Skarmory|56/100 par|[from] item: Leftovers
|upkeep
|turn|16
|
|t:|1728522180
|switch|p1a: Aerodactyl|Aerodactyl, M|100/100
|move|p2a: Jirachi|Fire Punch|p1a: Aerodactyl
|-resisted|p1a: Aerodactyl
|-damage|p1a: Aerodactyl|85/100
|
|-weather|Sandstorm|[upkeep]
|upkeep
|turn|17
|
|t:|1728522191
|switch|p2a: Swampert|Swampert, M|100/100
|-damage|p2a: Swampert|76/100|[from] Spikes
|move|p1a: Aerodactyl|Earthquake|p2a: Swampert
|-damage|p2a: Swampert|51/100
|
|-weather|Sandstorm|[upkeep]
|-heal|p2a: Swampert|57/100|[from] item: Leftovers
|upkeep
|turn|18
|
|t:|1728522200
|switch|p1a: Celebi|Celebi|100/100
|move|p2a: Swampert|Curse|p2a: Swampert
|-unboost|p2a: Swampert|spe|1
|-boost|p2a: Swampert|atk|1
|-boost|p2a: Swampert|def|1
|
|-weather|Sandstorm|[upkeep]
|-damage|p1a: Celebi|94/100|[from] Sandstorm
|-heal|p1a: Celebi|100/100|[from] item: Leftovers
|-heal|p2a: Swampert|63/100|[from] item: Leftovers
|upkeep
|turn|19
|
|t:|1728522207
|switch|p2a: Charizard|Charizard, M|100/100
|move|p1a: Celebi|Leech Seed|p2a: Charizard|[miss]
|-miss|p1a: Celebi|p2a: Charizard
|
|-weather|Sandstorm|[upkeep]
|-damage|p2a: Charizard|94/100|[from] Sandstorm
|-damage|p1a: Celebi|94/100|[from] Sandstorm
|-heal|p2a: Charizard|100/100|[from] item: Leftovers
|-heal|p1a: Celebi|100/100|[from] item: Leftovers
|upkeep
|turn|20
|
|t:|1728522219
|switch|p1a: Starmie|Starmie, shiny|100/100
|move|p2a: Charizard|Flamethrower|p1a: Starmie
|-resisted|p1a: Starmie
|-damage|p1a: Starmie|70/100
|
|-weather|Sandstorm|[upkeep]
|-damage|p1a: Starmie|63/100|[from] Sandstorm
|-damage|p2a: Charizard|94/100|[from] Sandstorm
|-heal|p1a: Starmie|70/100|[from] item: Leftovers
|-heal|p2a: Charizard|100/100|[from] item: Leftovers
|upkeep
|turn|21
|
|t:|1728522227
|switch|p2a: Blissey|Blissey, F|86/100
|-damage|p2a: Blissey|61/100|[from] Spikes
|move|p1a: Starmie|Surf|p2a: Blissey
|-damage|p2a: Blissey|44/100
|
|-weather|Sandstorm|[upkeep]
|-damage|p1a: Starmie|63/100|[from] Sandstorm
|-damage|p2a: Blissey|37/100|[from] Sandstorm
|-heal|p1a: Starmie|70/100|[from] item: Leftovers
|-heal|p2a: Blissey|44/100|[from] item: Leftovers
|upkeep
|turn|22
|
|t:|1728522238
|switch|p1a: Aerodactyl|Aerodactyl, M|85/100
|move|p2a: Blissey|Ice Beam|p1a: Aerodactyl
|-supereffective|p1a: Aerodactyl
|-damage|p1a: Aerodactyl|11/100
|
|-weather|Sandstorm|[upkeep]
|-damage|p2a: Blissey|37/100|[from] Sandstorm
|-enditem|p1a: Aerodactyl|Liechi Berry|[eat]
|-boost|p1a: Aerodactyl|atk|1|[from] item: Liechi Berry
|-heal|p2a: Blissey|44/100|[from] item: Leftovers
|upkeep
|turn|23
|
|t:|1728522248
|move|p1a: Aerodactyl|Double-Edge|p2a: Blissey
|-damage|p2a: Blissey|0 fnt
|faint|p2a: Blissey
|
|t:|1728522266
|switch|p2a: Skarmory|Skarmory, F|80/100
|
|-weather|Sandstorm|[upkeep]
|-heal|p2a: Skarmory|86/100|[from] item: Leftovers
|upkeep
|turn|24
|
|t:|1728522286
|move|p1a: Aerodactyl|Rock Slide|p2a: Skarmory
|-damage|p2a: Skarmory|48/100
|cant|p2a: Skarmory|flinch
|
|-weather|Sandstorm|[upkeep]
|-heal|p2a: Skarmory|54/100|[from] item: Leftovers
|upkeep
|turn|25
|
|t:|1728522291
|move|p1a: Aerodactyl|Rock Slide|p2a: Skarmory
|-damage|p2a: Skarmory|15/100
|cant|p2a: Skarmory|flinch
|
|-weather|Sandstorm|[upkeep]
|-heal|p2a: Skarmory|21/100|[from] item: Leftovers
|upkeep
|turn|26
|c|☆pressle54|oof
|
|t:|1728522300
|move|p1a: Aerodactyl|Rock Slide|p2a: Skarmory
|-damage|p2a: Skarmory|0 fnt
|faint|p2a: Skarmory
|
|t:|1728522302
|switch|p2a: Swampert|Swampert, M|63/100
|-damage|p2a: Swampert|38/100|[from] Spikes
|
|-weather|Sandstorm|[upkeep]
|-heal|p2a: Swampert|45/100|[from] item: Leftovers
|upkeep
|turn|27
|
|t:|1728522305
|move|p1a: Aerodactyl|Double-Edge|p2a: Swampert
|-damage|p2a: Swampert|0 fnt
|faint|p2a: Swampert
|c|☆cloud bolt|i guess u can just 
|c|☆cloud bolt|hard hax 3 games
|c|☆cloud bolt|gg
|
|t:|1728522316
|switch|p2a: Tyranitar|Tyranitar, F|100/100
|-damage|p2a: Tyranitar|76/100|[from] Spikes
|
|-weather|Sandstorm|[upkeep]
|-heal|p2a: Tyranitar|82/100|[from] item: Leftovers
|upkeep
|turn|28
|
|t:|1728522322
|move|p1a: Aerodactyl|Earthquake|p2a: Tyranitar
|-supereffective|p2a: Tyranitar
|-damage|p2a: Tyranitar|14/100
|move|p2a: Tyranitar|Double-Edge|p1a: Aerodactyl
|-resisted|p1a: Aerodactyl
|-damage|p1a: Aerodactyl|0 fnt
|-damage|p2a: Tyranitar|12/100|[from] Recoil|[of] p1a: Aerodactyl
|faint|p1a: Aerodactyl
|
|t:|1728522330
|switch|p1a: Starmie|Starmie, shiny|70/100
|
|-weather|Sandstorm|[upkeep]
|-damage|p1a: Starmie|63/100|[from] Sandstorm
|-heal|p1a: Starmie|70/100|[from] item: Leftovers
|-heal|p2a: Tyranitar|18/100|[from] item: Leftovers
|upkeep
|turn|29
|
|t:|1728522333
|move|p1a: Starmie|Surf|p2a: Tyranitar
|-supereffective|p2a: Tyranitar
|-damage|p2a: Tyranitar|0 fnt
|faint|p2a: Tyranitar
|
|t:|1728522335
|switch|p2a: Jirachi|Jirachi|100/100
|-damage|p2a: Jirachi|76/100|[from] Spikes
|
|-weather|Sandstorm|[upkeep]
|-damage|p1a: Starmie|63/100|[from] Sandstorm
|-heal|p1a: Starmie|70/100|[from] item: Leftovers
|-heal|p2a: Jirachi|82/100|[from] item: Leftovers
|upkeep
|turn|30
|
|t:|1728522340
|move|p1a: Starmie|Thunderbolt|p2a: Jirachi
|-damage|p2a: Jirachi|50/100
|move|p2a: Jirachi|Body Slam|p1a: Starmie
|-damage|p1a: Starmie|37/100
|-status|p1a: Starmie|par
|
|-weather|Sandstorm|[upkeep]
|-damage|p1a: Starmie|31/100 par|[from] Sandstorm
|-heal|p2a: Jirachi|57/100|[from] item: Leftovers
|-heal|p1a: Starmie|37/100 par|[from] item: Leftovers
|upkeep
|turn|31
|
|t:|1728522345
|move|p2a: Jirachi|Fire Punch|p1a: Starmie
|-resisted|p1a: Starmie
|-crit|p1a: Starmie
|-damage|p1a: Starmie|0 fnt
|faint|p1a: Starmie
|
|t:|1728522351
|switch|p1a: Swampert|Swampert, M, shiny|22/100
|
|-weather|Sandstorm|[upkeep]
|-heal|p2a: Jirachi|63/100|[from] item: Leftovers
|-heal|p1a: Swampert|28/100|[from] item: Leftovers
|upkeep
|turn|32
|
|t:|1728522354
|move|p1a: Swampert|Protect|p1a: Swampert
|-singleturn|p1a: Swampert|Protect
|move|p2a: Jirachi|Hidden Power|p1a: Swampert
|-activate|p1a: Swampert|Protect
|
|-weather|Sandstorm|[upkeep]
|-heal|p2a: Jirachi|69/100|[from] item: Leftovers
|-heal|p1a: Swampert|34/100|[from] item: Leftovers
|upkeep
|turn|33
|
|t:|1728522361
|move|p2a: Jirachi|Hidden Power|p1a: Swampert
|-supereffective|p1a: Swampert
|-damage|p1a: Swampert|0 fnt
|faint|p1a: Swampert
|
|t:|1728522368
|switch|p1a: Celebi|Celebi|100/100
|
|-weather|Sandstorm|[upkeep]
|-damage|p1a: Celebi|94/100|[from] Sandstorm
|-heal|p2a: Jirachi|75/100|[from] item: Leftovers
|-heal|p1a: Celebi|100/100|[from] item: Leftovers
|upkeep
|turn|34
|
|t:|1728522372
|move|p2a: Jirachi|Body Slam|p1a: Celebi
|-damage|p1a: Celebi|79/100
|move|p1a: Celebi|Hidden Power|p2a: Jirachi
|-supereffective|p2a: Jirachi
|-damage|p2a: Jirachi|21/100
|
|-weather|Sandstorm|[upkeep]
|-damage|p1a: Celebi|73/100|[from] Sandstorm
|-heal|p2a: Jirachi|27/100|[from] item: Leftovers
|-heal|p1a: Celebi|79/100|[from] item: Leftovers
|upkeep
|turn|35
|
|t:|1728522378
|move|p2a: Jirachi|Body Slam|p1a: Celebi
|-damage|p1a: Celebi|60/100
|-status|p1a: Celebi|par
|move|p1a: Celebi|Hidden Power|p2a: Jirachi
|-supereffective|p2a: Jirachi
|-damage|p2a: Jirachi|0 fnt
|faint|p2a: Jirachi
|
|t:|1728522381
|switch|p2a: Charizard|Charizard, M|100/100
|
|-weather|Sandstorm|[upkeep]
|-damage|p2a: Charizard|94/100|[from] Sandstorm
|-damage|p1a: Celebi|54/100 par|[from] Sandstorm
|-heal|p2a: Charizard|100/100|[from] item: Leftovers
|-heal|p1a: Celebi|60/100 par|[from] item: Leftovers
|upkeep
|turn|36
|
|t:|1728522385
|move|p2a: Charizard|Flamethrower|p1a: Celebi
|-supereffective|p1a: Celebi
|-damage|p1a: Celebi|0 fnt
|faint|p1a: Celebi
|
|t:|1728522388
|switch|p1a: Skarmory|Skarmory, M, shiny|56/100 par
|
|-weather|Sandstorm|[upkeep]
|-damage|p2a: Charizard|94/100|[from] Sandstorm
|-heal|p2a: Charizard|100/100|[from] item: Leftovers
|-heal|p1a: Skarmory|62/100 par|[from] item: Leftovers
|upkeep
|turn|37
|
|t:|1728522393
|move|p2a: Charizard|Flamethrower|p1a: Skarmory
|-supereffective|p1a: Skarmory
|-damage|p1a: Skarmory|0 fnt
|faint|p1a: Skarmory
|
|win|cloud bolt
|c|☆cloud bolt|ggs
|c|☆pressle54|☆cloud bolt: hard hax 3 games
|c|☆pressle54|k
|c|☆pressle54|ggs

</script>
<script type="application/json" class="data" id="replaydata-smogtours-gen3ou-796838">
{"id":"smogtours-gen3ou-796838","format":"[Gen 3] OU","players":["pressle54","cloud bolt"],"uploadtime":1728522393,"views":76,"formatid":"gen3ou","rating":null,"private":0,"password":null}
</script>

<script defer src="js/replays.js?9d40a366"></script>
