<!DOCTYPE html>
<meta charset="utf-8" />
<meta name="viewport" content="width=device-width" />

<title>[Gen 3] OU: simonsimonf vs. 4lowrey - Replays - Pok&eacute;mon Showdown!</title>

<meta name="description" content="Watch a replay of a Pok&eacute;mon battle between simonsimonf and 4lowrey! Format: [Gen 3] OU; Date: Oct 12, 2024" />
<!--

Hey, you! Looking in the source for the replay log?

You can find them in JSON format, just add `.json` at the end of a replay URL.

https://replay.pokemonshowdown.com/gen7randomdoublesbattle-865046831.json

Or, if you only need the log itself, add `.log` instead:

https://replay.pokemonshowdown.com/gen7randomdoublesbattle-865046831.log

-->

<link rel="stylesheet" href="//pokemonshowdown.com/style/global.css?0.023195364461161105" />
<link rel="stylesheet" href="//play.pokemonshowdown.com/style/font-awesome.css?0.13261647063804238" />
<link rel="stylesheet" href="//play.pokemonshowdown.com/style/battle.css?0.8753245789963631" />
<link rel="stylesheet" href="//play.pokemonshowdown.com/style/utilichart.css?0.8627959624976733" />

<!-- Global site tag (gtag.js) - Google Analytics -->
<script async src="https://www.googletagmanager.com/gtag/js?id=UA-26211653-1"></script>
<script>
  window.dataLayer = window.dataLayer || [];
  function gtag(){dataLayer.push(arguments);}
  gtag('js', new Date());

  gtag('config', 'UA-26211653-1');
</script>
<!-- End Google Analytics -->
<!-- Venatus Ad Manager - Install in <HEAD> of page -->
	<script src="https://hb.vntsm.com/v3/live/ad-manager.min.js" type="text/javascript" data-site-id="642aba63ec9a7b11c3c9c1be" data-mode="scan" async></script>
<!-- / Venatus Ad Manager -->

<style>
	@media (max-width:820px) {
		.battle {
			margin: 0 auto;
		}
		.battle-log {
			margin: 7px auto 0;
			max-width: 640px;
			height: 300px;
			position: static;
		}
	}
	.optgroup {
		display: inline-block;
		line-height: 22px;
		font-size: 10pt;
	}
	.optgroup .button {
		height: 25px;
		padding-top: 0;
		padding-bottom: 0;
	}
	.optgroup button.button {
		padding-left: 12px;
		padding-right: 12px;
	}
	.linklist {
		list-style: none;
		margin: 0.5em 0;
		padding: 0;
	}
	.linklist li {
		padding: 2px 0;
	}
	.sidebar {
		float: left;
		width: 320px;
	}
	.bar-wrapper {
		max-width: 1100px;
		margin: 0 auto;
	}
	.bar-wrapper.has-sidebar {
		max-width: 1430px;
	}
	.mainbar {
		margin: 0;
		padding-right: 1px;
	}
	.mainbar.has-sidebar {
		margin-left: 330px;
	}
	@media (min-width: 1511px) {
		.sidebar {
			width: 400px;
		}
		.bar-wrapper.has-sidebar {
			max-width: 1510px;
		}
		.mainbar.has-sidebar {
			margin-left: 410px;
		}
	}
	.section.first-section {
		margin-top: 9px;
	}
	.blocklink small {
		white-space: normal;
	}
	.button {
		vertical-align: middle;
	}
	.replay-controls {
		padding-top: 10px;
	}
	.replay-controls h1 {
		font-size: 16pt;
		font-weight: normal;
		color: #CCC;
	}
	.pagelink {
		text-align: center;
	}
	.pagelink a {
		width: 150px;
	}
	.textbox, .button {
		font-size: 11pt;
		vertical-align: middle;
	}
	@media (max-width: 450px) {
		.button {
			font-size: 9pt;
		}
	}
</style>

<div>

	<header>
		<div class="nav-wrapper"><ul class="nav">
			<li><a class="button nav-first" href="//pokemonshowdown.com/"><img src="//pokemonshowdown.com/images/pokemonshowdownbeta.png" srcset="//pokemonshowdown.com/images/pokemonshowdownbeta.png 1x, //pokemonshowdown.com/images/pokemonshowdownbeta@2x.png 2x" alt="Pok&eacute;mon Showdown" width="146" height="44" /> Home</a></li>
			<li><a class="button" href="//pokemonshowdown.com/dex/">Pok&eacute;dex</a></li>
			<li><a class="button cur" href="/">Replays</a></li>
			<li><a class="button" href="//pokemonshowdown.com/ladder/">Ladder</a></li>
			<li><a class="button nav-last" href="//pokemonshowdown.com/forums/">Forum</a></li>
			<li><a class="button greenbutton nav-first nav-last" href="//play.pokemonshowdown.com/">Play</a></li>
		</ul></div>
	</header>

	<div class="main" id="main">

		<noscript><section class="section">You need to enable JavaScript to use this page; sorry!</section></noscript>

	</div>

</div>

<script defer nomodule src="//play.pokemonshowdown.com/js/lib/ps-polyfill.js"></script>
<script defer src="//play.pokemonshowdown.com/js/lib/preact.min.js"></script>

<script defer src="//play.pokemonshowdown.com/config/config.js?2bddbc15"></script>
<script defer src="//play.pokemonshowdown.com/js/lib/jquery-1.11.0.min.js"></script>
<script defer src="//play.pokemonshowdown.com/js/lib/html-sanitizer-minified.js"></script>
<script defer src="//play.pokemonshowdown.com/js/battle-sound.js"></script>
<script defer src="//play.pokemonshowdown.com/js/battledata.js?0.7209276989879541"></script>
<script defer src="//play.pokemonshowdown.com/data/pokedex-mini.js?0.6111056340867951"></script>
<script defer src="//play.pokemonshowdown.com/data/pokedex-mini-bw.js?0.3532142036491459"></script>
<script defer src="//play.pokemonshowdown.com/data/graphics.js?0.24223875632456182"></script>
<script defer src="//play.pokemonshowdown.com/data/pokedex.js?0.38839984266356864"></script>
<script defer src="//play.pokemonshowdown.com/data/moves.js?0.21866028504024015"></script>
<script defer src="//play.pokemonshowdown.com/data/abilities.js?0.2005157953846628"></script>
<script defer src="//play.pokemonshowdown.com/data/items.js?0.9894211263848525"></script>
<script defer src="//play.pokemonshowdown.com/data/teambuilder-tables.js?0.6008791140282215"></script>
<script defer src="//play.pokemonshowdown.com/js/battle-tooltips.js?0.7580118955022959"></script>
<script defer src="//play.pokemonshowdown.com/js/battle.js?0.6057722274234274"></script>

<script defer src="js/utils.js?e31f9a17"></script>
<script defer src="js/replays-battle.js?7008c182"></script>

<!-- don't scrape this data! just add .json or .log after the URL!
Full API docs: https://github.com/smogon/pokemon-showdown-client/blob/master/WEB-API.md -->
<script type="text/plain" class="log" id="replaylog-smogtours-gen3ou-797371">
|inactive|Battle timer is ON: inactive players will automatically lose when time's up.
|t:|1728724250
|gametype|singles
|player|p1|simonsimonf|266|
|player|p2|4lowrey|veteranf|
|teamsize|p1|6
|teamsize|p2|6
|gen|3
|tier|[Gen 3] OU
|rule|Sleep Clause Mod: Limit one foe put to sleep
|rule|Switch Priority Clause Mod: Faster Pokémon switch first
|rule|Species Clause: Limit one of each Pokémon
|rule|OHKO Clause: OHKO moves are banned
|rule|Evasion Items Clause: Evasion items are banned
|rule|Evasion Moves Clause: Evasion moves are banned
|rule|Endless Battle Clause: Forcing endless battles is banned
|rule|HP Percentage Mod: HP is shown in percentages
|rule|One Boost Passer Clause: Limit one Baton Passer that has a way to boost its stats
|rule|Freeze Clause Mod: Limit one foe frozen
|
|t:|1728724250
|start
|switch|p1a: Cloyster|Cloyster, F|100/100
|switch|p2a: Venusaur|Venusaur, F|100/100
|turn|1
|
|t:|1728724270
|switch|p2a: Magneton|Magneton|100/100
|move|p1a: Cloyster|Spikes|p2a: Magneton
|-sidestart|p2: 4lowrey|Spikes
|
|upkeep
|turn|2
|
|t:|1728724289
|switch|p1a: Blissey|Blissey, F|100/100
|move|p2a: Magneton|Substitute|p2a: Magneton
|-start|p2a: Magneton|Substitute
|-damage|p2a: Magneton|76/100
|
|upkeep
|turn|3
|
|t:|1728724301
|move|p2a: Magneton|Toxic|p1a: Blissey
|-status|p1a: Blissey|tox
|move|p1a: Blissey|Calm Mind|p1a: Blissey
|-boost|p1a: Blissey|spa|1
|-boost|p1a: Blissey|spd|1
|
|-damage|p1a: Blissey|94/100 tox|[from] psn
|upkeep
|turn|4
|
|t:|1728724319
|move|p2a: Magneton|Thunderbolt|p1a: Blissey
|-damage|p1a: Blissey|79/100 tox
|move|p1a: Blissey|Ice Beam|p2a: Magneton
|-resisted|p2a: Magneton
|-end|p2a: Magneton|Substitute
|
|-heal|p1a: Blissey|85/100 tox|[from] item: Leftovers
|-damage|p1a: Blissey|73/100 tox|[from] psn
|upkeep
|turn|5
|
|t:|1728724329
|move|p2a: Magneton|Substitute|p2a: Magneton
|-start|p2a: Magneton|Substitute
|-damage|p2a: Magneton|51/100
|move|p1a: Blissey|Ice Beam|p2a: Magneton
|-resisted|p2a: Magneton
|-crit|p2a: Magneton
|-end|p2a: Magneton|Substitute
|
|-heal|p1a: Blissey|79/100 tox|[from] item: Leftovers
|-damage|p1a: Blissey|61/100 tox|[from] psn
|upkeep
|turn|6
|
|t:|1728724333
|move|p2a: Magneton|Substitute|p2a: Magneton
|-start|p2a: Magneton|Substitute
|-damage|p2a: Magneton|26/100
|move|p1a: Blissey|Soft-Boiled|p1a: Blissey
|-heal|p1a: Blissey|100/100 tox
|
|-damage|p1a: Blissey|76/100 tox|[from] psn
|upkeep
|turn|7
|
|t:|1728724340
|-curestatus|p1a: Blissey|tox|[from] ability: Natural Cure
|switch|p1a: Gengar|Gengar, F|100/100
|move|p2a: Magneton|Thunderbolt|p1a: Gengar
|-damage|p1a: Gengar|39/100
|-status|p1a: Gengar|par
|
|-heal|p1a: Gengar|45/100 par|[from] item: Leftovers
|upkeep
|turn|8
|
|t:|1728724351
|move|p2a: Magneton|Thunderbolt|p1a: Gengar
|-damage|p1a: Gengar|0 fnt
|faint|p1a: Gengar
|
|t:|1728724353
|switch|p1a: Blissey|Blissey, F|76/100
|
|-heal|p1a: Blissey|82/100|[from] item: Leftovers
|upkeep
|turn|9
|
|t:|1728724358
|move|p2a: Magneton|Toxic|p1a: Blissey
|-status|p1a: Blissey|tox
|move|p1a: Blissey|Calm Mind|p1a: Blissey
|-boost|p1a: Blissey|spa|1
|-boost|p1a: Blissey|spd|1
|
|-heal|p1a: Blissey|88/100 tox|[from] item: Leftovers
|-damage|p1a: Blissey|82/100 tox|[from] psn
|upkeep
|turn|10
|
|t:|1728724361
|move|p2a: Magneton|Thunderbolt|p1a: Blissey
|-damage|p1a: Blissey|67/100 tox
|move|p1a: Blissey|Ice Beam|p2a: Magneton
|-resisted|p2a: Magneton
|-end|p2a: Magneton|Substitute
|
|-heal|p1a: Blissey|74/100 tox|[from] item: Leftovers
|-damage|p1a: Blissey|61/100 tox|[from] psn
|upkeep
|turn|11
|
|t:|1728724367
|move|p2a: Magneton|Substitute|p2a: Magneton
|-start|p2a: Magneton|Substitute
|-damage|p2a: Magneton|1/100
|move|p1a: Blissey|Soft-Boiled|p1a: Blissey
|-heal|p1a: Blissey|100/100 tox
|
|-damage|p1a: Blissey|82/100 tox|[from] psn
|upkeep
|turn|12
|
|t:|1728724378
|-curestatus|p1a: Blissey|tox|[from] ability: Natural Cure
|switch|p1a: Swampert|Swampert, F|100/100
|move|p2a: Magneton|Thunderbolt|p1a: Swampert
|-immune|p1a: Swampert
|
|upkeep
|turn|13
|
|t:|1728724384
|switch|p1a: Blissey|Blissey, F|82/100
|move|p2a: Magneton|Toxic|p1a: Blissey
|-status|p1a: Blissey|tox
|
|-heal|p1a: Blissey|88/100 tox|[from] item: Leftovers
|-damage|p1a: Blissey|82/100 tox|[from] psn
|upkeep
|turn|14
|
|t:|1728724392
|move|p2a: Magneton|Thunderbolt|p1a: Blissey
|-damage|p1a: Blissey|59/100 tox
|move|p1a: Blissey|Ice Beam|p2a: Magneton
|-resisted|p2a: Magneton
|-activate|p2a: Magneton|Substitute|[damage]
|
|-heal|p1a: Blissey|65/100 tox|[from] item: Leftovers
|-damage|p1a: Blissey|53/100 tox|[from] psn
|upkeep
|turn|15
|
|t:|1728724398
|move|p2a: Magneton|Thunderbolt|p1a: Blissey
|-damage|p1a: Blissey|31/100 tox
|move|p1a: Blissey|Soft-Boiled|p1a: Blissey
|-heal|p1a: Blissey|81/100 tox
|
|-heal|p1a: Blissey|87/100 tox|[from] item: Leftovers
|-damage|p1a: Blissey|69/100 tox|[from] psn
|upkeep
|turn|16
|
|t:|1728724408
|-curestatus|p1a: Blissey|tox|[from] ability: Natural Cure
|switch|p1a: Swampert|Swampert, F|100/100
|move|p2a: Magneton|Thunderbolt|p1a: Swampert
|-immune|p1a: Swampert
|
|upkeep
|turn|17
|
|t:|1728724415
|switch|p1a: Blissey|Blissey, F|69/100
|move|p2a: Magneton|Toxic|p1a: Blissey
|-status|p1a: Blissey|tox
|
|-heal|p1a: Blissey|75/100 tox|[from] item: Leftovers
|-damage|p1a: Blissey|69/100 tox|[from] psn
|upkeep
|turn|18
|
|t:|1728724422
|move|p2a: Magneton|Thunderbolt|p1a: Blissey
|-damage|p1a: Blissey|46/100 tox
|move|p1a: Blissey|Thunderbolt|p2a: Magneton
|-resisted|p2a: Magneton
|-end|p2a: Magneton|Substitute
|
|-heal|p1a: Blissey|52/100 tox|[from] item: Leftovers
|-damage|p1a: Blissey|40/100 tox|[from] psn
|upkeep
|turn|19
|
|t:|1728724428
|move|p2a: Magneton|Thunderbolt|p1a: Blissey
|-damage|p1a: Blissey|19/100 tox
|move|p1a: Blissey|Soft-Boiled|p1a: Blissey
|-heal|p1a: Blissey|69/100 tox
|
|-heal|p1a: Blissey|75/100 tox|[from] item: Leftovers
|-damage|p1a: Blissey|57/100 tox|[from] psn
|upkeep
|turn|20
|
|t:|1728724432
|move|p2a: Magneton|Thunderbolt|p1a: Blissey
|-damage|p1a: Blissey|33/100 tox
|move|p1a: Blissey|Soft-Boiled|p1a: Blissey
|-heal|p1a: Blissey|83/100 tox
|
|-heal|p1a: Blissey|89/100 tox|[from] item: Leftovers
|-damage|p1a: Blissey|65/100 tox|[from] psn
|upkeep
|turn|21
|
|t:|1728724436
|-curestatus|p1a: Blissey|tox|[from] ability: Natural Cure
|switch|p1a: Swampert|Swampert, F|100/100
|move|p2a: Magneton|Thunderbolt|p1a: Swampert
|-immune|p1a: Swampert
|
|upkeep
|turn|22
|
|t:|1728724439
|switch|p1a: Blissey|Blissey, F|65/100
|move|p2a: Magneton|Toxic|p1a: Blissey
|-status|p1a: Blissey|tox
|
|-heal|p1a: Blissey|71/100 tox|[from] item: Leftovers
|-damage|p1a: Blissey|65/100 tox|[from] psn
|upkeep
|turn|23
|
|t:|1728724445
|move|p2a: Magneton|Thunderbolt|p1a: Blissey
|-damage|p1a: Blissey|42/100 tox
|move|p1a: Blissey|Soft-Boiled|p1a: Blissey
|-heal|p1a: Blissey|92/100 tox
|
|-heal|p1a: Blissey|98/100 tox|[from] item: Leftovers
|-damage|p1a: Blissey|86/100 tox|[from] psn
|upkeep
|turn|24
|
|t:|1728724456
|move|p2a: Magneton|Thunderbolt|p1a: Blissey
|-damage|p1a: Blissey|63/100 tox
|move|p1a: Blissey|Ice Beam|p2a: Magneton
|-resisted|p2a: Magneton
|-damage|p2a: Magneton|0 fnt
|faint|p2a: Magneton
|
|t:|1728724460
|switch|p2a: Snorlax|Snorlax, M|100/100
|-damage|p2a: Snorlax|88/100|[from] Spikes
|
|-heal|p1a: Blissey|69/100 tox|[from] item: Leftovers
|-damage|p1a: Blissey|51/100 tox|[from] psn
|-heal|p2a: Snorlax|94/100|[from] item: Leftovers
|upkeep
|turn|25
|
|t:|1728724463
|-curestatus|p1a: Blissey|tox|[from] ability: Natural Cure
|switch|p1a: Weezing|Weezing, F|100/100
|move|p2a: Snorlax|Curse|p2a: Snorlax
|-unboost|p2a: Snorlax|spe|1
|-boost|p2a: Snorlax|atk|1
|-boost|p2a: Snorlax|def|1
|
|-heal|p2a: Snorlax|100/100|[from] item: Leftovers
|upkeep
|turn|26
|
|t:|1728724480
|switch|p2a: Venusaur|Venusaur, F|100/100
|-damage|p2a: Venusaur|88/100|[from] Spikes
|move|p1a: Weezing|Will-O-Wisp|p2a: Venusaur
|-status|p2a: Venusaur|brn
|
|-heal|p2a: Venusaur|94/100 brn|[from] item: Leftovers
|-damage|p2a: Venusaur|82/100 brn|[from] brn
|upkeep
|turn|27
|
|t:|1728724506
|switch|p1a: Cloyster|Cloyster, F|100/100
|move|p2a: Venusaur|Sleep Powder|p1a: Cloyster
|-status|p1a: Cloyster|slp|[from] move: Sleep Powder
|
|-heal|p2a: Venusaur|88/100 brn|[from] item: Leftovers
|-damage|p2a: Venusaur|75/100 brn|[from] brn
|upkeep
|turn|28
|inactive|simonsimonf has 270 seconds left.
|
|t:|1728724528
|switch|p1a: Blissey|Blissey, F|51/100
|switch|p2a: Snorlax|Snorlax, M|100/100
|-damage|p2a: Snorlax|88/100|[from] Spikes
|
|-heal|p1a: Blissey|57/100|[from] item: Leftovers
|-heal|p2a: Snorlax|94/100|[from] item: Leftovers
|upkeep
|turn|29
|
|t:|1728724534
|switch|p1a: Weezing|Weezing, F|100/100
|move|p2a: Snorlax|Double-Edge|p1a: Weezing
|-damage|p1a: Weezing|63/100
|-damage|p2a: Snorlax|86/100|[from] Recoil|[of] p1a: Weezing
|
|-heal|p1a: Weezing|69/100|[from] item: Leftovers
|-heal|p2a: Snorlax|92/100|[from] item: Leftovers
|upkeep
|turn|30
|
|t:|1728724540
|switch|p2a: Venusaur|Venusaur, F|75/100 brn
|-damage|p2a: Venusaur|63/100 brn|[from] Spikes
|move|p1a: Weezing|Pain Split|p2a: Venusaur
|-sethp|p2a: Venusaur|63/100 brn|[from] move: Pain Split|[silent]
|-sethp|p1a: Weezing|69/100|[from] move: Pain Split
|
|-heal|p2a: Venusaur|69/100 brn|[from] item: Leftovers
|-damage|p2a: Venusaur|57/100 brn|[from] brn
|-heal|p1a: Weezing|75/100|[from] item: Leftovers
|upkeep
|turn|31
|inactive|simonsimonf has 270 seconds left.
|
|t:|1728724561
|move|p2a: Venusaur|Leech Seed|p1a: Weezing
|-start|p1a: Weezing|move: Leech Seed
|move|p1a: Weezing|Sludge Bomb|p2a: Venusaur
|-damage|p2a: Venusaur|27/100 brn
|
|-heal|p2a: Venusaur|33/100 brn|[from] item: Leftovers
|-damage|p2a: Venusaur|21/100 brn|[from] brn
|-heal|p1a: Weezing|81/100|[from] item: Leftovers
|-damage|p1a: Weezing|69/100|[from] Leech Seed|[of] p2a: Venusaur
|-heal|p2a: Venusaur|32/100 brn|[silent]
|upkeep
|turn|32
|
|t:|1728724570
|switch|p2a: Metagross|Metagross|100/100
|-damage|p2a: Metagross|88/100|[from] Spikes
|switch|p1a: Blissey|Blissey, F|57/100
|
|-heal|p2a: Metagross|94/100|[from] item: Leftovers
|-heal|p1a: Blissey|63/100|[from] item: Leftovers
|upkeep
|turn|33
|
|t:|1728724575
|switch|p1a: Cloyster|Cloyster, F|100/100 slp
|move|p2a: Metagross|Meteor Mash|p1a: Cloyster
|-damage|p1a: Cloyster|60/100 slp
|-boost|p2a: Metagross|atk|1
|
|-heal|p1a: Cloyster|66/100 slp|[from] item: Leftovers
|-heal|p2a: Metagross|99/100|[from] item: Leftovers
|upkeep
|turn|34
|
|t:|1728724580
|switch|p1a: Charizard|Charizard, M|100/100
|move|p2a: Metagross|Meteor Mash|p1a: Charizard
|-resisted|p1a: Charizard
|-damage|p1a: Charizard|40/100
|
|-heal|p1a: Charizard|46/100|[from] item: Leftovers
|-heal|p2a: Metagross|100/100|[from] item: Leftovers
|upkeep
|turn|35
|
|t:|1728724592
|switch|p2a: Snorlax|Snorlax, M|92/100
|-damage|p2a: Snorlax|79/100|[from] Spikes
|move|p1a: Charizard|Substitute|p1a: Charizard
|-start|p1a: Charizard|Substitute
|-damage|p1a: Charizard|21/100
|
|-heal|p1a: Charizard|27/100|[from] item: Leftovers
|-heal|p2a: Snorlax|86/100|[from] item: Leftovers
|upkeep
|turn|36
|
|t:|1728724613
|-singleturn|p1a: Charizard|move: Focus Punch
|move|p2a: Snorlax|Shadow Ball|p1a: Charizard
|-end|p1a: Charizard|Substitute
|move|p1a: Charizard|Focus Punch|p2a: Snorlax
|-supereffective|p2a: Snorlax
|-damage|p2a: Snorlax|25/100
|
|-heal|p1a: Charizard|33/100|[from] item: Leftovers
|-heal|p2a: Snorlax|31/100|[from] item: Leftovers
|upkeep
|turn|37
|
|t:|1728724623
|move|p1a: Charizard|Fire Blast|p2a: Snorlax|[miss]
|-miss|p1a: Charizard|p2a: Snorlax
|move|p2a: Snorlax|Double-Edge|p1a: Charizard
|-crit|p1a: Charizard
|-damage|p1a: Charizard|0 fnt
|-damage|p2a: Snorlax|25/100|[from] Recoil|[of] p1a: Charizard
|faint|p1a: Charizard
|
|t:|1728724632
|switch|p1a: Weezing|Weezing, F|69/100
|
|-heal|p1a: Weezing|75/100|[from] item: Leftovers
|-heal|p2a: Snorlax|31/100|[from] item: Leftovers
|upkeep
|turn|38
|
|t:|1728724636
|move|p1a: Weezing|Sludge Bomb|p2a: Snorlax
|-damage|p2a: Snorlax|3/100
|move|p2a: Snorlax|Double-Edge|p1a: Weezing
|-damage|p1a: Weezing|39/100
|-damage|p2a: Snorlax|0 fnt|[from] Recoil|[of] p1a: Weezing
|faint|p2a: Snorlax
|
|t:|1728724659
|switch|p2a: Metagross|Metagross|100/100
|-damage|p2a: Metagross|88/100|[from] Spikes
|
|-heal|p2a: Metagross|94/100|[from] item: Leftovers
|-heal|p1a: Weezing|45/100|[from] item: Leftovers
|upkeep
|turn|39
|
|t:|1728724665
|switch|p1a: Swampert|Swampert, F|100/100
|move|p2a: Metagross|Meteor Mash|p1a: Swampert
|-resisted|p1a: Swampert
|-damage|p1a: Swampert|83/100
|
|-heal|p2a: Metagross|99/100|[from] item: Leftovers
|-heal|p1a: Swampert|90/100|[from] item: Leftovers
|upkeep
|turn|40
|
|t:|1728724673
|move|p1a: Swampert|Protect|p1a: Swampert
|-singleturn|p1a: Swampert|Protect
|move|p2a: Metagross|Explosion|p1a: Swampert
|-activate|p1a: Swampert|Protect
|faint|p2a: Metagross
|
|t:|1728724680
|switch|p2a: Suicune|Suicune|100/100
|-damage|p2a: Suicune|88/100|[from] Spikes
|
|-heal|p2a: Suicune|94/100|[from] item: Leftovers
|-heal|p1a: Swampert|96/100|[from] item: Leftovers
|upkeep
|turn|41
|
|t:|1728724688
|switch|p1a: Blissey|Blissey, F|63/100
|move|p2a: Suicune|Calm Mind|p2a: Suicune
|-boost|p2a: Suicune|spa|1
|-boost|p2a: Suicune|spd|1
|
|-heal|p2a: Suicune|99/100|[from] item: Leftovers
|-heal|p1a: Blissey|69/100|[from] item: Leftovers
|upkeep
|turn|42
|
|t:|1728724692
|move|p2a: Suicune|Hydro Pump|p1a: Blissey
|-damage|p1a: Blissey|39/100
|move|p1a: Blissey|Calm Mind|p1a: Blissey
|-boost|p1a: Blissey|spa|1
|-boost|p1a: Blissey|spd|1
|
|-heal|p2a: Suicune|100/100|[from] item: Leftovers
|-heal|p1a: Blissey|45/100|[from] item: Leftovers
|upkeep
|turn|43
|
|t:|1728724695
|move|p2a: Suicune|Hydro Pump|p1a: Blissey
|-damage|p1a: Blissey|23/100
|move|p1a: Blissey|Soft-Boiled|p1a: Blissey
|-heal|p1a: Blissey|73/100
|
|-heal|p1a: Blissey|79/100|[from] item: Leftovers
|upkeep
|turn|44
|
|t:|1728724698
|move|p2a: Suicune|Hydro Pump|p1a: Blissey
|-damage|p1a: Blissey|57/100
|move|p1a: Blissey|Calm Mind|p1a: Blissey
|-boost|p1a: Blissey|spa|1
|-boost|p1a: Blissey|spd|1
|
|-heal|p1a: Blissey|64/100|[from] item: Leftovers
|upkeep
|turn|45
|
|t:|1728724701
|move|p2a: Suicune|Calm Mind|p2a: Suicune
|-boost|p2a: Suicune|spa|1
|-boost|p2a: Suicune|spd|1
|move|p1a: Blissey|Soft-Boiled|p1a: Blissey
|-heal|p1a: Blissey|100/100
|
|upkeep
|turn|46
|
|t:|1728724703
|move|p2a: Suicune|Calm Mind|p2a: Suicune
|-boost|p2a: Suicune|spa|1
|-boost|p2a: Suicune|spd|1
|move|p1a: Blissey|Calm Mind|p1a: Blissey
|-boost|p1a: Blissey|spa|1
|-boost|p1a: Blissey|spd|1
|
|upkeep
|turn|47
|
|t:|1728724704
|move|p2a: Suicune|Calm Mind|p2a: Suicune
|-boost|p2a: Suicune|spa|1
|-boost|p2a: Suicune|spd|1
|move|p1a: Blissey|Calm Mind|p1a: Blissey
|-boost|p1a: Blissey|spa|1
|-boost|p1a: Blissey|spd|1
|
|upkeep
|turn|48
|
|t:|1728724707
|move|p2a: Suicune|Calm Mind|p2a: Suicune
|-boost|p2a: Suicune|spa|1
|-boost|p2a: Suicune|spd|1
|move|p1a: Blissey|Calm Mind|p1a: Blissey
|-boost|p1a: Blissey|spa|1
|-boost|p1a: Blissey|spd|1
|
|upkeep
|turn|49
|
|t:|1728724709
|move|p2a: Suicune|Calm Mind|p2a: Suicune
|-boost|p2a: Suicune|spa|1
|-boost|p2a: Suicune|spd|1
|move|p1a: Blissey|Calm Mind|p1a: Blissey
|-boost|p1a: Blissey|spa|1
|-boost|p1a: Blissey|spd|1
|
|upkeep
|turn|50
|
|t:|1728724711
|move|p2a: Suicune|Ice Beam|p1a: Blissey
|-damage|p1a: Blissey|90/100
|move|p1a: Blissey|Thunderbolt|p2a: Suicune
|-supereffective|p2a: Suicune
|-damage|p2a: Suicune|65/100
|
|-heal|p2a: Suicune|71/100|[from] item: Leftovers
|-heal|p1a: Blissey|96/100|[from] item: Leftovers
|upkeep
|turn|51
|
|t:|1728724713
|move|p2a: Suicune|Hydro Pump|p1a: Blissey
|-damage|p1a: Blissey|76/100
|move|p1a: Blissey|Thunderbolt|p2a: Suicune
|-supereffective|p2a: Suicune
|-damage|p2a: Suicune|35/100
|
|-heal|p2a: Suicune|41/100|[from] item: Leftovers
|-heal|p1a: Blissey|82/100|[from] item: Leftovers
|upkeep
|turn|52
|
|t:|1728724715
|move|p2a: Suicune|Rest|p2a: Suicune
|-status|p2a: Suicune|slp|[from] move: Rest
|-heal|p2a: Suicune|100/100 slp|[silent]
|move|p1a: Blissey|Thunderbolt|p2a: Suicune
|-supereffective|p2a: Suicune
|-damage|p2a: Suicune|61/100 slp
|
|-heal|p2a: Suicune|67/100 slp|[from] item: Leftovers
|-heal|p1a: Blissey|88/100|[from] item: Leftovers
|upkeep
|turn|53
|
|t:|1728724718
|cant|p2a: Suicune|slp
|move|p1a: Blissey|Thunderbolt|p2a: Suicune
|-supereffective|p2a: Suicune
|-damage|p2a: Suicune|26/100 slp
|
|-heal|p2a: Suicune|32/100 slp|[from] item: Leftovers
|-heal|p1a: Blissey|94/100|[from] item: Leftovers
|upkeep
|turn|54
|
|t:|1728724720
|cant|p2a: Suicune|slp
|move|p1a: Blissey|Thunderbolt|p2a: Suicune
|-supereffective|p2a: Suicune
|-damage|p2a: Suicune|0 fnt
|faint|p2a: Suicune
|
|t:|1728724728
|switch|p2a: Venusaur|Venusaur, F|32/100 brn
|-damage|p2a: Venusaur|20/100 brn|[from] Spikes
|
|-heal|p2a: Venusaur|26/100 brn|[from] item: Leftovers
|-damage|p2a: Venusaur|13/100 brn|[from] brn
|-heal|p1a: Blissey|100/100|[from] item: Leftovers
|upkeep
|turn|55
|
|t:|1728724732
|move|p2a: Venusaur|Leech Seed|p1a: Blissey|[miss]
|-miss|p2a: Venusaur|p1a: Blissey
|move|p1a: Blissey|Ice Beam|p2a: Venusaur
|-supereffective|p2a: Venusaur
|-damage|p2a: Venusaur|0 fnt
|faint|p2a: Venusaur
|
|t:|1728724734
|switch|p2a: Salamence|Salamence, F|100/100
|-ability|p2a: Salamence|Intimidate|boost
|-unboost|p1a: Blissey|atk|1
|
|upkeep
|turn|56
|
|t:|1728724736
|move|p2a: Salamence|Brick Break|p1a: Blissey
|-supereffective|p1a: Blissey
|-damage|p1a: Blissey|42/100
|move|p1a: Blissey|Ice Beam|p2a: Salamence
|-supereffective|p2a: Salamence
|-damage|p2a: Salamence|0 fnt
|faint|p2a: Salamence
|
|win|simonsimonf
|c|☆4lowrey|gg wp
|c|☆simonsimonf|gg

</script>
<script type="application/json" class="data" id="replaydata-smogtours-gen3ou-797371">
{"id":"smogtours-gen3ou-797371","format":"[Gen 3] OU","players":["simonsimonf","4lowrey"],"uploadtime":1728724736,"views":88,"formatid":"gen3ou","rating":null,"private":0,"password":null}
</script>

<script defer src="js/replays.js?9d40a366"></script>
