<!DOCTYPE html>
<meta charset="utf-8" />
<meta name="viewport" content="width=device-width" />

<title>[Gen 3] OU: jimothy non-subs vs. Elian - Replays - Pok&eacute;mon Showdown!</title>

<meta name="description" content="Watch a replay of a Pok&eacute;mon battle between jimothy non-subs and Elian! Format: [Gen 3] OU; Date: Oct 9, 2024" />
<!--

Hey, you! Looking in the source for the replay log?

You can find them in JSON format, just add `.json` at the end of a replay URL.

https://replay.pokemonshowdown.com/gen7randomdoublesbattle-865046831.json

Or, if you only need the log itself, add `.log` instead:

https://replay.pokemonshowdown.com/gen7randomdoublesbattle-865046831.log

-->

<link rel="stylesheet" href="//pokemonshowdown.com/style/global.css?0.767286132409787" />
<link rel="stylesheet" href="//play.pokemonshowdown.com/style/font-awesome.css?0.9266228007934947" />
<link rel="stylesheet" href="//play.pokemonshowdown.com/style/battle.css?0.7924700842790926" />
<link rel="stylesheet" href="//play.pokemonshowdown.com/style/utilichart.css?0.8777417872839479" />

<!-- Global site tag (gtag.js) - Google Analytics -->
<script async src="https://www.googletagmanager.com/gtag/js?id=UA-26211653-1"></script>
<script>
  window.dataLayer = window.dataLayer || [];
  function gtag(){dataLayer.push(arguments);}
  gtag('js', new Date());

  gtag('config', 'UA-26211653-1');
</script>
<!-- End Google Analytics -->
<!-- Venatus Ad Manager - Install in <HEAD> of page -->
	<script src="https://hb.vntsm.com/v3/live/ad-manager.min.js" type="text/javascript" data-site-id="642aba63ec9a7b11c3c9c1be" data-mode="scan" async></script>
<!-- / Venatus Ad Manager -->

<style>
	@media (max-width:820px) {
		.battle {
			margin: 0 auto;
		}
		.battle-log {
			margin: 7px auto 0;
			max-width: 640px;
			height: 300px;
			position: static;
		}
	}
	.optgroup {
		display: inline-block;
		line-height: 22px;
		font-size: 10pt;
	}
	.optgroup .button {
		height: 25px;
		padding-top: 0;
		padding-bottom: 0;
	}
	.optgroup button.button {
		padding-left: 12px;
		padding-right: 12px;
	}
	.linklist {
		list-style: none;
		margin: 0.5em 0;
		padding: 0;
	}
	.linklist li {
		padding: 2px 0;
	}
	.sidebar {
		float: left;
		width: 320px;
	}
	.bar-wrapper {
		max-width: 1100px;
		margin: 0 auto;
	}
	.bar-wrapper.has-sidebar {
		max-width: 1430px;
	}
	.mainbar {
		margin: 0;
		padding-right: 1px;
	}
	.mainbar.has-sidebar {
		margin-left: 330px;
	}
	@media (min-width: 1511px) {
		.sidebar {
			width: 400px;
		}
		.bar-wrapper.has-sidebar {
			max-width: 1510px;
		}
		.mainbar.has-sidebar {
			margin-left: 410px;
		}
	}
	.section.first-section {
		margin-top: 9px;
	}
	.blocklink small {
		white-space: normal;
	}
	.button {
		vertical-align: middle;
	}
	.replay-controls {
		padding-top: 10px;
	}
	.replay-controls h1 {
		font-size: 16pt;
		font-weight: normal;
		color: #CCC;
	}
	.pagelink {
		text-align: center;
	}
	.pagelink a {
		width: 150px;
	}
	.textbox, .button {
		font-size: 11pt;
		vertical-align: middle;
	}
	@media (max-width: 450px) {
		.button {
			font-size: 9pt;
		}
	}
</style>

<div>

	<header>
		<div class="nav-wrapper"><ul class="nav">
			<li><a class="button nav-first" href="//pokemonshowdown.com/"><img src="//pokemonshowdown.com/images/pokemonshowdownbeta.png" srcset="//pokemonshowdown.com/images/pokemonshowdownbeta.png 1x, //pokemonshowdown.com/images/pokemonshowdownbeta@2x.png 2x" alt="Pok&eacute;mon Showdown" width="146" height="44" /> Home</a></li>
			<li><a class="button" href="//pokemonshowdown.com/dex/">Pok&eacute;dex</a></li>
			<li><a class="button cur" href="/">Replays</a></li>
			<li><a class="button" href="//pokemonshowdown.com/ladder/">Ladder</a></li>
			<li><a class="button nav-last" href="//pokemonshowdown.com/forums/">Forum</a></li>
			<li><a class="button greenbutton nav-first nav-last" href="//play.pokemonshowdown.com/">Play</a></li>
		</ul></div>
	</header>

	<div class="main" id="main">

		<noscript><section class="section">You need to enable JavaScript to use this page; sorry!</section></noscript>

	</div>

</div>

<script defer nomodule src="//play.pokemonshowdown.com/js/lib/ps-polyfill.js"></script>
<script defer src="//play.pokemonshowdown.com/js/lib/preact.min.js"></script>

<script defer src="//play.pokemonshowdown.com/config/config.js?6dec07f6"></script>
<script defer src="//play.pokemonshowdown.com/js/lib/jquery-1.11.0.min.js"></script>
<script defer src="//play.pokemonshowdown.com/js/lib/html-sanitizer-minified.js"></script>
<script defer src="//play.pokemonshowdown.com/js/battle-sound.js"></script>
<script defer src="//play.pokemonshowdown.com/js/battledata.js?0.6315294753075389"></script>
<script defer src="//play.pokemonshowdown.com/data/pokedex-mini.js?0.7603743185311358"></script>
<script defer src="//play.pokemonshowdown.com/data/pokedex-mini-bw.js?0.030888842834281283"></script>
<script defer src="//play.pokemonshowdown.com/data/graphics.js?0.05593094747507488"></script>
<script defer src="//play.pokemonshowdown.com/data/pokedex.js?0.47064822249611904"></script>
<script defer src="//play.pokemonshowdown.com/data/moves.js?0.8583693120512459"></script>
<script defer src="//play.pokemonshowdown.com/data/abilities.js?0.16017181182386842"></script>
<script defer src="//play.pokemonshowdown.com/data/items.js?0.4163379185673943"></script>
<script defer src="//play.pokemonshowdown.com/data/teambuilder-tables.js?0.31075597372830477"></script>
<script defer src="//play.pokemonshowdown.com/js/battle-tooltips.js?0.6536193500708172"></script>
<script defer src="//play.pokemonshowdown.com/js/battle.js?0.1916591943277901"></script>

<script defer src="js/utils.js?e31f9a17"></script>
<script defer src="js/replays-battle.js?7008c182"></script>

<!-- don't scrape this data! just add .json or .log after the URL!
Full API docs: https://github.com/smogon/pokemon-showdown-client/blob/master/WEB-API.md -->
<script type="text/plain" class="log" id="replaylog-smogtours-gen3ou-796707">
|inactive|Battle timer is ON: inactive players will automatically lose when time's up.
|t:|1728499971
|gametype|singles
|player|p1|jimothy non-subs|2|
|player|p2|Elian|erika-gen2|
|teamsize|p1|6
|teamsize|p2|6
|gen|3
|tier|[Gen 3] OU
|rule|Sleep Clause Mod: Limit one foe put to sleep
|rule|Switch Priority Clause Mod: Faster Pokémon switch first
|rule|Species Clause: Limit one of each Pokémon
|rule|OHKO Clause: OHKO moves are banned
|rule|Evasion Items Clause: Evasion items are banned
|rule|Evasion Moves Clause: Evasion moves are banned
|rule|Endless Battle Clause: Forcing endless battles is banned
|rule|HP Percentage Mod: HP is shown in percentages
|rule|One Boost Passer Clause: Limit one Baton Passer that has a way to boost its stats
|rule|Freeze Clause Mod: Limit one foe frozen
|
|t:|1728499971
|start
|switch|p1a: Snorlax|Snorlax, F|100/100
|switch|p2a: Havertz|Tyranitar, F|100/100
|-weather|Sandstorm|[from] ability: Sand Stream|[of] p2a: Havertz
|turn|1
|c|☆Elian|hf
|c|☆jimothy non-subs|glhf
|
|t:|1728499983
|switch|p2a: Tomiyasu|Skarmory, F|100/100
|move|p1a: Snorlax|Counter|p2a: Tomiyasu
|
|-weather|Sandstorm|[upkeep]
|-damage|p1a: Snorlax|94/100|[from] Sandstorm
|-heal|p1a: Snorlax|100/100|[from] item: Leftovers
|upkeep
|turn|2
|
|t:|1728499998
|switch|p1a: Raikou|Raikou|100/100
|move|p2a: Tomiyasu|Spikes|p1a: Raikou
|-sidestart|p1: jimothy non-subs|Spikes
|
|-weather|Sandstorm|[upkeep]
|-damage|p1a: Raikou|94/100|[from] Sandstorm
|-heal|p1a: Raikou|100/100|[from] item: Leftovers
|upkeep
|turn|3
|
|t:|1728500005
|move|p1a: Raikou|Substitute|p1a: Raikou
|-start|p1a: Raikou|Substitute
|-damage|p1a: Raikou|76/100
|move|p2a: Tomiyasu|Roar|p1a: Raikou
|drag|p1a: Snorlax|Snorlax, F|100/100
|-damage|p1a: Snorlax|88/100|[from] Spikes
|
|-weather|Sandstorm|[upkeep]
|-damage|p1a: Snorlax|82/100|[from] Sandstorm
|-heal|p1a: Snorlax|88/100|[from] item: Leftovers
|upkeep
|turn|4
|
|t:|1728500010
|switch|p1a: Claydol|Claydol|100/100
|move|p2a: Tomiyasu|Spikes|p1a: Claydol
|-sidestart|p1: jimothy non-subs|Spikes
|
|-weather|Sandstorm|[upkeep]
|upkeep
|turn|5
|
|t:|1728500014
|move|p2a: Tomiyasu|Protect|p2a: Tomiyasu
|-singleturn|p2a: Tomiyasu|Protect
|move|p1a: Claydol|Sunny Day|p1a: Claydol
|-weather|SunnyDay
|
|-weather|SunnyDay|[upkeep]
|upkeep
|turn|6
|
|t:|1728500020
|switch|p2a: Zinchenko|Salamence, F|100/100
|-ability|p2a: Zinchenko|Intimidate|boost
|-unboost|p1a: Claydol|atk|1
|move|p1a: Claydol|Rapid Spin|p2a: Zinchenko
|-damage|p2a: Zinchenko|96/100
|-sideend|p1: jimothy non-subs|Spikes|[from] move: Rapid Spin|[of] p1a: Claydol
|
|-weather|SunnyDay|[upkeep]
|-heal|p2a: Zinchenko|100/100|[from] item: Leftovers
|upkeep
|turn|7
|
|t:|1728500029
|switch|p1a: Suicune|Suicune|100/100
|move|p2a: Zinchenko|Dragon Claw|p1a: Suicune
|-damage|p1a: Suicune|67/100
|
|-weather|SunnyDay|[upkeep]
|-heal|p1a: Suicune|73/100|[from] item: Leftovers
|upkeep
|turn|8
|
|t:|1728500036
|switch|p2a: Rice|Jirachi|100/100
|move|p1a: Suicune|Roar|p2a: Rice
|drag|p2a: Saliva|Celebi|100/100
|
|-weather|SunnyDay|[upkeep]
|-heal|p1a: Suicune|79/100|[from] item: Leftovers
|upkeep
|turn|9
|
|t:|1728500047
|switch|p1a: Charizard|Charizard, F|100/100
|move|p2a: Saliva|Leech Seed|p1a: Charizard
|-start|p1a: Charizard|move: Leech Seed
|
|-weather|none
|-damage|p1a: Charizard|88/100|[from] Leech Seed|[of] p2a: Saliva
|upkeep
|turn|10
|c|+ibbysonlyfan|Vamos Elian!
|c|☆Elian|que te calles
|inactive|jimothy non-subs has 270 seconds left.
|
|t:|1728500084
|switch|p2a: Zinchenko|Salamence, F|100/100
|-ability|p2a: Zinchenko|Intimidate|boost
|-unboost|p1a: Charizard|atk|1
|move|p1a: Charizard|Hidden Power|p2a: Zinchenko
|-supereffective|p2a: Zinchenko
|-damage|p2a: Zinchenko|0 fnt
|faint|p2a: Zinchenko
|
|t:|1728500089
|switch|p2a: Havertz|Tyranitar, F|100/100
|-weather|Sandstorm|[from] ability: Sand Stream|[of] p2a: Havertz
|
|-weather|Sandstorm|[upkeep]
|-damage|p1a: Charizard|82/100|[from] Sandstorm
|-damage|p1a: Charizard|69/100|[from] Leech Seed|[of] p2a: Havertz
|upkeep
|turn|11
|
|t:|1728500099
|switch|p1a: Claydol|Claydol|100/100
|move|p2a: Havertz|Rock Slide|p1a: Claydol
|-resisted|p1a: Claydol
|-crit|p1a: Claydol
|-damage|p1a: Claydol|60/100
|
|-weather|Sandstorm|[upkeep]
|-heal|p1a: Claydol|66/100|[from] item: Leftovers
|upkeep
|turn|12
|
|t:|1728500105
|switch|p2a: Trossard|Swampert, F|100/100
|move|p1a: Claydol|Earthquake|p2a: Trossard
|-crit|p2a: Trossard
|-damage|p2a: Trossard|27/100
|
|-weather|Sandstorm|[upkeep]
|-heal|p2a: Trossard|33/100|[from] item: Leftovers
|-heal|p1a: Claydol|72/100|[from] item: Leftovers
|upkeep
|turn|13
|
|t:|1728500115
|move|p2a: Trossard|Hydro Pump|p1a: Claydol
|-supereffective|p1a: Claydol
|-damage|p1a: Claydol|0 fnt
|faint|p1a: Claydol
|inactive|jimothy non-subs has 270 seconds left.
|
|t:|1728500138
|switch|p1a: Suicune|Suicune|79/100
|
|-weather|Sandstorm|[upkeep]
|-damage|p1a: Suicune|73/100|[from] Sandstorm
|-heal|p1a: Suicune|79/100|[from] item: Leftovers
|-heal|p2a: Trossard|39/100|[from] item: Leftovers
|upkeep
|turn|14
|
|t:|1728500150
|switch|p1a: Dugtrio|Dugtrio, F|100/100
|switch|p2a: Saliva|Celebi|100/100
|
|-weather|Sandstorm|[upkeep]
|-damage|p2a: Saliva|94/100|[from] Sandstorm
|-heal|p2a: Saliva|100/100|[from] item: Leftovers
|upkeep
|turn|15
|
|t:|1728500156
|move|p1a: Dugtrio|Hidden Power|p2a: Saliva
|-supereffective|p2a: Saliva
|-damage|p2a: Saliva|23/100
|move|p2a: Saliva|Giga Drain|p1a: Dugtrio
|-supereffective|p1a: Dugtrio
|-damage|p1a: Dugtrio|0 fnt
|-heal|p2a: Saliva|51/100|[from] drain|[of] p1a: Dugtrio
|faint|p1a: Dugtrio
|
|t:|1728500163
|switch|p1a: Charizard|Charizard, F|69/100
|
|-weather|Sandstorm|[upkeep]
|-damage|p1a: Charizard|63/100|[from] Sandstorm
|-damage|p2a: Saliva|45/100|[from] Sandstorm
|-heal|p2a: Saliva|51/100|[from] item: Leftovers
|upkeep
|turn|16
|
|t:|1728500168
|move|p1a: Charizard|Substitute|p1a: Charizard
|-start|p1a: Charizard|Substitute
|-damage|p1a: Charizard|38/100
|move|p2a: Saliva|Psychic|p1a: Charizard
|-end|p1a: Charizard|Substitute
|
|-weather|Sandstorm|[upkeep]
|-damage|p1a: Charizard|32/100|[from] Sandstorm
|-damage|p2a: Saliva|45/100|[from] Sandstorm
|-heal|p2a: Saliva|51/100|[from] item: Leftovers
|upkeep
|turn|17
|
|t:|1728500173
|move|p1a: Charizard|Fire Blast|p2a: Saliva
|-supereffective|p2a: Saliva
|-damage|p2a: Saliva|0 fnt
|faint|p2a: Saliva
|
|t:|1728500175
|switch|p2a: Havertz|Tyranitar, F|100/100
|
|-weather|Sandstorm|[upkeep]
|-damage|p1a: Charizard|26/100|[from] Sandstorm
|upkeep
|turn|18
|
|t:|1728500180
|switch|p1a: Snorlax|Snorlax, F|88/100
|move|p2a: Havertz|Rock Slide|p1a: Snorlax
|-damage|p1a: Snorlax|58/100
|
|-weather|Sandstorm|[upkeep]
|-damage|p1a: Snorlax|51/100|[from] Sandstorm
|-heal|p1a: Snorlax|58/100|[from] item: Leftovers
|upkeep
|turn|19
|
|t:|1728500187
|switch|p2a: Tomiyasu|Skarmory, F|100/100
|move|p1a: Snorlax|Self-Destruct|p2a: Tomiyasu
|-resisted|p2a: Tomiyasu
|-damage|p2a: Tomiyasu|30/100
|faint|p1a: Snorlax
|
|t:|1728500189
|switch|p1a: Charizard|Charizard, F|26/100
|
|-weather|Sandstorm|[upkeep]
|-damage|p1a: Charizard|20/100|[from] Sandstorm
|-enditem|p1a: Charizard|Petaya Berry|[eat]
|-boost|p1a: Charizard|spa|1|[from] item: Petaya Berry
|-heal|p2a: Tomiyasu|36/100|[from] item: Leftovers
|upkeep
|turn|20
|
|t:|1728500193
|move|p2a: Tomiyasu|Protect|p2a: Tomiyasu
|-singleturn|p2a: Tomiyasu|Protect
|move|p1a: Charizard|Fire Blast|p2a: Tomiyasu
|-activate|p2a: Tomiyasu|Protect
|
|-weather|Sandstorm|[upkeep]
|-damage|p1a: Charizard|14/100|[from] Sandstorm
|-heal|p2a: Tomiyasu|42/100|[from] item: Leftovers
|upkeep
|turn|21
|
|t:|1728500199
|switch|p2a: Trossard|Swampert, F|39/100
|move|p1a: Charizard|Fire Blast|p2a: Trossard
|-resisted|p2a: Trossard
|-damage|p2a: Trossard|0 fnt
|faint|p2a: Trossard
|
|t:|1728500201
|switch|p2a: Tomiyasu|Skarmory, F|42/100
|
|-weather|Sandstorm|[upkeep]
|-damage|p1a: Charizard|8/100|[from] Sandstorm
|-heal|p2a: Tomiyasu|48/100|[from] item: Leftovers
|upkeep
|turn|22
|
|t:|1728500208
|switch|p1a: Raikou|Raikou|76/100
|move|p2a: Tomiyasu|Protect||[still]
|-fail|p2a: Tomiyasu
|
|-weather|Sandstorm|[upkeep]
|-damage|p1a: Raikou|69/100|[from] Sandstorm
|-heal|p1a: Raikou|76/100|[from] item: Leftovers
|-heal|p2a: Tomiyasu|54/100|[from] item: Leftovers
|upkeep
|turn|23
|
|t:|1728500214
|move|p1a: Raikou|Thunderbolt|p2a: Tomiyasu
|-supereffective|p2a: Tomiyasu
|-damage|p2a: Tomiyasu|0 fnt
|faint|p2a: Tomiyasu
|
|t:|1728500216
|switch|p2a: Havertz|Tyranitar, F|100/100
|
|-weather|Sandstorm|[upkeep]
|-damage|p1a: Raikou|69/100|[from] Sandstorm
|-heal|p1a: Raikou|76/100|[from] item: Leftovers
|upkeep
|turn|24
|
|t:|1728500225
|move|p1a: Raikou|Thunderbolt|p2a: Havertz
|-damage|p2a: Havertz|63/100
|move|p2a: Havertz|Dragon Dance|p2a: Havertz
|-boost|p2a: Havertz|atk|1
|-boost|p2a: Havertz|spe|1
|
|-weather|Sandstorm|[upkeep]
|-damage|p1a: Raikou|69/100|[from] Sandstorm
|-heal|p1a: Raikou|76/100|[from] item: Leftovers
|-heal|p2a: Havertz|69/100|[from] item: Leftovers
|upkeep
|turn|25
|
|t:|1728500250
|move|p1a: Raikou|Thunderbolt|p2a: Havertz
|-damage|p2a: Havertz|30/100
|move|p2a: Havertz|Dragon Dance|p2a: Havertz
|-boost|p2a: Havertz|atk|1
|-boost|p2a: Havertz|spe|1
|
|-weather|Sandstorm|[upkeep]
|-damage|p1a: Raikou|69/100|[from] Sandstorm
|-heal|p2a: Havertz|36/100|[from] item: Leftovers
|-heal|p1a: Raikou|76/100|[from] item: Leftovers
|upkeep
|turn|26
|
|t:|1728500255
|move|p2a: Havertz|Earthquake|p1a: Raikou
|-supereffective|p1a: Raikou
|-damage|p1a: Raikou|0 fnt
|faint|p1a: Raikou
|
|t:|1728500257
|switch|p1a: Suicune|Suicune|79/100
|
|-weather|Sandstorm|[upkeep]
|-damage|p1a: Suicune|73/100|[from] Sandstorm
|-heal|p2a: Havertz|42/100|[from] item: Leftovers
|-heal|p1a: Suicune|79/100|[from] item: Leftovers
|upkeep
|turn|27
|
|t:|1728500262
|move|p2a: Havertz|Rock Slide|p1a: Suicune
|-damage|p1a: Suicune|17/100
|cant|p1a: Suicune|flinch
|
|-weather|Sandstorm|[upkeep]
|-damage|p1a: Suicune|11/100|[from] Sandstorm
|-heal|p2a: Havertz|48/100|[from] item: Leftovers
|-heal|p1a: Suicune|17/100|[from] item: Leftovers
|upkeep
|turn|28
|
|t:|1728500279
|move|p2a: Havertz|Earthquake|p1a: Suicune
|-damage|p1a: Suicune|0 fnt
|faint|p1a: Suicune
|
|t:|1728500280
|switch|p1a: Charizard|Charizard, F|8/100
|
|-weather|Sandstorm|[upkeep]
|-damage|p1a: Charizard|2/100|[from] Sandstorm
|-heal|p2a: Havertz|55/100|[from] item: Leftovers
|upkeep
|turn|29
|c|☆jimothy non-subs|gg
|c|☆Elian|gg
|
|t:|1728500296
|move|p2a: Havertz|Taunt|p1a: Charizard
|-start|p1a: Charizard|move: Taunt
|move|p1a: Charizard|Fire Blast|p2a: Havertz
|-resisted|p2a: Havertz
|-damage|p2a: Havertz|19/100
|
|-weather|Sandstorm|[upkeep]
|-damage|p1a: Charizard|0 fnt|[from] Sandstorm
|faint|p1a: Charizard
|
|win|Elian
|upkeep
|player|p1|
|player|p1|jimothy non-subs|2|

</script>
<script type="application/json" class="data" id="replaydata-smogtours-gen3ou-796707">
{"id":"smogtours-gen3ou-796707","format":"[Gen 3] OU","players":["jimothy non-subs","Elian"],"uploadtime":1728500296,"views":133,"formatid":"gen3ou","rating":null,"private":0,"password":null}
</script>

<script defer src="js/replays.js?9d40a366"></script>
