<!DOCTYPE html>
<meta charset="utf-8" />
<meta name="viewport" content="width=device-width" />

<title>[Gen 3] OU: Ktools vs. inkyno1 - Replays - Pok&eacute;mon Showdown!</title>

<meta name="description" content="Watch a replay of a Pok&eacute;mon battle between Ktools and inkyno1! Format: [Gen 3] OU; Date: Oct 18, 2024" />
<!--

Hey, you! Looking in the source for the replay log?

You can find them in JSON format, just add `.json` at the end of a replay URL.

https://replay.pokemonshowdown.com/gen7randomdoublesbattle-865046831.json

Or, if you only need the log itself, add `.log` instead:

https://replay.pokemonshowdown.com/gen7randomdoublesbattle-865046831.log

-->

<link rel="stylesheet" href="//pokemonshowdown.com/style/global.css?0.023195364461161105" />
<link rel="stylesheet" href="//play.pokemonshowdown.com/style/font-awesome.css?0.13261647063804238" />
<link rel="stylesheet" href="//play.pokemonshowdown.com/style/battle.css?0.8753245789963631" />
<link rel="stylesheet" href="//play.pokemonshowdown.com/style/utilichart.css?0.8627959624976733" />

<!-- Global site tag (gtag.js) - Google Analytics -->
<script async src="https://www.googletagmanager.com/gtag/js?id=UA-26211653-1"></script>
<script>
  window.dataLayer = window.dataLayer || [];
  function gtag(){dataLayer.push(arguments);}
  gtag('js', new Date());

  gtag('config', 'UA-26211653-1');
</script>
<!-- End Google Analytics -->
<!-- Venatus Ad Manager - Install in <HEAD> of page -->
	<script src="https://hb.vntsm.com/v3/live/ad-manager.min.js" type="text/javascript" data-site-id="642aba63ec9a7b11c3c9c1be" data-mode="scan" async></script>
<!-- / Venatus Ad Manager -->

<style>
	@media (max-width:820px) {
		.battle {
			margin: 0 auto;
		}
		.battle-log {
			margin: 7px auto 0;
			max-width: 640px;
			height: 300px;
			position: static;
		}
	}
	.optgroup {
		display: inline-block;
		line-height: 22px;
		font-size: 10pt;
	}
	.optgroup .button {
		height: 25px;
		padding-top: 0;
		padding-bottom: 0;
	}
	.optgroup button.button {
		padding-left: 12px;
		padding-right: 12px;
	}
	.linklist {
		list-style: none;
		margin: 0.5em 0;
		padding: 0;
	}
	.linklist li {
		padding: 2px 0;
	}
	.sidebar {
		float: left;
		width: 320px;
	}
	.bar-wrapper {
		max-width: 1100px;
		margin: 0 auto;
	}
	.bar-wrapper.has-sidebar {
		max-width: 1430px;
	}
	.mainbar {
		margin: 0;
		padding-right: 1px;
	}
	.mainbar.has-sidebar {
		margin-left: 330px;
	}
	@media (min-width: 1511px) {
		.sidebar {
			width: 400px;
		}
		.bar-wrapper.has-sidebar {
			max-width: 1510px;
		}
		.mainbar.has-sidebar {
			margin-left: 410px;
		}
	}
	.section.first-section {
		margin-top: 9px;
	}
	.blocklink small {
		white-space: normal;
	}
	.button {
		vertical-align: middle;
	}
	.replay-controls {
		padding-top: 10px;
	}
	.replay-controls h1 {
		font-size: 16pt;
		font-weight: normal;
		color: #CCC;
	}
	.pagelink {
		text-align: center;
	}
	.pagelink a {
		width: 150px;
	}
	.textbox, .button {
		font-size: 11pt;
		vertical-align: middle;
	}
	@media (max-width: 450px) {
		.button {
			font-size: 9pt;
		}
	}
</style>

<div>

	<header>
		<div class="nav-wrapper"><ul class="nav">
			<li><a class="button nav-first" href="//pokemonshowdown.com/"><img src="//pokemonshowdown.com/images/pokemonshowdownbeta.png" srcset="//pokemonshowdown.com/images/pokemonshowdownbeta.png 1x, //pokemonshowdown.com/images/pokemonshowdownbeta@2x.png 2x" alt="Pok&eacute;mon Showdown" width="146" height="44" /> Home</a></li>
			<li><a class="button" href="//pokemonshowdown.com/dex/">Pok&eacute;dex</a></li>
			<li><a class="button cur" href="/">Replays</a></li>
			<li><a class="button" href="//pokemonshowdown.com/ladder/">Ladder</a></li>
			<li><a class="button nav-last" href="//pokemonshowdown.com/forums/">Forum</a></li>
			<li><a class="button greenbutton nav-first nav-last" href="//play.pokemonshowdown.com/">Play</a></li>
		</ul></div>
	</header>

	<div class="main" id="main">

		<noscript><section class="section">You need to enable JavaScript to use this page; sorry!</section></noscript>

	</div>

</div>

<script defer nomodule src="//play.pokemonshowdown.com/js/lib/ps-polyfill.js"></script>
<script defer src="//play.pokemonshowdown.com/js/lib/preact.min.js"></script>

<script defer src="//play.pokemonshowdown.com/config/config.js?2bddbc15"></script>
<script defer src="//play.pokemonshowdown.com/js/lib/jquery-1.11.0.min.js"></script>
<script defer src="//play.pokemonshowdown.com/js/lib/html-sanitizer-minified.js"></script>
<script defer src="//play.pokemonshowdown.com/js/battle-sound.js"></script>
<script defer src="//play.pokemonshowdown.com/js/battledata.js?0.7209276989879541"></script>
<script defer src="//play.pokemonshowdown.com/data/pokedex-mini.js?0.6111056340867951"></script>
<script defer src="//play.pokemonshowdown.com/data/pokedex-mini-bw.js?0.3532142036491459"></script>
<script defer src="//play.pokemonshowdown.com/data/graphics.js?0.24223875632456182"></script>
<script defer src="//play.pokemonshowdown.com/data/pokedex.js?0.38839984266356864"></script>
<script defer src="//play.pokemonshowdown.com/data/moves.js?0.21866028504024015"></script>
<script defer src="//play.pokemonshowdown.com/data/abilities.js?0.2005157953846628"></script>
<script defer src="//play.pokemonshowdown.com/data/items.js?0.9894211263848525"></script>
<script defer src="//play.pokemonshowdown.com/data/teambuilder-tables.js?0.6008791140282215"></script>
<script defer src="//play.pokemonshowdown.com/js/battle-tooltips.js?0.7580118955022959"></script>
<script defer src="//play.pokemonshowdown.com/js/battle.js?0.6057722274234274"></script>

<script defer src="js/utils.js?e31f9a17"></script>
<script defer src="js/replays-battle.js?7008c182"></script>

<!-- don't scrape this data! just add .json or .log after the URL!
Full API docs: https://github.com/smogon/pokemon-showdown-client/blob/master/WEB-API.md -->
<script type="text/plain" class="log" id="replaylog-smogtours-gen3ou-799539">
|inactive|Battle timer is ON: inactive players will automatically lose when time's up.
|t:|1729267709
|gametype|singles
|player|p1|Ktools|102|
|player|p2|inkyno1|265|
|teamsize|p1|6
|teamsize|p2|6
|gen|3
|tier|[Gen 3] OU
|rule|Sleep Clause Mod: Limit one foe put to sleep
|rule|Switch Priority Clause Mod: Faster Pokémon switch first
|rule|Species Clause: Limit one of each Pokémon
|rule|OHKO Clause: OHKO moves are banned
|rule|Evasion Items Clause: Evasion items are banned
|rule|Evasion Moves Clause: Evasion moves are banned
|rule|Endless Battle Clause: Forcing endless battles is banned
|rule|HP Percentage Mod: HP is shown in percentages
|rule|One Boost Passer Clause: Limit one Baton Passer that has a way to boost its stats
|rule|Freeze Clause Mod: Limit one foe frozen
|
|t:|1729267709
|start
|switch|p1a: Aerodactyl|Aerodactyl, M|100/100
|switch|p2a: Forretress|Forretress, F|100/100
|turn|1
|inactive|Ktools has 270 seconds left.
|
|t:|1729267745
|switch|p1a: Forretress|Forretress, F|100/100
|move|p2a: Forretress|Spikes|p1a: Forretress
|-sidestart|p1: Ktools|Spikes
|
|upkeep
|turn|2
|
|t:|1729267755
|switch|p1a: Tyranitar|Tyranitar, F|100/100
|-damage|p1a: Tyranitar|88/100|[from] Spikes
|-weather|Sandstorm|[from] ability: Sand Stream|[of] p1a: Tyranitar
|switch|p2a: Dusclops|Dusclops, F|100/100
|
|-weather|Sandstorm|[upkeep]
|-damage|p2a: Dusclops|95/100|[from] Sandstorm
|-heal|p1a: Tyranitar|94/100|[from] item: Leftovers
|-heal|p2a: Dusclops|100/100|[from] item: Leftovers
|upkeep
|turn|3
|
|t:|1729267765
|switch|p2a: Metagross|Metagross|100/100
|move|p1a: Tyranitar|Crunch|p2a: Metagross
|-damage|p2a: Metagross|59/100
|
|-weather|Sandstorm|[upkeep]
|-heal|p1a: Tyranitar|99/100|[from] item: Leftovers
|upkeep
|turn|4
|
|t:|1729267779
|switch|p1a: Swampert|Swampert, F|100/100
|-damage|p1a: Swampert|88/100|[from] Spikes
|move|p2a: Metagross|Earthquake|p1a: Swampert
|-damage|p1a: Swampert|60/100
|
|-weather|Sandstorm|[upkeep]
|-heal|p1a: Swampert|66/100|[from] item: Leftovers
|upkeep
|turn|5
|
|t:|1729267797
|switch|p2a: Forretress|Forretress, F|100/100
|move|p1a: Swampert|Surf|p2a: Forretress
|-damage|p2a: Forretress|60/100
|
|-weather|Sandstorm|[upkeep]
|-heal|p1a: Swampert|72/100|[from] item: Leftovers
|-heal|p2a: Forretress|67/100|[from] item: Leftovers
|upkeep
|turn|6
|
|t:|1729267813
|move|p1a: Swampert|Surf|p2a: Forretress
|-damage|p2a: Forretress|27/100
|move|p2a: Forretress|Spikes|p1a: Swampert
|-sidestart|p1: Ktools|Spikes
|
|-weather|Sandstorm|[upkeep]
|-heal|p1a: Swampert|79/100|[from] item: Leftovers
|-heal|p2a: Forretress|34/100|[from] item: Leftovers
|upkeep
|turn|7
|inactive|Ktools has 270 seconds left.
|
|t:|1729267840
|switch|p2a: Dusclops|Dusclops, F|100/100
|move|p1a: Swampert|Surf|p2a: Dusclops
|-damage|p2a: Dusclops|81/100
|
|-weather|Sandstorm|[upkeep]
|-damage|p2a: Dusclops|75/100|[from] Sandstorm
|-heal|p1a: Swampert|85/100|[from] item: Leftovers
|-heal|p2a: Dusclops|81/100|[from] item: Leftovers
|upkeep
|turn|8
|
|t:|1729267849
|move|p1a: Swampert|Toxic|p2a: Dusclops
|-status|p2a: Dusclops|tox
|move|p2a: Dusclops|Will-O-Wisp|p1a: Swampert|[miss]
|-miss|p2a: Dusclops|p1a: Swampert
|
|-weather|Sandstorm|[upkeep]
|-damage|p2a: Dusclops|75/100 tox|[from] Sandstorm
|-heal|p1a: Swampert|91/100|[from] item: Leftovers
|-heal|p2a: Dusclops|81/100 tox|[from] item: Leftovers
|-damage|p2a: Dusclops|75/100 tox|[from] psn
|upkeep
|turn|9
|
|t:|1729267856
|move|p1a: Swampert|Protect|p1a: Swampert
|-singleturn|p1a: Swampert|Protect
|move|p2a: Dusclops|Will-O-Wisp|p1a: Swampert
|-activate|p1a: Swampert|Protect
|
|-weather|Sandstorm|[upkeep]
|-damage|p2a: Dusclops|69/100 tox|[from] Sandstorm
|-heal|p1a: Swampert|97/100|[from] item: Leftovers
|-heal|p2a: Dusclops|75/100 tox|[from] item: Leftovers
|-damage|p2a: Dusclops|63/100 tox|[from] psn
|upkeep
|turn|10
|
|t:|1729267859
|move|p1a: Swampert|Surf|p2a: Dusclops
|-damage|p2a: Dusclops|42/100 tox
|move|p2a: Dusclops|Will-O-Wisp|p1a: Swampert
|-status|p1a: Swampert|brn
|
|-weather|Sandstorm|[upkeep]
|-damage|p2a: Dusclops|36/100 tox|[from] Sandstorm
|-heal|p1a: Swampert|100/100 brn|[from] item: Leftovers
|-damage|p1a: Swampert|88/100 brn|[from] brn
|-heal|p2a: Dusclops|42/100 tox|[from] item: Leftovers
|-damage|p2a: Dusclops|24/100 tox|[from] psn
|upkeep
|turn|11
|inactive|Ktools has 270 seconds left.
|
|t:|1729267897
|move|p1a: Swampert|Refresh|p1a: Swampert
|-curestatus|p1a: Swampert|brn|[msg]
|move|p2a: Dusclops|Rest|p2a: Dusclops
|-status|p2a: Dusclops|slp|[from] move: Rest
|-heal|p2a: Dusclops|100/100 slp|[silent]
|
|-weather|Sandstorm|[upkeep]
|-damage|p2a: Dusclops|95/100 slp|[from] Sandstorm
|-heal|p1a: Swampert|94/100|[from] item: Leftovers
|-heal|p2a: Dusclops|100/100 slp|[from] item: Leftovers
|upkeep
|turn|12
|inactive|Ktools has 270 seconds left.
|
|t:|1729267910
|switch|p1a: Aerodactyl|Aerodactyl, M|100/100
|cant|p2a: Dusclops|slp
|
|-weather|Sandstorm|[upkeep]
|-damage|p2a: Dusclops|95/100 slp|[from] Sandstorm
|-heal|p2a: Dusclops|100/100 slp|[from] item: Leftovers
|upkeep
|turn|13
|
|t:|1729267916
|switch|p2a: Forretress|Forretress, F|34/100
|move|p1a: Aerodactyl|Rock Slide|p2a: Forretress
|-damage|p2a: Forretress|6/100
|
|-weather|Sandstorm|[upkeep]
|-heal|p2a: Forretress|12/100|[from] item: Leftovers
|upkeep
|turn|14
|
|t:|1729267926
|move|p1a: Aerodactyl|Rock Slide|p2a: Forretress
|-damage|p2a: Forretress|0 fnt
|faint|p2a: Forretress
|
|t:|1729267938
|switch|p2a: Metagross|Metagross|59/100
|
|-weather|Sandstorm|[upkeep]
|upkeep
|turn|15
|
|t:|1729267944
|switch|p1a: Swampert|Swampert, F|94/100
|-damage|p1a: Swampert|78/100|[from] Spikes
|switch|p2a: Skarmory|Skarmory, M|100/100
|
|-weather|Sandstorm|[upkeep]
|-heal|p1a: Swampert|84/100|[from] item: Leftovers
|upkeep
|turn|16
|
|t:|1729267960
|switch|p2a: Dusclops|Dusclops, F|100/100 slp
|switch|p1a: Forretress|Forretress, F|100/100
|-damage|p1a: Forretress|84/100|[from] Spikes
|
|-weather|Sandstorm|[upkeep]
|-damage|p2a: Dusclops|95/100 slp|[from] Sandstorm
|-heal|p1a: Forretress|90/100|[from] item: Leftovers
|-heal|p2a: Dusclops|100/100 slp|[from] item: Leftovers
|upkeep
|turn|17
|
|t:|1729267972
|switch|p1a: Tyranitar|Tyranitar, F|99/100
|-damage|p1a: Tyranitar|84/100|[from] Spikes
|cant|p2a: Dusclops|slp
|
|-weather|Sandstorm|[upkeep]
|-damage|p2a: Dusclops|95/100 slp|[from] Sandstorm
|-heal|p1a: Tyranitar|90/100|[from] item: Leftovers
|-heal|p2a: Dusclops|100/100 slp|[from] item: Leftovers
|upkeep
|turn|18
|
|t:|1729267987
|move|p1a: Tyranitar|Crunch|p2a: Dusclops
|-supereffective|p2a: Dusclops
|-damage|p2a: Dusclops|48/100 slp
|-curestatus|p2a: Dusclops|slp|[msg]
|move|p2a: Dusclops|Will-O-Wisp|p1a: Tyranitar|[miss]
|-miss|p2a: Dusclops|p1a: Tyranitar
|
|-weather|Sandstorm|[upkeep]
|-damage|p2a: Dusclops|42/100|[from] Sandstorm
|-heal|p1a: Tyranitar|96/100|[from] item: Leftovers
|-heal|p2a: Dusclops|48/100|[from] item: Leftovers
|upkeep
|turn|19
|
|t:|1729268000
|-activate|p2a: Dusclops|move: Pursuit
|move|p1a: Tyranitar|Pursuit|p2a: Dusclops|[from]Pursuit
|-supereffective|p2a: Dusclops
|-damage|p2a: Dusclops|0 fnt
|faint|p2a: Dusclops
|-hint|Previously chosen switches continue in Gen 2-4 after a Pursuit target faints.
|switch|p2a: Blissey|Blissey, F|100/100
|
|-weather|Sandstorm|[upkeep]
|-damage|p2a: Blissey|94/100|[from] Sandstorm
|-heal|p1a: Tyranitar|100/100|[from] item: Leftovers
|-heal|p2a: Blissey|100/100|[from] item: Leftovers
|upkeep
|turn|20
|inactive|Ktools has 270 seconds left.
|
|t:|1729268037
|switch|p1a: Blissey|Blissey, F|100/100
|-damage|p1a: Blissey|84/100|[from] Spikes
|switch|p2a: Skarmory|Skarmory, M|100/100
|
|-weather|Sandstorm|[upkeep]
|-damage|p1a: Blissey|78/100|[from] Sandstorm
|-heal|p1a: Blissey|84/100|[from] item: Leftovers
|upkeep
|turn|21
|inactive|Ktools has 270 seconds left.
|
|t:|1729268047
|switch|p1a: Forretress|Forretress, F|90/100
|-damage|p1a: Forretress|73/100|[from] Spikes
|move|p2a: Skarmory|Spikes|p1a: Forretress
|-sidestart|p1: Ktools|Spikes
|
|-weather|Sandstorm|[upkeep]
|-heal|p1a: Forretress|80/100|[from] item: Leftovers
|upkeep
|turn|22
|
|t:|1729268060
|switch|p2a: Metagross|Metagross|59/100
|move|p1a: Forretress|Rapid Spin|p2a: Metagross
|-resisted|p2a: Metagross
|-damage|p2a: Metagross|57/100
|-sideend|p1: Ktools|Spikes|[from] move: Rapid Spin|[of] p1a: Forretress
|
|-weather|Sandstorm|[upkeep]
|-heal|p1a: Forretress|86/100|[from] item: Leftovers
|upkeep
|turn|23
|inactive|Ktools has 270 seconds left.
|
|t:|1729268091
|switch|p1a: Zapdos|Zapdos|100/100
|move|p2a: Metagross|Meteor Mash|p1a: Zapdos
|-resisted|p1a: Zapdos
|-damage|p1a: Zapdos|72/100
|-boost|p2a: Metagross|atk|1
|
|-weather|Sandstorm|[upkeep]
|-damage|p1a: Zapdos|66/100|[from] Sandstorm
|-heal|p1a: Zapdos|72/100|[from] item: Leftovers
|upkeep
|turn|24
|
|t:|1729268108
|switch|p2a: Blissey|Blissey, F|100/100
|move|p1a: Zapdos|Thunderbolt|p2a: Blissey
|-damage|p2a: Blissey|84/100
|
|-weather|Sandstorm|[upkeep]
|-damage|p1a: Zapdos|66/100|[from] Sandstorm
|-damage|p2a: Blissey|77/100|[from] Sandstorm
|-heal|p1a: Zapdos|72/100|[from] item: Leftovers
|-heal|p2a: Blissey|84/100|[from] item: Leftovers
|upkeep
|turn|25
|
|t:|1729268115
|switch|p1a: Forretress|Forretress, F|86/100
|move|p2a: Blissey|Ice Beam|p1a: Forretress
|-resisted|p1a: Forretress
|-crit|p1a: Forretress
|-damage|p1a: Forretress|62/100
|
|-weather|Sandstorm|[upkeep]
|-damage|p2a: Blissey|77/100|[from] Sandstorm
|-heal|p2a: Blissey|84/100|[from] item: Leftovers
|-heal|p1a: Forretress|68/100|[from] item: Leftovers
|upkeep
|turn|26
|
|t:|1729268124
|move|p2a: Blissey|Thunderbolt|p1a: Forretress
|-damage|p1a: Forretress|43/100
|move|p1a: Forretress|Spikes|p2a: Blissey
|-sidestart|p2: inkyno1|Spikes
|
|-weather|Sandstorm|[upkeep]
|-damage|p2a: Blissey|77/100|[from] Sandstorm
|-heal|p2a: Blissey|84/100|[from] item: Leftovers
|-heal|p1a: Forretress|49/100|[from] item: Leftovers
|upkeep
|turn|27
|inactive|Ktools has 270 seconds left.
|
|t:|1729268141
|move|p2a: Blissey|Thunderbolt|p1a: Forretress
|-damage|p1a: Forretress|27/100
|move|p1a: Forretress|Spikes|p2a: Blissey
|-sidestart|p2: inkyno1|Spikes
|
|-weather|Sandstorm|[upkeep]
|-damage|p2a: Blissey|77/100|[from] Sandstorm
|-heal|p2a: Blissey|84/100|[from] item: Leftovers
|-heal|p1a: Forretress|33/100|[from] item: Leftovers
|upkeep
|turn|28
|inactive|Ktools has 270 seconds left.
|
|t:|1729268148
|switch|p2a: Skarmory|Skarmory, M|100/100
|move|p1a: Forretress|Spikes|p2a: Skarmory
|-sidestart|p2: inkyno1|Spikes
|
|-weather|Sandstorm|[upkeep]
|-heal|p1a: Forretress|39/100|[from] item: Leftovers
|upkeep
|turn|29
|
|t:|1729268154
|move|p2a: Skarmory|Spikes|p1a: Forretress
|-sidestart|p1: Ktools|Spikes
|move|p1a: Forretress|Rapid Spin|p2a: Skarmory
|-resisted|p2a: Skarmory
|-damage|p2a: Skarmory|99/100
|-sideend|p1: Ktools|Spikes|[from] move: Rapid Spin|[of] p1a: Forretress
|
|-weather|Sandstorm|[upkeep]
|-heal|p2a: Skarmory|100/100|[from] item: Leftovers
|-heal|p1a: Forretress|45/100|[from] item: Leftovers
|upkeep
|turn|30
|
|t:|1729268158
|move|p1a: Forretress|Rapid Spin|p2a: Skarmory
|-resisted|p2a: Skarmory
|-damage|p2a: Skarmory|99/100
|move|p2a: Skarmory|Roar|p1a: Forretress
|drag|p1a: Tyranitar|Tyranitar, F|100/100
|
|-weather|Sandstorm|[upkeep]
|-heal|p2a: Skarmory|100/100|[from] item: Leftovers
|upkeep
|turn|31
|
|t:|1729268162
|move|p2a: Skarmory|Toxic|p1a: Tyranitar
|-status|p1a: Tyranitar|tox
|move|p1a: Tyranitar|Flamethrower|p2a: Skarmory
|-supereffective|p2a: Skarmory
|-damage|p2a: Skarmory|44/100
|
|-weather|Sandstorm|[upkeep]
|-heal|p2a: Skarmory|50/100|[from] item: Leftovers
|-damage|p1a: Tyranitar|94/100 tox|[from] psn
|upkeep
|turn|32
|
|t:|1729268191
|switch|p1a: Swampert|Swampert, F|84/100
|move|p2a: Skarmory|Protect||[still]
|-fail|p2a: Skarmory
|
|-weather|Sandstorm|[upkeep]
|-heal|p2a: Skarmory|56/100|[from] item: Leftovers
|-heal|p1a: Swampert|90/100|[from] item: Leftovers
|upkeep
|turn|33
|
|t:|1729268197
|move|p2a: Skarmory|Toxic|p1a: Swampert|[miss]
|-miss|p2a: Skarmory|p1a: Swampert
|move|p1a: Swampert|Surf|p2a: Skarmory
|-damage|p2a: Skarmory|29/100
|
|-weather|Sandstorm|[upkeep]
|-heal|p2a: Skarmory|35/100|[from] item: Leftovers
|-heal|p1a: Swampert|96/100|[from] item: Leftovers
|upkeep
|turn|34
|
|t:|1729268207
|move|p2a: Skarmory|Protect|p2a: Skarmory
|-singleturn|p2a: Skarmory|Protect
|move|p1a: Swampert|Surf|p2a: Skarmory
|-activate|p2a: Skarmory|Protect
|
|-weather|Sandstorm|[upkeep]
|-heal|p2a: Skarmory|41/100|[from] item: Leftovers
|-heal|p1a: Swampert|100/100|[from] item: Leftovers
|upkeep
|turn|35
|
|t:|1729268211
|move|p2a: Skarmory|Spikes|p1a: Swampert
|-sidestart|p1: Ktools|Spikes
|move|p1a: Swampert|Surf|p2a: Skarmory
|-damage|p2a: Skarmory|15/100
|
|-weather|Sandstorm|[upkeep]
|-heal|p2a: Skarmory|21/100|[from] item: Leftovers
|upkeep
|turn|36
|
|t:|1729268219
|move|p2a: Skarmory|Protect|p2a: Skarmory
|-singleturn|p2a: Skarmory|Protect
|move|p1a: Swampert|Surf|p2a: Skarmory
|-activate|p2a: Skarmory|Protect
|
|-weather|Sandstorm|[upkeep]
|-heal|p2a: Skarmory|27/100|[from] item: Leftovers
|upkeep
|turn|37
|
|t:|1729268225
|switch|p2a: Blissey|Blissey, F|84/100
|-damage|p2a: Blissey|59/100|[from] Spikes
|move|p1a: Swampert|Surf|p2a: Blissey
|-damage|p2a: Blissey|48/100
|
|-weather|Sandstorm|[upkeep]
|-damage|p2a: Blissey|42/100|[from] Sandstorm
|-heal|p2a: Blissey|48/100|[from] item: Leftovers
|upkeep
|turn|38
|
|t:|1729268229
|move|p1a: Swampert|Toxic|p2a: Blissey
|-status|p2a: Blissey|tox
|move|p2a: Blissey|Soft-Boiled|p2a: Blissey
|-heal|p2a: Blissey|98/100 tox
|
|-weather|Sandstorm|[upkeep]
|-damage|p2a: Blissey|91/100 tox|[from] Sandstorm
|-heal|p2a: Blissey|98/100 tox|[from] item: Leftovers
|-damage|p2a: Blissey|91/100 tox|[from] psn
|upkeep
|turn|39
|
|t:|1729268241
|move|p1a: Swampert|Protect|p1a: Swampert
|-singleturn|p1a: Swampert|Protect
|move|p2a: Blissey|Ice Beam|p1a: Swampert
|-activate|p1a: Swampert|Protect
|
|-weather|Sandstorm|[upkeep]
|-damage|p2a: Blissey|85/100 tox|[from] Sandstorm
|-heal|p2a: Blissey|91/100 tox|[from] item: Leftovers
|-damage|p2a: Blissey|79/100 tox|[from] psn
|upkeep
|turn|40
|
|t:|1729268246
|move|p1a: Swampert|Surf|p2a: Blissey
|-damage|p2a: Blissey|67/100 tox
|move|p2a: Blissey|Soft-Boiled|p2a: Blissey
|-heal|p2a: Blissey|100/100 tox
|
|-weather|Sandstorm|[upkeep]
|-damage|p2a: Blissey|94/100 tox|[from] Sandstorm
|-heal|p2a: Blissey|100/100 tox|[from] item: Leftovers
|-damage|p2a: Blissey|82/100 tox|[from] psn
|upkeep
|turn|41
|
|t:|1729268259
|-curestatus|p2a: Blissey|tox|[from] ability: Natural Cure
|switch|p2a: Metagross|Metagross|57/100
|-damage|p2a: Metagross|32/100|[from] Spikes
|move|p1a: Swampert|Surf|p2a: Metagross
|-damage|p2a: Metagross|0 fnt
|faint|p2a: Metagross
|
|t:|1729268264
|switch|p2a: Skarmory|Skarmory, M|27/100
|
|-weather|Sandstorm|[upkeep]
|-heal|p2a: Skarmory|33/100|[from] item: Leftovers
|upkeep
|turn|42
|
|t:|1729268270
|move|p2a: Skarmory|Protect|p2a: Skarmory
|-singleturn|p2a: Skarmory|Protect
|move|p1a: Swampert|Surf|p2a: Skarmory
|-activate|p2a: Skarmory|Protect
|
|-weather|Sandstorm|[upkeep]
|-heal|p2a: Skarmory|39/100|[from] item: Leftovers
|upkeep
|turn|43
|
|t:|1729268287
|move|p2a: Skarmory|Toxic|p1a: Swampert
|-status|p1a: Swampert|tox
|move|p1a: Swampert|Surf|p2a: Skarmory
|-damage|p2a: Skarmory|12/100
|
|-weather|Sandstorm|[upkeep]
|-heal|p2a: Skarmory|18/100|[from] item: Leftovers
|-damage|p1a: Swampert|94/100 tox|[from] psn
|upkeep
|turn|44
|
|t:|1729268294
|move|p1a: Swampert|Refresh|p1a: Swampert
|-curestatus|p1a: Swampert|tox|[msg]
|move|p2a: Skarmory|Roar|p1a: Swampert
|drag|p1a: Zapdos|Zapdos|72/100
|
|-weather|Sandstorm|[upkeep]
|-damage|p1a: Zapdos|66/100|[from] Sandstorm
|-heal|p1a: Zapdos|72/100|[from] item: Leftovers
|-heal|p2a: Skarmory|24/100|[from] item: Leftovers
|upkeep
|turn|45
|
|t:|1729268300
|move|p2a: Skarmory|Protect|p2a: Skarmory
|-singleturn|p2a: Skarmory|Protect
|move|p1a: Zapdos|Roar|p2a: Skarmory
|-activate|p2a: Skarmory|Protect
|
|-weather|Sandstorm|[upkeep]
|-damage|p1a: Zapdos|66/100|[from] Sandstorm
|-heal|p1a: Zapdos|72/100|[from] item: Leftovers
|-heal|p2a: Skarmory|30/100|[from] item: Leftovers
|upkeep
|turn|46
|
|t:|1729268307
|switch|p2a: Blissey|Blissey, F|82/100
|-damage|p2a: Blissey|57/100|[from] Spikes
|move|p1a: Zapdos|Thunderbolt|p2a: Blissey
|-damage|p2a: Blissey|42/100
|
|-weather|Sandstorm|[upkeep]
|-damage|p1a: Zapdos|66/100|[from] Sandstorm
|-damage|p2a: Blissey|36/100|[from] Sandstorm
|-heal|p1a: Zapdos|72/100|[from] item: Leftovers
|-heal|p2a: Blissey|42/100|[from] item: Leftovers
|upkeep
|turn|47
|
|t:|1729268312
|move|p2a: Blissey|Soft-Boiled|p2a: Blissey
|-heal|p2a: Blissey|92/100
|move|p1a: Zapdos|Roar|p2a: Blissey
|drag|p2a: Skarmory|Skarmory, M|30/100
|
|-weather|Sandstorm|[upkeep]
|-damage|p1a: Zapdos|66/100|[from] Sandstorm
|-heal|p1a: Zapdos|72/100|[from] item: Leftovers
|-heal|p2a: Skarmory|36/100|[from] item: Leftovers
|upkeep
|turn|48
|
|t:|1729268317
|move|p2a: Skarmory|Protect|p2a: Skarmory
|-singleturn|p2a: Skarmory|Protect
|move|p1a: Zapdos|Thunderbolt|p2a: Skarmory
|-activate|p2a: Skarmory|Protect
|
|-weather|Sandstorm|[upkeep]
|-damage|p1a: Zapdos|66/100|[from] Sandstorm
|-heal|p1a: Zapdos|72/100|[from] item: Leftovers
|-heal|p2a: Skarmory|42/100|[from] item: Leftovers
|upkeep
|turn|49
|
|t:|1729268323
|move|p2a: Skarmory|Toxic|p1a: Zapdos
|-status|p1a: Zapdos|tox
|move|p1a: Zapdos|Roar|p2a: Skarmory
|drag|p2a: Blissey|Blissey, F|92/100
|-damage|p2a: Blissey|67/100|[from] Spikes
|
|-weather|Sandstorm|[upkeep]
|-damage|p1a: Zapdos|66/100 tox|[from] Sandstorm
|-damage|p2a: Blissey|61/100|[from] Sandstorm
|-heal|p1a: Zapdos|72/100 tox|[from] item: Leftovers
|-damage|p1a: Zapdos|66/100 tox|[from] psn
|-heal|p2a: Blissey|67/100|[from] item: Leftovers
|upkeep
|turn|50
|
|t:|1729268330
|move|p1a: Zapdos|Thunderbolt|p2a: Blissey
|-damage|p2a: Blissey|49/100
|-status|p2a: Blissey|par
|move|p2a: Blissey|Ice Beam|p1a: Zapdos
|-supereffective|p1a: Zapdos
|-damage|p1a: Zapdos|31/100 tox
|
|-weather|Sandstorm|[upkeep]
|-damage|p1a: Zapdos|24/100 tox|[from] Sandstorm
|-damage|p2a: Blissey|43/100 par|[from] Sandstorm
|-heal|p1a: Zapdos|31/100 tox|[from] item: Leftovers
|-damage|p1a: Zapdos|18/100 tox|[from] psn
|-heal|p2a: Blissey|49/100 par|[from] item: Leftovers
|upkeep
|turn|51
|
|t:|1729268332
|move|p1a: Zapdos|Rest|p1a: Zapdos
|-status|p1a: Zapdos|slp|[from] move: Rest
|-heal|p1a: Zapdos|100/100 slp|[silent]
|cant|p2a: Blissey|par
|
|-weather|Sandstorm|[upkeep]
|-damage|p1a: Zapdos|94/100 slp|[from] Sandstorm
|-damage|p2a: Blissey|43/100 par|[from] Sandstorm
|-heal|p1a: Zapdos|100/100 slp|[from] item: Leftovers
|-heal|p2a: Blissey|49/100 par|[from] item: Leftovers
|upkeep
|turn|52
|
|t:|1729268337
|cant|p2a: Blissey|par
|cant|p1a: Zapdos|slp
|
|-weather|Sandstorm|[upkeep]
|-damage|p1a: Zapdos|94/100 slp|[from] Sandstorm
|-damage|p2a: Blissey|43/100 par|[from] Sandstorm
|-heal|p1a: Zapdos|100/100 slp|[from] item: Leftovers
|-heal|p2a: Blissey|49/100 par|[from] item: Leftovers
|upkeep
|turn|53
|
|t:|1729268348
|move|p2a: Blissey|Soft-Boiled|p2a: Blissey
|-heal|p2a: Blissey|99/100 par
|cant|p1a: Zapdos|slp
|
|-weather|Sandstorm|[upkeep]
|-damage|p1a: Zapdos|94/100 slp|[from] Sandstorm
|-damage|p2a: Blissey|93/100 par|[from] Sandstorm
|-heal|p1a: Zapdos|100/100 slp|[from] item: Leftovers
|-heal|p2a: Blissey|99/100 par|[from] item: Leftovers
|upkeep
|turn|54
|
|t:|1729268356
|move|p2a: Blissey|Ice Beam|p1a: Zapdos
|-supereffective|p1a: Zapdos
|-damage|p1a: Zapdos|62/100 slp
|-curestatus|p1a: Zapdos|slp|[msg]
|move|p1a: Zapdos|Roar|p2a: Blissey
|-curestatus|p2a: Blissey|par|[from] ability: Natural Cure
|drag|p2a: Tyranitar|Tyranitar, M|100/100
|-damage|p2a: Tyranitar|76/100|[from] Spikes
|
|-weather|Sandstorm|[upkeep]
|-damage|p1a: Zapdos|56/100|[from] Sandstorm
|-heal|p1a: Zapdos|62/100|[from] item: Leftovers
|-heal|p2a: Tyranitar|82/100|[from] item: Leftovers
|upkeep
|turn|55
|
|t:|1729268373
|-singleturn|p2a: Tyranitar|move: Focus Punch
|switch|p1a: Swampert|Swampert, F|94/100
|-damage|p1a: Swampert|82/100|[from] Spikes
|move|p2a: Tyranitar|Focus Punch|p1a: Swampert
|-damage|p1a: Swampert|41/100
|
|-weather|Sandstorm|[upkeep]
|-heal|p1a: Swampert|47/100|[from] item: Leftovers
|-heal|p2a: Tyranitar|88/100|[from] item: Leftovers
|upkeep
|turn|56
|
|t:|1729268384
|switch|p2a: Blissey|Blissey, F|99/100
|-damage|p2a: Blissey|74/100|[from] Spikes
|move|p1a: Swampert|Surf|p2a: Blissey
|-crit|p2a: Blissey
|-damage|p2a: Blissey|51/100
|
|-weather|Sandstorm|[upkeep]
|-damage|p2a: Blissey|45/100|[from] Sandstorm
|-heal|p1a: Swampert|53/100|[from] item: Leftovers
|-heal|p2a: Blissey|51/100|[from] item: Leftovers
|upkeep
|turn|57
|
|t:|1729268396
|move|p1a: Swampert|Toxic|p2a: Blissey
|-status|p2a: Blissey|tox
|move|p2a: Blissey|Soft-Boiled|p2a: Blissey
|-heal|p2a: Blissey|100/100 tox
|
|-weather|Sandstorm|[upkeep]
|-damage|p2a: Blissey|94/100 tox|[from] Sandstorm
|-heal|p1a: Swampert|59/100|[from] item: Leftovers
|-heal|p2a: Blissey|100/100 tox|[from] item: Leftovers
|-damage|p2a: Blissey|94/100 tox|[from] psn
|upkeep
|turn|58
|
|t:|1729268407
|move|p1a: Swampert|Protect|p1a: Swampert
|-singleturn|p1a: Swampert|Protect
|move|p2a: Blissey|Ice Beam|p1a: Swampert
|-activate|p1a: Swampert|Protect
|
|-weather|Sandstorm|[upkeep]
|-damage|p2a: Blissey|88/100 tox|[from] Sandstorm
|-heal|p1a: Swampert|66/100|[from] item: Leftovers
|-heal|p2a: Blissey|94/100 tox|[from] item: Leftovers
|-damage|p2a: Blissey|82/100 tox|[from] psn
|upkeep
|turn|59
|
|t:|1729268421
|switch|p1a: Aerodactyl|Aerodactyl, M|100/100
|move|p2a: Blissey|Ice Beam|p1a: Aerodactyl
|-supereffective|p1a: Aerodactyl
|-damage|p1a: Aerodactyl|22/100
|
|-weather|Sandstorm|[upkeep]
|-damage|p2a: Blissey|76/100 tox|[from] Sandstorm
|-heal|p2a: Blissey|82/100 tox|[from] item: Leftovers
|-damage|p2a: Blissey|64/100 tox|[from] psn
|upkeep
|turn|60
|
|t:|1729268430
|-curestatus|p2a: Blissey|tox|[from] ability: Natural Cure
|switch|p2a: Skarmory|Skarmory, M|42/100
|move|p1a: Aerodactyl|Rock Slide|p2a: Skarmory
|-damage|p2a: Skarmory|3/100
|
|-weather|Sandstorm|[upkeep]
|-heal|p2a: Skarmory|9/100|[from] item: Leftovers
|upkeep
|turn|61
|
|t:|1729268435
|move|p2a: Skarmory|Protect|p2a: Skarmory
|-singleturn|p2a: Skarmory|Protect
|move|p1a: Aerodactyl|Rock Slide|p2a: Skarmory
|-activate|p2a: Skarmory|Protect
|
|-weather|Sandstorm|[upkeep]
|-heal|p2a: Skarmory|15/100|[from] item: Leftovers
|upkeep
|turn|62
|
|t:|1729268449
|switch|p2a: Tyranitar|Tyranitar, M|88/100
|-damage|p2a: Tyranitar|63/100|[from] Spikes
|move|p1a: Aerodactyl|Rock Slide|p2a: Tyranitar
|-damage|p2a: Tyranitar|24/100
|
|-weather|Sandstorm|[upkeep]
|-heal|p2a: Tyranitar|30/100|[from] item: Leftovers
|upkeep
|turn|63
|
|t:|1729268459
|move|p1a: Aerodactyl|Rock Slide|p2a: Tyranitar
|-damage|p2a: Tyranitar|0 fnt
|faint|p2a: Tyranitar
|
|t:|1729268463
|switch|p2a: Skarmory|Skarmory, M|15/100
|
|-weather|Sandstorm|[upkeep]
|-heal|p2a: Skarmory|21/100|[from] item: Leftovers
|upkeep
|turn|64
|
|t:|1729268466
|move|p2a: Skarmory|Protect|p2a: Skarmory
|-singleturn|p2a: Skarmory|Protect
|move|p1a: Aerodactyl|Rock Slide|p2a: Skarmory
|-activate|p2a: Skarmory|Protect
|
|-weather|Sandstorm|[upkeep]
|-heal|p2a: Skarmory|27/100|[from] item: Leftovers
|upkeep
|turn|65
|
|t:|1729268471
|move|p1a: Aerodactyl|Rock Slide|p2a: Skarmory
|-damage|p2a: Skarmory|0 fnt
|faint|p2a: Skarmory
|
|t:|1729268475
|switch|p2a: Blissey|Blissey, F|64/100
|-damage|p2a: Blissey|39/100|[from] Spikes
|
|-weather|Sandstorm|[upkeep]
|-damage|p2a: Blissey|33/100|[from] Sandstorm
|-heal|p2a: Blissey|39/100|[from] item: Leftovers
|upkeep
|turn|66
|
|t:|1729268479
|move|p1a: Aerodactyl|Rock Slide|p2a: Blissey
|-damage|p2a: Blissey|0 fnt
|faint|p2a: Blissey
|
|win|Ktools
|c|☆inkyno1|gg
|c|☆Ktools|ggs
|c|☆Ktools|sorry about the bad luck

</script>
<script type="application/json" class="data" id="replaydata-smogtours-gen3ou-799539">
{"id":"smogtours-gen3ou-799539","format":"[Gen 3] OU","players":["Ktools","inkyno1"],"uploadtime":1729268479,"views":77,"formatid":"gen3ou","rating":null,"private":0,"password":null}
</script>

<script defer src="js/replays.js?9d40a366"></script>
