<!DOCTYPE html>
<meta charset="utf-8" />
<meta name="viewport" content="width=device-width" />

<title>[Gen 3] OU: WizzyHatG vs. loleinsmaragd - Replays - Pok&eacute;mon Showdown!</title>

<meta name="description" content="Watch a replay of a Pok&eacute;mon battle between WizzyHatG and loleinsmaragd! Format: [Gen 3] OU; Date: Oct 6, 2024" />
<!--

Hey, you! Looking in the source for the replay log?

You can find them in JSON format, just add `.json` at the end of a replay URL.

https://replay.pokemonshowdown.com/gen7randomdoublesbattle-865046831.json

Or, if you only need the log itself, add `.log` instead:

https://replay.pokemonshowdown.com/gen7randomdoublesbattle-865046831.log

-->

<link rel="stylesheet" href="//pokemonshowdown.com/style/global.css?0.023195364461161105" />
<link rel="stylesheet" href="//play.pokemonshowdown.com/style/font-awesome.css?0.13261647063804238" />
<link rel="stylesheet" href="//play.pokemonshowdown.com/style/battle.css?0.8753245789963631" />
<link rel="stylesheet" href="//play.pokemonshowdown.com/style/utilichart.css?0.8627959624976733" />

<!-- Global site tag (gtag.js) - Google Analytics -->
<script async src="https://www.googletagmanager.com/gtag/js?id=UA-26211653-1"></script>
<script>
  window.dataLayer = window.dataLayer || [];
  function gtag(){dataLayer.push(arguments);}
  gtag('js', new Date());

  gtag('config', 'UA-26211653-1');
</script>
<!-- End Google Analytics -->
<!-- Venatus Ad Manager - Install in <HEAD> of page -->
	<script src="https://hb.vntsm.com/v3/live/ad-manager.min.js" type="text/javascript" data-site-id="642aba63ec9a7b11c3c9c1be" data-mode="scan" async></script>
<!-- / Venatus Ad Manager -->

<style>
	@media (max-width:820px) {
		.battle {
			margin: 0 auto;
		}
		.battle-log {
			margin: 7px auto 0;
			max-width: 640px;
			height: 300px;
			position: static;
		}
	}
	.optgroup {
		display: inline-block;
		line-height: 22px;
		font-size: 10pt;
	}
	.optgroup .button {
		height: 25px;
		padding-top: 0;
		padding-bottom: 0;
	}
	.optgroup button.button {
		padding-left: 12px;
		padding-right: 12px;
	}
	.linklist {
		list-style: none;
		margin: 0.5em 0;
		padding: 0;
	}
	.linklist li {
		padding: 2px 0;
	}
	.sidebar {
		float: left;
		width: 320px;
	}
	.bar-wrapper {
		max-width: 1100px;
		margin: 0 auto;
	}
	.bar-wrapper.has-sidebar {
		max-width: 1430px;
	}
	.mainbar {
		margin: 0;
		padding-right: 1px;
	}
	.mainbar.has-sidebar {
		margin-left: 330px;
	}
	@media (min-width: 1511px) {
		.sidebar {
			width: 400px;
		}
		.bar-wrapper.has-sidebar {
			max-width: 1510px;
		}
		.mainbar.has-sidebar {
			margin-left: 410px;
		}
	}
	.section.first-section {
		margin-top: 9px;
	}
	.blocklink small {
		white-space: normal;
	}
	.button {
		vertical-align: middle;
	}
	.replay-controls {
		padding-top: 10px;
	}
	.replay-controls h1 {
		font-size: 16pt;
		font-weight: normal;
		color: #CCC;
	}
	.pagelink {
		text-align: center;
	}
	.pagelink a {
		width: 150px;
	}
	.textbox, .button {
		font-size: 11pt;
		vertical-align: middle;
	}
	@media (max-width: 450px) {
		.button {
			font-size: 9pt;
		}
	}
</style>

<div>

	<header>
		<div class="nav-wrapper"><ul class="nav">
			<li><a class="button nav-first" href="//pokemonshowdown.com/"><img src="//pokemonshowdown.com/images/pokemonshowdownbeta.png" srcset="//pokemonshowdown.com/images/pokemonshowdownbeta.png 1x, //pokemonshowdown.com/images/pokemonshowdownbeta@2x.png 2x" alt="Pok&eacute;mon Showdown" width="146" height="44" /> Home</a></li>
			<li><a class="button" href="//pokemonshowdown.com/dex/">Pok&eacute;dex</a></li>
			<li><a class="button cur" href="/">Replays</a></li>
			<li><a class="button" href="//pokemonshowdown.com/ladder/">Ladder</a></li>
			<li><a class="button nav-last" href="//pokemonshowdown.com/forums/">Forum</a></li>
			<li><a class="button greenbutton nav-first nav-last" href="//play.pokemonshowdown.com/">Play</a></li>
		</ul></div>
	</header>

	<div class="main" id="main">

		<noscript><section class="section">You need to enable JavaScript to use this page; sorry!</section></noscript>

	</div>

</div>

<script defer nomodule src="//play.pokemonshowdown.com/js/lib/ps-polyfill.js"></script>
<script defer src="//play.pokemonshowdown.com/js/lib/preact.min.js"></script>

<script defer src="//play.pokemonshowdown.com/config/config.js?2bddbc15"></script>
<script defer src="//play.pokemonshowdown.com/js/lib/jquery-1.11.0.min.js"></script>
<script defer src="//play.pokemonshowdown.com/js/lib/html-sanitizer-minified.js"></script>
<script defer src="//play.pokemonshowdown.com/js/battle-sound.js"></script>
<script defer src="//play.pokemonshowdown.com/js/battledata.js?0.7209276989879541"></script>
<script defer src="//play.pokemonshowdown.com/data/pokedex-mini.js?0.6111056340867951"></script>
<script defer src="//play.pokemonshowdown.com/data/pokedex-mini-bw.js?0.3532142036491459"></script>
<script defer src="//play.pokemonshowdown.com/data/graphics.js?0.24223875632456182"></script>
<script defer src="//play.pokemonshowdown.com/data/pokedex.js?0.38839984266356864"></script>
<script defer src="//play.pokemonshowdown.com/data/moves.js?0.21866028504024015"></script>
<script defer src="//play.pokemonshowdown.com/data/abilities.js?0.2005157953846628"></script>
<script defer src="//play.pokemonshowdown.com/data/items.js?0.9894211263848525"></script>
<script defer src="//play.pokemonshowdown.com/data/teambuilder-tables.js?0.6008791140282215"></script>
<script defer src="//play.pokemonshowdown.com/js/battle-tooltips.js?0.7580118955022959"></script>
<script defer src="//play.pokemonshowdown.com/js/battle.js?0.6057722274234274"></script>

<script defer src="js/utils.js?e31f9a17"></script>
<script defer src="js/replays-battle.js?7008c182"></script>

<!-- don't scrape this data! just add .json or .log after the URL!
Full API docs: https://github.com/smogon/pokemon-showdown-client/blob/master/WEB-API.md -->
<script type="text/plain" class="log" id="replaylog-smogtours-gen3ou-796035">
|inactive|Battle timer is ON: inactive players will automatically lose when time's up.
|t:|1728251442
|gametype|singles
|player|p1|WizzyHatG|169|
|player|p2|loleinsmaragd|clerk-boss|
|teamsize|p1|6
|teamsize|p2|6
|gen|3
|tier|[Gen 3] OU
|rule|Sleep Clause Mod: Limit one foe put to sleep
|rule|Switch Priority Clause Mod: Faster Pokémon switch first
|rule|Species Clause: Limit one of each Pokémon
|rule|OHKO Clause: OHKO moves are banned
|rule|Evasion Items Clause: Evasion items are banned
|rule|Evasion Moves Clause: Evasion moves are banned
|rule|Endless Battle Clause: Forcing endless battles is banned
|rule|HP Percentage Mod: HP is shown in percentages
|rule|One Boost Passer Clause: Limit one Baton Passer that has a way to boost its stats
|rule|Freeze Clause Mod: Limit one foe frozen
|
|t:|1728251442
|start
|switch|p1a: Medicham|Medicham, F|100/100
|switch|p2a: Desporta|Tyranitar, F|100/100
|-weather|Sandstorm|[from] ability: Sand Stream|[of] p2a: Desporta
|turn|1
|c|☆WizzyHatG|glhf!
|
|t:|1728251456
|-singleturn|p1a: Medicham|move: Focus Punch
|switch|p2a: Bill|Gengar, M|100/100
|move|p1a: Medicham|Focus Punch|p2a: Bill
|-immune|p2a: Bill
|
|-weather|Sandstorm|[upkeep]
|-damage|p2a: Bill|94/100|[from] Sandstorm
|-damage|p1a: Medicham|94/100|[from] Sandstorm
|-heal|p2a: Bill|100/100|[from] item: Leftovers
|upkeep
|turn|2
|
|t:|1728251471
|switch|p1a: Magneton|Magneton|100/100
|move|p2a: Bill|Fire Punch|p1a: Magneton
|-supereffective|p1a: Magneton
|-damage|p1a: Magneton|9/100
|
|-weather|Sandstorm|[upkeep]
|-damage|p2a: Bill|94/100|[from] Sandstorm
|-heal|p2a: Bill|100/100|[from] item: Leftovers
|upkeep
|turn|3
|c|☆loleinsmaragd|Hf
|
|t:|1728251496
|switch|p1a: Snorlax|Snorlax, F|100/100
|move|p2a: Bill|Fire Punch|p1a: Snorlax
|-damage|p1a: Snorlax|86/100
|
|-weather|Sandstorm|[upkeep]
|-damage|p2a: Bill|94/100|[from] Sandstorm
|-damage|p1a: Snorlax|80/100|[from] Sandstorm
|-heal|p2a: Bill|100/100|[from] item: Leftovers
|-heal|p1a: Snorlax|86/100|[from] item: Leftovers
|upkeep
|turn|4
|
|t:|1728251508
|switch|p2a: Desporta|Tyranitar, F|100/100
|move|p1a: Snorlax|Shadow Ball|p2a: Desporta
|-resisted|p2a: Desporta
|-damage|p2a: Desporta|87/100
|
|-weather|Sandstorm|[upkeep]
|-damage|p1a: Snorlax|80/100|[from] Sandstorm
|-heal|p1a: Snorlax|86/100|[from] item: Leftovers
|upkeep
|turn|5
|
|t:|1728251515
|move|p2a: Desporta|Ancient Power|p1a: Snorlax
|-damage|p1a: Snorlax|64/100
|move|p1a: Snorlax|Earthquake|p2a: Desporta
|-supereffective|p2a: Desporta
|-damage|p2a: Desporta|27/100
|
|-weather|Sandstorm|[upkeep]
|-damage|p1a: Snorlax|58/100|[from] Sandstorm
|-heal|p1a: Snorlax|64/100|[from] item: Leftovers
|upkeep
|turn|6
|
|t:|1728251520
|move|p2a: Desporta|Brick Break|p1a: Snorlax
|-supereffective|p1a: Snorlax
|-damage|p1a: Snorlax|25/100
|move|p1a: Snorlax|Earthquake|p2a: Desporta
|-supereffective|p2a: Desporta
|-damage|p2a: Desporta|0 fnt
|faint|p2a: Desporta
|
|t:|1728251532
|switch|p2a: Big guy|Charizard, F|100/100
|
|-weather|Sandstorm|[upkeep]
|-damage|p2a: Big guy|94/100|[from] Sandstorm
|-damage|p1a: Snorlax|19/100|[from] Sandstorm
|-heal|p2a: Big guy|100/100|[from] item: Leftovers
|-heal|p1a: Snorlax|25/100|[from] item: Leftovers
|upkeep
|turn|7
|
|t:|1728251543
|move|p2a: Big guy|Fire Blast|p1a: Snorlax
|-damage|p1a: Snorlax|0 fnt
|faint|p1a: Snorlax
|
|t:|1728251551
|switch|p1a: Salamence|Salamence, F|100/100
|-ability|p1a: Salamence|Intimidate|boost
|-unboost|p2a: Big guy|atk|1
|
|-weather|Sandstorm|[upkeep]
|-damage|p2a: Big guy|94/100|[from] Sandstorm
|-damage|p1a: Salamence|94/100|[from] Sandstorm
|-heal|p2a: Big guy|100/100|[from] item: Leftovers
|-heal|p1a: Salamence|100/100|[from] item: Leftovers
|upkeep
|turn|8
|
|t:|1728251557
|switch|p2a: Skarmory|Skarmory, M|100/100
|move|p1a: Salamence|Dragon Dance|p1a: Salamence
|-boost|p1a: Salamence|atk|1
|-boost|p1a: Salamence|spe|1
|
|-weather|Sandstorm|[upkeep]
|-damage|p1a: Salamence|94/100|[from] Sandstorm
|-heal|p1a: Salamence|100/100|[from] item: Leftovers
|upkeep
|turn|9
|
|t:|1728251564
|switch|p1a: Magneton|Magneton|9/100
|move|p2a: Skarmory|Roar|p1a: Magneton
|drag|p1a: Metagross|Metagross|100/100
|
|-weather|Sandstorm|[upkeep]
|upkeep
|turn|10
|
|t:|1728251571
|switch|p1a: Magneton|Magneton|9/100
|move|p2a: Skarmory|Spikes|p1a: Magneton
|-sidestart|p1: WizzyHatG|Spikes
|
|-weather|Sandstorm|[upkeep]
|upkeep
|turn|11
|
|t:|1728251577
|move|p2a: Skarmory|Protect|p2a: Skarmory
|-singleturn|p2a: Skarmory|Protect
|move|p1a: Magneton|Rain Dance|p1a: Magneton
|-weather|RainDance
|
|-weather|RainDance|[upkeep]
|upkeep
|turn|12
|c|☆loleinsmaragd|Damn
|
|t:|1728251589
|move|p1a: Magneton|Thunderbolt|p2a: Skarmory
|-supereffective|p2a: Skarmory
|-damage|p2a: Skarmory|0 fnt
|faint|p2a: Skarmory
|
|t:|1728251593
|switch|p2a: Big guy|Charizard, F|100/100
|
|-weather|RainDance|[upkeep]
|upkeep
|turn|13
|
|t:|1728251598
|move|p2a: Big guy|Dragon Claw|p1a: Magneton
|-resisted|p1a: Magneton
|-damage|p1a: Magneton|0 fnt
|faint|p1a: Magneton
|
|t:|1728251600
|switch|p1a: Suicune|Suicune|100/100
|-damage|p1a: Suicune|88/100|[from] Spikes
|
|-weather|RainDance|[upkeep]
|-heal|p1a: Suicune|94/100|[from] item: Leftovers
|upkeep
|turn|14
|
|t:|1728251606
|switch|p2a: Blissey|Blissey, F|100/100
|move|p1a: Suicune|Calm Mind|p1a: Suicune
|-boost|p1a: Suicune|spa|1
|-boost|p1a: Suicune|spd|1
|
|-weather|RainDance|[upkeep]
|-heal|p1a: Suicune|100/100|[from] item: Leftovers
|upkeep
|turn|15
|
|t:|1728251614
|move|p1a: Suicune|Calm Mind|p1a: Suicune
|-boost|p1a: Suicune|spa|1
|-boost|p1a: Suicune|spd|1
|move|p2a: Blissey|Toxic|p1a: Suicune
|-status|p1a: Suicune|tox
|
|-weather|none
|-damage|p1a: Suicune|94/100 tox|[from] psn
|upkeep
|turn|16
|
|t:|1728251622
|move|p1a: Suicune|Calm Mind|p1a: Suicune
|-boost|p1a: Suicune|spa|1
|-boost|p1a: Suicune|spd|1
|move|p2a: Blissey|Thunderbolt|p1a: Suicune
|-supereffective|p1a: Suicune
|-damage|p1a: Suicune|80/100 tox
|
|-heal|p1a: Suicune|86/100 tox|[from] item: Leftovers
|-damage|p1a: Suicune|74/100 tox|[from] psn
|upkeep
|turn|17
|
|t:|1728251629
|move|p1a: Suicune|Rest|p1a: Suicune
|-status|p1a: Suicune|slp|[from] move: Rest
|-heal|p1a: Suicune|100/100 slp|[silent]
|move|p2a: Blissey|Thunderbolt|p1a: Suicune
|-supereffective|p1a: Suicune
|-damage|p1a: Suicune|86/100 slp
|
|-heal|p1a: Suicune|92/100 slp|[from] item: Leftovers
|upkeep
|turn|18
|
|t:|1728251650
|cant|p1a: Suicune|slp
|move|p2a: Blissey|Thunderbolt|p1a: Suicune
|-supereffective|p1a: Suicune
|-damage|p1a: Suicune|79/100 slp
|
|-heal|p1a: Suicune|85/100 slp|[from] item: Leftovers
|upkeep
|turn|19
|
|t:|1728251657
|cant|p1a: Suicune|slp
|move|p2a: Blissey|Thunderbolt|p1a: Suicune
|-supereffective|p1a: Suicune
|-damage|p1a: Suicune|72/100 slp
|
|-heal|p1a: Suicune|78/100 slp|[from] item: Leftovers
|upkeep
|turn|20
|
|t:|1728251664
|-curestatus|p1a: Suicune|slp|[msg]
|move|p1a: Suicune|Calm Mind|p1a: Suicune
|-boost|p1a: Suicune|spa|1
|-boost|p1a: Suicune|spd|1
|move|p2a: Blissey|Toxic|p1a: Suicune
|-status|p1a: Suicune|tox
|
|-heal|p1a: Suicune|84/100 tox|[from] item: Leftovers
|-damage|p1a: Suicune|78/100 tox|[from] psn
|upkeep
|turn|21
|
|t:|1728251671
|move|p1a: Suicune|Calm Mind|p1a: Suicune
|-boost|p1a: Suicune|spa|1
|-boost|p1a: Suicune|spd|1
|move|p2a: Blissey|Thunderbolt|p1a: Suicune
|-supereffective|p1a: Suicune
|-damage|p1a: Suicune|67/100 tox
|
|-heal|p1a: Suicune|73/100 tox|[from] item: Leftovers
|-damage|p1a: Suicune|61/100 tox|[from] psn
|upkeep
|turn|22
|
|t:|1728251680
|move|p1a: Suicune|Rest|p1a: Suicune
|-status|p1a: Suicune|slp|[from] move: Rest
|-heal|p1a: Suicune|100/100 slp|[silent]
|move|p2a: Blissey|Thunderbolt|p1a: Suicune
|-supereffective|p1a: Suicune
|-damage|p1a: Suicune|91/100 slp
|
|-heal|p1a: Suicune|97/100 slp|[from] item: Leftovers
|upkeep
|turn|23
|
|t:|1728251687
|switch|p2a: Bill|Gengar, M|100/100
|cant|p1a: Suicune|slp
|
|-heal|p1a: Suicune|100/100 slp|[from] item: Leftovers
|upkeep
|turn|24
|
|t:|1728251693
|move|p2a: Bill|Thunderbolt|p1a: Suicune
|-supereffective|p1a: Suicune
|-damage|p1a: Suicune|88/100 slp
|cant|p1a: Suicune|slp
|
|-heal|p1a: Suicune|94/100 slp|[from] item: Leftovers
|upkeep
|turn|25
|
|t:|1728251703
|move|p2a: Bill|Explosion|p1a: Suicune
|-damage|p1a: Suicune|32/100 slp
|faint|p2a: Bill
|
|t:|1728251709
|switch|p2a: Swampert|Swampert, F|100/100
|
|-heal|p1a: Suicune|38/100 slp|[from] item: Leftovers
|upkeep
|turn|26
|
|t:|1728251714
|-curestatus|p1a: Suicune|slp|[msg]
|move|p1a: Suicune|Rest|p1a: Suicune
|-status|p1a: Suicune|slp|[from] move: Rest
|-heal|p1a: Suicune|100/100 slp|[silent]
|move|p2a: Swampert|Earthquake|p1a: Suicune
|-damage|p1a: Suicune|70/100 slp
|
|-heal|p1a: Suicune|76/100 slp|[from] item: Leftovers
|upkeep
|turn|27
|
|t:|1728251722
|cant|p1a: Suicune|slp
|move|p2a: Swampert|Earthquake|p1a: Suicune
|-crit|p1a: Suicune
|-damage|p1a: Suicune|22/100 slp
|
|-heal|p1a: Suicune|28/100 slp|[from] item: Leftovers
|upkeep
|turn|28
|c|☆WizzyHatG|oh
|c|☆WizzyHatG|that was moronic from me
|
|t:|1728251750
|switch|p1a: Medicham|Medicham, F|94/100
|-damage|p1a: Medicham|82/100|[from] Spikes
|move|p2a: Swampert|Earthquake|p1a: Medicham
|-damage|p1a: Medicham|23/100
|
|-enditem|p1a: Medicham|Salac Berry|[eat]
|-boost|p1a: Medicham|spe|1|[from] item: Salac Berry
|upkeep
|turn|29
|
|t:|1728251762
|move|p2a: Swampert|Protect|p2a: Swampert
|-singleturn|p2a: Swampert|Protect
|move|p1a: Medicham|Brick Break|p2a: Swampert
|-activate|p2a: Swampert|Protect
|
|upkeep
|turn|30
|
|t:|1728251770
|-singleturn|p1a: Medicham|move: Focus Punch
|move|p2a: Swampert|Earthquake|p1a: Medicham
|-damage|p1a: Medicham|0 fnt
|faint|p1a: Medicham
|
|t:|1728251774
|switch|p1a: Metagross|Metagross|100/100
|-damage|p1a: Metagross|88/100|[from] Spikes
|
|-heal|p1a: Metagross|94/100|[from] item: Leftovers
|upkeep
|turn|31
|
|t:|1728251779
|move|p1a: Metagross|Agility|p1a: Metagross
|-boost|p1a: Metagross|spe|2
|move|p2a: Swampert|Earthquake|p1a: Metagross
|-supereffective|p1a: Metagross
|-damage|p1a: Metagross|41/100
|
|-heal|p1a: Metagross|47/100|[from] item: Leftovers
|upkeep
|turn|32
|
|t:|1728251786
|move|p1a: Metagross|Meteor Mash|p2a: Swampert
|-resisted|p2a: Swampert
|-damage|p2a: Swampert|83/100
|move|p2a: Swampert|Earthquake|p1a: Metagross
|-supereffective|p1a: Metagross
|-damage|p1a: Metagross|0 fnt
|faint|p1a: Metagross
|
|t:|1728251789
|switch|p1a: Salamence|Salamence, F|100/100
|-ability|p1a: Salamence|Intimidate|boost
|-unboost|p2a: Swampert|atk|1
|
|-heal|p2a: Swampert|89/100|[from] item: Leftovers
|upkeep
|turn|33
|
|t:|1728251795
|switch|p2a: Big guy|Charizard, F|100/100
|move|p1a: Salamence|Hidden Power|p2a: Big guy
|-damage|p2a: Big guy|46/100
|
|-heal|p2a: Big guy|52/100|[from] item: Leftovers
|upkeep
|turn|34
|
|t:|1728251802
|move|p2a: Big guy|Dragon Claw|p1a: Salamence
|-supereffective|p1a: Salamence
|-damage|p1a: Salamence|48/100
|move|p1a: Salamence|Hidden Power|p2a: Big guy
|-damage|p2a: Big guy|0 fnt
|faint|p2a: Big guy
|
|t:|1728251809
|switch|p2a: Swampert|Swampert, F|89/100
|
|-heal|p1a: Salamence|54/100|[from] item: Leftovers
|-heal|p2a: Swampert|96/100|[from] item: Leftovers
|upkeep
|turn|35
|
|t:|1728251812
|move|p1a: Salamence|Hidden Power|p2a: Swampert
|-damage|p2a: Swampert|68/100
|move|p2a: Swampert|Ice Beam|p1a: Salamence
|-supereffective|p1a: Salamence
|-damage|p1a: Salamence|0 fnt
|faint|p1a: Salamence
|
|t:|1728251814
|switch|p1a: Suicune|Suicune|28/100 slp
|-damage|p1a: Suicune|16/100 slp|[from] Spikes
|
|-heal|p1a: Suicune|22/100 slp|[from] item: Leftovers
|-heal|p2a: Swampert|74/100|[from] item: Leftovers
|upkeep
|turn|36
|
|t:|1728251817
|cant|p1a: Suicune|slp
|move|p2a: Swampert|Earthquake|p1a: Suicune
|-damage|p1a: Suicune|0 fnt
|faint|p1a: Suicune
|
|win|loleinsmaragd
|c|☆WizzyHatG|gg
|c|☆loleinsmaragd|Gg
|c|☆WizzyHatG|deserved to lose that one
|c|☆loleinsmaragd|Nah
|c|☆loleinsmaragd|Hax were in my side both games

</script>
<script type="application/json" class="data" id="replaydata-smogtours-gen3ou-796035">
{"id":"smogtours-gen3ou-796035","format":"[Gen 3] OU","players":["WizzyHatG","loleinsmaragd"],"uploadtime":1728251817,"views":104,"formatid":"gen3ou","rating":null,"private":0,"password":null}
</script>

<script defer src="js/replays.js?9d40a366"></script>
