<!DOCTYPE html>
<meta charset="utf-8" />
<meta name="viewport" content="width=device-width" />

<title>[Gen 3] OU: vbncvx vs. Biffo Banana - Replays - Pok&eacute;mon Showdown!</title>

<meta name="description" content="Watch a replay of a Pok&eacute;mon battle between vbncvx and Biffo Banana! Format: [Gen 3] OU; Date: Oct 28, 2024" />
<!--

Hey, you! Looking in the source for the replay log?

You can find them in JSON format, just add `.json` at the end of a replay URL.

https://replay.pokemonshowdown.com/gen7randomdoublesbattle-865046831.json

Or, if you only need the log itself, add `.log` instead:

https://replay.pokemonshowdown.com/gen7randomdoublesbattle-865046831.log

-->

<link rel="stylesheet" href="//pokemonshowdown.com/style/global.css?0.023195364461161105" />
<link rel="stylesheet" href="//play.pokemonshowdown.com/style/font-awesome.css?0.13261647063804238" />
<link rel="stylesheet" href="//play.pokemonshowdown.com/style/battle.css?0.8753245789963631" />
<link rel="stylesheet" href="//play.pokemonshowdown.com/style/utilichart.css?0.8627959624976733" />

<!-- Global site tag (gtag.js) - Google Analytics -->
<script async src="https://www.googletagmanager.com/gtag/js?id=UA-26211653-1"></script>
<script>
  window.dataLayer = window.dataLayer || [];
  function gtag(){dataLayer.push(arguments);}
  gtag('js', new Date());

  gtag('config', 'UA-26211653-1');
</script>
<!-- End Google Analytics -->
<!-- Venatus Ad Manager - Install in <HEAD> of page -->
	<script src="https://hb.vntsm.com/v3/live/ad-manager.min.js" type="text/javascript" data-site-id="642aba63ec9a7b11c3c9c1be" data-mode="scan" async></script>
<!-- / Venatus Ad Manager -->

<style>
	@media (max-width:820px) {
		.battle {
			margin: 0 auto;
		}
		.battle-log {
			margin: 7px auto 0;
			max-width: 640px;
			height: 300px;
			position: static;
		}
	}
	.optgroup {
		display: inline-block;
		line-height: 22px;
		font-size: 10pt;
	}
	.optgroup .button {
		height: 25px;
		padding-top: 0;
		padding-bottom: 0;
	}
	.optgroup button.button {
		padding-left: 12px;
		padding-right: 12px;
	}
	.linklist {
		list-style: none;
		margin: 0.5em 0;
		padding: 0;
	}
	.linklist li {
		padding: 2px 0;
	}
	.sidebar {
		float: left;
		width: 320px;
	}
	.bar-wrapper {
		max-width: 1100px;
		margin: 0 auto;
	}
	.bar-wrapper.has-sidebar {
		max-width: 1430px;
	}
	.mainbar {
		margin: 0;
		padding-right: 1px;
	}
	.mainbar.has-sidebar {
		margin-left: 330px;
	}
	@media (min-width: 1511px) {
		.sidebar {
			width: 400px;
		}
		.bar-wrapper.has-sidebar {
			max-width: 1510px;
		}
		.mainbar.has-sidebar {
			margin-left: 410px;
		}
	}
	.section.first-section {
		margin-top: 9px;
	}
	.blocklink small {
		white-space: normal;
	}
	.button {
		vertical-align: middle;
	}
	.replay-controls {
		padding-top: 10px;
	}
	.replay-controls h1 {
		font-size: 16pt;
		font-weight: normal;
		color: #CCC;
	}
	.pagelink {
		text-align: center;
	}
	.pagelink a {
		width: 150px;
	}
	.textbox, .button {
		font-size: 11pt;
		vertical-align: middle;
	}
	@media (max-width: 450px) {
		.button {
			font-size: 9pt;
		}
	}
</style>

<div>

	<header>
		<div class="nav-wrapper"><ul class="nav">
			<li><a class="button nav-first" href="//pokemonshowdown.com/"><img src="//pokemonshowdown.com/images/pokemonshowdownbeta.png" srcset="//pokemonshowdown.com/images/pokemonshowdownbeta.png 1x, //pokemonshowdown.com/images/pokemonshowdownbeta@2x.png 2x" alt="Pok&eacute;mon Showdown" width="146" height="44" /> Home</a></li>
			<li><a class="button" href="//pokemonshowdown.com/dex/">Pok&eacute;dex</a></li>
			<li><a class="button cur" href="/">Replays</a></li>
			<li><a class="button" href="//pokemonshowdown.com/ladder/">Ladder</a></li>
			<li><a class="button nav-last" href="//pokemonshowdown.com/forums/">Forum</a></li>
			<li><a class="button greenbutton nav-first nav-last" href="//play.pokemonshowdown.com/">Play</a></li>
		</ul></div>
	</header>

	<div class="main" id="main">

		<noscript><section class="section">You need to enable JavaScript to use this page; sorry!</section></noscript>

	</div>

</div>

<script defer nomodule src="//play.pokemonshowdown.com/js/lib/ps-polyfill.js"></script>
<script defer src="//play.pokemonshowdown.com/js/lib/preact.min.js"></script>

<script defer src="//play.pokemonshowdown.com/config/config.js?2bddbc15"></script>
<script defer src="//play.pokemonshowdown.com/js/lib/jquery-1.11.0.min.js"></script>
<script defer src="//play.pokemonshowdown.com/js/lib/html-sanitizer-minified.js"></script>
<script defer src="//play.pokemonshowdown.com/js/battle-sound.js"></script>
<script defer src="//play.pokemonshowdown.com/js/battledata.js?0.7209276989879541"></script>
<script defer src="//play.pokemonshowdown.com/data/pokedex-mini.js?0.6111056340867951"></script>
<script defer src="//play.pokemonshowdown.com/data/pokedex-mini-bw.js?0.3532142036491459"></script>
<script defer src="//play.pokemonshowdown.com/data/graphics.js?0.24223875632456182"></script>
<script defer src="//play.pokemonshowdown.com/data/pokedex.js?0.38839984266356864"></script>
<script defer src="//play.pokemonshowdown.com/data/moves.js?0.21866028504024015"></script>
<script defer src="//play.pokemonshowdown.com/data/abilities.js?0.2005157953846628"></script>
<script defer src="//play.pokemonshowdown.com/data/items.js?0.9894211263848525"></script>
<script defer src="//play.pokemonshowdown.com/data/teambuilder-tables.js?0.6008791140282215"></script>
<script defer src="//play.pokemonshowdown.com/js/battle-tooltips.js?0.7580118955022959"></script>
<script defer src="//play.pokemonshowdown.com/js/battle.js?0.6057722274234274"></script>

<script defer src="js/utils.js?e31f9a17"></script>
<script defer src="js/replays-battle.js?7008c182"></script>

<!-- don't scrape this data! just add .json or .log after the URL!
Full API docs: https://github.com/smogon/pokemon-showdown-client/blob/master/WEB-API.md -->
<script type="text/plain" class="log" id="replaylog-smogtours-gen3ou-803113">
|inactive|Battle timer is ON: inactive players will automatically lose when time's up.
|t:|1730142592
|gametype|singles
|player|p1|vbncvx|102|
|player|p2|Biffo Banana|wally|
|teamsize|p1|6
|teamsize|p2|6
|gen|3
|tier|[Gen 3] OU
|rule|Sleep Clause Mod: Limit one foe put to sleep
|rule|Switch Priority Clause Mod: Faster Pokémon switch first
|rule|Species Clause: Limit one of each Pokémon
|rule|OHKO Clause: OHKO moves are banned
|rule|Evasion Items Clause: Evasion items are banned
|rule|Evasion Moves Clause: Evasion moves are banned
|rule|Endless Battle Clause: Forcing endless battles is banned
|rule|HP Percentage Mod: HP is shown in percentages
|rule|One Boost Passer Clause: Limit one Baton Passer that has a way to boost its stats
|rule|Freeze Clause Mod: Limit one foe frozen
|
|t:|1730142592
|start
|switch|p1a: Metagross|Metagross|100/100
|switch|p2a: Vaporeon|Vaporeon, F|100/100
|turn|1
|inactive|Biffo Banana has 270 seconds left.
|
|t:|1730142642
|move|p2a: Vaporeon|Substitute|p2a: Vaporeon
|-start|p2a: Vaporeon|Substitute
|-damage|p2a: Vaporeon|76/100
|move|p1a: Metagross|Earthquake|p2a: Vaporeon
|-end|p2a: Vaporeon|Substitute
|
|upkeep
|turn|2
|
|t:|1730142649
|move|p2a: Vaporeon|Baton Pass|p2a: Vaporeon
|
|t:|1730142652
|switch|p2a: Salamence|Salamence, F|100/100|[from] Baton Pass
|-ability|p2a: Salamence|Intimidate|boost
|-fail|p1a: Metagross|unboost|[from] ability: Clear Body|[of] p1a: Metagross
|move|p1a: Metagross|Earthquake|p2a: Salamence
|-immune|p2a: Salamence
|
|upkeep
|turn|3
|inactive|vbncvx has 270 seconds left.
|inactive|Biffo Banana has 270 seconds left.
|
|t:|1730142709
|switch|p2a: Swampert|Swampert, M|100/100
|switch|p1a: Suicune|Suicune|100/100
|
|upkeep
|turn|4
|
|t:|1730142717
|move|p1a: Suicune|Calm Mind|p1a: Suicune
|-boost|p1a: Suicune|spa|1
|-boost|p1a: Suicune|spd|1
|move|p2a: Swampert|Substitute|p2a: Swampert
|-start|p2a: Swampert|Substitute
|-damage|p2a: Swampert|76/100
|
|upkeep
|turn|5
|
|t:|1730142722
|move|p2a: Swampert|Ice Beam|p1a: Suicune
|-resisted|p1a: Suicune
|-damage|p1a: Suicune|94/100
|move|p1a: Suicune|Roar|p2a: Swampert
|drag|p2a: Vaporeon|Vaporeon, F|76/100
|
|-heal|p1a: Suicune|100/100|[from] item: Leftovers
|upkeep
|turn|6
|
|t:|1730142731
|move|p1a: Suicune|Calm Mind|p1a: Suicune
|-boost|p1a: Suicune|spa|1
|-boost|p1a: Suicune|spd|1
|move|p2a: Vaporeon|Ice Beam|p1a: Suicune
|-resisted|p1a: Suicune
|-damage|p1a: Suicune|96/100
|
|-heal|p1a: Suicune|100/100|[from] item: Leftovers
|upkeep
|turn|7
|
|t:|1730142738
|switch|p1a: Snorlax|Snorlax, F|100/100
|move|p2a: Vaporeon|Substitute|p2a: Vaporeon
|-start|p2a: Vaporeon|Substitute
|-damage|p2a: Vaporeon|51/100
|
|upkeep
|turn|8
|inactive|vbncvx has 270 seconds left.
|
|t:|1730142752
|switch|p1a: Suicune|Suicune|100/100
|move|p2a: Vaporeon|Baton Pass|p2a: Vaporeon
|
|t:|1730142769
|switch|p2a: Heracross|Heracross, M|100/100|[from] Baton Pass
|
|upkeep
|turn|9
|
|t:|1730142775
|move|p2a: Heracross|Swords Dance|p2a: Heracross
|-boost|p2a: Heracross|atk|2
|move|p1a: Suicune|Roar|p2a: Heracross
|drag|p2a: Salamence|Salamence, F|100/100
|-ability|p2a: Salamence|Intimidate|boost
|-unboost|p1a: Suicune|atk|1
|
|upkeep
|turn|10
|
|t:|1730142782
|switch|p1a: Snorlax|Snorlax, F|100/100
|move|p2a: Salamence|Rock Slide|p1a: Snorlax
|-damage|p1a: Snorlax|75/100
|
|-heal|p1a: Snorlax|81/100|[from] item: Leftovers
|upkeep
|turn|11
|
|t:|1730142789
|move|p2a: Salamence|Dragon Dance|p2a: Salamence
|-boost|p2a: Salamence|atk|1
|-boost|p2a: Salamence|spe|1
|move|p1a: Snorlax|Body Slam|p2a: Salamence
|-crit|p2a: Salamence
|-damage|p2a: Salamence|1/100
|-status|p2a: Salamence|par
|
|-heal|p2a: Salamence|7/100 par|[from] item: Leftovers
|-heal|p1a: Snorlax|87/100|[from] item: Leftovers
|upkeep
|turn|12
|c|☆Biffo Banana|Crit and para lmaoooo
|c|☆Biffo Banana|Ah I do love pokemon XD
|inactive|Biffo Banana has 270 seconds left.
|
|t:|1730142820
|switch|p1a: Metagross|Metagross|100/100
|cant|p2a: Salamence|par
|
|-heal|p2a: Salamence|13/100 par|[from] item: Leftovers
|upkeep
|turn|13
|inactive|Biffo Banana has 270 seconds left.
|
|t:|1730142842
|move|p1a: Metagross|Rock Slide|p2a: Salamence|[miss]
|-miss|p1a: Metagross|p2a: Salamence
|move|p2a: Salamence|Earthquake|p1a: Metagross
|-supereffective|p1a: Metagross
|-damage|p1a: Metagross|16/100
|
|-heal|p2a: Salamence|19/100 par|[from] item: Leftovers
|upkeep
|turn|14
|
|t:|1730142857
|switch|p2a: Swampert|Swampert, M|76/100
|move|p1a: Metagross|Rock Slide|p2a: Swampert
|-resisted|p2a: Swampert
|-damage|p2a: Swampert|51/100
|
|upkeep
|turn|15
|
|t:|1730142865
|switch|p1a: Suicune|Suicune|100/100
|move|p2a: Swampert|Hydro Pump|p1a: Suicune
|-resisted|p1a: Suicune
|-damage|p1a: Suicune|83/100
|
|-heal|p1a: Suicune|90/100|[from] item: Leftovers
|upkeep
|turn|16
|inactive|Biffo Banana has 270 seconds left.
|
|t:|1730142886
|switch|p2a: Tyranitar|Tyranitar, F|100/100
|-weather|Sandstorm|[from] ability: Sand Stream|[of] p2a: Tyranitar
|move|p1a: Suicune|Calm Mind|p1a: Suicune
|-boost|p1a: Suicune|spa|1
|-boost|p1a: Suicune|spd|1
|
|-weather|Sandstorm|[upkeep]
|-damage|p1a: Suicune|83/100|[from] Sandstorm
|-heal|p1a: Suicune|90/100|[from] item: Leftovers
|upkeep
|turn|17
|
|t:|1730142893
|switch|p2a: Vaporeon|Vaporeon, F|51/100
|move|p1a: Suicune|Substitute|p1a: Suicune
|-start|p1a: Suicune|Substitute
|-damage|p1a: Suicune|65/100
|
|-weather|Sandstorm|[upkeep]
|-damage|p1a: Suicune|58/100|[from] Sandstorm
|-damage|p2a: Vaporeon|45/100|[from] Sandstorm
|-heal|p1a: Suicune|65/100|[from] item: Leftovers
|upkeep
|turn|18
|
|t:|1730142899
|move|p1a: Suicune|Calm Mind|p1a: Suicune
|-boost|p1a: Suicune|spa|1
|-boost|p1a: Suicune|spd|1
|move|p2a: Vaporeon|Substitute|p2a: Vaporeon
|-start|p2a: Vaporeon|Substitute
|-damage|p2a: Vaporeon|20/100
|
|-weather|Sandstorm|[upkeep]
|-damage|p1a: Suicune|58/100|[from] Sandstorm
|-damage|p2a: Vaporeon|13/100|[from] Sandstorm
|-heal|p1a: Suicune|65/100|[from] item: Leftovers
|-enditem|p2a: Vaporeon|Salac Berry|[eat]
|-boost|p2a: Vaporeon|spe|1|[from] item: Salac Berry
|upkeep
|turn|19
|
|t:|1730142905
|move|p2a: Vaporeon|Baton Pass|p2a: Vaporeon
|inactive|Biffo Banana has 270 seconds left.
|
|t:|1730142957
|switch|p2a: Metagross|Metagross|100/100|[from] Baton Pass
|move|p1a: Suicune|Roar|p2a: Metagross
|drag|p2a: Tyranitar|Tyranitar, F|100/100
|
|-weather|Sandstorm|[upkeep]
|-damage|p1a: Suicune|58/100|[from] Sandstorm
|-heal|p1a: Suicune|65/100|[from] item: Leftovers
|upkeep
|turn|20
|
|t:|1730142972
|move|p1a: Suicune|Calm Mind|p1a: Suicune
|-boost|p1a: Suicune|spa|1
|-boost|p1a: Suicune|spd|1
|move|p2a: Tyranitar|Rock Slide|p1a: Suicune
|-end|p1a: Suicune|Substitute
|
|-weather|Sandstorm|[upkeep]
|-damage|p1a: Suicune|58/100|[from] Sandstorm
|-heal|p1a: Suicune|65/100|[from] item: Leftovers
|upkeep
|turn|21
|inactive|Biffo Banana has 240 seconds left.
|
|t:|1730142989
|move|p1a: Suicune|Substitute|p1a: Suicune
|-start|p1a: Suicune|Substitute
|-damage|p1a: Suicune|40/100
|move|p2a: Tyranitar|Rock Slide|p1a: Suicune|[miss]
|-miss|p2a: Tyranitar|p1a: Suicune
|
|-weather|Sandstorm|[upkeep]
|-damage|p1a: Suicune|33/100|[from] Sandstorm
|-heal|p1a: Suicune|40/100|[from] item: Leftovers
|upkeep
|turn|22
|
|t:|1730142994
|move|p1a: Suicune|Surf|p2a: Tyranitar
|-supereffective|p2a: Tyranitar
|-damage|p2a: Tyranitar|0 fnt
|faint|p2a: Tyranitar
|inactive|Biffo Banana has 240 seconds left.
|
|t:|1730143034
|switch|p2a: Swampert|Swampert, M|51/100
|
|-weather|Sandstorm|[upkeep]
|-damage|p1a: Suicune|33/100|[from] Sandstorm
|-heal|p1a: Suicune|40/100|[from] item: Leftovers
|upkeep
|turn|23
|
|t:|1730143041
|move|p1a: Suicune|Surf|p2a: Swampert
|-damage|p2a: Swampert|0 fnt
|faint|p2a: Swampert
|
|t:|1730143046
|switch|p2a: Metagross|Metagross|100/100
|
|-weather|Sandstorm|[upkeep]
|-damage|p1a: Suicune|33/100|[from] Sandstorm
|-heal|p1a: Suicune|40/100|[from] item: Leftovers
|upkeep
|turn|24
|
|t:|1730143054
|move|p1a: Suicune|Surf|p2a: Metagross
|-damage|p2a: Metagross|0 fnt
|faint|p2a: Metagross
|
|t:|1730143059
|switch|p2a: Heracross|Heracross, M|100/100
|
|-weather|Sandstorm|[upkeep]
|-damage|p2a: Heracross|95/100|[from] Sandstorm
|-damage|p1a: Suicune|33/100|[from] Sandstorm
|-heal|p1a: Suicune|40/100|[from] item: Leftovers
|upkeep
|turn|25
|
|t:|1730143064
|switch|p2a: Vaporeon|Vaporeon, F|13/100
|move|p1a: Suicune|Surf|p2a: Vaporeon
|-heal|p2a: Vaporeon|38/100|[from] ability: Water Absorb|[of] p1a: Suicune
|
|-weather|Sandstorm|[upkeep]
|-damage|p1a: Suicune|33/100|[from] Sandstorm
|-damage|p2a: Vaporeon|32/100|[from] Sandstorm
|-heal|p1a: Suicune|40/100|[from] item: Leftovers
|upkeep
|turn|26
|inactive|Biffo Banana has 240 seconds left.
|
|t:|1730143075
|switch|p2a: Salamence|Salamence, F|19/100 par
|move|p1a: Suicune|Calm Mind|p1a: Suicune
|-boost|p1a: Suicune|spa|1
|-boost|p1a: Suicune|spd|1
|
|-weather|Sandstorm|[upkeep]
|-damage|p1a: Suicune|33/100|[from] Sandstorm
|-damage|p2a: Salamence|13/100 par|[from] Sandstorm
|-heal|p1a: Suicune|40/100|[from] item: Leftovers
|-heal|p2a: Salamence|19/100 par|[from] item: Leftovers
|upkeep
|turn|27
|
|t:|1730143085
|move|p1a: Suicune|Surf|p2a: Salamence
|-resisted|p2a: Salamence
|-damage|p2a: Salamence|0 fnt
|faint|p2a: Salamence
|
|t:|1730143087
|switch|p2a: Heracross|Heracross, M|95/100
|
|-weather|Sandstorm|[upkeep]
|-damage|p2a: Heracross|89/100|[from] Sandstorm
|-damage|p1a: Suicune|33/100|[from] Sandstorm
|-heal|p1a: Suicune|40/100|[from] item: Leftovers
|upkeep
|turn|28
|
|t:|1730143091
|switch|p2a: Vaporeon|Vaporeon, F|32/100
|move|p1a: Suicune|Surf|p2a: Vaporeon
|-heal|p2a: Vaporeon|57/100|[from] ability: Water Absorb|[of] p1a: Suicune
|
|-weather|Sandstorm|[upkeep]
|-damage|p1a: Suicune|33/100|[from] Sandstorm
|-damage|p2a: Vaporeon|51/100|[from] Sandstorm
|-heal|p1a: Suicune|40/100|[from] item: Leftovers
|upkeep
|turn|29
|
|t:|1730143099
|switch|p2a: Heracross|Heracross, M|89/100
|move|p1a: Suicune|Calm Mind|p1a: Suicune
|-boost|p1a: Suicune|spa|1
|-boost|p1a: Suicune|spd|1
|
|-weather|Sandstorm|[upkeep]
|-damage|p2a: Heracross|83/100|[from] Sandstorm
|-damage|p1a: Suicune|33/100|[from] Sandstorm
|-heal|p1a: Suicune|40/100|[from] item: Leftovers
|upkeep
|turn|30
|inactive|Biffo Banana has 270 seconds left.
|
|t:|1730143108
|move|p2a: Heracross|Megahorn|p1a: Suicune
|-end|p1a: Suicune|Substitute
|move|p1a: Suicune|Surf|p2a: Heracross
|-damage|p2a: Heracross|0 fnt
|faint|p2a: Heracross
|
|t:|1730143113
|switch|p2a: Vaporeon|Vaporeon, F|51/100
|
|-weather|Sandstorm|[upkeep]
|-damage|p1a: Suicune|33/100|[from] Sandstorm
|-damage|p2a: Vaporeon|45/100|[from] Sandstorm
|-heal|p1a: Suicune|40/100|[from] item: Leftovers
|upkeep
|turn|31
|
|t:|1730143120
|move|p1a: Suicune|Substitute|p1a: Suicune
|-start|p1a: Suicune|Substitute
|-damage|p1a: Suicune|15/100
|move|p2a: Vaporeon|Substitute|p2a: Vaporeon
|-start|p2a: Vaporeon|Substitute
|-damage|p2a: Vaporeon|20/100
|
|-weather|Sandstorm|[upkeep]
|-damage|p1a: Suicune|8/100|[from] Sandstorm
|-damage|p2a: Vaporeon|14/100|[from] Sandstorm
|-heal|p1a: Suicune|15/100|[from] item: Leftovers
|upkeep
|turn|32
|
|t:|1730143124
|move|p1a: Suicune|Calm Mind|p1a: Suicune
|-boost|p1a: Suicune|spa|1
|-boost|p1a: Suicune|spd|1
|move|p2a: Vaporeon|Hydro Pump|p1a: Suicune
|-resisted|p1a: Suicune
|-crit|p1a: Suicune
|-end|p1a: Suicune|Substitute
|
|-weather|Sandstorm|[upkeep]
|-damage|p1a: Suicune|8/100|[from] Sandstorm
|-damage|p2a: Vaporeon|8/100|[from] Sandstorm
|-heal|p1a: Suicune|15/100|[from] item: Leftovers
|upkeep
|turn|33
|
|t:|1730143141
|switch|p1a: Snorlax|Snorlax, F|87/100
|move|p2a: Vaporeon|Hydro Pump|p1a: Snorlax
|-damage|p1a: Snorlax|56/100
|
|-weather|Sandstorm|[upkeep]
|-damage|p2a: Vaporeon|2/100|[from] Sandstorm
|-damage|p1a: Snorlax|49/100|[from] Sandstorm
|-heal|p1a: Snorlax|56/100|[from] item: Leftovers
|upkeep
|turn|34
|
|t:|1730143148
|-singleturn|p1a: Snorlax|move: Focus Punch
|move|p2a: Vaporeon|Hydro Pump|p1a: Snorlax|[miss]
|-miss|p2a: Vaporeon|p1a: Snorlax
|move|p1a: Snorlax|Focus Punch|p2a: Vaporeon
|-end|p2a: Vaporeon|Substitute
|
|-weather|Sandstorm|[upkeep]
|-damage|p2a: Vaporeon|0 fnt|[from] Sandstorm
|-damage|p1a: Snorlax|49/100|[from] Sandstorm
|faint|p2a: Vaporeon
|
|win|vbncvx
|upkeep
|c|☆Biffo Banana|gg

</script>
<script type="application/json" class="data" id="replaydata-smogtours-gen3ou-803113">
{"id":"smogtours-gen3ou-803113","format":"[Gen 3] OU","players":["vbncvx","Biffo Banana"],"uploadtime":1730143148,"views":52,"formatid":"gen3ou","rating":null,"private":0,"password":null}
</script>

<script defer src="js/replays.js?9d40a366"></script>
