<!DOCTYPE html>
<meta charset="utf-8" />
<meta name="viewport" content="width=device-width" />

<title>[Gen 3] OU: advwtrainingwheels vs. jeem16 - Replays - Pok&eacute;mon Showdown!</title>

<meta name="description" content="Watch a replay of a Pok&eacute;mon battle between advwtrainingwheels and jeem16! Format: [Gen 3] OU; Date: Oct 9, 2024" />
<!--

Hey, you! Looking in the source for the replay log?

You can find them in JSON format, just add `.json` at the end of a replay URL.

https://replay.pokemonshowdown.com/gen7randomdoublesbattle-865046831.json

Or, if you only need the log itself, add `.log` instead:

https://replay.pokemonshowdown.com/gen7randomdoublesbattle-865046831.log

-->

<link rel="stylesheet" href="//pokemonshowdown.com/style/global.css?0.023195364461161105" />
<link rel="stylesheet" href="//play.pokemonshowdown.com/style/font-awesome.css?0.13261647063804238" />
<link rel="stylesheet" href="//play.pokemonshowdown.com/style/battle.css?0.8753245789963631" />
<link rel="stylesheet" href="//play.pokemonshowdown.com/style/utilichart.css?0.8627959624976733" />

<!-- Global site tag (gtag.js) - Google Analytics -->
<script async src="https://www.googletagmanager.com/gtag/js?id=UA-26211653-1"></script>
<script>
  window.dataLayer = window.dataLayer || [];
  function gtag(){dataLayer.push(arguments);}
  gtag('js', new Date());

  gtag('config', 'UA-26211653-1');
</script>
<!-- End Google Analytics -->
<!-- Venatus Ad Manager - Install in <HEAD> of page -->
	<script src="https://hb.vntsm.com/v3/live/ad-manager.min.js" type="text/javascript" data-site-id="642aba63ec9a7b11c3c9c1be" data-mode="scan" async></script>
<!-- / Venatus Ad Manager -->

<style>
	@media (max-width:820px) {
		.battle {
			margin: 0 auto;
		}
		.battle-log {
			margin: 7px auto 0;
			max-width: 640px;
			height: 300px;
			position: static;
		}
	}
	.optgroup {
		display: inline-block;
		line-height: 22px;
		font-size: 10pt;
	}
	.optgroup .button {
		height: 25px;
		padding-top: 0;
		padding-bottom: 0;
	}
	.optgroup button.button {
		padding-left: 12px;
		padding-right: 12px;
	}
	.linklist {
		list-style: none;
		margin: 0.5em 0;
		padding: 0;
	}
	.linklist li {
		padding: 2px 0;
	}
	.sidebar {
		float: left;
		width: 320px;
	}
	.bar-wrapper {
		max-width: 1100px;
		margin: 0 auto;
	}
	.bar-wrapper.has-sidebar {
		max-width: 1430px;
	}
	.mainbar {
		margin: 0;
		padding-right: 1px;
	}
	.mainbar.has-sidebar {
		margin-left: 330px;
	}
	@media (min-width: 1511px) {
		.sidebar {
			width: 400px;
		}
		.bar-wrapper.has-sidebar {
			max-width: 1510px;
		}
		.mainbar.has-sidebar {
			margin-left: 410px;
		}
	}
	.section.first-section {
		margin-top: 9px;
	}
	.blocklink small {
		white-space: normal;
	}
	.button {
		vertical-align: middle;
	}
	.replay-controls {
		padding-top: 10px;
	}
	.replay-controls h1 {
		font-size: 16pt;
		font-weight: normal;
		color: #CCC;
	}
	.pagelink {
		text-align: center;
	}
	.pagelink a {
		width: 150px;
	}
	.textbox, .button {
		font-size: 11pt;
		vertical-align: middle;
	}
	@media (max-width: 450px) {
		.button {
			font-size: 9pt;
		}
	}
</style>

<div>

	<header>
		<div class="nav-wrapper"><ul class="nav">
			<li><a class="button nav-first" href="//pokemonshowdown.com/"><img src="//pokemonshowdown.com/images/pokemonshowdownbeta.png" srcset="//pokemonshowdown.com/images/pokemonshowdownbeta.png 1x, //pokemonshowdown.com/images/pokemonshowdownbeta@2x.png 2x" alt="Pok&eacute;mon Showdown" width="146" height="44" /> Home</a></li>
			<li><a class="button" href="//pokemonshowdown.com/dex/">Pok&eacute;dex</a></li>
			<li><a class="button cur" href="/">Replays</a></li>
			<li><a class="button" href="//pokemonshowdown.com/ladder/">Ladder</a></li>
			<li><a class="button nav-last" href="//pokemonshowdown.com/forums/">Forum</a></li>
			<li><a class="button greenbutton nav-first nav-last" href="//play.pokemonshowdown.com/">Play</a></li>
		</ul></div>
	</header>

	<div class="main" id="main">

		<noscript><section class="section">You need to enable JavaScript to use this page; sorry!</section></noscript>

	</div>

</div>

<script defer nomodule src="//play.pokemonshowdown.com/js/lib/ps-polyfill.js"></script>
<script defer src="//play.pokemonshowdown.com/js/lib/preact.min.js"></script>

<script defer src="//play.pokemonshowdown.com/config/config.js?2bddbc15"></script>
<script defer src="//play.pokemonshowdown.com/js/lib/jquery-1.11.0.min.js"></script>
<script defer src="//play.pokemonshowdown.com/js/lib/html-sanitizer-minified.js"></script>
<script defer src="//play.pokemonshowdown.com/js/battle-sound.js"></script>
<script defer src="//play.pokemonshowdown.com/js/battledata.js?0.7209276989879541"></script>
<script defer src="//play.pokemonshowdown.com/data/pokedex-mini.js?0.6111056340867951"></script>
<script defer src="//play.pokemonshowdown.com/data/pokedex-mini-bw.js?0.3532142036491459"></script>
<script defer src="//play.pokemonshowdown.com/data/graphics.js?0.24223875632456182"></script>
<script defer src="//play.pokemonshowdown.com/data/pokedex.js?0.38839984266356864"></script>
<script defer src="//play.pokemonshowdown.com/data/moves.js?0.21866028504024015"></script>
<script defer src="//play.pokemonshowdown.com/data/abilities.js?0.2005157953846628"></script>
<script defer src="//play.pokemonshowdown.com/data/items.js?0.9894211263848525"></script>
<script defer src="//play.pokemonshowdown.com/data/teambuilder-tables.js?0.6008791140282215"></script>
<script defer src="//play.pokemonshowdown.com/js/battle-tooltips.js?0.7580118955022959"></script>
<script defer src="//play.pokemonshowdown.com/js/battle.js?0.6057722274234274"></script>

<script defer src="js/utils.js?e31f9a17"></script>
<script defer src="js/replays-battle.js?7008c182"></script>

<!-- don't scrape this data! just add .json or .log after the URL!
Full API docs: https://github.com/smogon/pokemon-showdown-client/blob/master/WEB-API.md -->
<script type="text/plain" class="log" id="replaylog-smogtours-gen3ou-796677">
|inactive|Battle timer is ON: inactive players will automatically lose when time's up.
|t:|1728494915
|gametype|singles
|player|p1|advwtrainingwheels|cyclistf-gen4|
|player|p2|jeem16|alder|
|teamsize|p1|6
|teamsize|p2|6
|gen|3
|tier|[Gen 3] OU
|rule|Sleep Clause Mod: Limit one foe put to sleep
|rule|Switch Priority Clause Mod: Faster Pokémon switch first
|rule|Species Clause: Limit one of each Pokémon
|rule|OHKO Clause: OHKO moves are banned
|rule|Evasion Items Clause: Evasion items are banned
|rule|Evasion Moves Clause: Evasion moves are banned
|rule|Endless Battle Clause: Forcing endless battles is banned
|rule|HP Percentage Mod: HP is shown in percentages
|rule|One Boost Passer Clause: Limit one Baton Passer that has a way to boost its stats
|rule|Freeze Clause Mod: Limit one foe frozen
|
|t:|1728494915
|start
|switch|p1a: bukowski|Smeargle, M, shiny|100/100
|switch|p2a: Future Croissant|Salamence, M|100/100
|-ability|p2a: Future Croissant|Intimidate|boost
|-unboost|p1a: bukowski|atk|1
|turn|1
|
|t:|1728494933
|switch|p2a: Magnet on Magneton|Magneton|100/100
|move|p1a: bukowski|Spikes|p2a: Magnet on Magneton
|-sidestart|p2: jeem16|Spikes
|
|upkeep
|turn|2
|
|t:|1728494938
|move|p1a: bukowski|Spore|p2a: Magnet on Magneton
|-status|p2a: Magnet on Magneton|slp|[from] move: Spore
|cant|p2a: Magnet on Magneton|slp
|
|upkeep
|turn|3
|
|t:|1728494950
|switch|p1a: dickens|Snorlax, M, shiny|100/100
|switch|p2a: Skarmory|Skarmory, F|100/100
|
|upkeep
|turn|4
|
|t:|1728494955
|move|p2a: Skarmory|Spikes|p1a: dickens
|-sidestart|p1: advwtrainingwheels|Spikes
|move|p1a: dickens|Body Slam|p2a: Skarmory
|-resisted|p2a: Skarmory
|-damage|p2a: Skarmory|86/100
|
|-heal|p2a: Skarmory|92/100|[from] item: Leftovers
|upkeep
|turn|5
|
|t:|1728494966
|move|p2a: Skarmory|Toxic|p1a: dickens
|-immune|p1a: dickens|[from] ability: Immunity
|move|p1a: dickens|Body Slam|p2a: Skarmory
|-resisted|p2a: Skarmory
|-damage|p2a: Skarmory|79/100
|-status|p2a: Skarmory|par
|
|-heal|p2a: Skarmory|85/100 par|[from] item: Leftovers
|upkeep
|turn|6
|
|t:|1728494977
|switch|p1a: bradbury|Metagross, shiny|100/100
|-damage|p1a: bradbury|88/100|[from] Spikes
|move|p2a: Skarmory|Spikes|p1a: bradbury
|-sidestart|p1: advwtrainingwheels|Spikes
|
|-heal|p2a: Skarmory|91/100 par|[from] item: Leftovers
|upkeep
|turn|7
|
|t:|1728494987
|cant|p2a: Skarmory|par
|move|p1a: bradbury|Meteor Mash|p2a: Skarmory
|-resisted|p2a: Skarmory
|-damage|p2a: Skarmory|71/100 par
|-boost|p1a: bradbury|atk|1
|
|-heal|p2a: Skarmory|77/100 par|[from] item: Leftovers
|upkeep
|turn|8
|
|t:|1728494995
|move|p1a: bradbury|Meteor Mash|p2a: Skarmory
|-resisted|p2a: Skarmory
|-damage|p2a: Skarmory|49/100 par
|cant|p2a: Skarmory|par
|
|-heal|p2a: Skarmory|55/100 par|[from] item: Leftovers
|upkeep
|turn|9
|
|t:|1728495002
|move|p1a: bradbury|Meteor Mash|p2a: Skarmory
|-resisted|p2a: Skarmory
|-damage|p2a: Skarmory|28/100 par
|move|p2a: Skarmory|Roar|p1a: bradbury
|drag|p1a: hemingway|Suicune, shiny|100/100
|-damage|p1a: hemingway|84/100|[from] Spikes
|
|-heal|p1a: hemingway|90/100|[from] item: Leftovers
|-heal|p2a: Skarmory|34/100 par|[from] item: Leftovers
|upkeep
|turn|10
|
|t:|1728495013
|switch|p1a: bradbury|Metagross, shiny|88/100
|-damage|p1a: bradbury|71/100|[from] Spikes
|switch|p2a: Blissey|Blissey, F|100/100
|-damage|p2a: Blissey|88/100|[from] Spikes
|
|-heal|p2a: Blissey|94/100|[from] item: Leftovers
|upkeep
|turn|11
|inactive|jeem16 has 270 seconds left.
|
|t:|1728495048
|switch|p2a: Gengar|Gengar, F|100/100
|move|p1a: bradbury|Agility|p1a: bradbury
|-boost|p1a: bradbury|spe|2
|
|upkeep
|turn|12
|
|t:|1728495054
|move|p1a: bradbury|Meteor Mash|p2a: Gengar
|-damage|p2a: Gengar|20/100
|move|p2a: Gengar|Will-O-Wisp|p1a: bradbury
|-status|p1a: bradbury|brn
|-enditem|p1a: bradbury|Lum Berry|[eat]
|-curestatus|p1a: bradbury|brn|[msg]
|
|-heal|p2a: Gengar|26/100|[from] item: Leftovers
|upkeep
|turn|13
|inactive|jeem16 has 270 seconds left.
|
|t:|1728495078
|switch|p2a: Magnet on Magneton|Magneton|100/100 slp
|-damage|p2a: Magnet on Magneton|88/100 slp|[from] Spikes
|move|p1a: bradbury|Meteor Mash|p2a: Magnet on Magneton
|-resisted|p2a: Magnet on Magneton
|-damage|p2a: Magnet on Magneton|68/100 slp
|
|upkeep
|turn|14
|
|t:|1728495086
|move|p1a: bradbury|Earthquake|p2a: Magnet on Magneton
|-supereffective|p2a: Magnet on Magneton
|-damage|p2a: Magnet on Magneton|0 fnt
|faint|p2a: Magnet on Magneton
|
|t:|1728495089
|switch|p2a: Skarmory|Skarmory, F|34/100 par
|
|-heal|p2a: Skarmory|40/100 par|[from] item: Leftovers
|upkeep
|turn|15
|
|t:|1728495095
|move|p1a: bradbury|Meteor Mash|p2a: Skarmory|[miss]
|-miss|p1a: bradbury|p2a: Skarmory
|move|p2a: Skarmory|Roar|p1a: bradbury
|drag|p1a: vonnegut|Salamence, M, shiny|100/100
|-ability|p1a: vonnegut|Intimidate|boost
|-unboost|p2a: Skarmory|atk|1
|
|-heal|p2a: Skarmory|46/100 par|[from] item: Leftovers
|upkeep
|turn|16
|
|t:|1728495108
|move|p2a: Skarmory|Protect|p2a: Skarmory
|-singleturn|p2a: Skarmory|Protect
|move|p1a: vonnegut|Flamethrower|p2a: Skarmory
|-activate|p2a: Skarmory|Protect
|
|-heal|p2a: Skarmory|52/100 par|[from] item: Leftovers
|upkeep
|turn|17
|
|t:|1728495119
|switch|p2a: Blissey|Blissey, F|94/100
|-damage|p2a: Blissey|82/100|[from] Spikes
|move|p1a: vonnegut|Dragon Claw|p2a: Blissey
|-damage|p2a: Blissey|65/100
|
|-heal|p2a: Blissey|72/100|[from] item: Leftovers
|upkeep
|turn|18
|
|t:|1728495133
|switch|p1a: bradbury|Metagross, shiny|71/100
|-damage|p1a: bradbury|55/100|[from] Spikes
|move|p2a: Blissey|Ice Beam|p1a: bradbury
|-resisted|p1a: bradbury
|-damage|p1a: bradbury|45/100
|
|-heal|p2a: Blissey|78/100|[from] item: Leftovers
|upkeep
|turn|19
|
|t:|1728495143
|switch|p2a: Skarmory|Skarmory, F|52/100 par
|move|p1a: bradbury|Meteor Mash|p2a: Skarmory
|-resisted|p2a: Skarmory
|-damage|p2a: Skarmory|33/100 par
|
|-heal|p2a: Skarmory|39/100 par|[from] item: Leftovers
|upkeep
|turn|20
|
|t:|1728495149
|move|p1a: bradbury|Meteor Mash|p2a: Skarmory|[miss]
|-miss|p1a: bradbury|p2a: Skarmory
|move|p2a: Skarmory|Roar|p1a: bradbury
|drag|p1a: bukowski|Smeargle, M, shiny|100/100
|-damage|p1a: bukowski|84/100|[from] Spikes
|
|-heal|p2a: Skarmory|45/100 par|[from] item: Leftovers
|upkeep
|turn|21
|
|t:|1728495167
|move|p1a: bukowski|Spikes|p2a: Skarmory
|-sidestart|p2: jeem16|Spikes
|move|p2a: Skarmory|Spikes|p1a: bukowski
|-sidestart|p1: advwtrainingwheels|Spikes
|
|-heal|p2a: Skarmory|51/100 par|[from] item: Leftovers
|upkeep
|turn|22
|
|t:|1728495173
|move|p1a: bukowski|Spikes|p2a: Skarmory
|-sidestart|p2: jeem16|Spikes
|move|p2a: Skarmory|Toxic|p1a: bukowski
|-status|p1a: bukowski|tox
|
|-damage|p1a: bukowski|78/100 tox|[from] psn
|-heal|p2a: Skarmory|57/100 par|[from] item: Leftovers
|upkeep
|turn|23
|
|t:|1728495200
|switch|p1a: dickens|Snorlax, M, shiny|100/100
|-damage|p1a: dickens|76/100|[from] Spikes
|move|p2a: Skarmory|Roar|p1a: dickens
|drag|p1a: bukowski|Smeargle, M, shiny|78/100 tox
|-damage|p1a: bukowski|53/100 tox|[from] Spikes
|
|-damage|p1a: bukowski|47/100 tox|[from] psn
|-heal|p2a: Skarmory|63/100 par|[from] item: Leftovers
|upkeep
|turn|24
|
|t:|1728495208
|cant|p2a: Skarmory|par
|move|p1a: bukowski|Spore||[still]
|-fail|p1a: bukowski
|
|-damage|p1a: bukowski|35/100 tox|[from] psn
|-heal|p2a: Skarmory|69/100 par|[from] item: Leftovers
|upkeep
|turn|25
|
|t:|1728495213
|switch|p1a: dickens|Snorlax, M, shiny|76/100
|-damage|p1a: dickens|51/100|[from] Spikes
|move|p2a: Skarmory|Roar|p1a: dickens
|drag|p1a: thoreau|Heracross, M, shiny|100/100
|-damage|p1a: thoreau|76/100|[from] Spikes
|
|-heal|p2a: Skarmory|75/100 par|[from] item: Leftovers
|upkeep
|turn|26
|
|t:|1728495224
|move|p1a: thoreau|Rock Slide|p2a: Skarmory
|-damage|p2a: Skarmory|50/100 par
|move|p2a: Skarmory|Toxic|p1a: thoreau|[miss]
|-miss|p2a: Skarmory|p1a: thoreau
|
|-heal|p2a: Skarmory|56/100 par|[from] item: Leftovers
|upkeep
|turn|27
|
|t:|1728495228
|move|p2a: Skarmory|Protect|p2a: Skarmory
|-singleturn|p2a: Skarmory|Protect
|move|p1a: thoreau|Rock Slide|p2a: Skarmory
|-activate|p2a: Skarmory|Protect
|
|-heal|p2a: Skarmory|62/100 par|[from] item: Leftovers
|upkeep
|turn|28
|
|t:|1728495231
|move|p1a: thoreau|Rock Slide|p2a: Skarmory
|-damage|p2a: Skarmory|39/100 par
|move|p2a: Skarmory|Toxic|p1a: thoreau
|-status|p1a: thoreau|tox
|
|-damage|p1a: thoreau|70/100 tox|[from] psn
|-heal|p2a: Skarmory|45/100 par|[from] item: Leftovers
|upkeep
|turn|29
|
|t:|1728495240
|switch|p1a: bukowski|Smeargle, M, shiny|35/100 tox
|-damage|p1a: bukowski|10/100 tox|[from] Spikes
|move|p2a: Skarmory|Protect||[still]
|-fail|p2a: Skarmory
|
|-enditem|p1a: bukowski|Salac Berry|[eat]
|-boost|p1a: bukowski|spe|1|[from] item: Salac Berry
|-damage|p1a: bukowski|4/100 tox|[from] psn
|-heal|p2a: Skarmory|50/100 par|[from] item: Leftovers
|upkeep
|turn|30
|
|t:|1728495247
|move|p2a: Skarmory|Protect|p2a: Skarmory
|-singleturn|p2a: Skarmory|Protect
|move|p1a: bukowski|Spore|p2a: Skarmory
|-activate|p2a: Skarmory|Protect
|
|-damage|p1a: bukowski|0 fnt|[from] psn
|faint|p1a: bukowski
|-heal|p2a: Skarmory|56/100 par|[from] item: Leftovers
|upkeep
|
|t:|1728495254
|switch|p1a: bradbury|Metagross, shiny|45/100
|-damage|p1a: bradbury|20/100|[from] Spikes
|turn|31
|
|t:|1728495263
|move|p1a: bradbury|Agility|p1a: bradbury
|-boost|p1a: bradbury|spe|2
|cant|p2a: Skarmory|par
|
|-heal|p2a: Skarmory|62/100 par|[from] item: Leftovers
|upkeep
|turn|32
|
|t:|1728495268
|move|p1a: bradbury|Meteor Mash|p2a: Skarmory
|-resisted|p2a: Skarmory
|-damage|p2a: Skarmory|45/100 par
|move|p2a: Skarmory|Roar|p1a: bradbury
|drag|p1a: vonnegut|Salamence, M, shiny|100/100
|-ability|p1a: vonnegut|Intimidate|boost
|-unboost|p2a: Skarmory|atk|1
|
|-heal|p2a: Skarmory|51/100 par|[from] item: Leftovers
|upkeep
|turn|33
|
|t:|1728495280
|switch|p2a: Blissey|Blissey, F|78/100
|-damage|p2a: Blissey|53/100|[from] Spikes
|move|p1a: vonnegut|Flamethrower|p2a: Blissey
|-damage|p2a: Blissey|41/100
|
|-heal|p2a: Blissey|47/100|[from] item: Leftovers
|upkeep
|turn|34
|
|t:|1728495289
|switch|p1a: bradbury|Metagross, shiny|20/100
|-damage|p1a: bradbury|0 fnt|[from] Spikes
|faint|p1a: bradbury
|
|t:|1728495292
|switch|p1a: thoreau|Heracross, M, shiny|70/100 tox
|-damage|p1a: thoreau|45/100 tox|[from] Spikes
|
|-damage|p1a: thoreau|39/100 tox|[from] psn
|-heal|p2a: Blissey|53/100|[from] item: Leftovers
|upkeep
|turn|35
|
|t:|1728495306
|switch|p2a: Skarmory|Skarmory, F|51/100 par
|move|p1a: thoreau|Rock Slide|p2a: Skarmory
|-damage|p2a: Skarmory|17/100 par
|
|-damage|p1a: thoreau|27/100 tox|[from] psn
|-heal|p2a: Skarmory|23/100 par|[from] item: Leftovers
|upkeep
|turn|36
|
|t:|1728495311
|move|p2a: Skarmory|Protect|p2a: Skarmory
|-singleturn|p2a: Skarmory|Protect
|move|p1a: thoreau|Rock Slide|p2a: Skarmory
|-activate|p2a: Skarmory|Protect
|
|-damage|p1a: thoreau|9/100 tox|[from] psn
|-heal|p2a: Skarmory|29/100 par|[from] item: Leftovers
|upkeep
|turn|37
|
|t:|1728495318
|move|p1a: thoreau|Rock Slide|p2a: Skarmory|[miss]
|-miss|p1a: thoreau|p2a: Skarmory
|move|p2a: Skarmory|Roar|p1a: thoreau
|drag|p1a: hemingway|Suicune, shiny|90/100
|-damage|p1a: hemingway|65/100|[from] Spikes
|
|-heal|p1a: hemingway|71/100|[from] item: Leftovers
|-heal|p2a: Skarmory|35/100 par|[from] item: Leftovers
|upkeep
|turn|38
|
|t:|1728495330
|switch|p2a: Blissey|Blissey, F|53/100
|-damage|p2a: Blissey|28/100|[from] Spikes
|move|p1a: hemingway|Surf|p2a: Blissey
|-damage|p2a: Blissey|16/100
|
|-heal|p1a: hemingway|77/100|[from] item: Leftovers
|-heal|p2a: Blissey|23/100|[from] item: Leftovers
|upkeep
|turn|39
|inactive|jeem16 has 270 seconds left.
|
|t:|1728495385
|switch|p1a: thoreau|Heracross, M, shiny|9/100 tox
|-damage|p1a: thoreau|0 fnt|[from] Spikes
|faint|p1a: thoreau
|
|t:|1728495396
|switch|p1a: dickens|Snorlax, M, shiny|51/100
|-damage|p1a: dickens|26/100|[from] Spikes
|
|-heal|p2a: Blissey|29/100|[from] item: Leftovers
|-heal|p1a: dickens|32/100|[from] item: Leftovers
|upkeep
|turn|40
|inactive|jeem16 has 240 seconds left.
|
|t:|1728495422
|move|p2a: Blissey|Wish|p2a: Blissey
|move|p1a: dickens|Body Slam|p2a: Blissey
|-damage|p2a: Blissey|0 fnt
|faint|p2a: Blissey
|inactive|jeem16 has 240 seconds left.
|
|t:|1728495437
|switch|p2a: Tyranitar|Tyranitar, F|100/100
|-damage|p2a: Tyranitar|76/100|[from] Spikes
|-weather|Sandstorm|[from] ability: Sand Stream|[of] p2a: Tyranitar
|
|-weather|Sandstorm|[upkeep]
|-damage|p1a: dickens|26/100|[from] Sandstorm
|-heal|p1a: dickens|32/100|[from] item: Leftovers
|upkeep
|turn|41
|
|t:|1728495442
|move|p2a: Tyranitar|Dragon Dance|p2a: Tyranitar
|-boost|p2a: Tyranitar|atk|1
|-boost|p2a: Tyranitar|spe|1
|move|p1a: dickens|Earthquake|p2a: Tyranitar
|-supereffective|p2a: Tyranitar
|-damage|p2a: Tyranitar|8/100
|
|-heal|p2a: Tyranitar|58/100|[from] move: Wish|[wisher] Blissey
|-weather|Sandstorm|[upkeep]
|-damage|p1a: dickens|26/100|[from] Sandstorm
|-heal|p1a: dickens|32/100|[from] item: Leftovers
|upkeep
|turn|42
|inactive|jeem16 has 240 seconds left.
|
|t:|1728495475
|switch|p1a: vonnegut|Salamence, M, shiny|100/100
|-ability|p1a: vonnegut|Intimidate|boost
|-unboost|p2a: Tyranitar|atk|1
|move|p2a: Tyranitar|Rock Slide|p1a: vonnegut
|-supereffective|p1a: vonnegut
|-damage|p1a: vonnegut|1/100
|
|-weather|Sandstorm|[upkeep]
|-damage|p1a: vonnegut|0 fnt|[from] Sandstorm
|faint|p1a: vonnegut
|upkeep
|
|t:|1728495484
|switch|p1a: dickens|Snorlax, M, shiny|32/100
|-damage|p1a: dickens|7/100|[from] Spikes
|turn|43
|
|t:|1728495488
|move|p2a: Tyranitar|Earthquake|p1a: dickens
|-damage|p1a: dickens|0 fnt
|faint|p1a: dickens
|
|t:|1728495489
|switch|p1a: hemingway|Suicune, shiny|77/100
|-damage|p1a: hemingway|52/100|[from] Spikes
|
|-weather|Sandstorm|[upkeep]
|-damage|p1a: hemingway|46/100|[from] Sandstorm
|-heal|p1a: hemingway|52/100|[from] item: Leftovers
|upkeep
|turn|44
|inactive|jeem16 has 240 seconds left.
|
|t:|1728495509
|move|p2a: Tyranitar|Earthquake|p1a: hemingway
|-damage|p1a: hemingway|30/100
|move|p1a: hemingway|Rest|p1a: hemingway
|-status|p1a: hemingway|slp|[from] move: Rest
|-heal|p1a: hemingway|100/100 slp|[silent]
|
|-weather|Sandstorm|[upkeep]
|-damage|p1a: hemingway|94/100 slp|[from] Sandstorm
|-heal|p1a: hemingway|100/100 slp|[from] item: Leftovers
|upkeep
|turn|45
|inactive|jeem16 has 240 seconds left.
|
|t:|1728495524
|move|p2a: Tyranitar|Rock Slide|p1a: hemingway
|-crit|p1a: hemingway
|-damage|p1a: hemingway|48/100 slp
|cant|p1a: hemingway|slp
|move|p1a: hemingway|Sleep Talk|p1a: hemingway
|move|p1a: hemingway|Calm Mind|p1a: hemingway|[from]Sleep Talk
|-boost|p1a: hemingway|spa|1
|-boost|p1a: hemingway|spd|1
|
|-weather|Sandstorm|[upkeep]
|-damage|p1a: hemingway|42/100 slp|[from] Sandstorm
|-heal|p1a: hemingway|48/100 slp|[from] item: Leftovers
|upkeep
|turn|46
|
|t:|1728495540
|move|p2a: Tyranitar|Rock Slide|p1a: hemingway
|-damage|p1a: hemingway|22/100 slp
|cant|p1a: hemingway|slp
|move|p1a: hemingway|Sleep Talk|p1a: hemingway
|move|p1a: hemingway|Surf|p2a: Tyranitar|[from]Sleep Talk
|-supereffective|p2a: Tyranitar
|-damage|p2a: Tyranitar|0 fnt
|faint|p2a: Tyranitar
|c|☆jeem16|sorry crit
|inactive|jeem16 has 240 seconds left.
|
|t:|1728495561
|switch|p2a: Future Croissant|Salamence, M|100/100
|-ability|p2a: Future Croissant|Intimidate|boost
|-unboost|p1a: hemingway|atk|1
|
|-weather|Sandstorm|[upkeep]
|-damage|p2a: Future Croissant|94/100|[from] Sandstorm
|-damage|p1a: hemingway|15/100 slp|[from] Sandstorm
|-heal|p2a: Future Croissant|100/100|[from] item: Leftovers
|-heal|p1a: hemingway|22/100 slp|[from] item: Leftovers
|upkeep
|turn|47
|inactive|jeem16 has 240 seconds left.
|
|t:|1728495571
|move|p2a: Future Croissant|Hidden Power|p1a: hemingway
|-supereffective|p1a: hemingway
|-damage|p1a: hemingway|0 fnt
|faint|p1a: hemingway
|
|win|jeem16
|c|☆advwtrainingwheels|ggwp
|c|☆jeem16|ggwp!
|c|☆jeem16|nice team
|player|p1|

</script>
<script type="application/json" class="data" id="replaydata-smogtours-gen3ou-796677">
{"id":"smogtours-gen3ou-796677","format":"[Gen 3] OU","players":["advwtrainingwheels","jeem16"],"uploadtime":1728495571,"views":107,"formatid":"gen3ou","rating":null,"private":0,"password":null}
</script>

<script defer src="js/replays.js?9d40a366"></script>
