<!DOCTYPE html>
<meta charset="utf-8" />
<meta name="viewport" content="width=device-width" />

<title>[Gen 3] OU: LE DZ ORIGINEL vs. UponLink - Replays - Pok&eacute;mon Showdown!</title>

<meta name="description" content="Watch a replay of a Pok&eacute;mon battle between LE DZ ORIGINEL and UponLink! Format: [Gen 3] OU; Date: Oct 17, 2024" />
<!--

Hey, you! Looking in the source for the replay log?

You can find them in JSON format, just add `.json` at the end of a replay URL.

https://replay.pokemonshowdown.com/gen7randomdoublesbattle-865046831.json

Or, if you only need the log itself, add `.log` instead:

https://replay.pokemonshowdown.com/gen7randomdoublesbattle-865046831.log

-->

<link rel="stylesheet" href="//pokemonshowdown.com/style/global.css?0.767286132409787" />
<link rel="stylesheet" href="//play.pokemonshowdown.com/style/font-awesome.css?0.9266228007934947" />
<link rel="stylesheet" href="//play.pokemonshowdown.com/style/battle.css?0.7924700842790926" />
<link rel="stylesheet" href="//play.pokemonshowdown.com/style/utilichart.css?0.8777417872839479" />

<!-- Global site tag (gtag.js) - Google Analytics -->
<script async src="https://www.googletagmanager.com/gtag/js?id=UA-26211653-1"></script>
<script>
  window.dataLayer = window.dataLayer || [];
  function gtag(){dataLayer.push(arguments);}
  gtag('js', new Date());

  gtag('config', 'UA-26211653-1');
</script>
<!-- End Google Analytics -->
<!-- Venatus Ad Manager - Install in <HEAD> of page -->
	<script src="https://hb.vntsm.com/v3/live/ad-manager.min.js" type="text/javascript" data-site-id="642aba63ec9a7b11c3c9c1be" data-mode="scan" async></script>
<!-- / Venatus Ad Manager -->

<style>
	@media (max-width:820px) {
		.battle {
			margin: 0 auto;
		}
		.battle-log {
			margin: 7px auto 0;
			max-width: 640px;
			height: 300px;
			position: static;
		}
	}
	.optgroup {
		display: inline-block;
		line-height: 22px;
		font-size: 10pt;
	}
	.optgroup .button {
		height: 25px;
		padding-top: 0;
		padding-bottom: 0;
	}
	.optgroup button.button {
		padding-left: 12px;
		padding-right: 12px;
	}
	.linklist {
		list-style: none;
		margin: 0.5em 0;
		padding: 0;
	}
	.linklist li {
		padding: 2px 0;
	}
	.sidebar {
		float: left;
		width: 320px;
	}
	.bar-wrapper {
		max-width: 1100px;
		margin: 0 auto;
	}
	.bar-wrapper.has-sidebar {
		max-width: 1430px;
	}
	.mainbar {
		margin: 0;
		padding-right: 1px;
	}
	.mainbar.has-sidebar {
		margin-left: 330px;
	}
	@media (min-width: 1511px) {
		.sidebar {
			width: 400px;
		}
		.bar-wrapper.has-sidebar {
			max-width: 1510px;
		}
		.mainbar.has-sidebar {
			margin-left: 410px;
		}
	}
	.section.first-section {
		margin-top: 9px;
	}
	.blocklink small {
		white-space: normal;
	}
	.button {
		vertical-align: middle;
	}
	.replay-controls {
		padding-top: 10px;
	}
	.replay-controls h1 {
		font-size: 16pt;
		font-weight: normal;
		color: #CCC;
	}
	.pagelink {
		text-align: center;
	}
	.pagelink a {
		width: 150px;
	}
	.textbox, .button {
		font-size: 11pt;
		vertical-align: middle;
	}
	@media (max-width: 450px) {
		.button {
			font-size: 9pt;
		}
	}
</style>

<div>

	<header>
		<div class="nav-wrapper"><ul class="nav">
			<li><a class="button nav-first" href="//pokemonshowdown.com/"><img src="//pokemonshowdown.com/images/pokemonshowdownbeta.png" srcset="//pokemonshowdown.com/images/pokemonshowdownbeta.png 1x, //pokemonshowdown.com/images/pokemonshowdownbeta@2x.png 2x" alt="Pok&eacute;mon Showdown" width="146" height="44" /> Home</a></li>
			<li><a class="button" href="//pokemonshowdown.com/dex/">Pok&eacute;dex</a></li>
			<li><a class="button cur" href="/">Replays</a></li>
			<li><a class="button" href="//pokemonshowdown.com/ladder/">Ladder</a></li>
			<li><a class="button nav-last" href="//pokemonshowdown.com/forums/">Forum</a></li>
			<li><a class="button greenbutton nav-first nav-last" href="//play.pokemonshowdown.com/">Play</a></li>
		</ul></div>
	</header>

	<div class="main" id="main">

		<noscript><section class="section">You need to enable JavaScript to use this page; sorry!</section></noscript>

	</div>

</div>

<script defer nomodule src="//play.pokemonshowdown.com/js/lib/ps-polyfill.js"></script>
<script defer src="//play.pokemonshowdown.com/js/lib/preact.min.js"></script>

<script defer src="//play.pokemonshowdown.com/config/config.js?6dec07f6"></script>
<script defer src="//play.pokemonshowdown.com/js/lib/jquery-1.11.0.min.js"></script>
<script defer src="//play.pokemonshowdown.com/js/lib/html-sanitizer-minified.js"></script>
<script defer src="//play.pokemonshowdown.com/js/battle-sound.js"></script>
<script defer src="//play.pokemonshowdown.com/js/battledata.js?0.6315294753075389"></script>
<script defer src="//play.pokemonshowdown.com/data/pokedex-mini.js?0.7603743185311358"></script>
<script defer src="//play.pokemonshowdown.com/data/pokedex-mini-bw.js?0.030888842834281283"></script>
<script defer src="//play.pokemonshowdown.com/data/graphics.js?0.05593094747507488"></script>
<script defer src="//play.pokemonshowdown.com/data/pokedex.js?0.47064822249611904"></script>
<script defer src="//play.pokemonshowdown.com/data/moves.js?0.8583693120512459"></script>
<script defer src="//play.pokemonshowdown.com/data/abilities.js?0.16017181182386842"></script>
<script defer src="//play.pokemonshowdown.com/data/items.js?0.4163379185673943"></script>
<script defer src="//play.pokemonshowdown.com/data/teambuilder-tables.js?0.31075597372830477"></script>
<script defer src="//play.pokemonshowdown.com/js/battle-tooltips.js?0.6536193500708172"></script>
<script defer src="//play.pokemonshowdown.com/js/battle.js?0.1916591943277901"></script>

<script defer src="js/utils.js?e31f9a17"></script>
<script defer src="js/replays-battle.js?7008c182"></script>

<!-- don't scrape this data! just add .json or .log after the URL!
Full API docs: https://github.com/smogon/pokemon-showdown-client/blob/master/WEB-API.md -->
<script type="text/plain" class="log" id="replaylog-smogtours-gen3ou-799365">
|inactive|Battle timer is ON: inactive players will automatically lose when time's up.
|t:|1729196280
|gametype|singles
|player|p1|LE DZ ORIGINEL|blue|
|player|p2|UponLink|169|
|teamsize|p1|6
|teamsize|p2|6
|gen|3
|tier|[Gen 3] OU
|rule|Sleep Clause Mod: Limit one foe put to sleep
|rule|Switch Priority Clause Mod: Faster Pokémon switch first
|rule|Species Clause: Limit one of each Pokémon
|rule|OHKO Clause: OHKO moves are banned
|rule|Evasion Items Clause: Evasion items are banned
|rule|Evasion Moves Clause: Evasion moves are banned
|rule|Endless Battle Clause: Forcing endless battles is banned
|rule|HP Percentage Mod: HP is shown in percentages
|rule|One Boost Passer Clause: Limit one Baton Passer that has a way to boost its stats
|rule|Freeze Clause Mod: Limit one foe frozen
|
|t:|1729196280
|start
|switch|p1a: Forretress|Forretress, M|100/100
|switch|p2a: Zapdos|Zapdos|100/100
|turn|1
|inactive|LE DZ ORIGINEL also wants the timer to be on.
|c|☆LE DZ ORIGINEL|hf
|
|t:|1729196308
|move|p2a: Zapdos|Thunderbolt|p1a: Forretress
|-crit|p1a: Forretress
|-damage|p1a: Forretress|13/100
|move|p1a: Forretress|Spikes|p2a: Zapdos
|-sidestart|p2: UponLink|Spikes
|
|-heal|p1a: Forretress|19/100|[from] item: Leftovers
|upkeep
|turn|2
|
|t:|1729196313
|switch|p1a: Blissey|Blissey, F|100/100
|move|p2a: Zapdos|Thunderbolt|p1a: Blissey
|-damage|p1a: Blissey|82/100
|
|-heal|p1a: Blissey|88/100|[from] item: Leftovers
|upkeep
|turn|3
|inactive|UponLink has 270 seconds left.
|
|t:|1729196344
|move|p2a: Zapdos|Baton Pass|p2a: Zapdos
|
|t:|1729196345
|switch|p2a: Celebi|Celebi|100/100|[from] Baton Pass
|-damage|p2a: Celebi|88/100|[from] Spikes
|move|p1a: Blissey|Ice Beam|p2a: Celebi
|-supereffective|p2a: Celebi
|-crit|p2a: Celebi
|-damage|p2a: Celebi|22/100
|
|-heal|p2a: Celebi|28/100|[from] item: Leftovers
|-heal|p1a: Blissey|94/100|[from] item: Leftovers
|upkeep
|turn|4
|
|t:|1729196351
|switch|p1a: Dugtrio|Dugtrio, F|100/100
|move|p2a: Celebi|Recover|p2a: Celebi
|-heal|p2a: Celebi|78/100
|
|-heal|p2a: Celebi|85/100|[from] item: Leftovers
|upkeep
|turn|5
|
|t:|1729196357
|move|p1a: Dugtrio|Hidden Power|p2a: Celebi
|-supereffective|p2a: Celebi
|-damage|p2a: Celebi|0 fnt
|faint|p2a: Celebi
|
|t:|1729196377
|switch|p2a: Dugtrio|Dugtrio, M|100/100
|-damage|p2a: Dugtrio|88/100|[from] Spikes
|
|upkeep
|turn|6
|
|t:|1729196380
|move|p1a: Dugtrio|Hidden Power|p2a: Dugtrio
|-damage|p2a: Dugtrio|26/100
|move|p2a: Dugtrio|Earthquake|p1a: Dugtrio
|-damage|p1a: Dugtrio|0 fnt
|faint|p1a: Dugtrio
|
|t:|1729196388
|switch|p1a: Skarmory|Skarmory, F|100/100
|
|upkeep
|turn|7
|
|t:|1729196395
|switch|p2a: Zapdos|Zapdos|100/100
|move|p1a: Skarmory|Spikes|p2a: Zapdos
|-sidestart|p2: UponLink|Spikes
|
|upkeep
|turn|8
|
|t:|1729196402
|switch|p1a: Blissey|Blissey, F|94/100
|move|p2a: Zapdos|Baton Pass|p2a: Zapdos
|
|t:|1729196404
|switch|p2a: Starmie|Starmie|100/100|[from] Baton Pass
|-damage|p2a: Starmie|84/100|[from] Spikes
|
|-heal|p2a: Starmie|90/100|[from] item: Leftovers
|-heal|p1a: Blissey|100/100|[from] item: Leftovers
|upkeep
|turn|9
|
|t:|1729196409
|move|p2a: Starmie|Rapid Spin|p1a: Blissey
|-damage|p1a: Blissey|98/100
|-sideend|p2: UponLink|Spikes|[from] move: Rapid Spin|[of] p2a: Starmie
|move|p1a: Blissey|Thunderbolt|p2a: Starmie
|-supereffective|p2a: Starmie
|-damage|p2a: Starmie|12/100
|-status|p2a: Starmie|par
|
|-heal|p1a: Blissey|100/100|[from] item: Leftovers
|-heal|p2a: Starmie|18/100 par|[from] item: Leftovers
|upkeep
|turn|10
|
|t:|1729196417
|-curestatus|p2a: Starmie|par|[from] ability: Natural Cure
|switch|p2a: Tyranitar|Tyranitar, M|100/100
|-weather|Sandstorm|[from] ability: Sand Stream|[of] p2a: Tyranitar
|move|p1a: Blissey|Calm Mind|p1a: Blissey
|-boost|p1a: Blissey|spa|1
|-boost|p1a: Blissey|spd|1
|
|-weather|Sandstorm|[upkeep]
|-damage|p1a: Blissey|94/100|[from] Sandstorm
|-heal|p1a: Blissey|100/100|[from] item: Leftovers
|upkeep
|turn|11
|
|t:|1729196421
|switch|p1a: Milotic|Milotic, F|100/100
|move|p2a: Tyranitar|Rock Slide|p1a: Milotic
|-crit|p1a: Milotic
|-damage|p1a: Milotic|38/100
|
|-weather|Sandstorm|[upkeep]
|-damage|p1a: Milotic|32/100|[from] Sandstorm
|-heal|p1a: Milotic|38/100|[from] item: Leftovers
|upkeep
|turn|12
|
|t:|1729196428
|-singleturn|p2a: Tyranitar|move: Focus Punch
|move|p1a: Milotic|Recover|p1a: Milotic
|-heal|p1a: Milotic|88/100
|move|p2a: Tyranitar|Focus Punch|p1a: Milotic
|-crit|p1a: Milotic
|-damage|p1a: Milotic|9/100
|
|-weather|Sandstorm|[upkeep]
|-damage|p1a: Milotic|3/100|[from] Sandstorm
|-heal|p1a: Milotic|9/100|[from] item: Leftovers
|upkeep
|turn|13
|c|☆LE DZ ORIGINEL|xd
|c|☆LE DZ ORIGINEL|its insane
|c|☆LE DZ ORIGINEL|at this pt
|c|+maitre apagnan|c bd?
|
|t:|1729196442
|move|p1a: Milotic|Recover|p1a: Milotic
|-heal|p1a: Milotic|59/100
|move|p2a: Tyranitar|Rock Slide|p1a: Milotic|[miss]
|-miss|p2a: Tyranitar|p1a: Milotic
|
|-weather|Sandstorm|[upkeep]
|-damage|p1a: Milotic|53/100|[from] Sandstorm
|-heal|p1a: Milotic|59/100|[from] item: Leftovers
|upkeep
|turn|14
|c|☆LE DZ ORIGINEL|bien entendu
|
|t:|1729196455
|move|p1a: Milotic|Toxic|p2a: Tyranitar
|-status|p2a: Tyranitar|tox
|move|p2a: Tyranitar|Rock Slide|p1a: Milotic
|-damage|p1a: Milotic|25/100
|
|-weather|Sandstorm|[upkeep]
|-damage|p1a: Milotic|19/100|[from] Sandstorm
|-heal|p1a: Milotic|25/100|[from] item: Leftovers
|-damage|p2a: Tyranitar|94/100 tox|[from] psn
|upkeep
|turn|15
|
|t:|1729196458
|-singleturn|p2a: Tyranitar|move: Focus Punch
|move|p1a: Milotic|Recover|p1a: Milotic
|-heal|p1a: Milotic|75/100
|move|p2a: Tyranitar|Focus Punch|p1a: Milotic
|-damage|p1a: Milotic|33/100
|
|-weather|Sandstorm|[upkeep]
|-damage|p1a: Milotic|27/100|[from] Sandstorm
|-heal|p1a: Milotic|33/100|[from] item: Leftovers
|-heal|p2a: Tyranitar|100/100 tox|[from] item: Leftovers
|-damage|p2a: Tyranitar|88/100 tox|[from] psn
|upkeep
|turn|16
|c|+maitre apagnan|imagine il avait crit celui la
|c|+maitre apagnan|aussi
|c|+Quarante8|quel tour
|
|t:|1729196477
|switch|p2a: Zapdos|Zapdos|100/100
|move|p1a: Milotic|Recover|p1a: Milotic
|-heal|p1a: Milotic|83/100
|
|-weather|Sandstorm|[upkeep]
|-damage|p2a: Zapdos|94/100|[from] Sandstorm
|-damage|p1a: Milotic|77/100|[from] Sandstorm
|-heal|p2a: Zapdos|100/100|[from] item: Leftovers
|-heal|p1a: Milotic|83/100|[from] item: Leftovers
|upkeep
|turn|17
|
|t:|1729196488
|switch|p1a: Claydol|Claydol|100/100
|move|p2a: Zapdos|Baton Pass|p2a: Zapdos
|
|t:|1729196510
|switch|p2a: Swampert|Swampert, M|100/100|[from] Baton Pass
|
|-weather|Sandstorm|[upkeep]
|upkeep
|turn|18
|
|t:|1729196515
|switch|p1a: Milotic|Milotic, F|83/100
|move|p2a: Swampert|Hydro Pump|p1a: Milotic
|-resisted|p1a: Milotic
|-damage|p1a: Milotic|70/100
|
|-weather|Sandstorm|[upkeep]
|-damage|p1a: Milotic|63/100|[from] Sandstorm
|-heal|p1a: Milotic|70/100|[from] item: Leftovers
|upkeep
|turn|19
|
|t:|1729196526
|switch|p2a: Zapdos|Zapdos|100/100
|move|p1a: Milotic|Toxic|p2a: Zapdos
|-status|p2a: Zapdos|tox
|
|-weather|Sandstorm|[upkeep]
|-damage|p2a: Zapdos|94/100 tox|[from] Sandstorm
|-damage|p1a: Milotic|63/100|[from] Sandstorm
|-heal|p2a: Zapdos|100/100 tox|[from] item: Leftovers
|-damage|p2a: Zapdos|94/100 tox|[from] psn
|-heal|p1a: Milotic|70/100|[from] item: Leftovers
|upkeep
|turn|20
|
|t:|1729196538
|switch|p1a: Claydol|Claydol|100/100
|move|p2a: Zapdos|Hidden Power|p1a: Claydol
|-supereffective|p1a: Claydol
|-crit|p1a: Claydol
|-damage|p1a: Claydol|19/100
|
|-weather|Sandstorm|[upkeep]
|-damage|p2a: Zapdos|88/100 tox|[from] Sandstorm
|-heal|p2a: Zapdos|94/100 tox|[from] item: Leftovers
|-damage|p2a: Zapdos|82/100 tox|[from] psn
|-heal|p1a: Claydol|25/100|[from] item: Leftovers
|upkeep
|turn|21
|
|t:|1729196543
|switch|p1a: Blissey|Blissey, F|100/100
|move|p2a: Zapdos|Hidden Power|p1a: Blissey
|-damage|p1a: Blissey|91/100
|
|-weather|Sandstorm|[upkeep]
|-damage|p2a: Zapdos|76/100 tox|[from] Sandstorm
|-damage|p1a: Blissey|85/100|[from] Sandstorm
|-heal|p2a: Zapdos|82/100 tox|[from] item: Leftovers
|-damage|p2a: Zapdos|63/100 tox|[from] psn
|-heal|p1a: Blissey|91/100|[from] item: Leftovers
|upkeep
|turn|22
|
|t:|1729196550
|move|p2a: Zapdos|Baton Pass|p2a: Zapdos
|
|t:|1729196551
|switch|p2a: Tyranitar|Tyranitar, M|88/100 tox|[from] Baton Pass
|move|p1a: Blissey|Soft-Boiled|p1a: Blissey
|-heal|p1a: Blissey|100/100
|
|-weather|Sandstorm|[upkeep]
|-damage|p1a: Blissey|94/100|[from] Sandstorm
|-heal|p2a: Tyranitar|94/100 tox|[from] item: Leftovers
|-damage|p2a: Tyranitar|88/100 tox|[from] psn
|-heal|p1a: Blissey|100/100|[from] item: Leftovers
|upkeep
|turn|23
|
|t:|1729196558
|-singleturn|p2a: Tyranitar|move: Focus Punch
|switch|p1a: Skarmory|Skarmory, F|100/100
|move|p2a: Tyranitar|Focus Punch|p1a: Skarmory
|-damage|p1a: Skarmory|56/100
|
|-weather|Sandstorm|[upkeep]
|-heal|p2a: Tyranitar|94/100 tox|[from] item: Leftovers
|-damage|p2a: Tyranitar|82/100 tox|[from] psn
|upkeep
|turn|24
|
|t:|1729196569
|-singleturn|p2a: Tyranitar|move: Focus Punch
|move|p1a: Skarmory|Thief|p2a: Tyranitar
|-resisted|p2a: Tyranitar
|-damage|p2a: Tyranitar|80/100 tox
|-enditem|p2a: Tyranitar|Leftovers|[silent]|[from] move: Thief|[of] p1a: Skarmory
|-item|p1a: Skarmory|Leftovers|[from] move: Thief|[of] p2a: Tyranitar
|move|p2a: Tyranitar|Focus Punch||[still]
|cant|p2a: Tyranitar|Focus Punch|Focus Punch
|
|-weather|Sandstorm|[upkeep]
|-heal|p1a: Skarmory|62/100|[from] item: Leftovers
|-damage|p2a: Tyranitar|62/100 tox|[from] psn
|upkeep
|turn|25
|
|t:|1729196577
|-singleturn|p2a: Tyranitar|move: Focus Punch
|move|p1a: Skarmory|Spikes|p2a: Tyranitar
|-sidestart|p2: UponLink|Spikes
|move|p2a: Tyranitar|Focus Punch|p1a: Skarmory
|-damage|p1a: Skarmory|16/100
|
|-weather|Sandstorm|[upkeep]
|-heal|p1a: Skarmory|22/100|[from] item: Leftovers
|-damage|p2a: Tyranitar|37/100 tox|[from] psn
|upkeep
|turn|26
|
|t:|1729196580
|move|p1a: Skarmory|Spikes|p2a: Tyranitar
|-sidestart|p2: UponLink|Spikes
|move|p2a: Tyranitar|Rock Slide|p1a: Skarmory
|-damage|p1a: Skarmory|0 fnt
|faint|p1a: Skarmory
|
|t:|1729196584
|switch|p1a: Milotic|Milotic, F|70/100
|
|-weather|Sandstorm|[upkeep]
|-damage|p1a: Milotic|63/100|[from] Sandstorm
|-heal|p1a: Milotic|70/100|[from] item: Leftovers
|-damage|p2a: Tyranitar|6/100 tox|[from] psn
|upkeep
|turn|27
|
|t:|1729196591
|switch|p2a: Zapdos|Zapdos|63/100 tox
|move|p1a: Milotic|Surf|p2a: Zapdos
|-damage|p2a: Zapdos|26/100 tox
|
|-weather|Sandstorm|[upkeep]
|-damage|p2a: Zapdos|19/100 tox|[from] Sandstorm
|-damage|p1a: Milotic|63/100|[from] Sandstorm
|-heal|p2a: Zapdos|26/100 tox|[from] item: Leftovers
|-damage|p2a: Zapdos|19/100 tox|[from] psn
|-heal|p1a: Milotic|70/100|[from] item: Leftovers
|upkeep
|turn|28
|
|t:|1729196607
|switch|p1a: Forretress|Forretress, M|19/100
|move|p2a: Zapdos|Thunderbolt|p1a: Forretress
|-damage|p1a: Forretress|0 fnt
|faint|p1a: Forretress
|
|t:|1729196613
|switch|p1a: Blissey|Blissey, F|100/100
|
|-weather|Sandstorm|[upkeep]
|-damage|p2a: Zapdos|13/100 tox|[from] Sandstorm
|-damage|p1a: Blissey|94/100|[from] Sandstorm
|-heal|p2a: Zapdos|19/100 tox|[from] item: Leftovers
|-damage|p2a: Zapdos|7/100 tox|[from] psn
|-heal|p1a: Blissey|100/100|[from] item: Leftovers
|upkeep
|turn|29
|
|t:|1729196625
|switch|p2a: Tyranitar|Tyranitar, M|6/100 tox
|-damage|p2a: Tyranitar|0 fnt|[from] Spikes
|faint|p2a: Tyranitar
|
|t:|1729196627
|switch|p2a: Swampert|Swampert, M|100/100
|-damage|p2a: Swampert|84/100|[from] Spikes
|
|-weather|Sandstorm|[upkeep]
|-damage|p1a: Blissey|94/100|[from] Sandstorm
|-heal|p1a: Blissey|100/100|[from] item: Leftovers
|-heal|p2a: Swampert|90/100|[from] item: Leftovers
|upkeep
|turn|30
|
|t:|1729196629
|switch|p1a: Milotic|Milotic, F|70/100
|move|p2a: Swampert|Earthquake|p1a: Milotic
|-damage|p1a: Milotic|44/100
|
|-weather|Sandstorm|[upkeep]
|-damage|p1a: Milotic|38/100|[from] Sandstorm
|-heal|p1a: Milotic|44/100|[from] item: Leftovers
|-heal|p2a: Swampert|96/100|[from] item: Leftovers
|upkeep
|turn|31
|
|t:|1729196643
|switch|p2a: Starmie|Starmie|18/100
|-damage|p2a: Starmie|2/100|[from] Spikes
|move|p1a: Milotic|Recover|p1a: Milotic
|-heal|p1a: Milotic|94/100
|
|-weather|Sandstorm|[upkeep]
|-damage|p2a: Starmie|0 fnt|[from] Sandstorm
|-damage|p1a: Milotic|88/100|[from] Sandstorm
|faint|p2a: Starmie
|-heal|p1a: Milotic|94/100|[from] item: Leftovers
|upkeep
|c|☆LE DZ ORIGINEL|gg
|c|☆LE DZ ORIGINEL|/log LE DZ ORIGINEL made the replay of this battle unlisted.
|
|t:|1729196654
|switch|p2a: Zapdos|Zapdos|7/100 tox
|turn|32
|
|t:|1729196663
|switch|p1a: Claydol|Claydol|25/100
|move|p2a: Zapdos|Baton Pass|p2a: Zapdos
|
|t:|1729196667
|switch|p2a: Swampert|Swampert, M|96/100|[from] Baton Pass
|-damage|p2a: Swampert|80/100|[from] Spikes
|
|-weather|Sandstorm|[upkeep]
|-heal|p1a: Claydol|31/100|[from] item: Leftovers
|-heal|p2a: Swampert|86/100|[from] item: Leftovers
|upkeep
|turn|33
|
|t:|1729196684
|switch|p1a: Milotic|Milotic, F|94/100
|move|p2a: Swampert|Protect||[still]
|-fail|p2a: Swampert
|
|-weather|Sandstorm|[upkeep]
|-damage|p1a: Milotic|88/100|[from] Sandstorm
|-heal|p1a: Milotic|94/100|[from] item: Leftovers
|-heal|p2a: Swampert|92/100|[from] item: Leftovers
|upkeep
|turn|34
|
|t:|1729196689
|move|p1a: Milotic|Toxic|p2a: Swampert
|-status|p2a: Swampert|tox
|move|p2a: Swampert|Earthquake|p1a: Milotic
|-damage|p1a: Milotic|67/100
|
|-weather|Sandstorm|[upkeep]
|-damage|p1a: Milotic|61/100|[from] Sandstorm
|-heal|p1a: Milotic|67/100|[from] item: Leftovers
|-heal|p2a: Swampert|98/100 tox|[from] item: Leftovers
|-damage|p2a: Swampert|92/100 tox|[from] psn
|upkeep
|turn|35
|
|t:|1729196691
|move|p1a: Milotic|Recover|p1a: Milotic
|-heal|p1a: Milotic|100/100
|move|p2a: Swampert|Ice Beam|p1a: Milotic
|-resisted|p1a: Milotic
|-damage|p1a: Milotic|93/100
|
|-weather|Sandstorm|[upkeep]
|-damage|p1a: Milotic|87/100|[from] Sandstorm
|-heal|p1a: Milotic|93/100|[from] item: Leftovers
|-heal|p2a: Swampert|98/100 tox|[from] item: Leftovers
|-damage|p2a: Swampert|86/100 tox|[from] psn
|upkeep
|turn|36
|
|t:|1729196695
|move|p1a: Milotic|Surf|p2a: Swampert
|-damage|p2a: Swampert|56/100 tox
|move|p2a: Swampert|Ice Beam|p1a: Milotic
|-resisted|p1a: Milotic
|-damage|p1a: Milotic|87/100
|
|-weather|Sandstorm|[upkeep]
|-damage|p1a: Milotic|81/100|[from] Sandstorm
|-heal|p1a: Milotic|87/100|[from] item: Leftovers
|-heal|p2a: Swampert|62/100 tox|[from] item: Leftovers
|-damage|p2a: Swampert|44/100 tox|[from] psn
|upkeep
|turn|37
|-message|UponLink forfeited.
|
|win|LE DZ ORIGINEL
|c|☆UponLink|gg
|player|p2|

</script>
<script type="application/json" class="data" id="replaydata-smogtours-gen3ou-799365">
{"id":"smogtours-gen3ou-799365","format":"[Gen 3] OU","players":["LE DZ ORIGINEL","UponLink"],"uploadtime":1729196703,"views":96,"formatid":"gen3ou","rating":null,"private":1,"password":null}
</script>

<script defer src="js/replays.js?9d40a366"></script>
