<!DOCTYPE html>
<meta charset="utf-8" />
<meta name="viewport" content="width=device-width" />

<title>[Gen 3] OU: BillGatesAlt vs. Faantome - Replays - Pok&eacute;mon Showdown!</title>

<meta name="description" content="Watch a replay of a Pok&eacute;mon battle between BillGatesAlt and Faantome! Format: [Gen 3] OU; Date: Oct 12, 2024" />
<!--

Hey, you! Looking in the source for the replay log?

You can find them in JSON format, just add `.json` at the end of a replay URL.

https://replay.pokemonshowdown.com/gen7randomdoublesbattle-865046831.json

Or, if you only need the log itself, add `.log` instead:

https://replay.pokemonshowdown.com/gen7randomdoublesbattle-865046831.log

-->

<link rel="stylesheet" href="//pokemonshowdown.com/style/global.css?0.767286132409787" />
<link rel="stylesheet" href="//play.pokemonshowdown.com/style/font-awesome.css?0.9266228007934947" />
<link rel="stylesheet" href="//play.pokemonshowdown.com/style/battle.css?0.7924700842790926" />
<link rel="stylesheet" href="//play.pokemonshowdown.com/style/utilichart.css?0.8777417872839479" />

<!-- Global site tag (gtag.js) - Google Analytics -->
<script async src="https://www.googletagmanager.com/gtag/js?id=UA-26211653-1"></script>
<script>
  window.dataLayer = window.dataLayer || [];
  function gtag(){dataLayer.push(arguments);}
  gtag('js', new Date());

  gtag('config', 'UA-26211653-1');
</script>
<!-- End Google Analytics -->
<!-- Venatus Ad Manager - Install in <HEAD> of page -->
	<script src="https://hb.vntsm.com/v3/live/ad-manager.min.js" type="text/javascript" data-site-id="642aba63ec9a7b11c3c9c1be" data-mode="scan" async></script>
<!-- / Venatus Ad Manager -->

<style>
	@media (max-width:820px) {
		.battle {
			margin: 0 auto;
		}
		.battle-log {
			margin: 7px auto 0;
			max-width: 640px;
			height: 300px;
			position: static;
		}
	}
	.optgroup {
		display: inline-block;
		line-height: 22px;
		font-size: 10pt;
	}
	.optgroup .button {
		height: 25px;
		padding-top: 0;
		padding-bottom: 0;
	}
	.optgroup button.button {
		padding-left: 12px;
		padding-right: 12px;
	}
	.linklist {
		list-style: none;
		margin: 0.5em 0;
		padding: 0;
	}
	.linklist li {
		padding: 2px 0;
	}
	.sidebar {
		float: left;
		width: 320px;
	}
	.bar-wrapper {
		max-width: 1100px;
		margin: 0 auto;
	}
	.bar-wrapper.has-sidebar {
		max-width: 1430px;
	}
	.mainbar {
		margin: 0;
		padding-right: 1px;
	}
	.mainbar.has-sidebar {
		margin-left: 330px;
	}
	@media (min-width: 1511px) {
		.sidebar {
			width: 400px;
		}
		.bar-wrapper.has-sidebar {
			max-width: 1510px;
		}
		.mainbar.has-sidebar {
			margin-left: 410px;
		}
	}
	.section.first-section {
		margin-top: 9px;
	}
	.blocklink small {
		white-space: normal;
	}
	.button {
		vertical-align: middle;
	}
	.replay-controls {
		padding-top: 10px;
	}
	.replay-controls h1 {
		font-size: 16pt;
		font-weight: normal;
		color: #CCC;
	}
	.pagelink {
		text-align: center;
	}
	.pagelink a {
		width: 150px;
	}
	.textbox, .button {
		font-size: 11pt;
		vertical-align: middle;
	}
	@media (max-width: 450px) {
		.button {
			font-size: 9pt;
		}
	}
</style>

<div>

	<header>
		<div class="nav-wrapper"><ul class="nav">
			<li><a class="button nav-first" href="//pokemonshowdown.com/"><img src="//pokemonshowdown.com/images/pokemonshowdownbeta.png" srcset="//pokemonshowdown.com/images/pokemonshowdownbeta.png 1x, //pokemonshowdown.com/images/pokemonshowdownbeta@2x.png 2x" alt="Pok&eacute;mon Showdown" width="146" height="44" /> Home</a></li>
			<li><a class="button" href="//pokemonshowdown.com/dex/">Pok&eacute;dex</a></li>
			<li><a class="button cur" href="/">Replays</a></li>
			<li><a class="button" href="//pokemonshowdown.com/ladder/">Ladder</a></li>
			<li><a class="button nav-last" href="//pokemonshowdown.com/forums/">Forum</a></li>
			<li><a class="button greenbutton nav-first nav-last" href="//play.pokemonshowdown.com/">Play</a></li>
		</ul></div>
	</header>

	<div class="main" id="main">

		<noscript><section class="section">You need to enable JavaScript to use this page; sorry!</section></noscript>

	</div>

</div>

<script defer nomodule src="//play.pokemonshowdown.com/js/lib/ps-polyfill.js"></script>
<script defer src="//play.pokemonshowdown.com/js/lib/preact.min.js"></script>

<script defer src="//play.pokemonshowdown.com/config/config.js?6dec07f6"></script>
<script defer src="//play.pokemonshowdown.com/js/lib/jquery-1.11.0.min.js"></script>
<script defer src="//play.pokemonshowdown.com/js/lib/html-sanitizer-minified.js"></script>
<script defer src="//play.pokemonshowdown.com/js/battle-sound.js"></script>
<script defer src="//play.pokemonshowdown.com/js/battledata.js?0.6315294753075389"></script>
<script defer src="//play.pokemonshowdown.com/data/pokedex-mini.js?0.7603743185311358"></script>
<script defer src="//play.pokemonshowdown.com/data/pokedex-mini-bw.js?0.030888842834281283"></script>
<script defer src="//play.pokemonshowdown.com/data/graphics.js?0.05593094747507488"></script>
<script defer src="//play.pokemonshowdown.com/data/pokedex.js?0.47064822249611904"></script>
<script defer src="//play.pokemonshowdown.com/data/moves.js?0.8583693120512459"></script>
<script defer src="//play.pokemonshowdown.com/data/abilities.js?0.16017181182386842"></script>
<script defer src="//play.pokemonshowdown.com/data/items.js?0.4163379185673943"></script>
<script defer src="//play.pokemonshowdown.com/data/teambuilder-tables.js?0.31075597372830477"></script>
<script defer src="//play.pokemonshowdown.com/js/battle-tooltips.js?0.6536193500708172"></script>
<script defer src="//play.pokemonshowdown.com/js/battle.js?0.1916591943277901"></script>

<script defer src="js/utils.js?e31f9a17"></script>
<script defer src="js/replays-battle.js?7008c182"></script>

<!-- don't scrape this data! just add .json or .log after the URL!
Full API docs: https://github.com/smogon/pokemon-showdown-client/blob/master/WEB-API.md -->
<script type="text/plain" class="log" id="replaylog-smogtours-gen3ou-797629">
|inactive|Battle timer is ON: inactive players will automatically lose when time's up.
|t:|1728755900
|gametype|singles
|player|p1|BillGatesAlt|clown|
|player|p2|Faantome|sabrina-frlg|
|teamsize|p1|6
|teamsize|p2|6
|gen|3
|tier|[Gen 3] OU
|rule|Sleep Clause Mod: Limit one foe put to sleep
|rule|Switch Priority Clause Mod: Faster Pokémon switch first
|rule|Species Clause: Limit one of each Pokémon
|rule|OHKO Clause: OHKO moves are banned
|rule|Evasion Items Clause: Evasion items are banned
|rule|Evasion Moves Clause: Evasion moves are banned
|rule|Endless Battle Clause: Forcing endless battles is banned
|rule|HP Percentage Mod: HP is shown in percentages
|rule|One Boost Passer Clause: Limit one Baton Passer that has a way to boost its stats
|rule|Freeze Clause Mod: Limit one foe frozen
|
|t:|1728755900
|start
|switch|p1a: Salamence|Salamence, M|100/100
|switch|p2a: Salamence|Salamence, F|100/100
|-ability|p1a: Salamence|Intimidate|boost
|-unboost|p2a: Salamence|atk|1
|-ability|p2a: Salamence|Intimidate|boost
|-unboost|p1a: Salamence|atk|1
|turn|1
|c|☆Faantome|gl
|inactive|BillGatesAlt has 270 seconds left.
|inactive|Faantome has 270 seconds left.
|c|☆BillGatesAlt|same
|
|t:|1728755956
|switch|p1a: Swampert|Swampert, F|100/100
|move|p2a: Salamence|Dragon Claw|p1a: Swampert
|-crit|p1a: Swampert
|-damage|p1a: Swampert|32/100
|
|-heal|p1a: Swampert|38/100|[from] item: Leftovers
|upkeep
|turn|2
|inactive|Faantome has 270 seconds left.
|
|t:|1728755993
|switch|p2a: Forretress|Forretress, M|100/100
|move|p1a: Swampert|Protect||[still]
|-fail|p1a: Swampert
|
|-heal|p1a: Swampert|44/100|[from] item: Leftovers
|upkeep
|turn|3
|
|t:|1728756013
|move|p1a: Swampert|Surf|p2a: Forretress
|-damage|p2a: Forretress|75/100
|move|p2a: Forretress|Spikes|p1a: Swampert
|-sidestart|p1: BillGatesAlt|Spikes
|
|-heal|p1a: Swampert|50/100|[from] item: Leftovers
|-heal|p2a: Forretress|82/100|[from] item: Leftovers
|upkeep
|turn|4
|
|t:|1728756021
|switch|p1a: Forretress|Forretress, F|100/100
|-damage|p1a: Forretress|88/100|[from] Spikes
|move|p2a: Forretress|Spikes|p1a: Forretress
|-sidestart|p1: BillGatesAlt|Spikes
|
|-heal|p2a: Forretress|88/100|[from] item: Leftovers
|-heal|p1a: Forretress|94/100|[from] item: Leftovers
|upkeep
|turn|5
|
|t:|1728756034
|switch|p2a: Salamence|Salamence, F|100/100
|-ability|p2a: Salamence|Intimidate|boost
|-unboost|p1a: Forretress|atk|1
|move|p1a: Forretress|Rapid Spin|p2a: Salamence
|-damage|p2a: Salamence|97/100
|-sideend|p1: BillGatesAlt|Spikes|[from] move: Rapid Spin|[of] p1a: Forretress
|
|-heal|p2a: Salamence|100/100|[from] item: Leftovers
|-heal|p1a: Forretress|100/100|[from] item: Leftovers
|upkeep
|turn|6
|
|t:|1728756047
|switch|p1a: Zapdos|Zapdos|100/100
|move|p2a: Salamence|Fire Blast|p1a: Zapdos
|-damage|p1a: Zapdos|71/100
|-status|p1a: Zapdos|brn
|
|-heal|p1a: Zapdos|77/100 brn|[from] item: Leftovers
|-damage|p1a: Zapdos|64/100 brn|[from] brn
|upkeep
|turn|7
|
|t:|1728756059
|switch|p2a: Blissey|Blissey, F|100/100
|move|p1a: Zapdos|Thunderbolt|p2a: Blissey
|-damage|p2a: Blissey|87/100
|
|-heal|p1a: Zapdos|71/100 brn|[from] item: Leftovers
|-damage|p1a: Zapdos|58/100 brn|[from] brn
|-heal|p2a: Blissey|93/100|[from] item: Leftovers
|upkeep
|turn|8
|
|t:|1728756068
|move|p1a: Zapdos|Rest|p1a: Zapdos
|-status|p1a: Zapdos|slp|[from] move: Rest
|-heal|p1a: Zapdos|100/100 slp|[silent]
|move|p2a: Blissey|Thunder Wave||[still]
|-fail|p2a: Blissey
|
|-heal|p2a: Blissey|99/100|[from] item: Leftovers
|upkeep
|turn|9
|
|t:|1728756079
|cant|p1a: Zapdos|slp
|move|p2a: Blissey|Seismic Toss|p1a: Zapdos
|-damage|p1a: Zapdos|74/100 slp
|
|-heal|p1a: Zapdos|81/100 slp|[from] item: Leftovers
|-heal|p2a: Blissey|100/100|[from] item: Leftovers
|upkeep
|turn|10
|
|t:|1728756095
|switch|p1a: Blissey|Blissey, F|100/100
|move|p2a: Blissey|Seismic Toss|p1a: Blissey
|-damage|p1a: Blissey|85/100
|
|-heal|p1a: Blissey|91/100|[from] item: Leftovers
|upkeep
|turn|11
|
|t:|1728756105
|move|p1a: Blissey|Seismic Toss|p2a: Blissey
|-damage|p2a: Blissey|86/100
|move|p2a: Blissey|Thunder Wave|p1a: Blissey
|-status|p1a: Blissey|par
|
|-heal|p2a: Blissey|93/100|[from] item: Leftovers
|-heal|p1a: Blissey|97/100 par|[from] item: Leftovers
|upkeep
|turn|12
|
|t:|1728756115
|-curestatus|p1a: Blissey|par|[from] ability: Natural Cure
|switch|p1a: Swampert|Swampert, F|50/100
|move|p2a: Blissey|Seismic Toss|p1a: Swampert
|-damage|p1a: Swampert|26/100
|
|-heal|p1a: Swampert|32/100|[from] item: Leftovers
|-heal|p2a: Blissey|99/100|[from] item: Leftovers
|upkeep
|turn|13
|
|t:|1728756130
|switch|p2a: Forretress|Forretress, M|88/100
|move|p1a: Swampert|Protect||[still]
|-fail|p1a: Swampert
|
|-heal|p1a: Swampert|38/100|[from] item: Leftovers
|-heal|p2a: Forretress|94/100|[from] item: Leftovers
|upkeep
|turn|14
|
|t:|1728756137
|move|p1a: Swampert|Protect|p1a: Swampert
|-singleturn|p1a: Swampert|Protect
|move|p2a: Forretress|Spikes|p1a: Swampert
|-sidestart|p1: BillGatesAlt|Spikes
|
|-heal|p1a: Swampert|44/100|[from] item: Leftovers
|-heal|p2a: Forretress|99/100|[from] item: Leftovers
|upkeep
|turn|15
|
|t:|1728756146
|switch|p1a: Forretress|Forretress, F|100/100
|-damage|p1a: Forretress|88/100|[from] Spikes
|switch|p2a: Jirachi|Jirachi|100/100
|
|-heal|p1a: Forretress|94/100|[from] item: Leftovers
|upkeep
|turn|16
|
|t:|1728756158
|switch|p1a: Zapdos|Zapdos|81/100 slp
|move|p2a: Jirachi|Fire Punch|p1a: Zapdos
|-damage|p1a: Zapdos|68/100 slp
|
|-heal|p1a: Zapdos|74/100 slp|[from] item: Leftovers
|upkeep
|turn|17
|
|t:|1728756173
|switch|p2a: Aerodactyl|Aerodactyl, F|100/100
|cant|p1a: Zapdos|slp
|move|p1a: Zapdos|Sleep Talk|p1a: Zapdos
|move|p1a: Zapdos|Roar|p2a: Aerodactyl|[from]Sleep Talk
|drag|p2a: Blissey|Blissey, F|99/100
|
|-heal|p1a: Zapdos|80/100 slp|[from] item: Leftovers
|-heal|p2a: Blissey|100/100|[from] item: Leftovers
|upkeep
|turn|18
|
|t:|1728756184
|-curestatus|p1a: Zapdos|slp|[msg]
|move|p1a: Zapdos|Thunderbolt|p2a: Blissey
|-crit|p2a: Blissey
|-damage|p2a: Blissey|72/100
|move|p2a: Blissey|Seismic Toss|p1a: Zapdos
|-damage|p1a: Zapdos|54/100
|
|-heal|p1a: Zapdos|61/100|[from] item: Leftovers
|-heal|p2a: Blissey|78/100|[from] item: Leftovers
|upkeep
|turn|19
|
|t:|1728756194
|move|p1a: Zapdos|Rest|p1a: Zapdos
|-status|p1a: Zapdos|slp|[from] move: Rest
|-heal|p1a: Zapdos|100/100 slp|[silent]
|move|p2a: Blissey|Thunder Wave||[still]
|-fail|p2a: Blissey
|
|-heal|p2a: Blissey|84/100|[from] item: Leftovers
|upkeep
|turn|20
|inactive|Faantome has 270 seconds left.
|
|t:|1728756238
|switch|p2a: Forretress|Forretress, M|99/100
|cant|p1a: Zapdos|slp
|move|p1a: Zapdos|Sleep Talk|p1a: Zapdos
|move|p1a: Zapdos|Rest|p1a: Zapdos|[from]Sleep Talk
|
|-heal|p2a: Forretress|100/100|[from] item: Leftovers
|upkeep
|turn|21
|
|t:|1728756246
|switch|p1a: Forretress|Forretress, F|94/100
|-damage|p1a: Forretress|82/100|[from] Spikes
|move|p2a: Forretress|Spikes|p1a: Forretress
|-sidestart|p1: BillGatesAlt|Spikes
|
|-heal|p1a: Forretress|88/100|[from] item: Leftovers
|upkeep
|turn|22
|
|t:|1728756254
|switch|p2a: Salamence|Salamence, F|100/100
|-ability|p2a: Salamence|Intimidate|boost
|-unboost|p1a: Forretress|atk|1
|move|p1a: Forretress|Spikes|p2a: Salamence
|-sidestart|p2: Faantome|Spikes
|
|-heal|p1a: Forretress|94/100|[from] item: Leftovers
|upkeep
|turn|23
|
|t:|1728756264
|switch|p1a: Zapdos|Zapdos|100/100 slp
|move|p2a: Salamence|Fire Blast|p1a: Zapdos
|-damage|p1a: Zapdos|72/100 slp
|
|-heal|p1a: Zapdos|78/100 slp|[from] item: Leftovers
|upkeep
|turn|24
|
|t:|1728756275
|cant|p1a: Zapdos|slp
|move|p1a: Zapdos|Sleep Talk|p1a: Zapdos
|move|p1a: Zapdos|Rest|p1a: Zapdos|[from]Sleep Talk
|move|p2a: Salamence|Roar|p1a: Zapdos
|drag|p1a: Swampert|Swampert, F|44/100
|-damage|p1a: Swampert|28/100|[from] Spikes
|
|-heal|p1a: Swampert|34/100|[from] item: Leftovers
|upkeep
|turn|25
|
|t:|1728756293
|move|p2a: Salamence|Dragon Claw|p1a: Swampert
|-damage|p1a: Swampert|0 fnt
|faint|p1a: Swampert
|inactive|BillGatesAlt has 270 seconds left.
|
|t:|1728756326
|switch|p1a: Zapdos|Zapdos|78/100 slp
|
|-heal|p1a: Zapdos|85/100 slp|[from] item: Leftovers
|upkeep
|turn|26
|
|t:|1728756341
|switch|p2a: Forretress|Forretress, M|100/100
|-damage|p2a: Forretress|88/100|[from] Spikes
|cant|p1a: Zapdos|slp
|
|-heal|p1a: Zapdos|91/100 slp|[from] item: Leftovers
|-heal|p2a: Forretress|94/100|[from] item: Leftovers
|upkeep
|turn|27
|
|t:|1728756348
|cant|p1a: Zapdos|slp
|move|p2a: Forretress|Rapid Spin|p1a: Zapdos
|-damage|p1a: Zapdos|87/100 slp
|-sideend|p2: Faantome|Spikes|[from] move: Rapid Spin|[of] p2a: Forretress
|
|-heal|p1a: Zapdos|93/100 slp|[from] item: Leftovers
|-heal|p2a: Forretress|100/100|[from] item: Leftovers
|upkeep
|turn|28
|
|t:|1728756357
|switch|p2a: Tyranitar|Tyranitar, M|100/100
|-weather|Sandstorm|[from] ability: Sand Stream|[of] p2a: Tyranitar
|-curestatus|p1a: Zapdos|slp|[msg]
|move|p1a: Zapdos|Thunderbolt|p2a: Tyranitar
|-damage|p2a: Tyranitar|64/100
|
|-weather|Sandstorm|[upkeep]
|-damage|p1a: Zapdos|87/100|[from] Sandstorm
|-heal|p1a: Zapdos|93/100|[from] item: Leftovers
|-heal|p2a: Tyranitar|70/100|[from] item: Leftovers
|upkeep
|turn|29
|
|t:|1728756373
|move|p1a: Zapdos|Thunderbolt|p2a: Tyranitar
|-damage|p2a: Tyranitar|37/100
|move|p2a: Tyranitar|Crunch|p1a: Zapdos
|-damage|p1a: Zapdos|67/100
|
|-weather|Sandstorm|[upkeep]
|-damage|p1a: Zapdos|61/100|[from] Sandstorm
|-heal|p1a: Zapdos|67/100|[from] item: Leftovers
|-heal|p2a: Tyranitar|43/100|[from] item: Leftovers
|upkeep
|turn|30
|
|t:|1728756384
|switch|p2a: Blissey|Blissey, F|84/100
|move|p1a: Zapdos|Rest|p1a: Zapdos
|-status|p1a: Zapdos|slp|[from] move: Rest
|-heal|p1a: Zapdos|100/100 slp|[silent]
|
|-weather|Sandstorm|[upkeep]
|-damage|p1a: Zapdos|94/100 slp|[from] Sandstorm
|-damage|p2a: Blissey|78/100|[from] Sandstorm
|-heal|p1a: Zapdos|100/100 slp|[from] item: Leftovers
|-heal|p2a: Blissey|84/100|[from] item: Leftovers
|upkeep
|turn|31
|
|t:|1728756405
|switch|p2a: Aerodactyl|Aerodactyl, F|100/100
|cant|p1a: Zapdos|slp
|
|-weather|Sandstorm|[upkeep]
|-damage|p1a: Zapdos|94/100 slp|[from] Sandstorm
|-heal|p1a: Zapdos|100/100 slp|[from] item: Leftovers
|upkeep
|turn|32
|
|t:|1728756415
|switch|p1a: Forretress|Forretress, F|94/100
|-damage|p1a: Forretress|78/100|[from] Spikes
|move|p2a: Aerodactyl|Rock Slide|p1a: Forretress
|-damage|p1a: Forretress|43/100
|
|-weather|Sandstorm|[upkeep]
|-heal|p1a: Forretress|49/100|[from] item: Leftovers
|upkeep
|turn|33
|
|t:|1728756427
|switch|p2a: Jirachi|Jirachi|100/100
|move|p1a: Forretress|Rapid Spin|p2a: Jirachi
|-resisted|p2a: Jirachi
|-damage|p2a: Jirachi|99/100
|-sideend|p1: BillGatesAlt|Spikes|[from] move: Rapid Spin|[of] p1a: Forretress
|
|-weather|Sandstorm|[upkeep]
|-heal|p2a: Jirachi|100/100|[from] item: Leftovers
|-heal|p1a: Forretress|55/100|[from] item: Leftovers
|upkeep
|turn|34
|
|t:|1728756436
|switch|p1a: Zapdos|Zapdos|100/100 slp
|move|p2a: Jirachi|Toxic||[still]
|-fail|p2a: Jirachi
|
|-weather|Sandstorm|[upkeep]
|-damage|p1a: Zapdos|94/100 slp|[from] Sandstorm
|-heal|p1a: Zapdos|100/100 slp|[from] item: Leftovers
|upkeep
|turn|35
|
|t:|1728756445
|move|p2a: Jirachi|Protect|p2a: Jirachi
|-singleturn|p2a: Jirachi|Protect
|cant|p1a: Zapdos|slp
|move|p1a: Zapdos|Sleep Talk|p1a: Zapdos
|move|p1a: Zapdos|Thunderbolt|p2a: Jirachi|[from]Sleep Talk
|-activate|p2a: Jirachi|Protect
|
|-weather|Sandstorm|[upkeep]
|-damage|p1a: Zapdos|94/100 slp|[from] Sandstorm
|-heal|p1a: Zapdos|100/100 slp|[from] item: Leftovers
|upkeep
|turn|36
|
|t:|1728756455
|move|p2a: Jirachi|Wish|p2a: Jirachi
|-curestatus|p1a: Zapdos|slp|[msg]
|move|p1a: Zapdos|Thunderbolt|p2a: Jirachi
|-damage|p2a: Jirachi|67/100
|
|-weather|Sandstorm|[upkeep]
|-damage|p1a: Zapdos|94/100|[from] Sandstorm
|-heal|p2a: Jirachi|73/100|[from] item: Leftovers
|-heal|p1a: Zapdos|100/100|[from] item: Leftovers
|upkeep
|turn|37
|
|t:|1728756464
|move|p2a: Jirachi|Toxic|p1a: Zapdos
|-status|p1a: Zapdos|tox
|move|p1a: Zapdos|Thunderbolt|p2a: Jirachi
|-damage|p2a: Jirachi|38/100
|
|-heal|p2a: Jirachi|88/100|[from] move: Wish|[wisher] Jirachi
|-weather|Sandstorm|[upkeep]
|-damage|p1a: Zapdos|94/100 tox|[from] Sandstorm
|-heal|p2a: Jirachi|94/100|[from] item: Leftovers
|-heal|p1a: Zapdos|100/100 tox|[from] item: Leftovers
|-damage|p1a: Zapdos|94/100 tox|[from] psn
|upkeep
|turn|38
|
|t:|1728756478
|switch|p2a: Forretress|Forretress, M|100/100
|move|p1a: Zapdos|Thunderbolt|p2a: Forretress
|-damage|p2a: Forretress|60/100
|
|-weather|Sandstorm|[upkeep]
|-damage|p1a: Zapdos|88/100 tox|[from] Sandstorm
|-heal|p1a: Zapdos|94/100 tox|[from] item: Leftovers
|-damage|p1a: Zapdos|82/100 tox|[from] psn
|-heal|p2a: Forretress|66/100|[from] item: Leftovers
|upkeep
|turn|39
|
|t:|1728756488
|move|p1a: Zapdos|Rest|p1a: Zapdos
|-status|p1a: Zapdos|slp|[from] move: Rest
|-heal|p1a: Zapdos|100/100 slp|[silent]
|move|p2a: Forretress|Explosion|p1a: Zapdos
|-damage|p1a: Zapdos|0 fnt
|faint|p2a: Forretress
|faint|p1a: Zapdos
|
|t:|1728756502
|switch|p1a: Blissey|Blissey, F|97/100
|switch|p2a: Jirachi|Jirachi|94/100
|
|-weather|Sandstorm|[upkeep]
|-damage|p1a: Blissey|91/100|[from] Sandstorm
|-heal|p2a: Jirachi|100/100|[from] item: Leftovers
|-heal|p1a: Blissey|97/100|[from] item: Leftovers
|upkeep
|turn|40
|
|t:|1728756510
|move|p2a: Jirachi|Toxic|p1a: Blissey
|-status|p1a: Blissey|tox
|move|p1a: Blissey|Ice Beam|p2a: Jirachi
|-resisted|p2a: Jirachi
|-damage|p2a: Jirachi|89/100
|
|-weather|Sandstorm|[upkeep]
|-damage|p1a: Blissey|91/100 tox|[from] Sandstorm
|-heal|p2a: Jirachi|96/100|[from] item: Leftovers
|-heal|p1a: Blissey|97/100 tox|[from] item: Leftovers
|-damage|p1a: Blissey|91/100 tox|[from] psn
|upkeep
|turn|41
|
|t:|1728756527
|move|p2a: Jirachi|Wish|p2a: Jirachi
|move|p1a: Blissey|Thunder Wave|p2a: Jirachi
|-status|p2a: Jirachi|par
|
|-weather|Sandstorm|[upkeep]
|-damage|p1a: Blissey|85/100 tox|[from] Sandstorm
|-heal|p1a: Blissey|91/100 tox|[from] item: Leftovers
|-damage|p1a: Blissey|79/100 tox|[from] psn
|-heal|p2a: Jirachi|100/100 par|[from] item: Leftovers
|upkeep
|turn|42
|
|t:|1728756539
|-curestatus|p1a: Blissey|tox|[from] ability: Natural Cure
|switch|p1a: Salamence|Salamence, M|100/100
|-ability|p1a: Salamence|Intimidate|boost
|-unboost|p2a: Jirachi|atk|1
|cant|p2a: Jirachi|par
|
|-weather|Sandstorm|[upkeep]
|-damage|p1a: Salamence|94/100|[from] Sandstorm
|upkeep
|turn|43
|inactive|Faantome has 270 seconds left.
|inactive|Faantome has 240 seconds left.
|
|t:|1728756600
|switch|p2a: Blissey|Blissey, F|84/100
|move|p1a: Salamence|Rock Slide|p2a: Blissey
|-damage|p2a: Blissey|48/100
|
|-weather|Sandstorm|[upkeep]
|-damage|p1a: Salamence|88/100|[from] Sandstorm
|-damage|p2a: Blissey|42/100|[from] Sandstorm
|-heal|p2a: Blissey|48/100|[from] item: Leftovers
|upkeep
|turn|44
|inactive|Faantome has 240 seconds left.
|
|t:|1728756617
|switch|p1a: Forretress|Forretress, F|55/100
|switch|p2a: Jirachi|Jirachi|100/100 par
|
|-weather|Sandstorm|[upkeep]
|-heal|p1a: Forretress|61/100|[from] item: Leftovers
|upkeep
|turn|45
|
|t:|1728756625
|move|p1a: Forretress|Spikes|p2a: Jirachi
|-sidestart|p2: Faantome|Spikes
|cant|p2a: Jirachi|par
|
|-weather|Sandstorm|[upkeep]
|-heal|p1a: Forretress|67/100|[from] item: Leftovers
|upkeep
|turn|46
|
|t:|1728756631
|move|p1a: Forretress|Spikes|p2a: Jirachi
|-sidestart|p2: Faantome|Spikes
|move|p2a: Jirachi|Fire Punch|p1a: Forretress
|-supereffective|p1a: Forretress
|-damage|p1a: Forretress|6/100
|
|-weather|Sandstorm|[upkeep]
|-heal|p1a: Forretress|12/100|[from] item: Leftovers
|upkeep
|turn|47
|
|t:|1728756639
|move|p1a: Forretress|Explosion|p2a: Jirachi
|-resisted|p2a: Jirachi
|-damage|p2a: Jirachi|66/100 par
|faint|p1a: Forretress
|
|t:|1728756659
|switch|p1a: Tyranitar|Tyranitar, M|100/100
|
|-weather|Sandstorm|[upkeep]
|-heal|p2a: Jirachi|72/100 par|[from] item: Leftovers
|upkeep
|turn|48
|
|t:|1728756668
|-singleturn|p1a: Tyranitar|move: Focus Punch
|switch|p2a: Salamence|Salamence, F|100/100
|-ability|p2a: Salamence|Intimidate|boost
|-unboost|p1a: Tyranitar|atk|1
|move|p1a: Tyranitar|Focus Punch|p2a: Salamence
|-resisted|p2a: Salamence
|-damage|p2a: Salamence|71/100
|
|-weather|Sandstorm|[upkeep]
|-damage|p2a: Salamence|65/100|[from] Sandstorm
|-heal|p2a: Salamence|71/100|[from] item: Leftovers
|upkeep
|turn|49
|inactive|Faantome has 270 seconds left.
|
|t:|1728756703
|switch|p1a: Blissey|Blissey, F|79/100
|move|p2a: Salamence|Brick Break|p1a: Blissey
|-supereffective|p1a: Blissey
|-damage|p1a: Blissey|33/100
|
|-weather|Sandstorm|[upkeep]
|-damage|p2a: Salamence|65/100|[from] Sandstorm
|-damage|p1a: Blissey|27/100|[from] Sandstorm
|-heal|p2a: Salamence|71/100|[from] item: Leftovers
|-heal|p1a: Blissey|33/100|[from] item: Leftovers
|upkeep
|turn|50
|
|t:|1728756719
|move|p2a: Salamence|Brick Break|p1a: Blissey
|-supereffective|p1a: Blissey
|-damage|p1a: Blissey|0 fnt
|faint|p1a: Blissey
|
|t:|1728756723
|switch|p1a: Salamence|Salamence, M|88/100
|-ability|p1a: Salamence|Intimidate|boost
|-unboost|p2a: Salamence|atk|1
|
|-weather|Sandstorm|[upkeep]
|-damage|p1a: Salamence|82/100|[from] Sandstorm
|-damage|p2a: Salamence|65/100|[from] Sandstorm
|-heal|p2a: Salamence|71/100|[from] item: Leftovers
|upkeep
|turn|51
|inactive|Faantome has 270 seconds left.
|
|t:|1728756745
|move|p1a: Salamence|Rock Slide|p2a: Salamence
|-supereffective|p2a: Salamence
|-damage|p2a: Salamence|0 fnt
|faint|p2a: Salamence
|
|t:|1728756758
|switch|p2a: Jirachi|Jirachi|72/100 par
|-damage|p2a: Jirachi|56/100 par|[from] Spikes
|
|-weather|Sandstorm|[upkeep]
|-damage|p1a: Salamence|76/100|[from] Sandstorm
|-heal|p2a: Jirachi|62/100 par|[from] item: Leftovers
|upkeep
|turn|52
|
|t:|1728756767
|switch|p1a: Tyranitar|Tyranitar, M|100/100
|move|p2a: Jirachi|Wish|p2a: Jirachi
|
|-weather|Sandstorm|[upkeep]
|-heal|p2a: Jirachi|68/100 par|[from] item: Leftovers
|upkeep
|turn|53
|
|t:|1728756773
|-singleturn|p1a: Tyranitar|move: Focus Punch
|move|p2a: Jirachi|Fire Punch|p1a: Tyranitar
|-resisted|p1a: Tyranitar
|-damage|p1a: Tyranitar|93/100
|move|p1a: Tyranitar|Focus Punch||[still]
|cant|p1a: Tyranitar|Focus Punch|Focus Punch
|
|-heal|p2a: Jirachi|100/100 par|[from] move: Wish|[wisher] Jirachi
|-weather|Sandstorm|[upkeep]
|upkeep
|turn|54
|
|t:|1728756783
|-singleturn|p1a: Tyranitar|move: Focus Punch
|move|p2a: Jirachi|Fire Punch|p1a: Tyranitar
|-resisted|p1a: Tyranitar
|-damage|p1a: Tyranitar|84/100
|move|p1a: Tyranitar|Focus Punch||[still]
|cant|p1a: Tyranitar|Focus Punch|Focus Punch
|
|-weather|Sandstorm|[upkeep]
|upkeep
|turn|55
|
|t:|1728756792
|-singleturn|p1a: Tyranitar|move: Focus Punch
|move|p2a: Jirachi|Fire Punch|p1a: Tyranitar
|-resisted|p1a: Tyranitar
|-damage|p1a: Tyranitar|76/100
|move|p1a: Tyranitar|Focus Punch||[still]
|cant|p1a: Tyranitar|Focus Punch|Focus Punch
|
|-weather|Sandstorm|[upkeep]
|upkeep
|turn|56
|
|t:|1728756802
|-singleturn|p1a: Tyranitar|move: Focus Punch
|move|p2a: Jirachi|Fire Punch|p1a: Tyranitar
|-resisted|p1a: Tyranitar
|-damage|p1a: Tyranitar|68/100
|-status|p1a: Tyranitar|brn
|move|p1a: Tyranitar|Focus Punch||[still]
|cant|p1a: Tyranitar|Focus Punch|Focus Punch
|
|-weather|Sandstorm|[upkeep]
|-damage|p1a: Tyranitar|55/100 brn|[from] brn
|upkeep
|turn|57
|c|☆Faantome|we're gaming folks
|
|t:|1728756819
|-singleturn|p1a: Tyranitar|move: Focus Punch
|cant|p2a: Jirachi|par
|move|p1a: Tyranitar|Focus Punch|p2a: Jirachi
|-damage|p2a: Jirachi|72/100 par
|
|-weather|Sandstorm|[upkeep]
|-damage|p1a: Tyranitar|43/100 brn|[from] brn
|-heal|p2a: Jirachi|78/100 par|[from] item: Leftovers
|upkeep
|turn|58
|
|t:|1728756828
|switch|p1a: Salamence|Salamence, M|76/100
|-ability|p1a: Salamence|Intimidate|boost
|-unboost|p2a: Jirachi|atk|1
|move|p2a: Jirachi|Wish|p2a: Jirachi
|
|-weather|Sandstorm|[upkeep]
|-damage|p1a: Salamence|70/100|[from] Sandstorm
|-heal|p2a: Jirachi|84/100 par|[from] item: Leftovers
|upkeep
|turn|59
|
|t:|1728756843
|move|p1a: Salamence|Rock Slide|p2a: Jirachi
|-resisted|p2a: Jirachi
|-damage|p2a: Jirachi|69/100 par
|cant|p2a: Jirachi|flinch
|
|-heal|p2a: Jirachi|100/100 par|[from] move: Wish|[wisher] Jirachi
|-weather|Sandstorm|[upkeep]
|-damage|p1a: Salamence|64/100|[from] Sandstorm
|upkeep
|turn|60
|
|t:|1728756853
|switch|p1a: Tyranitar|Tyranitar, M|43/100 brn
|cant|p2a: Jirachi|par
|
|-weather|Sandstorm|[upkeep]
|-damage|p1a: Tyranitar|31/100 brn|[from] brn
|upkeep
|turn|61
|c|☆BillGatesAlt|gg
|c|☆Faantome|gg
|-message|BillGatesAlt forfeited.
|
|win|Faantome
|player|p1|
|player|p1|BillGatesAlt|clown|
|player|p1|
|player|p1|BillGatesAlt|clown|
|player|p1|

</script>
<script type="application/json" class="data" id="replaydata-smogtours-gen3ou-797629">
{"id":"smogtours-gen3ou-797629","format":"[Gen 3] OU","players":["BillGatesAlt","Faantome"],"uploadtime":1728756874,"views":92,"formatid":"gen3ou","rating":null,"private":0,"password":null}
</script>

<script defer src="js/replays.js?9d40a366"></script>
