<!DOCTYPE html>
<meta charset="utf-8" />
<meta name="viewport" content="width=device-width" />

<title>[Gen 3] OU: violet river vs. ADV Fella - Replays - Pok&eacute;mon Showdown!</title>

<meta name="description" content="Watch a replay of a Pok&eacute;mon battle between violet river and ADV Fella! Format: [Gen 3] OU; Date: Oct 29, 2024" />
<!--

Hey, you! Looking in the source for the replay log?

You can find them in JSON format, just add `.json` at the end of a replay URL.

https://replay.pokemonshowdown.com/gen7randomdoublesbattle-865046831.json

Or, if you only need the log itself, add `.log` instead:

https://replay.pokemonshowdown.com/gen7randomdoublesbattle-865046831.log

-->

<link rel="stylesheet" href="//pokemonshowdown.com/style/global.css?0.023195364461161105" />
<link rel="stylesheet" href="//play.pokemonshowdown.com/style/font-awesome.css?0.13261647063804238" />
<link rel="stylesheet" href="//play.pokemonshowdown.com/style/battle.css?0.8753245789963631" />
<link rel="stylesheet" href="//play.pokemonshowdown.com/style/utilichart.css?0.8627959624976733" />

<!-- Global site tag (gtag.js) - Google Analytics -->
<script async src="https://www.googletagmanager.com/gtag/js?id=UA-26211653-1"></script>
<script>
  window.dataLayer = window.dataLayer || [];
  function gtag(){dataLayer.push(arguments);}
  gtag('js', new Date());

  gtag('config', 'UA-26211653-1');
</script>
<!-- End Google Analytics -->
<!-- Venatus Ad Manager - Install in <HEAD> of page -->
	<script src="https://hb.vntsm.com/v3/live/ad-manager.min.js" type="text/javascript" data-site-id="642aba63ec9a7b11c3c9c1be" data-mode="scan" async></script>
<!-- / Venatus Ad Manager -->

<style>
	@media (max-width:820px) {
		.battle {
			margin: 0 auto;
		}
		.battle-log {
			margin: 7px auto 0;
			max-width: 640px;
			height: 300px;
			position: static;
		}
	}
	.optgroup {
		display: inline-block;
		line-height: 22px;
		font-size: 10pt;
	}
	.optgroup .button {
		height: 25px;
		padding-top: 0;
		padding-bottom: 0;
	}
	.optgroup button.button {
		padding-left: 12px;
		padding-right: 12px;
	}
	.linklist {
		list-style: none;
		margin: 0.5em 0;
		padding: 0;
	}
	.linklist li {
		padding: 2px 0;
	}
	.sidebar {
		float: left;
		width: 320px;
	}
	.bar-wrapper {
		max-width: 1100px;
		margin: 0 auto;
	}
	.bar-wrapper.has-sidebar {
		max-width: 1430px;
	}
	.mainbar {
		margin: 0;
		padding-right: 1px;
	}
	.mainbar.has-sidebar {
		margin-left: 330px;
	}
	@media (min-width: 1511px) {
		.sidebar {
			width: 400px;
		}
		.bar-wrapper.has-sidebar {
			max-width: 1510px;
		}
		.mainbar.has-sidebar {
			margin-left: 410px;
		}
	}
	.section.first-section {
		margin-top: 9px;
	}
	.blocklink small {
		white-space: normal;
	}
	.button {
		vertical-align: middle;
	}
	.replay-controls {
		padding-top: 10px;
	}
	.replay-controls h1 {
		font-size: 16pt;
		font-weight: normal;
		color: #CCC;
	}
	.pagelink {
		text-align: center;
	}
	.pagelink a {
		width: 150px;
	}
	.textbox, .button {
		font-size: 11pt;
		vertical-align: middle;
	}
	@media (max-width: 450px) {
		.button {
			font-size: 9pt;
		}
	}
</style>

<div>

	<header>
		<div class="nav-wrapper"><ul class="nav">
			<li><a class="button nav-first" href="//pokemonshowdown.com/"><img src="//pokemonshowdown.com/images/pokemonshowdownbeta.png" srcset="//pokemonshowdown.com/images/pokemonshowdownbeta.png 1x, //pokemonshowdown.com/images/pokemonshowdownbeta@2x.png 2x" alt="Pok&eacute;mon Showdown" width="146" height="44" /> Home</a></li>
			<li><a class="button" href="//pokemonshowdown.com/dex/">Pok&eacute;dex</a></li>
			<li><a class="button cur" href="/">Replays</a></li>
			<li><a class="button" href="//pokemonshowdown.com/ladder/">Ladder</a></li>
			<li><a class="button nav-last" href="//pokemonshowdown.com/forums/">Forum</a></li>
			<li><a class="button greenbutton nav-first nav-last" href="//play.pokemonshowdown.com/">Play</a></li>
		</ul></div>
	</header>

	<div class="main" id="main">

		<noscript><section class="section">You need to enable JavaScript to use this page; sorry!</section></noscript>

	</div>

</div>

<script defer nomodule src="//play.pokemonshowdown.com/js/lib/ps-polyfill.js"></script>
<script defer src="//play.pokemonshowdown.com/js/lib/preact.min.js"></script>

<script defer src="//play.pokemonshowdown.com/config/config.js?2bddbc15"></script>
<script defer src="//play.pokemonshowdown.com/js/lib/jquery-1.11.0.min.js"></script>
<script defer src="//play.pokemonshowdown.com/js/lib/html-sanitizer-minified.js"></script>
<script defer src="//play.pokemonshowdown.com/js/battle-sound.js"></script>
<script defer src="//play.pokemonshowdown.com/js/battledata.js?0.7209276989879541"></script>
<script defer src="//play.pokemonshowdown.com/data/pokedex-mini.js?0.6111056340867951"></script>
<script defer src="//play.pokemonshowdown.com/data/pokedex-mini-bw.js?0.3532142036491459"></script>
<script defer src="//play.pokemonshowdown.com/data/graphics.js?0.24223875632456182"></script>
<script defer src="//play.pokemonshowdown.com/data/pokedex.js?0.38839984266356864"></script>
<script defer src="//play.pokemonshowdown.com/data/moves.js?0.21866028504024015"></script>
<script defer src="//play.pokemonshowdown.com/data/abilities.js?0.2005157953846628"></script>
<script defer src="//play.pokemonshowdown.com/data/items.js?0.9894211263848525"></script>
<script defer src="//play.pokemonshowdown.com/data/teambuilder-tables.js?0.6008791140282215"></script>
<script defer src="//play.pokemonshowdown.com/js/battle-tooltips.js?0.7580118955022959"></script>
<script defer src="//play.pokemonshowdown.com/js/battle.js?0.6057722274234274"></script>

<script defer src="js/utils.js?e31f9a17"></script>
<script defer src="js/replays-battle.js?7008c182"></script>

<!-- don't scrape this data! just add .json or .log after the URL!
Full API docs: https://github.com/smogon/pokemon-showdown-client/blob/master/WEB-API.md -->
<script type="text/plain" class="log" id="replaylog-smogtours-gen3ou-803228">
|inactive|Battle timer is ON: inactive players will automatically lose when time's up.
|t:|1730185026
|gametype|singles
|player|p1|violet river|jasmine-masters2|
|player|p2|ADV Fella|blackbelt-gen4dp|
|teamsize|p1|6
|teamsize|p2|6
|gen|3
|tier|[Gen 3] OU
|rule|Sleep Clause Mod: Limit one foe put to sleep
|rule|Switch Priority Clause Mod: Faster Pokémon switch first
|rule|Species Clause: Limit one of each Pokémon
|rule|OHKO Clause: OHKO moves are banned
|rule|Evasion Items Clause: Evasion items are banned
|rule|Evasion Moves Clause: Evasion moves are banned
|rule|Endless Battle Clause: Forcing endless battles is banned
|rule|HP Percentage Mod: HP is shown in percentages
|rule|One Boost Passer Clause: Limit one Baton Passer that has a way to boost its stats
|rule|Freeze Clause Mod: Limit one foe frozen
|
|t:|1730185026
|start
|switch|p1a: Swampert|Swampert, F|100/100
|switch|p2a: Hitmontop|Hitmontop, M, shiny|100/100
|-ability|p2a: Hitmontop|Intimidate|boost
|-unboost|p1a: Swampert|atk|1
|turn|1
|c|☆violet river|hf
|
|t:|1730185036
|move|p2a: Hitmontop|Toxic|p1a: Swampert
|-status|p1a: Swampert|tox
|move|p1a: Swampert|Hydro Pump|p2a: Hitmontop|[miss]
|-miss|p1a: Swampert|p2a: Hitmontop
|
|-damage|p1a: Swampert|94/100 tox|[from] psn
|upkeep
|turn|2
|c|☆ADV Fella|Thank you, you too!
|
|t:|1730185046
|switch|p1a: Jirachi|Jirachi|100/100
|move|p2a: Hitmontop|Protect||[still]
|-fail|p2a: Hitmontop
|
|upkeep
|turn|3
|
|t:|1730185063
|switch|p1a: Swampert|Swampert, F|94/100 tox
|switch|p2a: Snorlax|Snorlax, F|100/100
|
|-heal|p1a: Swampert|100/100 tox|[from] item: Leftovers
|-damage|p1a: Swampert|94/100 tox|[from] psn
|upkeep
|turn|4
|
|t:|1730185067
|switch|p2a: Gyarados|Gyarados, M, shiny|100/100
|-ability|p2a: Gyarados|Intimidate|boost
|-unboost|p1a: Swampert|atk|1
|move|p1a: Swampert|Earthquake|p2a: Gyarados
|-immune|p2a: Gyarados
|
|-heal|p1a: Swampert|100/100 tox|[from] item: Leftovers
|-damage|p1a: Swampert|88/100 tox|[from] psn
|upkeep
|turn|5
|
|t:|1730185073
|switch|p1a: Tyranitar|Tyranitar, F|100/100
|-weather|Sandstorm|[from] ability: Sand Stream|[of] p1a: Tyranitar
|move|p2a: Gyarados|Dragon Dance|p2a: Gyarados
|-boost|p2a: Gyarados|atk|1
|-boost|p2a: Gyarados|spe|1
|
|-weather|Sandstorm|[upkeep]
|-damage|p2a: Gyarados|94/100|[from] Sandstorm
|-heal|p2a: Gyarados|100/100|[from] item: Leftovers
|upkeep
|turn|6
|
|t:|1730185083
|switch|p2a: Hitmontop|Hitmontop, M, shiny|100/100
|-ability|p2a: Hitmontop|Intimidate|boost
|-unboost|p1a: Tyranitar|atk|1
|move|p1a: Tyranitar|Counter|p2a: Hitmontop
|
|-weather|Sandstorm|[upkeep]
|-damage|p2a: Hitmontop|94/100|[from] Sandstorm
|-heal|p2a: Hitmontop|100/100|[from] item: Leftovers
|upkeep
|turn|7
|
|t:|1730185092
|switch|p1a: Swampert|Swampert, F|88/100 tox
|move|p2a: Hitmontop|Brick Break|p1a: Swampert
|-damage|p1a: Swampert|56/100 tox
|
|-weather|Sandstorm|[upkeep]
|-damage|p2a: Hitmontop|94/100|[from] Sandstorm
|-heal|p2a: Hitmontop|100/100|[from] item: Leftovers
|-heal|p1a: Swampert|62/100 tox|[from] item: Leftovers
|-damage|p1a: Swampert|56/100 tox|[from] psn
|upkeep
|turn|8
|
|t:|1730185102
|move|p2a: Hitmontop|Protect|p2a: Hitmontop
|-singleturn|p2a: Hitmontop|Protect
|move|p1a: Swampert|Hydro Pump|p2a: Hitmontop
|-activate|p2a: Hitmontop|Protect
|
|-weather|Sandstorm|[upkeep]
|-damage|p2a: Hitmontop|94/100|[from] Sandstorm
|-heal|p2a: Hitmontop|100/100|[from] item: Leftovers
|-heal|p1a: Swampert|62/100 tox|[from] item: Leftovers
|-damage|p1a: Swampert|50/100 tox|[from] psn
|upkeep
|turn|9
|
|t:|1730185114
|switch|p2a: Gyarados|Gyarados, M, shiny|100/100
|-ability|p2a: Gyarados|Intimidate|boost
|-unboost|p1a: Swampert|atk|1
|move|p1a: Swampert|Hydro Pump|p2a: Gyarados
|-resisted|p2a: Gyarados
|-damage|p2a: Gyarados|78/100
|
|-weather|Sandstorm|[upkeep]
|-damage|p2a: Gyarados|72/100|[from] Sandstorm
|-heal|p2a: Gyarados|78/100|[from] item: Leftovers
|-heal|p1a: Swampert|56/100 tox|[from] item: Leftovers
|-damage|p1a: Swampert|37/100 tox|[from] psn
|upkeep
|turn|10
|
|t:|1730185122
|switch|p1a: Tyranitar|Tyranitar, F|100/100
|move|p2a: Gyarados|Toxic|p1a: Tyranitar
|-status|p1a: Tyranitar|tox
|
|-weather|Sandstorm|[upkeep]
|-damage|p2a: Gyarados|72/100|[from] Sandstorm
|-heal|p2a: Gyarados|78/100|[from] item: Leftovers
|-damage|p1a: Tyranitar|94/100 tox|[from] psn
|upkeep
|turn|11
|c|☆violet river|crazy tech
|
|t:|1730185132
|switch|p2a: Hitmontop|Hitmontop, M, shiny|100/100
|-ability|p2a: Hitmontop|Intimidate|boost
|-unboost|p1a: Tyranitar|atk|1
|move|p1a: Tyranitar|Rock Slide|p2a: Hitmontop
|-resisted|p2a: Hitmontop
|-crit|p2a: Hitmontop
|-damage|p2a: Hitmontop|52/100
|
|-weather|Sandstorm|[upkeep]
|-damage|p2a: Hitmontop|46/100|[from] Sandstorm
|-heal|p1a: Tyranitar|100/100 tox|[from] item: Leftovers
|-damage|p1a: Tyranitar|88/100 tox|[from] psn
|-heal|p2a: Hitmontop|52/100|[from] item: Leftovers
|upkeep
|turn|12
|
|t:|1730185139
|switch|p1a: Jirachi|Jirachi|100/100
|move|p2a: Hitmontop|Brick Break|p1a: Jirachi
|-damage|p1a: Jirachi|70/100
|
|-weather|Sandstorm|[upkeep]
|-damage|p2a: Hitmontop|46/100|[from] Sandstorm
|-heal|p1a: Jirachi|76/100|[from] item: Leftovers
|-heal|p2a: Hitmontop|52/100|[from] item: Leftovers
|upkeep
|turn|13
|
|t:|1730185152
|switch|p2a: Snorlax|Snorlax, F|100/100
|move|p1a: Jirachi|Psychic|p2a: Snorlax
|-damage|p2a: Snorlax|80/100
|
|-weather|Sandstorm|[upkeep]
|-damage|p2a: Snorlax|74/100|[from] Sandstorm
|-heal|p1a: Jirachi|82/100|[from] item: Leftovers
|-heal|p2a: Snorlax|80/100|[from] item: Leftovers
|upkeep
|turn|14
|
|t:|1730185158
|switch|p1a: Tyranitar|Tyranitar, F|88/100 tox
|move|p2a: Snorlax|Earthquake|p1a: Tyranitar
|-supereffective|p1a: Tyranitar
|-damage|p1a: Tyranitar|45/100 tox
|
|-weather|Sandstorm|[upkeep]
|-damage|p2a: Snorlax|74/100|[from] Sandstorm
|-heal|p1a: Tyranitar|51/100 tox|[from] item: Leftovers
|-damage|p1a: Tyranitar|45/100 tox|[from] psn
|-heal|p2a: Snorlax|80/100|[from] item: Leftovers
|upkeep
|turn|15
|
|t:|1730185174
|switch|p2a: Hitmontop|Hitmontop, M, shiny|52/100
|-ability|p2a: Hitmontop|Intimidate|boost
|-unboost|p1a: Tyranitar|atk|1
|move|p1a: Tyranitar|Earthquake|p2a: Hitmontop
|-damage|p2a: Hitmontop|23/100
|
|-weather|Sandstorm|[upkeep]
|-damage|p2a: Hitmontop|17/100|[from] Sandstorm
|-heal|p1a: Tyranitar|51/100 tox|[from] item: Leftovers
|-damage|p1a: Tyranitar|39/100 tox|[from] psn
|-heal|p2a: Hitmontop|23/100|[from] item: Leftovers
|upkeep
|turn|16
|
|t:|1730185180
|move|p1a: Tyranitar|Earthquake|p2a: Hitmontop
|-damage|p2a: Hitmontop|0 fnt
|faint|p2a: Hitmontop
|
|t:|1730185184
|switch|p2a: Gyarados|Gyarados, M, shiny|78/100
|-ability|p2a: Gyarados|Intimidate|boost
|-unboost|p1a: Tyranitar|atk|1
|
|-weather|Sandstorm|[upkeep]
|-damage|p2a: Gyarados|72/100|[from] Sandstorm
|-heal|p2a: Gyarados|78/100|[from] item: Leftovers
|-heal|p1a: Tyranitar|45/100 tox|[from] item: Leftovers
|-damage|p1a: Tyranitar|26/100 tox|[from] psn
|upkeep
|turn|17
|
|t:|1730185189
|move|p2a: Gyarados|Earthquake|p1a: Tyranitar
|-supereffective|p1a: Tyranitar
|-damage|p1a: Tyranitar|0 fnt
|faint|p1a: Tyranitar
|
|t:|1730185191
|switch|p1a: Jolteon|Jolteon, M|100/100
|
|-weather|Sandstorm|[upkeep]
|-damage|p1a: Jolteon|94/100|[from] Sandstorm
|-damage|p2a: Gyarados|72/100|[from] Sandstorm
|-heal|p1a: Jolteon|100/100|[from] item: Leftovers
|-heal|p2a: Gyarados|78/100|[from] item: Leftovers
|upkeep
|turn|18
|
|t:|1730185195
|switch|p2a: Steelix|Steelix, M|100/100
|move|p1a: Jolteon|Thunderbolt|p2a: Steelix
|-immune|p2a: Steelix
|
|-weather|Sandstorm|[upkeep]
|-damage|p1a: Jolteon|94/100|[from] Sandstorm
|-heal|p1a: Jolteon|100/100|[from] item: Leftovers
|upkeep
|turn|19
|
|t:|1730185208
|move|p1a: Jolteon|Substitute|p1a: Jolteon
|-start|p1a: Jolteon|Substitute
|-damage|p1a: Jolteon|76/100
|move|p2a: Steelix|Earthquake|p1a: Jolteon
|-supereffective|p1a: Jolteon
|-end|p1a: Jolteon|Substitute
|
|-weather|Sandstorm|[upkeep]
|-damage|p1a: Jolteon|69/100|[from] Sandstorm
|-heal|p1a: Jolteon|76/100|[from] item: Leftovers
|upkeep
|turn|20
|
|t:|1730185211
|move|p1a: Jolteon|Baton Pass|p1a: Jolteon
|c|☆violet river|dude why am i getting owned by this
|
|t:|1730185219
|switch|p1a: Swampert|Swampert, F|37/100 tox|[from] Baton Pass
|move|p2a: Steelix|Earthquake|p1a: Swampert
|-damage|p1a: Swampert|7/100 tox
|
|-weather|Sandstorm|[upkeep]
|-heal|p1a: Swampert|14/100 tox|[from] item: Leftovers
|-damage|p1a: Swampert|7/100 tox|[from] psn
|upkeep
|turn|21
|
|t:|1730185228
|switch|p2a: Gyarados|Gyarados, M, shiny|78/100
|-ability|p2a: Gyarados|Intimidate|boost
|-unboost|p1a: Swampert|atk|1
|move|p1a: Swampert|Hydro Pump|p2a: Gyarados
|-resisted|p2a: Gyarados
|-damage|p2a: Gyarados|45/100
|
|-weather|Sandstorm|[upkeep]
|-damage|p2a: Gyarados|39/100|[from] Sandstorm
|-heal|p2a: Gyarados|45/100|[from] item: Leftovers
|-heal|p1a: Swampert|14/100 tox|[from] item: Leftovers
|-damage|p1a: Swampert|1/100 tox|[from] psn
|upkeep
|turn|22
|
|t:|1730185238
|move|p2a: Gyarados|Earthquake|p1a: Swampert
|-damage|p1a: Swampert|0 fnt
|faint|p1a: Swampert
|
|t:|1730185242
|switch|p1a: Jolteon|Jolteon, M|76/100
|
|-weather|Sandstorm|[upkeep]
|-damage|p1a: Jolteon|69/100|[from] Sandstorm
|-damage|p2a: Gyarados|39/100|[from] Sandstorm
|-heal|p1a: Jolteon|76/100|[from] item: Leftovers
|-heal|p2a: Gyarados|45/100|[from] item: Leftovers
|upkeep
|turn|23
|
|t:|1730185246
|switch|p2a: Steelix|Steelix, M|100/100
|move|p1a: Jolteon|Substitute|p1a: Jolteon
|-start|p1a: Jolteon|Substitute
|-damage|p1a: Jolteon|51/100
|
|-weather|Sandstorm|[upkeep]
|-damage|p1a: Jolteon|44/100|[from] Sandstorm
|-heal|p1a: Jolteon|51/100|[from] item: Leftovers
|upkeep
|turn|24
|
|t:|1730185250
|move|p1a: Jolteon|Baton Pass|p1a: Jolteon
|
|t:|1730185252
|switch|p1a: Charizard|Charizard, F|100/100|[from] Baton Pass
|move|p2a: Steelix|Roar|p1a: Charizard
|drag|p1a: Celebi|Celebi|100/100
|
|-weather|Sandstorm|[upkeep]
|-damage|p1a: Celebi|94/100|[from] Sandstorm
|-heal|p1a: Celebi|100/100|[from] item: Leftovers
|upkeep
|turn|25
|
|t:|1730185263
|switch|p2a: Umbreon|Umbreon, F, shiny|100/100
|move|p1a: Celebi|Calm Mind|p1a: Celebi
|-boost|p1a: Celebi|spa|1
|-boost|p1a: Celebi|spd|1
|
|-weather|Sandstorm|[upkeep]
|-damage|p1a: Celebi|94/100|[from] Sandstorm
|-damage|p2a: Umbreon|94/100|[from] Sandstorm
|-heal|p1a: Celebi|100/100|[from] item: Leftovers
|-heal|p2a: Umbreon|100/100|[from] item: Leftovers
|upkeep
|turn|26
|
|t:|1730185269
|move|p1a: Celebi|Calm Mind|p1a: Celebi
|-boost|p1a: Celebi|spa|1
|-boost|p1a: Celebi|spd|1
|move|p2a: Umbreon|Wish|p2a: Umbreon
|
|-weather|Sandstorm|[upkeep]
|-damage|p1a: Celebi|94/100|[from] Sandstorm
|-damage|p2a: Umbreon|94/100|[from] Sandstorm
|-heal|p1a: Celebi|100/100|[from] item: Leftovers
|-heal|p2a: Umbreon|100/100|[from] item: Leftovers
|upkeep
|turn|27
|
|t:|1730185274
|switch|p2a: Gyarados|Gyarados, M, shiny|45/100
|-ability|p2a: Gyarados|Intimidate|boost
|-unboost|p1a: Celebi|atk|1
|move|p1a: Celebi|Calm Mind|p1a: Celebi
|-boost|p1a: Celebi|spa|1
|-boost|p1a: Celebi|spd|1
|
|-heal|p2a: Gyarados|95/100|[from] move: Wish|[wisher] Umbreon
|-weather|Sandstorm|[upkeep]
|-damage|p1a: Celebi|94/100|[from] Sandstorm
|-damage|p2a: Gyarados|89/100|[from] Sandstorm
|-heal|p1a: Celebi|100/100|[from] item: Leftovers
|-heal|p2a: Gyarados|95/100|[from] item: Leftovers
|upkeep
|turn|28
|
|t:|1730185279
|move|p1a: Celebi|Psychic|p2a: Gyarados
|-damage|p2a: Gyarados|19/100
|move|p2a: Gyarados|Hidden Power|p1a: Celebi
|-supereffective|p1a: Celebi
|-damage|p1a: Celebi|47/100
|
|-weather|Sandstorm|[upkeep]
|-damage|p1a: Celebi|40/100|[from] Sandstorm
|-damage|p2a: Gyarados|13/100|[from] Sandstorm
|-heal|p1a: Celebi|47/100|[from] item: Leftovers
|-heal|p2a: Gyarados|19/100|[from] item: Leftovers
|upkeep
|turn|29
|
|t:|1730185284
|switch|p2a: Umbreon|Umbreon, F, shiny|100/100
|move|p1a: Celebi|Psychic|p2a: Umbreon
|-immune|p2a: Umbreon
|
|-weather|Sandstorm|[upkeep]
|-damage|p1a: Celebi|40/100|[from] Sandstorm
|-damage|p2a: Umbreon|94/100|[from] Sandstorm
|-heal|p1a: Celebi|47/100|[from] item: Leftovers
|-heal|p2a: Umbreon|100/100|[from] item: Leftovers
|upkeep
|turn|30
|
|t:|1730185301
|move|p1a: Celebi|Baton Pass|p1a: Celebi
|
|t:|1730185302
|switch|p1a: Jirachi|Jirachi|82/100|[from] Baton Pass
|move|p2a: Umbreon|Toxic|p1a: Jirachi
|-immune|p1a: Jirachi
|
|-weather|Sandstorm|[upkeep]
|-damage|p2a: Umbreon|94/100|[from] Sandstorm
|-heal|p1a: Jirachi|89/100|[from] item: Leftovers
|-heal|p2a: Umbreon|100/100|[from] item: Leftovers
|upkeep
|turn|31
|
|t:|1730185315
|switch|p2a: Steelix|Steelix, M|100/100
|move|p1a: Jirachi|Calm Mind|p1a: Jirachi
|-boost|p1a: Jirachi|spa|1
|-boost|p1a: Jirachi|spd|1
|
|-weather|Sandstorm|[upkeep]
|-heal|p1a: Jirachi|95/100|[from] item: Leftovers
|upkeep
|turn|32
|
|t:|1730185319
|move|p1a: Jirachi|Fire Punch|p2a: Steelix
|-supereffective|p2a: Steelix
|-damage|p2a: Steelix|0 fnt
|faint|p2a: Steelix
|c|☆ADV Fella|Gg
|c|☆violet river|gg
|-message|ADV Fella forfeited.
|
|win|violet river
|c|☆violet river|u were cooking tf out of me

</script>
<script type="application/json" class="data" id="replaydata-smogtours-gen3ou-803228">
{"id":"smogtours-gen3ou-803228","format":"[Gen 3] OU","players":["violet river","ADV Fella"],"uploadtime":1730185328,"views":106,"formatid":"gen3ou","rating":null,"private":0,"password":null}
</script>

<script defer src="js/replays.js?9d40a366"></script>
