<!DOCTYPE html>
<meta charset="utf-8" />
<meta name="viewport" content="width=device-width" />

<title>[Gen 3] OU: themessiah1 vs. Scurrying Snail - Replays - Pok&eacute;mon Showdown!</title>

<meta name="description" content="Watch a replay of a Pok&eacute;mon battle between themessiah1 and Scurrying Snail! Format: [Gen 3] OU; Date: Oct 9, 2024" />
<!--

Hey, you! Looking in the source for the replay log?

You can find them in JSON format, just add `.json` at the end of a replay URL.

https://replay.pokemonshowdown.com/gen7randomdoublesbattle-865046831.json

Or, if you only need the log itself, add `.log` instead:

https://replay.pokemonshowdown.com/gen7randomdoublesbattle-865046831.log

-->

<link rel="stylesheet" href="//pokemonshowdown.com/style/global.css?0.023195364461161105" />
<link rel="stylesheet" href="//play.pokemonshowdown.com/style/font-awesome.css?0.13261647063804238" />
<link rel="stylesheet" href="//play.pokemonshowdown.com/style/battle.css?0.8753245789963631" />
<link rel="stylesheet" href="//play.pokemonshowdown.com/style/utilichart.css?0.8627959624976733" />

<!-- Global site tag (gtag.js) - Google Analytics -->
<script async src="https://www.googletagmanager.com/gtag/js?id=UA-26211653-1"></script>
<script>
  window.dataLayer = window.dataLayer || [];
  function gtag(){dataLayer.push(arguments);}
  gtag('js', new Date());

  gtag('config', 'UA-26211653-1');
</script>
<!-- End Google Analytics -->
<!-- Venatus Ad Manager - Install in <HEAD> of page -->
	<script src="https://hb.vntsm.com/v3/live/ad-manager.min.js" type="text/javascript" data-site-id="642aba63ec9a7b11c3c9c1be" data-mode="scan" async></script>
<!-- / Venatus Ad Manager -->

<style>
	@media (max-width:820px) {
		.battle {
			margin: 0 auto;
		}
		.battle-log {
			margin: 7px auto 0;
			max-width: 640px;
			height: 300px;
			position: static;
		}
	}
	.optgroup {
		display: inline-block;
		line-height: 22px;
		font-size: 10pt;
	}
	.optgroup .button {
		height: 25px;
		padding-top: 0;
		padding-bottom: 0;
	}
	.optgroup button.button {
		padding-left: 12px;
		padding-right: 12px;
	}
	.linklist {
		list-style: none;
		margin: 0.5em 0;
		padding: 0;
	}
	.linklist li {
		padding: 2px 0;
	}
	.sidebar {
		float: left;
		width: 320px;
	}
	.bar-wrapper {
		max-width: 1100px;
		margin: 0 auto;
	}
	.bar-wrapper.has-sidebar {
		max-width: 1430px;
	}
	.mainbar {
		margin: 0;
		padding-right: 1px;
	}
	.mainbar.has-sidebar {
		margin-left: 330px;
	}
	@media (min-width: 1511px) {
		.sidebar {
			width: 400px;
		}
		.bar-wrapper.has-sidebar {
			max-width: 1510px;
		}
		.mainbar.has-sidebar {
			margin-left: 410px;
		}
	}
	.section.first-section {
		margin-top: 9px;
	}
	.blocklink small {
		white-space: normal;
	}
	.button {
		vertical-align: middle;
	}
	.replay-controls {
		padding-top: 10px;
	}
	.replay-controls h1 {
		font-size: 16pt;
		font-weight: normal;
		color: #CCC;
	}
	.pagelink {
		text-align: center;
	}
	.pagelink a {
		width: 150px;
	}
	.textbox, .button {
		font-size: 11pt;
		vertical-align: middle;
	}
	@media (max-width: 450px) {
		.button {
			font-size: 9pt;
		}
	}
</style>

<div>

	<header>
		<div class="nav-wrapper"><ul class="nav">
			<li><a class="button nav-first" href="//pokemonshowdown.com/"><img src="//pokemonshowdown.com/images/pokemonshowdownbeta.png" srcset="//pokemonshowdown.com/images/pokemonshowdownbeta.png 1x, //pokemonshowdown.com/images/pokemonshowdownbeta@2x.png 2x" alt="Pok&eacute;mon Showdown" width="146" height="44" /> Home</a></li>
			<li><a class="button" href="//pokemonshowdown.com/dex/">Pok&eacute;dex</a></li>
			<li><a class="button cur" href="/">Replays</a></li>
			<li><a class="button" href="//pokemonshowdown.com/ladder/">Ladder</a></li>
			<li><a class="button nav-last" href="//pokemonshowdown.com/forums/">Forum</a></li>
			<li><a class="button greenbutton nav-first nav-last" href="//play.pokemonshowdown.com/">Play</a></li>
		</ul></div>
	</header>

	<div class="main" id="main">

		<noscript><section class="section">You need to enable JavaScript to use this page; sorry!</section></noscript>

	</div>

</div>

<script defer nomodule src="//play.pokemonshowdown.com/js/lib/ps-polyfill.js"></script>
<script defer src="//play.pokemonshowdown.com/js/lib/preact.min.js"></script>

<script defer src="//play.pokemonshowdown.com/config/config.js?2bddbc15"></script>
<script defer src="//play.pokemonshowdown.com/js/lib/jquery-1.11.0.min.js"></script>
<script defer src="//play.pokemonshowdown.com/js/lib/html-sanitizer-minified.js"></script>
<script defer src="//play.pokemonshowdown.com/js/battle-sound.js"></script>
<script defer src="//play.pokemonshowdown.com/js/battledata.js?0.7209276989879541"></script>
<script defer src="//play.pokemonshowdown.com/data/pokedex-mini.js?0.6111056340867951"></script>
<script defer src="//play.pokemonshowdown.com/data/pokedex-mini-bw.js?0.3532142036491459"></script>
<script defer src="//play.pokemonshowdown.com/data/graphics.js?0.24223875632456182"></script>
<script defer src="//play.pokemonshowdown.com/data/pokedex.js?0.38839984266356864"></script>
<script defer src="//play.pokemonshowdown.com/data/moves.js?0.21866028504024015"></script>
<script defer src="//play.pokemonshowdown.com/data/abilities.js?0.2005157953846628"></script>
<script defer src="//play.pokemonshowdown.com/data/items.js?0.9894211263848525"></script>
<script defer src="//play.pokemonshowdown.com/data/teambuilder-tables.js?0.6008791140282215"></script>
<script defer src="//play.pokemonshowdown.com/js/battle-tooltips.js?0.7580118955022959"></script>
<script defer src="//play.pokemonshowdown.com/js/battle.js?0.6057722274234274"></script>

<script defer src="js/utils.js?e31f9a17"></script>
<script defer src="js/replays-battle.js?7008c182"></script>

<!-- don't scrape this data! just add .json or .log after the URL!
Full API docs: https://github.com/smogon/pokemon-showdown-client/blob/master/WEB-API.md -->
<script type="text/plain" class="log" id="replaylog-smogtours-gen3ou-796640">
|inactive|Battle timer is ON: inactive players will automatically lose when time's up.
|t:|1728489818
|gametype|singles
|player|p1|themessiah1|170|
|player|p2|Scurrying Snail|102|
|teamsize|p1|6
|teamsize|p2|6
|gen|3
|tier|[Gen 3] OU
|rule|Sleep Clause Mod: Limit one foe put to sleep
|rule|Switch Priority Clause Mod: Faster Pokémon switch first
|rule|Species Clause: Limit one of each Pokémon
|rule|OHKO Clause: OHKO moves are banned
|rule|Evasion Items Clause: Evasion items are banned
|rule|Evasion Moves Clause: Evasion moves are banned
|rule|Endless Battle Clause: Forcing endless battles is banned
|rule|HP Percentage Mod: HP is shown in percentages
|rule|One Boost Passer Clause: Limit one Baton Passer that has a way to boost its stats
|rule|Freeze Clause Mod: Limit one foe frozen
|
|t:|1728489818
|start
|switch|p1a: Tyranitar|Tyranitar, F|100/100
|switch|p2a: Trippinin da Trash|Venusaur, M|100/100
|-weather|Sandstorm|[from] ability: Sand Stream|[of] p1a: Tyranitar
|turn|1
|c|☆Scurrying Snail|gl
|c|☆themessiah1|u2
|
|t:|1728489833
|move|p2a: Trippinin da Trash|Sleep Powder|p1a: Tyranitar
|-status|p1a: Tyranitar|slp|[from] move: Sleep Powder
|-enditem|p1a: Tyranitar|Lum Berry|[eat]
|-curestatus|p1a: Tyranitar|slp|[msg]
|move|p1a: Tyranitar|Fire Blast|p2a: Trippinin da Trash
|-supereffective|p2a: Trippinin da Trash
|-damage|p2a: Trippinin da Trash|42/100
|
|-weather|Sandstorm|[upkeep]
|-damage|p2a: Trippinin da Trash|36/100|[from] Sandstorm
|-heal|p2a: Trippinin da Trash|42/100|[from] item: Leftovers
|upkeep
|turn|2
|inactive|Scurrying Snail has 270 seconds left.
|
|t:|1728489867
|move|p2a: Trippinin da Trash|Giga Drain|p1a: Tyranitar
|-supereffective|p1a: Tyranitar
|-damage|p1a: Tyranitar|54/100
|-heal|p2a: Trippinin da Trash|67/100|[from] drain|[of] p1a: Tyranitar
|move|p1a: Tyranitar|Fire Blast|p2a: Trippinin da Trash
|-supereffective|p2a: Trippinin da Trash
|-damage|p2a: Trippinin da Trash|12/100
|-status|p2a: Trippinin da Trash|brn
|
|-weather|Sandstorm|[upkeep]
|-damage|p2a: Trippinin da Trash|6/100 brn|[from] Sandstorm
|-heal|p2a: Trippinin da Trash|12/100 brn|[from] item: Leftovers
|-damage|p2a: Trippinin da Trash|0 fnt|[from] brn
|faint|p2a: Trippinin da Trash
|upkeep
|inactive|Scurrying Snail has 270 seconds left.
|
|t:|1728489885
|switch|p2a: Gn Neanderthal|Aerodactyl, F|100/100
|turn|3
|inactive|themessiah1 has 270 seconds left.
|
|t:|1728489931
|switch|p1a: Swampert|Swampert, M|100/100
|move|p2a: Gn Neanderthal|Hidden Power|p1a: Swampert
|-damage|p1a: Swampert|72/100
|
|-weather|Sandstorm|[upkeep]
|-heal|p1a: Swampert|79/100|[from] item: Leftovers
|upkeep
|turn|4
|inactive|Scurrying Snail has 270 seconds left.
|
|t:|1728489942
|-singleturn|p1a: Swampert|move: Focus Punch
|switch|p2a: Tuff Love|Skarmory, M|100/100
|move|p1a: Swampert|Focus Punch|p2a: Tuff Love
|-damage|p2a: Tuff Love|69/100
|
|-weather|Sandstorm|[upkeep]
|-heal|p2a: Tuff Love|75/100|[from] item: Leftovers
|-heal|p1a: Swampert|85/100|[from] item: Leftovers
|upkeep
|turn|5
|inactive|Scurrying Snail has 270 seconds left.
|
|t:|1728489963
|switch|p1a: Zapdos|Zapdos|100/100
|move|p2a: Tuff Love|Spikes|p1a: Zapdos
|-sidestart|p1: themessiah1|Spikes
|
|-weather|Sandstorm|[upkeep]
|-damage|p1a: Zapdos|94/100|[from] Sandstorm
|-heal|p1a: Zapdos|100/100|[from] item: Leftovers
|-heal|p2a: Tuff Love|81/100|[from] item: Leftovers
|upkeep
|turn|6
|inactive|Scurrying Snail has 270 seconds left.
|
|t:|1728489974
|switch|p2a: 40k|Metagross|100/100
|move|p1a: Zapdos|Thunderbolt|p2a: 40k
|-damage|p2a: 40k|63/100
|
|-weather|Sandstorm|[upkeep]
|-damage|p1a: Zapdos|94/100|[from] Sandstorm
|-heal|p1a: Zapdos|100/100|[from] item: Leftovers
|-heal|p2a: 40k|69/100|[from] item: Leftovers
|upkeep
|turn|7
|
|t:|1728489991
|move|p2a: 40k|Protect|p2a: 40k
|-singleturn|p2a: 40k|Protect
|move|p1a: Zapdos|Thunderbolt|p2a: 40k
|-activate|p2a: 40k|Protect
|
|-weather|Sandstorm|[upkeep]
|-damage|p1a: Zapdos|94/100|[from] Sandstorm
|-heal|p1a: Zapdos|100/100|[from] item: Leftovers
|-heal|p2a: 40k|75/100|[from] item: Leftovers
|upkeep
|turn|8
|
|t:|1728490004
|switch|p2a: Gn Neanderthal|Aerodactyl, F|100/100
|move|p1a: Zapdos|Thunderbolt|p2a: Gn Neanderthal
|-supereffective|p2a: Gn Neanderthal
|-damage|p2a: Gn Neanderthal|0 fnt
|faint|p2a: Gn Neanderthal
|
|t:|1728490009
|switch|p2a: 40k|Metagross|75/100
|
|-weather|Sandstorm|[upkeep]
|-damage|p1a: Zapdos|94/100|[from] Sandstorm
|-heal|p1a: Zapdos|100/100|[from] item: Leftovers
|-heal|p2a: 40k|81/100|[from] item: Leftovers
|upkeep
|turn|9
|
|t:|1728490016
|move|p1a: Zapdos|Thunderbolt|p2a: 40k
|-damage|p2a: 40k|45/100
|move|p2a: 40k|Meteor Mash|p1a: Zapdos
|-resisted|p1a: Zapdos
|-damage|p1a: Zapdos|67/100
|-boost|p2a: 40k|atk|1
|
|-weather|Sandstorm|[upkeep]
|-damage|p1a: Zapdos|61/100|[from] Sandstorm
|-heal|p1a: Zapdos|67/100|[from] item: Leftovers
|-heal|p2a: 40k|51/100|[from] item: Leftovers
|upkeep
|turn|10
|
|t:|1728490019
|move|p2a: 40k|Protect|p2a: 40k
|-singleturn|p2a: 40k|Protect
|move|p1a: Zapdos|Thunderbolt|p2a: 40k
|-activate|p2a: 40k|Protect
|
|-weather|Sandstorm|[upkeep]
|-damage|p1a: Zapdos|61/100|[from] Sandstorm
|-heal|p1a: Zapdos|67/100|[from] item: Leftovers
|-heal|p2a: 40k|57/100|[from] item: Leftovers
|upkeep
|turn|11
|
|t:|1728490022
|move|p1a: Zapdos|Thunderbolt|p2a: 40k
|-damage|p2a: 40k|18/100
|move|p2a: 40k|Meteor Mash|p1a: Zapdos
|-resisted|p1a: Zapdos
|-damage|p1a: Zapdos|15/100
|-boost|p2a: 40k|atk|1
|
|-weather|Sandstorm|[upkeep]
|-damage|p1a: Zapdos|9/100|[from] Sandstorm
|-heal|p1a: Zapdos|15/100|[from] item: Leftovers
|-heal|p2a: 40k|24/100|[from] item: Leftovers
|upkeep
|turn|12
|
|t:|1728490024
|move|p2a: 40k|Protect|p2a: 40k
|-singleturn|p2a: 40k|Protect
|move|p1a: Zapdos|Thunderbolt|p2a: 40k
|-activate|p2a: 40k|Protect
|
|-weather|Sandstorm|[upkeep]
|-damage|p1a: Zapdos|9/100|[from] Sandstorm
|-heal|p1a: Zapdos|15/100|[from] item: Leftovers
|-heal|p2a: 40k|30/100|[from] item: Leftovers
|upkeep
|turn|13
|
|t:|1728490027
|move|p1a: Zapdos|Thunderbolt|p2a: 40k
|-damage|p2a: 40k|0 fnt
|faint|p2a: 40k
|
|t:|1728490030
|switch|p2a: Bad Habit|Starmie|100/100
|
|-weather|Sandstorm|[upkeep]
|-damage|p2a: Bad Habit|94/100|[from] Sandstorm
|-damage|p1a: Zapdos|9/100|[from] Sandstorm
|-heal|p2a: Bad Habit|100/100|[from] item: Leftovers
|-heal|p1a: Zapdos|15/100|[from] item: Leftovers
|upkeep
|turn|14
|
|t:|1728490048
|move|p2a: Bad Habit|Ice Beam|p1a: Zapdos
|-supereffective|p1a: Zapdos
|-damage|p1a: Zapdos|0 fnt
|faint|p1a: Zapdos
|
|t:|1728490066
|switch|p1a: Jirachi|Jirachi|100/100
|-damage|p1a: Jirachi|88/100|[from] Spikes
|
|-weather|Sandstorm|[upkeep]
|-damage|p2a: Bad Habit|94/100|[from] Sandstorm
|-heal|p2a: Bad Habit|100/100|[from] item: Leftovers
|-heal|p1a: Jirachi|94/100|[from] item: Leftovers
|upkeep
|turn|15
|
|t:|1728490076
|move|p2a: Bad Habit|Hydro Pump|p1a: Jirachi
|-damage|p1a: Jirachi|49/100
|move|p1a: Jirachi|Hidden Power|p2a: Bad Habit
|-supereffective|p2a: Bad Habit
|-damage|p2a: Bad Habit|37/100
|
|-weather|Sandstorm|[upkeep]
|-damage|p2a: Bad Habit|31/100|[from] Sandstorm
|-heal|p2a: Bad Habit|37/100|[from] item: Leftovers
|-heal|p1a: Jirachi|56/100|[from] item: Leftovers
|upkeep
|turn|16
|
|t:|1728490084
|switch|p2a: Tuff Love|Skarmory, M|81/100
|move|p1a: Jirachi|Hidden Power|p2a: Tuff Love
|-resisted|p2a: Tuff Love
|-damage|p2a: Tuff Love|76/100
|
|-weather|Sandstorm|[upkeep]
|-heal|p1a: Jirachi|62/100|[from] item: Leftovers
|-heal|p2a: Tuff Love|82/100|[from] item: Leftovers
|upkeep
|turn|17
|
|t:|1728490087
|switch|p2a: Rock Phone|Tyranitar, M|100/100
|move|p1a: Jirachi|Fire Punch|p2a: Rock Phone
|-resisted|p2a: Rock Phone
|-damage|p2a: Rock Phone|91/100
|
|-weather|Sandstorm|[upkeep]
|-heal|p1a: Jirachi|68/100|[from] item: Leftovers
|-heal|p2a: Rock Phone|97/100|[from] item: Leftovers
|upkeep
|turn|18
|
|t:|1728490101
|switch|p1a: Salamence|Salamence, M|100/100
|-ability|p1a: Salamence|Intimidate|boost
|-unboost|p2a: Rock Phone|atk|1
|move|p2a: Rock Phone|Earthquake|p1a: Salamence
|-immune|p1a: Salamence
|
|-weather|Sandstorm|[upkeep]
|-damage|p1a: Salamence|94/100|[from] Sandstorm
|-heal|p1a: Salamence|100/100|[from] item: Leftovers
|-heal|p2a: Rock Phone|100/100|[from] item: Leftovers
|upkeep
|turn|19
|
|t:|1728490115
|switch|p2a: Tuff Love|Skarmory, M|82/100
|move|p1a: Salamence|Dragon Dance|p1a: Salamence
|-boost|p1a: Salamence|atk|1
|-boost|p1a: Salamence|spe|1
|
|-weather|Sandstorm|[upkeep]
|-damage|p1a: Salamence|94/100|[from] Sandstorm
|-heal|p1a: Salamence|100/100|[from] item: Leftovers
|-heal|p2a: Tuff Love|88/100|[from] item: Leftovers
|upkeep
|turn|20
|
|t:|1728490119
|move|p1a: Salamence|Rock Slide|p2a: Tuff Love
|-damage|p2a: Tuff Love|57/100
|move|p2a: Tuff Love|Roar|p1a: Salamence
|drag|p1a: Swampert|Swampert, M|85/100
|-damage|p1a: Swampert|72/100|[from] Spikes
|
|-weather|Sandstorm|[upkeep]
|-heal|p2a: Tuff Love|63/100|[from] item: Leftovers
|-heal|p1a: Swampert|79/100|[from] item: Leftovers
|upkeep
|turn|21
|
|t:|1728490125
|move|p2a: Tuff Love|Spikes|p1a: Swampert
|-sidestart|p1: themessiah1|Spikes
|move|p1a: Swampert|Hydro Pump|p2a: Tuff Love|[miss]
|-miss|p1a: Swampert|p2a: Tuff Love
|
|-weather|Sandstorm|[upkeep]
|-heal|p2a: Tuff Love|69/100|[from] item: Leftovers
|-heal|p1a: Swampert|85/100|[from] item: Leftovers
|upkeep
|turn|22
|
|t:|1728490127
|move|p2a: Tuff Love|Spikes|p1a: Swampert
|-sidestart|p1: themessiah1|Spikes
|move|p1a: Swampert|Hydro Pump|p2a: Tuff Love|[miss]
|-miss|p1a: Swampert|p2a: Tuff Love
|
|-weather|Sandstorm|[upkeep]
|-heal|p2a: Tuff Love|75/100|[from] item: Leftovers
|-heal|p1a: Swampert|91/100|[from] item: Leftovers
|upkeep
|turn|23
|
|t:|1728490135
|move|p1a: Swampert|Hydro Pump|p2a: Tuff Love
|-damage|p2a: Tuff Love|30/100
|move|p2a: Tuff Love|Roar|p1a: Swampert
|drag|p1a: Tyranitar|Tyranitar, F|54/100
|-damage|p1a: Tyranitar|29/100|[from] Spikes
|
|-weather|Sandstorm|[upkeep]
|-heal|p2a: Tuff Love|36/100|[from] item: Leftovers
|upkeep
|turn|24
|
|t:|1728490143
|move|p1a: Tyranitar|Fire Blast|p2a: Tuff Love
|-supereffective|p2a: Tuff Love
|-damage|p2a: Tuff Love|0 fnt
|faint|p2a: Tuff Love
|
|t:|1728490150
|switch|p2a: Bad Habit|Starmie|37/100
|
|-weather|Sandstorm|[upkeep]
|-damage|p2a: Bad Habit|31/100|[from] Sandstorm
|-heal|p2a: Bad Habit|37/100|[from] item: Leftovers
|upkeep
|turn|25
|
|t:|1728490156
|move|p2a: Bad Habit|Hydro Pump|p1a: Tyranitar
|-supereffective|p1a: Tyranitar
|-damage|p1a: Tyranitar|0 fnt
|faint|p1a: Tyranitar
|
|t:|1728490168
|switch|p1a: Metagross|Metagross|100/100
|-damage|p1a: Metagross|76/100|[from] Spikes
|
|-weather|Sandstorm|[upkeep]
|-damage|p2a: Bad Habit|31/100|[from] Sandstorm
|-heal|p2a: Bad Habit|37/100|[from] item: Leftovers
|upkeep
|turn|26
|
|t:|1728490179
|switch|p2a: Rock Phone|Tyranitar, M|100/100
|move|p1a: Metagross|Earthquake|p2a: Rock Phone
|-supereffective|p2a: Rock Phone
|-crit|p2a: Rock Phone
|-damage|p2a: Rock Phone|0 fnt
|faint|p2a: Rock Phone
|
|t:|1728490181
|switch|p2a: Bad Habit|Starmie|37/100
|
|-weather|Sandstorm|[upkeep]
|-damage|p2a: Bad Habit|31/100|[from] Sandstorm
|-heal|p2a: Bad Habit|37/100|[from] item: Leftovers
|upkeep
|turn|27
|
|t:|1728490184
|move|p2a: Bad Habit|Hydro Pump|p1a: Metagross
|-damage|p1a: Metagross|14/100
|move|p1a: Metagross|Earthquake|p2a: Bad Habit
|-damage|p2a: Bad Habit|0 fnt
|faint|p2a: Bad Habit
|
|win|themessiah1
|c|☆Scurrying Snail|gg

</script>
<script type="application/json" class="data" id="replaydata-smogtours-gen3ou-796640">
{"id":"smogtours-gen3ou-796640","format":"[Gen 3] OU","players":["themessiah1","Scurrying Snail"],"uploadtime":1728490184,"views":82,"formatid":"gen3ou","rating":null,"private":0,"password":null}
</script>

<script defer src="js/replays.js?9d40a366"></script>
