<!DOCTYPE html>
<meta charset="utf-8" />
<meta name="viewport" content="width=device-width" />

<title>[Gen 3] OU: GreenCatKid vs. LuukTheGamer - Replays - Pok&eacute;mon Showdown!</title>

<meta name="description" content="Watch a replay of a Pok&eacute;mon battle between GreenCatKid and LuukTheGamer! Format: [Gen 3] OU; Date: Oct 9, 2024" />
<!--

Hey, you! Looking in the source for the replay log?

You can find them in JSON format, just add `.json` at the end of a replay URL.

https://replay.pokemonshowdown.com/gen7randomdoublesbattle-865046831.json

Or, if you only need the log itself, add `.log` instead:

https://replay.pokemonshowdown.com/gen7randomdoublesbattle-865046831.log

-->

<link rel="stylesheet" href="//pokemonshowdown.com/style/global.css?0.023195364461161105" />
<link rel="stylesheet" href="//play.pokemonshowdown.com/style/font-awesome.css?0.13261647063804238" />
<link rel="stylesheet" href="//play.pokemonshowdown.com/style/battle.css?0.8753245789963631" />
<link rel="stylesheet" href="//play.pokemonshowdown.com/style/utilichart.css?0.8627959624976733" />

<!-- Global site tag (gtag.js) - Google Analytics -->
<script async src="https://www.googletagmanager.com/gtag/js?id=UA-26211653-1"></script>
<script>
  window.dataLayer = window.dataLayer || [];
  function gtag(){dataLayer.push(arguments);}
  gtag('js', new Date());

  gtag('config', 'UA-26211653-1');
</script>
<!-- End Google Analytics -->
<!-- Venatus Ad Manager - Install in <HEAD> of page -->
	<script src="https://hb.vntsm.com/v3/live/ad-manager.min.js" type="text/javascript" data-site-id="642aba63ec9a7b11c3c9c1be" data-mode="scan" async></script>
<!-- / Venatus Ad Manager -->

<style>
	@media (max-width:820px) {
		.battle {
			margin: 0 auto;
		}
		.battle-log {
			margin: 7px auto 0;
			max-width: 640px;
			height: 300px;
			position: static;
		}
	}
	.optgroup {
		display: inline-block;
		line-height: 22px;
		font-size: 10pt;
	}
	.optgroup .button {
		height: 25px;
		padding-top: 0;
		padding-bottom: 0;
	}
	.optgroup button.button {
		padding-left: 12px;
		padding-right: 12px;
	}
	.linklist {
		list-style: none;
		margin: 0.5em 0;
		padding: 0;
	}
	.linklist li {
		padding: 2px 0;
	}
	.sidebar {
		float: left;
		width: 320px;
	}
	.bar-wrapper {
		max-width: 1100px;
		margin: 0 auto;
	}
	.bar-wrapper.has-sidebar {
		max-width: 1430px;
	}
	.mainbar {
		margin: 0;
		padding-right: 1px;
	}
	.mainbar.has-sidebar {
		margin-left: 330px;
	}
	@media (min-width: 1511px) {
		.sidebar {
			width: 400px;
		}
		.bar-wrapper.has-sidebar {
			max-width: 1510px;
		}
		.mainbar.has-sidebar {
			margin-left: 410px;
		}
	}
	.section.first-section {
		margin-top: 9px;
	}
	.blocklink small {
		white-space: normal;
	}
	.button {
		vertical-align: middle;
	}
	.replay-controls {
		padding-top: 10px;
	}
	.replay-controls h1 {
		font-size: 16pt;
		font-weight: normal;
		color: #CCC;
	}
	.pagelink {
		text-align: center;
	}
	.pagelink a {
		width: 150px;
	}
	.textbox, .button {
		font-size: 11pt;
		vertical-align: middle;
	}
	@media (max-width: 450px) {
		.button {
			font-size: 9pt;
		}
	}
</style>

<div>

	<header>
		<div class="nav-wrapper"><ul class="nav">
			<li><a class="button nav-first" href="//pokemonshowdown.com/"><img src="//pokemonshowdown.com/images/pokemonshowdownbeta.png" srcset="//pokemonshowdown.com/images/pokemonshowdownbeta.png 1x, //pokemonshowdown.com/images/pokemonshowdownbeta@2x.png 2x" alt="Pok&eacute;mon Showdown" width="146" height="44" /> Home</a></li>
			<li><a class="button" href="//pokemonshowdown.com/dex/">Pok&eacute;dex</a></li>
			<li><a class="button cur" href="/">Replays</a></li>
			<li><a class="button" href="//pokemonshowdown.com/ladder/">Ladder</a></li>
			<li><a class="button nav-last" href="//pokemonshowdown.com/forums/">Forum</a></li>
			<li><a class="button greenbutton nav-first nav-last" href="//play.pokemonshowdown.com/">Play</a></li>
		</ul></div>
	</header>

	<div class="main" id="main">

		<noscript><section class="section">You need to enable JavaScript to use this page; sorry!</section></noscript>

	</div>

</div>

<script defer nomodule src="//play.pokemonshowdown.com/js/lib/ps-polyfill.js"></script>
<script defer src="//play.pokemonshowdown.com/js/lib/preact.min.js"></script>

<script defer src="//play.pokemonshowdown.com/config/config.js?2bddbc15"></script>
<script defer src="//play.pokemonshowdown.com/js/lib/jquery-1.11.0.min.js"></script>
<script defer src="//play.pokemonshowdown.com/js/lib/html-sanitizer-minified.js"></script>
<script defer src="//play.pokemonshowdown.com/js/battle-sound.js"></script>
<script defer src="//play.pokemonshowdown.com/js/battledata.js?0.7209276989879541"></script>
<script defer src="//play.pokemonshowdown.com/data/pokedex-mini.js?0.6111056340867951"></script>
<script defer src="//play.pokemonshowdown.com/data/pokedex-mini-bw.js?0.3532142036491459"></script>
<script defer src="//play.pokemonshowdown.com/data/graphics.js?0.24223875632456182"></script>
<script defer src="//play.pokemonshowdown.com/data/pokedex.js?0.38839984266356864"></script>
<script defer src="//play.pokemonshowdown.com/data/moves.js?0.21866028504024015"></script>
<script defer src="//play.pokemonshowdown.com/data/abilities.js?0.2005157953846628"></script>
<script defer src="//play.pokemonshowdown.com/data/items.js?0.9894211263848525"></script>
<script defer src="//play.pokemonshowdown.com/data/teambuilder-tables.js?0.6008791140282215"></script>
<script defer src="//play.pokemonshowdown.com/js/battle-tooltips.js?0.7580118955022959"></script>
<script defer src="//play.pokemonshowdown.com/js/battle.js?0.6057722274234274"></script>

<script defer src="js/utils.js?e31f9a17"></script>
<script defer src="js/replays-battle.js?7008c182"></script>

<!-- don't scrape this data! just add .json or .log after the URL!
Full API docs: https://github.com/smogon/pokemon-showdown-client/blob/master/WEB-API.md -->
<script type="text/plain" class="log" id="replaylog-smogtours-gen3ou-796711">
|inactive|Battle timer is ON: inactive players will automatically lose when time's up.
|t:|1728500544
|gametype|singles
|player|p1|GreenCatKid|fisherman-gen4|
|player|p2|LuukTheGamer|102|
|teamsize|p1|6
|teamsize|p2|6
|gen|3
|tier|[Gen 3] OU
|rule|Sleep Clause Mod: Limit one foe put to sleep
|rule|Switch Priority Clause Mod: Faster Pokémon switch first
|rule|Species Clause: Limit one of each Pokémon
|rule|OHKO Clause: OHKO moves are banned
|rule|Evasion Items Clause: Evasion items are banned
|rule|Evasion Moves Clause: Evasion moves are banned
|rule|Endless Battle Clause: Forcing endless battles is banned
|rule|HP Percentage Mod: HP is shown in percentages
|rule|One Boost Passer Clause: Limit one Baton Passer that has a way to boost its stats
|rule|Freeze Clause Mod: Limit one foe frozen
|
|t:|1728500544
|start
|switch|p1a: Cain|Skarmory, M|100/100
|switch|p2a: Skarmory|Skarmory, F|100/100
|turn|1
|inactive|GreenCatKid also wants the timer to be on.
|c|☆GreenCatKid|glhf
|c|☆LuukTheGamer|glhf
|
|t:|1728500570
|move|p2a: Skarmory|Spikes|p1a: Cain
|-sidestart|p1: GreenCatKid|Spikes
|move|p1a: Cain|Spikes|p2a: Skarmory
|-sidestart|p2: LuukTheGamer|Spikes
|
|upkeep
|turn|2
|
|t:|1728500575
|move|p1a: Cain|Spikes|p2a: Skarmory
|-sidestart|p2: LuukTheGamer|Spikes
|move|p2a: Skarmory|Spikes|p1a: Cain
|-sidestart|p1: GreenCatKid|Spikes
|
|upkeep
|turn|3
|
|t:|1728500579
|move|p1a: Cain|Spikes|p2a: Skarmory
|-sidestart|p2: LuukTheGamer|Spikes
|move|p2a: Skarmory|Spikes|p1a: Cain
|-sidestart|p1: GreenCatKid|Spikes
|
|upkeep
|turn|4
|
|t:|1728500594
|move|p2a: Skarmory|Roar|p1a: Cain
|drag|p1a: Apollyon|Flygon, M|100/100
|
|upkeep
|turn|5
|
|t:|1728500610
|move|p1a: Apollyon|Protect|p1a: Apollyon
|-singleturn|p1a: Apollyon|Protect
|move|p2a: Skarmory|Toxic|p1a: Apollyon|[miss]
|-miss|p2a: Skarmory|p1a: Apollyon
|
|upkeep
|turn|6
|
|t:|1728500620
|switch|p1a: Cain|Skarmory, M|100/100
|move|p2a: Skarmory|Toxic|p1a: Cain
|-immune|p1a: Cain
|
|upkeep
|turn|7
|
|t:|1728500624
|move|p2a: Skarmory|Roar|p1a: Cain
|drag|p1a: Samson|Zapdos|100/100
|
|upkeep
|turn|8
|
|t:|1728500631
|move|p2a: Skarmory|Protect|p2a: Skarmory
|-singleturn|p2a: Skarmory|Protect
|move|p1a: Samson|Thunderbolt|p2a: Skarmory
|-activate|p2a: Skarmory|Protect
|
|upkeep
|turn|9
|
|t:|1728500638
|switch|p2a: Swampert|Swampert, F|100/100
|-damage|p2a: Swampert|76/100|[from] Spikes
|move|p1a: Samson|Roar|p2a: Swampert
|drag|p2a: Tyranitar|Tyranitar, F|100/100
|-damage|p2a: Tyranitar|76/100|[from] Spikes
|-weather|Sandstorm|[from] ability: Sand Stream|[of] p2a: Tyranitar
|
|-weather|Sandstorm|[upkeep]
|-damage|p1a: Samson|94/100|[from] Sandstorm
|-heal|p1a: Samson|100/100|[from] item: Leftovers
|-heal|p2a: Tyranitar|82/100|[from] item: Leftovers
|upkeep
|turn|10
|
|t:|1728500655
|switch|p1a: Apollyon|Flygon, M|100/100
|move|p2a: Tyranitar|Rock Slide|p1a: Apollyon
|-resisted|p1a: Apollyon
|-damage|p1a: Apollyon|83/100
|
|-weather|Sandstorm|[upkeep]
|-heal|p1a: Apollyon|89/100|[from] item: Leftovers
|-heal|p2a: Tyranitar|88/100|[from] item: Leftovers
|upkeep
|turn|11
|
|t:|1728500676
|switch|p2a: Skarmory|Skarmory, F|100/100
|move|p1a: Apollyon|Toxic|p2a: Skarmory
|-immune|p2a: Skarmory
|
|-weather|Sandstorm|[upkeep]
|-heal|p1a: Apollyon|95/100|[from] item: Leftovers
|upkeep
|turn|12
|
|t:|1728500682
|move|p1a: Apollyon|Protect|p1a: Apollyon
|-singleturn|p1a: Apollyon|Protect
|move|p2a: Skarmory|Roar|p1a: Apollyon
|-activate|p1a: Apollyon|Protect
|
|-weather|Sandstorm|[upkeep]
|-heal|p1a: Apollyon|100/100|[from] item: Leftovers
|upkeep
|turn|13
|
|t:|1728500688
|switch|p1a: Cain|Skarmory, M|100/100
|move|p2a: Skarmory|Toxic|p1a: Cain
|-immune|p1a: Cain
|
|-weather|Sandstorm|[upkeep]
|upkeep
|turn|14
|
|t:|1728500692
|move|p2a: Skarmory|Roar|p1a: Cain
|drag|p1a: Samson|Zapdos|100/100
|
|-weather|Sandstorm|[upkeep]
|-damage|p1a: Samson|94/100|[from] Sandstorm
|-heal|p1a: Samson|100/100|[from] item: Leftovers
|upkeep
|turn|15
|
|t:|1728500704
|move|p2a: Skarmory|Protect|p2a: Skarmory
|-singleturn|p2a: Skarmory|Protect
|move|p1a: Samson|Roar|p2a: Skarmory
|-activate|p2a: Skarmory|Protect
|
|-weather|Sandstorm|[upkeep]
|-damage|p1a: Samson|94/100|[from] Sandstorm
|-heal|p1a: Samson|100/100|[from] item: Leftovers
|upkeep
|turn|16
|
|t:|1728500723
|move|p2a: Skarmory|Toxic|p1a: Samson
|-status|p1a: Samson|tox
|move|p1a: Samson|Roar|p2a: Skarmory
|drag|p2a: Tyranitar|Tyranitar, F|88/100
|-damage|p2a: Tyranitar|63/100|[from] Spikes
|
|-weather|Sandstorm|[upkeep]
|-damage|p1a: Samson|94/100 tox|[from] Sandstorm
|-heal|p1a: Samson|100/100 tox|[from] item: Leftovers
|-damage|p1a: Samson|94/100 tox|[from] psn
|-heal|p2a: Tyranitar|69/100|[from] item: Leftovers
|upkeep
|turn|17
|
|t:|1728500732
|-singleturn|p2a: Tyranitar|move: Focus Punch
|switch|p1a: Apollyon|Flygon, M|100/100
|move|p2a: Tyranitar|Focus Punch|p1a: Apollyon
|-damage|p1a: Apollyon|55/100
|
|-weather|Sandstorm|[upkeep]
|-heal|p1a: Apollyon|61/100|[from] item: Leftovers
|-heal|p2a: Tyranitar|76/100|[from] item: Leftovers
|upkeep
|turn|18
|inactive|GreenCatKid has 270 seconds left.
|
|t:|1728500776
|switch|p2a: Gengar|Gengar, F|100/100
|move|p1a: Apollyon|Protect||[still]
|-fail|p1a: Apollyon
|
|-weather|Sandstorm|[upkeep]
|-damage|p2a: Gengar|95/100|[from] Sandstorm
|-heal|p2a: Gengar|100/100|[from] item: Leftovers
|-heal|p1a: Apollyon|67/100|[from] item: Leftovers
|upkeep
|turn|19
|inactive|LuukTheGamer has 270 seconds left.
|
|t:|1728500792
|move|p1a: Apollyon|Protect|p1a: Apollyon
|-singleturn|p1a: Apollyon|Protect
|move|p2a: Gengar|Ice Punch|p1a: Apollyon
|-activate|p1a: Apollyon|Protect
|
|-weather|Sandstorm|[upkeep]
|-damage|p2a: Gengar|95/100|[from] Sandstorm
|-heal|p2a: Gengar|100/100|[from] item: Leftovers
|-heal|p1a: Apollyon|73/100|[from] item: Leftovers
|upkeep
|turn|20
|
|t:|1728500796
|switch|p1a: Maggy|Blissey, F|100/100
|-damage|p1a: Maggy|76/100|[from] Spikes
|move|p2a: Gengar|Ice Punch|p1a: Maggy
|-damage|p1a: Maggy|67/100
|
|-weather|Sandstorm|[upkeep]
|-damage|p2a: Gengar|95/100|[from] Sandstorm
|-damage|p1a: Maggy|60/100|[from] Sandstorm
|-heal|p2a: Gengar|100/100|[from] item: Leftovers
|-heal|p1a: Maggy|67/100|[from] item: Leftovers
|upkeep
|turn|21
|inactive|GreenCatKid has 270 seconds left.
|
|t:|1728500815
|switch|p2a: Skarmory|Skarmory, F|100/100
|move|p1a: Maggy|Aromatherapy|p1a: Maggy
|-cureteam|p1a: Maggy|[from] move: Aromatherapy
|
|-weather|Sandstorm|[upkeep]
|-damage|p1a: Maggy|60/100|[from] Sandstorm
|-heal|p1a: Maggy|67/100|[from] item: Leftovers
|upkeep
|turn|22
|inactive|GreenCatKid has 270 seconds left.
|
|t:|1728500826
|move|p2a: Skarmory|Toxic|p1a: Maggy
|-status|p1a: Maggy|tox
|move|p1a: Maggy|Soft-Boiled|p1a: Maggy
|-heal|p1a: Maggy|100/100 tox
|
|-weather|Sandstorm|[upkeep]
|-damage|p1a: Maggy|94/100 tox|[from] Sandstorm
|-heal|p1a: Maggy|100/100 tox|[from] item: Leftovers
|-damage|p1a: Maggy|94/100 tox|[from] psn
|upkeep
|turn|23
|
|t:|1728500838
|-curestatus|p1a: Maggy|tox|[from] ability: Natural Cure
|switch|p1a: Cain|Skarmory, M|100/100
|move|p2a: Skarmory|Toxic|p1a: Cain
|-immune|p1a: Cain
|
|-weather|Sandstorm|[upkeep]
|upkeep
|turn|24
|
|t:|1728500849
|move|p2a: Skarmory|Roar|p1a: Cain
|drag|p1a: Judas|Moltres|100/100
|
|-weather|Sandstorm|[upkeep]
|-damage|p1a: Judas|94/100|[from] Sandstorm
|-heal|p1a: Judas|100/100|[from] item: Leftovers
|upkeep
|turn|25
|inactive|GreenCatKid has 270 seconds left.
|
|t:|1728500874
|move|p2a: Skarmory|Protect|p2a: Skarmory
|-singleturn|p2a: Skarmory|Protect
|move|p1a: Judas|Will-O-Wisp|p2a: Skarmory
|-activate|p2a: Skarmory|Protect
|
|-weather|Sandstorm|[upkeep]
|-damage|p1a: Judas|94/100|[from] Sandstorm
|-heal|p1a: Judas|100/100|[from] item: Leftovers
|upkeep
|turn|26
|
|t:|1728500891
|switch|p2a: Starmie|Starmie|100/100
|-damage|p2a: Starmie|76/100|[from] Spikes
|move|p1a: Judas|Will-O-Wisp|p2a: Starmie
|-status|p2a: Starmie|brn
|
|-weather|Sandstorm|[upkeep]
|-damage|p2a: Starmie|70/100 brn|[from] Sandstorm
|-damage|p1a: Judas|94/100|[from] Sandstorm
|-heal|p2a: Starmie|76/100 brn|[from] item: Leftovers
|-damage|p2a: Starmie|63/100 brn|[from] brn
|-heal|p1a: Judas|100/100|[from] item: Leftovers
|upkeep
|turn|27
|inactive|GreenCatKid has 270 seconds left.
|
|t:|1728500913
|switch|p1a: The Lost|Misdreavus, F|100/100
|move|p2a: Starmie|Rapid Spin|p1a: The Lost
|-immune|p1a: The Lost
|
|-weather|Sandstorm|[upkeep]
|-damage|p2a: Starmie|57/100 brn|[from] Sandstorm
|-damage|p1a: The Lost|94/100|[from] Sandstorm
|-heal|p2a: Starmie|63/100 brn|[from] item: Leftovers
|-damage|p2a: Starmie|51/100 brn|[from] brn
|-heal|p1a: The Lost|100/100|[from] item: Leftovers
|upkeep
|turn|28
|inactive|GreenCatKid has 270 seconds left.
|inactive|LuukTheGamer has 270 seconds left.
|
|t:|1728500947
|-curestatus|p2a: Starmie|brn|[from] ability: Natural Cure
|switch|p2a: Tyranitar|Tyranitar, F|76/100
|-damage|p2a: Tyranitar|51/100|[from] Spikes
|move|p1a: The Lost|Mean Look|p2a: Tyranitar
|-activate|p2a: Tyranitar|trapped
|
|-weather|Sandstorm|[upkeep]
|-damage|p1a: The Lost|94/100|[from] Sandstorm
|-heal|p1a: The Lost|100/100|[from] item: Leftovers
|-heal|p2a: Tyranitar|57/100|[from] item: Leftovers
|upkeep
|turn|29
|inactive|GreenCatKid has 240 seconds left.
|
|t:|1728500968
|switch|p1a: Cain|Skarmory, M|100/100
|move|p2a: Tyranitar|Rock Slide|p1a: Cain
|-damage|p1a: Cain|68/100
|
|-weather|Sandstorm|[upkeep]
|-heal|p1a: Cain|74/100|[from] item: Leftovers
|-heal|p2a: Tyranitar|63/100|[from] item: Leftovers
|upkeep
|turn|30
|inactive|GreenCatKid has 240 seconds left.
|
|t:|1728500992
|-singleturn|p2a: Tyranitar|move: Focus Punch
|move|p2a: Tyranitar|Focus Punch|p1a: Cain
|-damage|p1a: Cain|29/100
|move|p1a: Cain|Roar|p2a: Tyranitar
|drag|p2a: Starmie|Starmie|51/100
|-damage|p2a: Starmie|26/100|[from] Spikes
|
|-weather|Sandstorm|[upkeep]
|-damage|p2a: Starmie|20/100|[from] Sandstorm
|-heal|p2a: Starmie|26/100|[from] item: Leftovers
|-heal|p1a: Cain|35/100|[from] item: Leftovers
|upkeep
|turn|31
|
|t:|1728501006
|move|p1a: Cain|Protect|p1a: Cain
|-singleturn|p1a: Cain|Protect
|move|p2a: Starmie|Thunderbolt|p1a: Cain
|-activate|p1a: Cain|Protect
|
|-weather|Sandstorm|[upkeep]
|-damage|p2a: Starmie|20/100|[from] Sandstorm
|-heal|p2a: Starmie|26/100|[from] item: Leftovers
|-heal|p1a: Cain|41/100|[from] item: Leftovers
|upkeep
|turn|32
|inactive|GreenCatKid has 240 seconds left.
|
|t:|1728501017
|switch|p1a: The Lost|Misdreavus, F|100/100
|move|p2a: Starmie|Thunderbolt|p1a: The Lost
|-damage|p1a: The Lost|77/100
|
|-weather|Sandstorm|[upkeep]
|-damage|p2a: Starmie|20/100|[from] Sandstorm
|-damage|p1a: The Lost|71/100|[from] Sandstorm
|-heal|p2a: Starmie|26/100|[from] item: Leftovers
|-heal|p1a: The Lost|77/100|[from] item: Leftovers
|upkeep
|turn|33
|inactive|GreenCatKid has 240 seconds left.
|inactive|LuukTheGamer has 270 seconds left.
|
|t:|1728501047
|switch|p2a: Tyranitar|Tyranitar, F|63/100
|-damage|p2a: Tyranitar|38/100|[from] Spikes
|move|p1a: The Lost|Thunderbolt|p2a: Tyranitar
|-damage|p2a: Tyranitar|23/100
|
|-weather|Sandstorm|[upkeep]
|-damage|p1a: The Lost|71/100|[from] Sandstorm
|-heal|p1a: The Lost|77/100|[from] item: Leftovers
|-heal|p2a: Tyranitar|30/100|[from] item: Leftovers
|upkeep
|turn|34
|inactive|GreenCatKid has 240 seconds left.
|
|t:|1728501076
|switch|p1a: Cain|Skarmory, M|41/100
|move|p2a: Tyranitar|Rock Slide|p1a: Cain
|-damage|p1a: Cain|8/100
|
|-weather|Sandstorm|[upkeep]
|-heal|p1a: Cain|14/100|[from] item: Leftovers
|-heal|p2a: Tyranitar|36/100|[from] item: Leftovers
|upkeep
|turn|35
|
|t:|1728501098
|move|p1a: Cain|Drill Peck|p2a: Tyranitar
|-resisted|p2a: Tyranitar
|-damage|p2a: Tyranitar|27/100
|move|p2a: Tyranitar|Rock Slide|p1a: Cain
|-damage|p1a: Cain|0 fnt
|faint|p1a: Cain
|
|t:|1728501102
|switch|p1a: Apollyon|Flygon, M|73/100
|
|-weather|Sandstorm|[upkeep]
|-heal|p1a: Apollyon|79/100|[from] item: Leftovers
|-heal|p2a: Tyranitar|33/100|[from] item: Leftovers
|upkeep
|turn|36
|inactive|GreenCatKid has 210 seconds left.
|inactive|LuukTheGamer has 240 seconds left.
|
|t:|1728501127
|move|p1a: Apollyon|Earthquake|p2a: Tyranitar
|-supereffective|p2a: Tyranitar
|-damage|p2a: Tyranitar|0 fnt
|faint|p2a: Tyranitar
|
|t:|1728501129
|switch|p2a: Gengar|Gengar, F|100/100
|
|-weather|Sandstorm|[upkeep]
|-damage|p2a: Gengar|95/100|[from] Sandstorm
|-heal|p2a: Gengar|100/100|[from] item: Leftovers
|-heal|p1a: Apollyon|85/100|[from] item: Leftovers
|upkeep
|turn|37
|
|t:|1728501143
|move|p1a: Apollyon|Protect|p1a: Apollyon
|-singleturn|p1a: Apollyon|Protect
|move|p2a: Gengar|Explosion|p1a: Apollyon
|-activate|p1a: Apollyon|Protect
|faint|p2a: Gengar
|
|t:|1728501148
|switch|p2a: Swampert|Swampert, F|76/100
|-damage|p2a: Swampert|51/100|[from] Spikes
|
|-weather|Sandstorm|[upkeep]
|-heal|p1a: Apollyon|91/100|[from] item: Leftovers
|-heal|p2a: Swampert|57/100|[from] item: Leftovers
|upkeep
|turn|38
|
|t:|1728501166
|move|p1a: Apollyon|Toxic|p2a: Swampert
|-status|p2a: Swampert|tox
|move|p2a: Swampert|Ice Beam|p1a: Apollyon
|-supereffective|p1a: Apollyon
|-damage|p1a: Apollyon|0 fnt
|faint|p1a: Apollyon
|
|t:|1728501181
|switch|p1a: Judas|Moltres|100/100
|
|-weather|Sandstorm|[upkeep]
|-damage|p1a: Judas|94/100|[from] Sandstorm
|-heal|p1a: Judas|100/100|[from] item: Leftovers
|-heal|p2a: Swampert|63/100 tox|[from] item: Leftovers
|-damage|p2a: Swampert|57/100 tox|[from] psn
|upkeep
|turn|39
|
|t:|1728501189
|move|p1a: Judas|Hidden Power|p2a: Swampert
|-supereffective|p2a: Swampert
|-damage|p2a: Swampert|0 fnt
|faint|p2a: Swampert
|
|t:|1728501196
|switch|p2a: Blissey|Blissey, F, shiny|100/100
|-damage|p2a: Blissey|76/100|[from] Spikes
|
|-weather|Sandstorm|[upkeep]
|-damage|p1a: Judas|94/100|[from] Sandstorm
|-damage|p2a: Blissey|69/100|[from] Sandstorm
|-heal|p1a: Judas|100/100|[from] item: Leftovers
|-heal|p2a: Blissey|76/100|[from] item: Leftovers
|upkeep
|turn|40
|inactive|GreenCatKid has 240 seconds left.
|
|t:|1728501205
|switch|p1a: The Lost|Misdreavus, F|77/100
|move|p2a: Blissey|Toxic|p1a: The Lost
|-status|p1a: The Lost|tox
|
|-weather|Sandstorm|[upkeep]
|-damage|p1a: The Lost|71/100 tox|[from] Sandstorm
|-damage|p2a: Blissey|69/100|[from] Sandstorm
|-heal|p1a: The Lost|77/100 tox|[from] item: Leftovers
|-damage|p1a: The Lost|71/100 tox|[from] psn
|-heal|p2a: Blissey|76/100|[from] item: Leftovers
|upkeep
|turn|41
|
|t:|1728501220
|move|p1a: The Lost|Mean Look|p2a: Blissey
|-activate|p2a: Blissey|trapped
|move|p2a: Blissey|Fire Blast|p1a: The Lost
|-damage|p1a: The Lost|42/100 tox
|
|-weather|Sandstorm|[upkeep]
|-damage|p1a: The Lost|36/100 tox|[from] Sandstorm
|-damage|p2a: Blissey|69/100|[from] Sandstorm
|-heal|p1a: The Lost|42/100 tox|[from] item: Leftovers
|-damage|p1a: The Lost|30/100 tox|[from] psn
|-heal|p2a: Blissey|76/100|[from] item: Leftovers
|upkeep
|turn|42
|
|t:|1728501229
|move|p1a: The Lost|Rest|p1a: The Lost
|-status|p1a: The Lost|slp|[from] move: Rest
|-heal|p1a: The Lost|100/100 slp|[silent]
|move|p2a: Blissey|Toxic||[still]
|-fail|p2a: Blissey
|
|-weather|Sandstorm|[upkeep]
|-damage|p1a: The Lost|94/100 slp|[from] Sandstorm
|-damage|p2a: Blissey|69/100|[from] Sandstorm
|-heal|p1a: The Lost|100/100 slp|[from] item: Leftovers
|-heal|p2a: Blissey|76/100|[from] item: Leftovers
|upkeep
|turn|43
|
|t:|1728501237
|cant|p1a: The Lost|slp
|move|p2a: Blissey|Fire Blast|p1a: The Lost
|-damage|p1a: The Lost|75/100 slp
|
|-weather|Sandstorm|[upkeep]
|-damage|p1a: The Lost|69/100 slp|[from] Sandstorm
|-damage|p2a: Blissey|69/100|[from] Sandstorm
|-heal|p1a: The Lost|75/100 slp|[from] item: Leftovers
|-heal|p2a: Blissey|76/100|[from] item: Leftovers
|upkeep
|turn|44
|
|t:|1728501242
|cant|p1a: The Lost|slp
|move|p2a: Blissey|Soft-Boiled|p2a: Blissey
|-heal|p2a: Blissey|100/100
|
|-weather|Sandstorm|[upkeep]
|-damage|p1a: The Lost|69/100 slp|[from] Sandstorm
|-damage|p2a: Blissey|94/100|[from] Sandstorm
|-heal|p1a: The Lost|75/100 slp|[from] item: Leftovers
|-heal|p2a: Blissey|100/100|[from] item: Leftovers
|upkeep
|turn|45
|
|t:|1728501247
|-curestatus|p1a: The Lost|slp|[msg]
|move|p1a: The Lost|Perish Song|p1a: The Lost
|-start|p1a: The Lost|perish3|[silent]
|-start|p2a: Blissey|perish3|[silent]
|-fieldactivate|move: Perish Song
|move|p2a: Blissey|Ice Beam|p1a: The Lost
|-damage|p1a: The Lost|54/100
|
|-weather|Sandstorm|[upkeep]
|-damage|p1a: The Lost|48/100|[from] Sandstorm
|-damage|p2a: Blissey|94/100|[from] Sandstorm
|-heal|p1a: The Lost|54/100|[from] item: Leftovers
|-heal|p2a: Blissey|100/100|[from] item: Leftovers
|-start|p1a: The Lost|perish3
|-start|p2a: Blissey|perish3
|upkeep
|turn|46
|
|t:|1728501262
|move|p1a: The Lost|Rest|p1a: The Lost
|-status|p1a: The Lost|slp|[from] move: Rest
|-heal|p1a: The Lost|100/100 slp|[silent]
|move|p2a: Blissey|Ice Beam|p1a: The Lost
|-damage|p1a: The Lost|79/100 slp
|
|-weather|Sandstorm|[upkeep]
|-damage|p1a: The Lost|73/100 slp|[from] Sandstorm
|-damage|p2a: Blissey|94/100|[from] Sandstorm
|-heal|p1a: The Lost|79/100 slp|[from] item: Leftovers
|-heal|p2a: Blissey|100/100|[from] item: Leftovers
|-start|p1a: The Lost|perish2
|-start|p2a: Blissey|perish2
|upkeep
|turn|47
|
|t:|1728501270
|cant|p1a: The Lost|slp
|move|p2a: Blissey|Ice Beam|p1a: The Lost
|-damage|p1a: The Lost|59/100 slp
|
|-weather|Sandstorm|[upkeep]
|-damage|p1a: The Lost|53/100 slp|[from] Sandstorm
|-damage|p2a: Blissey|94/100|[from] Sandstorm
|-heal|p1a: The Lost|59/100 slp|[from] item: Leftovers
|-heal|p2a: Blissey|100/100|[from] item: Leftovers
|-start|p1a: The Lost|perish1
|-start|p2a: Blissey|perish1
|upkeep
|turn|48
|
|t:|1728501277
|switch|p1a: Maggy|Blissey, F|94/100
|-damage|p1a: Maggy|69/100|[from] Spikes
|move|p2a: Blissey|Ice Beam|p1a: Maggy
|-damage|p1a: Maggy|59/100
|
|-weather|Sandstorm|[upkeep]
|-damage|p2a: Blissey|94/100|[from] Sandstorm
|-damage|p1a: Maggy|52/100|[from] Sandstorm
|-heal|p2a: Blissey|100/100|[from] item: Leftovers
|-heal|p1a: Maggy|59/100|[from] item: Leftovers
|-start|p2a: Blissey|perish0
|upkeep
|faint|p2a: Blissey
|
|t:|1728501285
|switch|p2a: Starmie|Starmie|26/100
|-damage|p2a: Starmie|2/100|[from] Spikes
|turn|49
|c|☆LuukTheGamer|gg
|-message|LuukTheGamer forfeited.
|
|win|GreenCatKid
|c|☆GreenCatKid|ggwp

</script>
<script type="application/json" class="data" id="replaydata-smogtours-gen3ou-796711">
{"id":"smogtours-gen3ou-796711","format":"[Gen 3] OU","players":["GreenCatKid","LuukTheGamer"],"uploadtime":1728501296,"views":145,"formatid":"gen3ou","rating":null,"private":0,"password":null}
</script>

<script defer src="js/replays.js?9d40a366"></script>
