<!DOCTYPE html>
<meta charset="utf-8" />
<meta name="viewport" content="width=device-width" />

<title>[Gen 3] OU: Sheik vs. Amir - Replays - Pok&eacute;mon Showdown!</title>

<meta name="description" content="Watch a replay of a Pok&eacute;mon battle between Sheik and Amir! Format: [Gen 3] OU; Date: Oct 26, 2024" />
<!--

Hey, you! Looking in the source for the replay log?

You can find them in JSON format, just add `.json` at the end of a replay URL.

https://replay.pokemonshowdown.com/gen7randomdoublesbattle-865046831.json

Or, if you only need the log itself, add `.log` instead:

https://replay.pokemonshowdown.com/gen7randomdoublesbattle-865046831.log

-->

<link rel="stylesheet" href="//pokemonshowdown.com/style/global.css?0.767286132409787" />
<link rel="stylesheet" href="//play.pokemonshowdown.com/style/font-awesome.css?0.9266228007934947" />
<link rel="stylesheet" href="//play.pokemonshowdown.com/style/battle.css?0.7924700842790926" />
<link rel="stylesheet" href="//play.pokemonshowdown.com/style/utilichart.css?0.8777417872839479" />

<!-- Global site tag (gtag.js) - Google Analytics -->
<script async src="https://www.googletagmanager.com/gtag/js?id=UA-26211653-1"></script>
<script>
  window.dataLayer = window.dataLayer || [];
  function gtag(){dataLayer.push(arguments);}
  gtag('js', new Date());

  gtag('config', 'UA-26211653-1');
</script>
<!-- End Google Analytics -->
<!-- Venatus Ad Manager - Install in <HEAD> of page -->
	<script src="https://hb.vntsm.com/v3/live/ad-manager.min.js" type="text/javascript" data-site-id="642aba63ec9a7b11c3c9c1be" data-mode="scan" async></script>
<!-- / Venatus Ad Manager -->

<style>
	@media (max-width:820px) {
		.battle {
			margin: 0 auto;
		}
		.battle-log {
			margin: 7px auto 0;
			max-width: 640px;
			height: 300px;
			position: static;
		}
	}
	.optgroup {
		display: inline-block;
		line-height: 22px;
		font-size: 10pt;
	}
	.optgroup .button {
		height: 25px;
		padding-top: 0;
		padding-bottom: 0;
	}
	.optgroup button.button {
		padding-left: 12px;
		padding-right: 12px;
	}
	.linklist {
		list-style: none;
		margin: 0.5em 0;
		padding: 0;
	}
	.linklist li {
		padding: 2px 0;
	}
	.sidebar {
		float: left;
		width: 320px;
	}
	.bar-wrapper {
		max-width: 1100px;
		margin: 0 auto;
	}
	.bar-wrapper.has-sidebar {
		max-width: 1430px;
	}
	.mainbar {
		margin: 0;
		padding-right: 1px;
	}
	.mainbar.has-sidebar {
		margin-left: 330px;
	}
	@media (min-width: 1511px) {
		.sidebar {
			width: 400px;
		}
		.bar-wrapper.has-sidebar {
			max-width: 1510px;
		}
		.mainbar.has-sidebar {
			margin-left: 410px;
		}
	}
	.section.first-section {
		margin-top: 9px;
	}
	.blocklink small {
		white-space: normal;
	}
	.button {
		vertical-align: middle;
	}
	.replay-controls {
		padding-top: 10px;
	}
	.replay-controls h1 {
		font-size: 16pt;
		font-weight: normal;
		color: #CCC;
	}
	.pagelink {
		text-align: center;
	}
	.pagelink a {
		width: 150px;
	}
	.textbox, .button {
		font-size: 11pt;
		vertical-align: middle;
	}
	@media (max-width: 450px) {
		.button {
			font-size: 9pt;
		}
	}
</style>

<div>

	<header>
		<div class="nav-wrapper"><ul class="nav">
			<li><a class="button nav-first" href="//pokemonshowdown.com/"><img src="//pokemonshowdown.com/images/pokemonshowdownbeta.png" srcset="//pokemonshowdown.com/images/pokemonshowdownbeta.png 1x, //pokemonshowdown.com/images/pokemonshowdownbeta@2x.png 2x" alt="Pok&eacute;mon Showdown" width="146" height="44" /> Home</a></li>
			<li><a class="button" href="//pokemonshowdown.com/dex/">Pok&eacute;dex</a></li>
			<li><a class="button cur" href="/">Replays</a></li>
			<li><a class="button" href="//pokemonshowdown.com/ladder/">Ladder</a></li>
			<li><a class="button nav-last" href="//pokemonshowdown.com/forums/">Forum</a></li>
			<li><a class="button greenbutton nav-first nav-last" href="//play.pokemonshowdown.com/">Play</a></li>
		</ul></div>
	</header>

	<div class="main" id="main">

		<noscript><section class="section">You need to enable JavaScript to use this page; sorry!</section></noscript>

	</div>

</div>

<script defer nomodule src="//play.pokemonshowdown.com/js/lib/ps-polyfill.js"></script>
<script defer src="//play.pokemonshowdown.com/js/lib/preact.min.js"></script>

<script defer src="//play.pokemonshowdown.com/config/config.js?6dec07f6"></script>
<script defer src="//play.pokemonshowdown.com/js/lib/jquery-1.11.0.min.js"></script>
<script defer src="//play.pokemonshowdown.com/js/lib/html-sanitizer-minified.js"></script>
<script defer src="//play.pokemonshowdown.com/js/battle-sound.js"></script>
<script defer src="//play.pokemonshowdown.com/js/battledata.js?0.6315294753075389"></script>
<script defer src="//play.pokemonshowdown.com/data/pokedex-mini.js?0.7603743185311358"></script>
<script defer src="//play.pokemonshowdown.com/data/pokedex-mini-bw.js?0.030888842834281283"></script>
<script defer src="//play.pokemonshowdown.com/data/graphics.js?0.05593094747507488"></script>
<script defer src="//play.pokemonshowdown.com/data/pokedex.js?0.47064822249611904"></script>
<script defer src="//play.pokemonshowdown.com/data/moves.js?0.8583693120512459"></script>
<script defer src="//play.pokemonshowdown.com/data/abilities.js?0.16017181182386842"></script>
<script defer src="//play.pokemonshowdown.com/data/items.js?0.4163379185673943"></script>
<script defer src="//play.pokemonshowdown.com/data/teambuilder-tables.js?0.31075597372830477"></script>
<script defer src="//play.pokemonshowdown.com/js/battle-tooltips.js?0.6536193500708172"></script>
<script defer src="//play.pokemonshowdown.com/js/battle.js?0.1916591943277901"></script>

<script defer src="js/utils.js?e31f9a17"></script>
<script defer src="js/replays-battle.js?7008c182"></script>

<!-- don't scrape this data! just add .json or .log after the URL!
Full API docs: https://github.com/smogon/pokemon-showdown-client/blob/master/WEB-API.md -->
<script type="text/plain" class="log" id="replaylog-smogtours-gen3ou-802061">
|inactive|Battle timer is ON: inactive players will automatically lose when time's up.
|t:|1729941992
|gametype|singles
|player|p1|Sheik|#roaplxyorknewyanma|
|player|p2|Amir|acetrainerf-gen4dp|
|teamsize|p1|6
|teamsize|p2|6
|gen|3
|tier|[Gen 3] OU
|rule|Sleep Clause Mod: Limit one foe put to sleep
|rule|Switch Priority Clause Mod: Faster Pokémon switch first
|rule|Species Clause: Limit one of each Pokémon
|rule|OHKO Clause: OHKO moves are banned
|rule|Evasion Items Clause: Evasion items are banned
|rule|Evasion Moves Clause: Evasion moves are banned
|rule|Endless Battle Clause: Forcing endless battles is banned
|rule|HP Percentage Mod: HP is shown in percentages
|rule|One Boost Passer Clause: Limit one Baton Passer that has a way to boost its stats
|rule|Freeze Clause Mod: Limit one foe frozen
|
|t:|1729941992
|start
|switch|p1a: Suicune|Suicune, shiny|100/100
|switch|p2a: Zapdos|Zapdos|100/100
|turn|1
|c|☆Sheik|/log Sheik made the replay of this battle unlisted.
|inactive|Amir has 270 seconds left.
|inactive|Sheik has 270 seconds left.
|inactive|Amir has 240 seconds left.
|
|t:|1729942055
|switch|p1a: Tyranitar|Tyranitar, F, shiny|100/100
|-weather|Sandstorm|[from] ability: Sand Stream|[of] p1a: Tyranitar
|move|p2a: Zapdos|Substitute|p2a: Zapdos
|-start|p2a: Zapdos|Substitute
|-damage|p2a: Zapdos|76/100
|
|-weather|Sandstorm|[upkeep]
|-damage|p2a: Zapdos|69/100|[from] Sandstorm
|-heal|p2a: Zapdos|76/100|[from] item: Leftovers
|upkeep
|turn|2
|inactive|Amir has 270 seconds left.
|
|t:|1729942089
|move|p2a: Zapdos|Thunderbolt|p1a: Tyranitar
|-damage|p1a: Tyranitar|52/100
|move|p1a: Tyranitar|Rock Slide|p2a: Zapdos
|-supereffective|p2a: Zapdos
|-end|p2a: Zapdos|Substitute
|
|-weather|Sandstorm|[upkeep]
|-damage|p2a: Zapdos|69/100|[from] Sandstorm
|-heal|p2a: Zapdos|76/100|[from] item: Leftovers
|upkeep
|turn|3
|inactive|Amir has 270 seconds left.
|
|t:|1729942128
|move|p2a: Zapdos|Baton Pass|p2a: Zapdos
|
|t:|1729942129
|switch|p2a: Breloom|Breloom, F|100/100|[from] Baton Pass
|move|p1a: Tyranitar|Rock Slide|p2a: Breloom
|-resisted|p2a: Breloom
|-damage|p2a: Breloom|72/100
|
|-weather|Sandstorm|[upkeep]
|-damage|p2a: Breloom|66/100|[from] Sandstorm
|upkeep
|turn|4
|
|t:|1729942139
|move|p1a: Tyranitar|Dragon Dance|p1a: Tyranitar
|-boost|p1a: Tyranitar|atk|1
|-boost|p1a: Tyranitar|spe|1
|move|p2a: Breloom|Spore|p1a: Tyranitar
|-status|p1a: Tyranitar|slp|[from] move: Spore
|-enditem|p1a: Tyranitar|Lum Berry|[eat]
|-curestatus|p1a: Tyranitar|slp|[msg]
|
|-weather|Sandstorm|[upkeep]
|-damage|p2a: Breloom|60/100|[from] Sandstorm
|upkeep
|turn|5
|
|t:|1729942151
|move|p1a: Tyranitar|Hidden Power|p2a: Breloom
|-damage|p2a: Breloom|1/100
|move|p2a: Breloom|Spore|p1a: Tyranitar
|-status|p1a: Tyranitar|slp|[from] move: Spore
|
|-weather|Sandstorm|[upkeep]
|-damage|p2a: Breloom|0 fnt|[from] Sandstorm
|faint|p2a: Breloom
|upkeep
|c|☆Sheik|Sash
|inactive|Amir has 240 seconds left.
|inactive|Amir has 210 seconds left.
|
|t:|1729942225
|switch|p2a: Metagross|Metagross|100/100
|turn|6
|
|t:|1729942234
|switch|p1a: Suicune|Suicune, shiny|100/100
|move|p2a: Metagross|Agility|p2a: Metagross
|-boost|p2a: Metagross|spe|2
|
|-weather|Sandstorm|[upkeep]
|-damage|p1a: Suicune|94/100|[from] Sandstorm
|upkeep
|turn|7
|
|t:|1729942238
|move|p2a: Metagross|Meteor Mash|p1a: Suicune
|-resisted|p1a: Suicune
|-damage|p1a: Suicune|73/100
|move|p1a: Suicune|Hydro Pump|p2a: Metagross
|-damage|p2a: Metagross|47/100
|
|-weather|Sandstorm|[upkeep]
|-damage|p1a: Suicune|67/100|[from] Sandstorm
|-heal|p2a: Metagross|53/100|[from] item: Leftovers
|upkeep
|turn|8
|inactive|Amir has 210 seconds left.
|
|t:|1729942253
|move|p2a: Metagross|Meteor Mash|p1a: Suicune
|-resisted|p1a: Suicune
|-damage|p1a: Suicune|44/100
|move|p1a: Suicune|Hydro Pump|p2a: Metagross
|-damage|p2a: Metagross|0 fnt
|faint|p2a: Metagross
|
|t:|1729942259
|switch|p2a: Zapdos|Zapdos|76/100
|
|-weather|Sandstorm|[upkeep]
|-damage|p2a: Zapdos|69/100|[from] Sandstorm
|-damage|p1a: Suicune|37/100|[from] Sandstorm
|-heal|p2a: Zapdos|76/100|[from] item: Leftovers
|upkeep
|turn|9
|
|t:|1729942265
|move|p2a: Zapdos|Substitute|p2a: Zapdos
|-start|p2a: Zapdos|Substitute
|-damage|p2a: Zapdos|51/100
|move|p1a: Suicune|Ice Beam|p2a: Zapdos
|-supereffective|p2a: Zapdos
|-end|p2a: Zapdos|Substitute
|
|-weather|Sandstorm|[upkeep]
|-damage|p2a: Zapdos|44/100|[from] Sandstorm
|-damage|p1a: Suicune|31/100|[from] Sandstorm
|-heal|p2a: Zapdos|51/100|[from] item: Leftovers
|upkeep
|turn|10
|
|t:|1729942274
|move|p2a: Zapdos|Thunderbolt|p1a: Suicune
|-supereffective|p1a: Suicune
|-damage|p1a: Suicune|0 fnt
|faint|p1a: Suicune
|
|t:|1729942276
|switch|p1a: Zapdos|Zapdos|100/100
|
|-weather|Sandstorm|[upkeep]
|-damage|p2a: Zapdos|44/100|[from] Sandstorm
|-damage|p1a: Zapdos|94/100|[from] Sandstorm
|-heal|p2a: Zapdos|51/100|[from] item: Leftovers
|-heal|p1a: Zapdos|100/100|[from] item: Leftovers
|upkeep
|turn|11
|
|t:|1729942293
|move|p2a: Zapdos|Baton Pass|p2a: Zapdos
|
|t:|1729942295
|switch|p2a: Snorlax|Snorlax, M|100/100|[from] Baton Pass
|move|p1a: Zapdos|Thunderbolt|p2a: Snorlax
|-damage|p2a: Snorlax|69/100
|
|-weather|Sandstorm|[upkeep]
|-damage|p1a: Zapdos|94/100|[from] Sandstorm
|-damage|p2a: Snorlax|63/100|[from] Sandstorm
|-heal|p1a: Zapdos|100/100|[from] item: Leftovers
|-heal|p2a: Snorlax|69/100|[from] item: Leftovers
|upkeep
|turn|12
|inactive|Amir has 210 seconds left.
|
|t:|1729942323
|switch|p1a: Metagross|Metagross|100/100
|move|p2a: Snorlax|Body Slam|p1a: Metagross
|-resisted|p1a: Metagross
|-damage|p1a: Metagross|84/100
|-status|p1a: Metagross|par
|
|-weather|Sandstorm|[upkeep]
|-damage|p2a: Snorlax|63/100|[from] Sandstorm
|-heal|p2a: Snorlax|69/100|[from] item: Leftovers
|-heal|p1a: Metagross|90/100 par|[from] item: Leftovers
|upkeep
|turn|13
|inactive|Amir has 210 seconds left.
|
|t:|1729942344
|cant|p1a: Metagross|par
|move|p2a: Snorlax|Counter|p1a: Metagross
|
|-weather|Sandstorm|[upkeep]
|-damage|p2a: Snorlax|63/100|[from] Sandstorm
|-heal|p2a: Snorlax|69/100|[from] item: Leftovers
|-heal|p1a: Metagross|96/100 par|[from] item: Leftovers
|upkeep
|turn|14
|
|t:|1729942351
|switch|p2a: Zapdos|Zapdos|51/100
|cant|p1a: Metagross|par
|
|-weather|Sandstorm|[upkeep]
|-damage|p2a: Zapdos|44/100|[from] Sandstorm
|-heal|p2a: Zapdos|51/100|[from] item: Leftovers
|-heal|p1a: Metagross|100/100 par|[from] item: Leftovers
|upkeep
|turn|15
|inactive|Amir has 210 seconds left.
|c|☆Sheik|yikes
|
|t:|1729942360
|move|p2a: Zapdos|Substitute|p2a: Zapdos
|-start|p2a: Zapdos|Substitute
|-damage|p2a: Zapdos|26/100
|move|p1a: Metagross|Rock Slide|p2a: Zapdos|[miss]
|-miss|p1a: Metagross|p2a: Zapdos
|
|-weather|Sandstorm|[upkeep]
|-damage|p2a: Zapdos|20/100|[from] Sandstorm
|-heal|p2a: Zapdos|26/100|[from] item: Leftovers
|upkeep
|turn|16
|
|t:|1729942370
|move|p2a: Zapdos|Thunderbolt|p1a: Metagross
|-damage|p1a: Metagross|54/100 par
|move|p1a: Metagross|Rock Slide|p2a: Zapdos
|-supereffective|p2a: Zapdos
|-end|p2a: Zapdos|Substitute
|
|-weather|Sandstorm|[upkeep]
|-damage|p2a: Zapdos|20/100|[from] Sandstorm
|-heal|p2a: Zapdos|26/100|[from] item: Leftovers
|-heal|p1a: Metagross|60/100 par|[from] item: Leftovers
|upkeep
|turn|17
|
|t:|1729942377
|switch|p1a: Tyranitar|Tyranitar, F, shiny|52/100 slp
|move|p2a: Zapdos|Thunderbolt|p1a: Tyranitar
|-damage|p1a: Tyranitar|4/100 slp
|
|-weather|Sandstorm|[upkeep]
|-damage|p2a: Zapdos|20/100|[from] Sandstorm
|-heal|p2a: Zapdos|26/100|[from] item: Leftovers
|upkeep
|turn|18
|
|t:|1729942384
|move|p2a: Zapdos|Baton Pass|p2a: Zapdos
|
|t:|1729942386
|switch|p2a: Tyranitar|Tyranitar, M|100/100|[from] Baton Pass
|cant|p1a: Tyranitar|slp
|
|-weather|Sandstorm|[upkeep]
|upkeep
|turn|19
|
|t:|1729942391
|switch|p1a: Dugtrio|Dugtrio, M|100/100
|move|p2a: Tyranitar|Brick Break|p1a: Dugtrio
|-damage|p1a: Dugtrio|33/100
|
|-weather|Sandstorm|[upkeep]
|upkeep
|turn|20
|
|t:|1729942396
|move|p1a: Dugtrio|Earthquake|p2a: Tyranitar
|-supereffective|p2a: Tyranitar
|-damage|p2a: Tyranitar|5/100
|move|p2a: Tyranitar|Pursuit|p1a: Dugtrio
|-damage|p1a: Dugtrio|0 fnt
|faint|p1a: Dugtrio
|
|t:|1729942400
|switch|p1a: Zapdos|Zapdos|100/100
|
|-weather|Sandstorm|[upkeep]
|-damage|p1a: Zapdos|94/100|[from] Sandstorm
|-heal|p1a: Zapdos|100/100|[from] item: Leftovers
|upkeep
|turn|21
|
|t:|1729942407
|move|p1a: Zapdos|Thunderbolt|p2a: Tyranitar
|-damage|p2a: Tyranitar|0 fnt
|faint|p2a: Tyranitar
|
|t:|1729942412
|switch|p2a: Snorlax|Snorlax, M|69/100
|
|-weather|Sandstorm|[upkeep]
|-damage|p1a: Zapdos|94/100|[from] Sandstorm
|-damage|p2a: Snorlax|63/100|[from] Sandstorm
|-heal|p1a: Zapdos|100/100|[from] item: Leftovers
|-heal|p2a: Snorlax|69/100|[from] item: Leftovers
|upkeep
|turn|22
|inactive|Amir has 270 seconds left.
|
|t:|1729942427
|switch|p1a: Metagross|Metagross|60/100 par
|switch|p2a: Salamence|Salamence, M|100/100
|-ability|p2a: Salamence|Intimidate|boost
|-fail|p1a: Metagross|unboost|[from] ability: Clear Body|[of] p1a: Metagross
|
|-weather|Sandstorm|[upkeep]
|-damage|p2a: Salamence|94/100|[from] Sandstorm
|-heal|p2a: Salamence|100/100|[from] item: Leftovers
|-heal|p1a: Metagross|66/100 par|[from] item: Leftovers
|upkeep
|turn|23
|
|t:|1729942434
|move|p2a: Salamence|Fire Blast|p1a: Metagross
|-supereffective|p1a: Metagross
|-damage|p1a: Metagross|0 fnt
|faint|p1a: Metagross
|
|t:|1729942441
|switch|p1a: Zapdos|Zapdos|100/100
|
|-weather|Sandstorm|[upkeep]
|-damage|p1a: Zapdos|94/100|[from] Sandstorm
|-damage|p2a: Salamence|94/100|[from] Sandstorm
|-heal|p1a: Zapdos|100/100|[from] item: Leftovers
|-heal|p2a: Salamence|100/100|[from] item: Leftovers
|upkeep
|turn|24
|inactive|Amir has 270 seconds left.
|inactive|Amir has 240 seconds left.
|inactive|Amir has 210 seconds left.
|
|t:|1729942546
|switch|p2a: Zapdos|Zapdos|26/100
|move|p1a: Zapdos|Thunderbolt|p2a: Zapdos
|-damage|p2a: Zapdos|0 fnt
|faint|p2a: Zapdos
|
|t:|1729942548
|switch|p2a: Snorlax|Snorlax, M|69/100
|
|-weather|Sandstorm|[upkeep]
|-damage|p1a: Zapdos|94/100|[from] Sandstorm
|-damage|p2a: Snorlax|63/100|[from] Sandstorm
|-heal|p1a: Zapdos|100/100|[from] item: Leftovers
|-heal|p2a: Snorlax|69/100|[from] item: Leftovers
|upkeep
|turn|25
|
|t:|1729942555
|move|p1a: Zapdos|Thunderbolt|p2a: Snorlax
|-damage|p2a: Snorlax|37/100
|move|p2a: Snorlax|Body Slam|p1a: Zapdos
|-damage|p1a: Zapdos|52/100
|-status|p1a: Zapdos|par
|
|-weather|Sandstorm|[upkeep]
|-damage|p2a: Snorlax|31/100|[from] Sandstorm
|-damage|p1a: Zapdos|46/100 par|[from] Sandstorm
|-heal|p2a: Snorlax|37/100|[from] item: Leftovers
|-heal|p1a: Zapdos|52/100 par|[from] item: Leftovers
|upkeep
|turn|26
|
|t:|1729942564
|move|p2a: Snorlax|Body Slam|p1a: Zapdos
|-damage|p1a: Zapdos|3/100 par
|move|p1a: Zapdos|Thunderbolt|p2a: Snorlax
|-damage|p2a: Snorlax|3/100
|
|-weather|Sandstorm|[upkeep]
|-damage|p2a: Snorlax|0 fnt|[from] Sandstorm
|-damage|p1a: Zapdos|0 fnt|[from] Sandstorm
|faint|p2a: Snorlax
|faint|p1a: Zapdos
|upkeep
|inactive|Amir has 210 seconds left.
|
|t:|1729942572
|switch|p1a: Starmie|Starmie|100/100
|switch|p2a: Salamence|Salamence, M|100/100
|-ability|p2a: Salamence|Intimidate|boost
|-unboost|p1a: Starmie|atk|1
|turn|27
|c|☆Sheik|gg
|inactive|Amir has 210 seconds left.
|
|t:|1729942593
|move|p1a: Starmie|Ice Beam|p2a: Salamence
|-supereffective|p2a: Salamence
|-crit|p2a: Salamence
|-damage|p2a: Salamence|0 fnt
|faint|p2a: Salamence
|
|win|Sheik

</script>
<script type="application/json" class="data" id="replaydata-smogtours-gen3ou-802061">
{"id":"smogtours-gen3ou-802061","format":"[Gen 3] OU","players":["Sheik","Amir"],"uploadtime":1729942593,"views":166,"formatid":"gen3ou","rating":null,"private":1,"password":null}
</script>

<script defer src="js/replays.js?9d40a366"></script>
