<!DOCTYPE html>
<meta charset="utf-8" />
<meta name="viewport" content="width=device-width" />

<title>[Gen 3] OU: SerpentZero vs. Loeffelbiskuit98 - Replays - Pok&eacute;mon Showdown!</title>

<meta name="description" content="Watch a replay of a Pok&eacute;mon battle between SerpentZero and Loeffelbiskuit98! Format: [Gen 3] OU; Date: Oct 13, 2024" />
<!--

Hey, you! Looking in the source for the replay log?

You can find them in JSON format, just add `.json` at the end of a replay URL.

https://replay.pokemonshowdown.com/gen7randomdoublesbattle-865046831.json

Or, if you only need the log itself, add `.log` instead:

https://replay.pokemonshowdown.com/gen7randomdoublesbattle-865046831.log

-->

<link rel="stylesheet" href="//pokemonshowdown.com/style/global.css?0.023195364461161105" />
<link rel="stylesheet" href="//play.pokemonshowdown.com/style/font-awesome.css?0.13261647063804238" />
<link rel="stylesheet" href="//play.pokemonshowdown.com/style/battle.css?0.8753245789963631" />
<link rel="stylesheet" href="//play.pokemonshowdown.com/style/utilichart.css?0.8627959624976733" />

<!-- Global site tag (gtag.js) - Google Analytics -->
<script async src="https://www.googletagmanager.com/gtag/js?id=UA-26211653-1"></script>
<script>
  window.dataLayer = window.dataLayer || [];
  function gtag(){dataLayer.push(arguments);}
  gtag('js', new Date());

  gtag('config', 'UA-26211653-1');
</script>
<!-- End Google Analytics -->
<!-- Venatus Ad Manager - Install in <HEAD> of page -->
	<script src="https://hb.vntsm.com/v3/live/ad-manager.min.js" type="text/javascript" data-site-id="642aba63ec9a7b11c3c9c1be" data-mode="scan" async></script>
<!-- / Venatus Ad Manager -->

<style>
	@media (max-width:820px) {
		.battle {
			margin: 0 auto;
		}
		.battle-log {
			margin: 7px auto 0;
			max-width: 640px;
			height: 300px;
			position: static;
		}
	}
	.optgroup {
		display: inline-block;
		line-height: 22px;
		font-size: 10pt;
	}
	.optgroup .button {
		height: 25px;
		padding-top: 0;
		padding-bottom: 0;
	}
	.optgroup button.button {
		padding-left: 12px;
		padding-right: 12px;
	}
	.linklist {
		list-style: none;
		margin: 0.5em 0;
		padding: 0;
	}
	.linklist li {
		padding: 2px 0;
	}
	.sidebar {
		float: left;
		width: 320px;
	}
	.bar-wrapper {
		max-width: 1100px;
		margin: 0 auto;
	}
	.bar-wrapper.has-sidebar {
		max-width: 1430px;
	}
	.mainbar {
		margin: 0;
		padding-right: 1px;
	}
	.mainbar.has-sidebar {
		margin-left: 330px;
	}
	@media (min-width: 1511px) {
		.sidebar {
			width: 400px;
		}
		.bar-wrapper.has-sidebar {
			max-width: 1510px;
		}
		.mainbar.has-sidebar {
			margin-left: 410px;
		}
	}
	.section.first-section {
		margin-top: 9px;
	}
	.blocklink small {
		white-space: normal;
	}
	.button {
		vertical-align: middle;
	}
	.replay-controls {
		padding-top: 10px;
	}
	.replay-controls h1 {
		font-size: 16pt;
		font-weight: normal;
		color: #CCC;
	}
	.pagelink {
		text-align: center;
	}
	.pagelink a {
		width: 150px;
	}
	.textbox, .button {
		font-size: 11pt;
		vertical-align: middle;
	}
	@media (max-width: 450px) {
		.button {
			font-size: 9pt;
		}
	}
</style>

<div>

	<header>
		<div class="nav-wrapper"><ul class="nav">
			<li><a class="button nav-first" href="//pokemonshowdown.com/"><img src="//pokemonshowdown.com/images/pokemonshowdownbeta.png" srcset="//pokemonshowdown.com/images/pokemonshowdownbeta.png 1x, //pokemonshowdown.com/images/pokemonshowdownbeta@2x.png 2x" alt="Pok&eacute;mon Showdown" width="146" height="44" /> Home</a></li>
			<li><a class="button" href="//pokemonshowdown.com/dex/">Pok&eacute;dex</a></li>
			<li><a class="button cur" href="/">Replays</a></li>
			<li><a class="button" href="//pokemonshowdown.com/ladder/">Ladder</a></li>
			<li><a class="button nav-last" href="//pokemonshowdown.com/forums/">Forum</a></li>
			<li><a class="button greenbutton nav-first nav-last" href="//play.pokemonshowdown.com/">Play</a></li>
		</ul></div>
	</header>

	<div class="main" id="main">

		<noscript><section class="section">You need to enable JavaScript to use this page; sorry!</section></noscript>

	</div>

</div>

<script defer nomodule src="//play.pokemonshowdown.com/js/lib/ps-polyfill.js"></script>
<script defer src="//play.pokemonshowdown.com/js/lib/preact.min.js"></script>

<script defer src="//play.pokemonshowdown.com/config/config.js?2bddbc15"></script>
<script defer src="//play.pokemonshowdown.com/js/lib/jquery-1.11.0.min.js"></script>
<script defer src="//play.pokemonshowdown.com/js/lib/html-sanitizer-minified.js"></script>
<script defer src="//play.pokemonshowdown.com/js/battle-sound.js"></script>
<script defer src="//play.pokemonshowdown.com/js/battledata.js?0.7209276989879541"></script>
<script defer src="//play.pokemonshowdown.com/data/pokedex-mini.js?0.6111056340867951"></script>
<script defer src="//play.pokemonshowdown.com/data/pokedex-mini-bw.js?0.3532142036491459"></script>
<script defer src="//play.pokemonshowdown.com/data/graphics.js?0.24223875632456182"></script>
<script defer src="//play.pokemonshowdown.com/data/pokedex.js?0.38839984266356864"></script>
<script defer src="//play.pokemonshowdown.com/data/moves.js?0.21866028504024015"></script>
<script defer src="//play.pokemonshowdown.com/data/abilities.js?0.2005157953846628"></script>
<script defer src="//play.pokemonshowdown.com/data/items.js?0.9894211263848525"></script>
<script defer src="//play.pokemonshowdown.com/data/teambuilder-tables.js?0.6008791140282215"></script>
<script defer src="//play.pokemonshowdown.com/js/battle-tooltips.js?0.7580118955022959"></script>
<script defer src="//play.pokemonshowdown.com/js/battle.js?0.6057722274234274"></script>

<script defer src="js/utils.js?e31f9a17"></script>
<script defer src="js/replays-battle.js?7008c182"></script>

<!-- don't scrape this data! just add .json or .log after the URL!
Full API docs: https://github.com/smogon/pokemon-showdown-client/blob/master/WEB-API.md -->
<script type="text/plain" class="log" id="replaylog-smogtours-gen3ou-798256">
|inactive|Battle timer is ON: inactive players will automatically lose when time's up.
|t:|1728844510
|gametype|singles
|player|p1|SerpentZero|plumeria|
|player|p2|Loeffelbiskuit98|266|
|teamsize|p1|6
|teamsize|p2|6
|gen|3
|tier|[Gen 3] OU
|rule|Sleep Clause Mod: Limit one foe put to sleep
|rule|Switch Priority Clause Mod: Faster Pokémon switch first
|rule|Species Clause: Limit one of each Pokémon
|rule|OHKO Clause: OHKO moves are banned
|rule|Evasion Items Clause: Evasion items are banned
|rule|Evasion Moves Clause: Evasion moves are banned
|rule|Endless Battle Clause: Forcing endless battles is banned
|rule|HP Percentage Mod: HP is shown in percentages
|rule|One Boost Passer Clause: Limit one Baton Passer that has a way to boost its stats
|rule|Freeze Clause Mod: Limit one foe frozen
|
|t:|1728844510
|start
|switch|p1a: Galeforce|Medicham, F, shiny|100/100
|switch|p2a: Slaking|Slaking, F, shiny|100/100
|turn|1
|c|☆SerpentZero|glhf!
|inactive|SerpentZero has 270 seconds left.
|
|t:|1728844563
|switch|p1a: APEX|Metagross, shiny|100/100
|move|p2a: Slaking|Shadow Ball|p1a: APEX
|-damage|p1a: APEX|58/100
|
|-heal|p1a: APEX|65/100|[from] item: Leftovers
|upkeep
|turn|2
|
|t:|1728844574
|switch|p2a: Skarmory|Skarmory, F, shiny|100/100
|move|p1a: APEX|Agility|p1a: APEX
|-boost|p1a: APEX|spe|2
|
|-heal|p1a: APEX|71/100|[from] item: Leftovers
|upkeep
|turn|3
|
|t:|1728844585
|switch|p1a: Stinger|Magneton|100/100
|move|p2a: Skarmory|Roar|p1a: Stinger
|drag|p1a: Ceylon|Suicune, shiny|100/100
|
|upkeep
|turn|4
|inactive|Loeffelbiskuit98 has 270 seconds left.
|
|t:|1728844619
|move|p1a: Ceylon|Surf|p2a: Skarmory
|-damage|p2a: Skarmory|69/100
|move|p2a: Skarmory|Spikes|p1a: Ceylon
|-sidestart|p1: SerpentZero|Spikes
|
|-heal|p2a: Skarmory|75/100|[from] item: Leftovers
|upkeep
|turn|5
|
|t:|1728844628
|move|p1a: Ceylon|Calm Mind|p1a: Ceylon
|-boost|p1a: Ceylon|spa|1
|-boost|p1a: Ceylon|spd|1
|move|p2a: Skarmory|Spikes|p1a: Ceylon
|-sidestart|p1: SerpentZero|Spikes
|
|-heal|p2a: Skarmory|81/100|[from] item: Leftovers
|upkeep
|turn|6
|
|t:|1728844632
|move|p2a: Skarmory|Protect|p2a: Skarmory
|-singleturn|p2a: Skarmory|Protect
|move|p1a: Ceylon|Surf|p2a: Skarmory
|-activate|p2a: Skarmory|Protect
|
|-heal|p2a: Skarmory|87/100|[from] item: Leftovers
|upkeep
|turn|7
|
|t:|1728844637
|move|p1a: Ceylon|Surf|p2a: Skarmory
|-damage|p2a: Skarmory|35/100
|move|p2a: Skarmory|Roar|p1a: Ceylon
|drag|p1a: Braximir|Salamence, F|100/100
|-ability|p1a: Braximir|Intimidate|boost
|-unboost|p2a: Skarmory|atk|1
|
|-heal|p2a: Skarmory|41/100|[from] item: Leftovers
|upkeep
|turn|8
|
|t:|1728844648
|move|p2a: Skarmory|Protect|p2a: Skarmory
|-singleturn|p2a: Skarmory|Protect
|move|p1a: Braximir|Rock Slide|p2a: Skarmory
|-activate|p2a: Skarmory|Protect
|
|-heal|p2a: Skarmory|47/100|[from] item: Leftovers
|upkeep
|turn|9
|
|t:|1728844670
|switch|p2a: Flygon|Flygon, F|100/100
|move|p1a: Braximir|Dragon Dance|p1a: Braximir
|-boost|p1a: Braximir|atk|1
|-boost|p1a: Braximir|spe|1
|
|upkeep
|turn|10
|
|t:|1728844679
|move|p1a: Braximir|Hidden Power|p2a: Flygon
|-damage|p2a: Flygon|49/100
|move|p2a: Flygon|Toxic|p1a: Braximir
|-status|p1a: Braximir|tox
|
|-damage|p1a: Braximir|94/100 tox|[from] psn
|-heal|p2a: Flygon|55/100|[from] item: Leftovers
|upkeep
|turn|11
|
|t:|1728844689
|move|p2a: Flygon|Protect|p2a: Flygon
|-singleturn|p2a: Flygon|Protect
|move|p1a: Braximir|Hidden Power|p2a: Flygon
|-activate|p2a: Flygon|Protect
|
|-heal|p1a: Braximir|100/100 tox|[from] item: Leftovers
|-damage|p1a: Braximir|88/100 tox|[from] psn
|-heal|p2a: Flygon|61/100|[from] item: Leftovers
|upkeep
|turn|12
|
|t:|1728844707
|switch|p2a: Jirachi|Jirachi, shiny|100/100
|move|p1a: Braximir|Dragon Dance|p1a: Braximir
|-boost|p1a: Braximir|atk|1
|-boost|p1a: Braximir|spe|1
|
|-heal|p1a: Braximir|94/100 tox|[from] item: Leftovers
|-damage|p1a: Braximir|76/100 tox|[from] psn
|upkeep
|turn|13
|
|t:|1728844714
|move|p1a: Braximir|Earthquake|p2a: Jirachi
|-supereffective|p2a: Jirachi
|-damage|p2a: Jirachi|8/100
|move|p2a: Jirachi|Wish|p2a: Jirachi
|
|-heal|p1a: Braximir|82/100 tox|[from] item: Leftovers
|-damage|p1a: Braximir|58/100 tox|[from] psn
|-heal|p2a: Jirachi|15/100|[from] item: Leftovers
|upkeep
|turn|14
|
|t:|1728844720
|move|p2a: Jirachi|Protect|p2a: Jirachi
|-singleturn|p2a: Jirachi|Protect
|move|p1a: Braximir|Rock Slide|p2a: Jirachi
|-activate|p2a: Jirachi|Protect
|
|-heal|p2a: Jirachi|65/100|[from] move: Wish|[wisher] Jirachi
|-heal|p1a: Braximir|64/100 tox|[from] item: Leftovers
|-damage|p1a: Braximir|34/100 tox|[from] psn
|-heal|p2a: Jirachi|71/100|[from] item: Leftovers
|upkeep
|turn|15
|
|t:|1728844733
|switch|p2a: Skarmory|Skarmory, F, shiny|47/100
|move|p1a: Braximir|Earthquake|p2a: Skarmory
|-immune|p2a: Skarmory
|
|-heal|p1a: Braximir|40/100 tox|[from] item: Leftovers
|-damage|p1a: Braximir|4/100 tox|[from] psn
|-heal|p2a: Skarmory|53/100|[from] item: Leftovers
|upkeep
|turn|16
|
|t:|1728844741
|switch|p1a: Stinger|Magneton|100/100
|-damage|p1a: Stinger|84/100|[from] Spikes
|move|p2a: Skarmory|Protect||[still]
|-fail|p2a: Skarmory
|
|-heal|p2a: Skarmory|59/100|[from] item: Leftovers
|upkeep
|turn|17
|
|t:|1728844758
|move|p1a: Stinger|Thunderbolt|p2a: Skarmory
|-supereffective|p2a: Skarmory
|-crit|p2a: Skarmory
|-damage|p2a: Skarmory|0 fnt
|faint|p2a: Skarmory
|inactive|Loeffelbiskuit98 has 270 seconds left.
|
|t:|1728844797
|switch|p2a: Flygon|Flygon, F|61/100
|
|-heal|p2a: Flygon|67/100|[from] item: Leftovers
|upkeep
|turn|18
|inactive|Loeffelbiskuit98 has 270 seconds left.
|
|t:|1728844822
|switch|p1a: Ceylon|Suicune, shiny|100/100
|-damage|p1a: Ceylon|84/100|[from] Spikes
|move|p2a: Flygon|Fire Blast|p1a: Ceylon
|-resisted|p1a: Ceylon
|-damage|p1a: Ceylon|77/100
|
|-heal|p2a: Flygon|73/100|[from] item: Leftovers
|-heal|p1a: Ceylon|83/100|[from] item: Leftovers
|upkeep
|turn|19
|inactive|Loeffelbiskuit98 has 270 seconds left.
|
|t:|1728844837
|switch|p2a: Blastoise|Blastoise, F, shiny|100/100
|move|p1a: Ceylon|Calm Mind|p1a: Ceylon
|-boost|p1a: Ceylon|spa|1
|-boost|p1a: Ceylon|spd|1
|
|-heal|p1a: Ceylon|90/100|[from] item: Leftovers
|upkeep
|turn|20
|
|t:|1728844844
|move|p1a: Ceylon|Calm Mind|p1a: Ceylon
|-boost|p1a: Ceylon|spa|1
|-boost|p1a: Ceylon|spd|1
|move|p2a: Blastoise|Roar|p1a: Ceylon
|drag|p1a: Big Ounce|Snorlax, M|100/100
|-damage|p1a: Big Ounce|84/100|[from] Spikes
|
|-heal|p1a: Big Ounce|90/100|[from] item: Leftovers
|upkeep
|turn|21
|inactive|Loeffelbiskuit98 has 270 seconds left.
|
|t:|1728844861
|move|p1a: Big Ounce|Body Slam|p2a: Blastoise
|-damage|p2a: Blastoise|67/100
|move|p2a: Blastoise|Roar|p1a: Big Ounce
|drag|p1a: Galeforce|Medicham, F, shiny|100/100
|-damage|p1a: Galeforce|84/100|[from] Spikes
|
|-heal|p2a: Blastoise|73/100|[from] item: Leftovers
|upkeep
|turn|22
|inactive|Loeffelbiskuit98 has 270 seconds left.
|
|t:|1728844885
|move|p1a: Galeforce|Brick Break|p2a: Blastoise
|-damage|p2a: Blastoise|30/100
|move|p2a: Blastoise|Surf|p1a: Galeforce
|-damage|p1a: Galeforce|15/100
|
|-enditem|p1a: Galeforce|Salac Berry|[eat]
|-boost|p1a: Galeforce|spe|1|[from] item: Salac Berry
|-heal|p2a: Blastoise|36/100|[from] item: Leftovers
|upkeep
|turn|23
|
|t:|1728844896
|move|p1a: Galeforce|Brick Break|p2a: Blastoise
|-damage|p2a: Blastoise|0 fnt
|faint|p2a: Blastoise
|
|t:|1728844903
|switch|p2a: Flygon|Flygon, F|73/100
|
|-heal|p2a: Flygon|79/100|[from] item: Leftovers
|upkeep
|turn|24
|
|t:|1728844912
|move|p2a: Flygon|Protect|p2a: Flygon
|-singleturn|p2a: Flygon|Protect
|move|p1a: Galeforce|Brick Break|p2a: Flygon
|-activate|p2a: Flygon|Protect
|
|-heal|p2a: Flygon|85/100|[from] item: Leftovers
|upkeep
|turn|25
|inactive|Loeffelbiskuit98 has 270 seconds left.
|
|t:|1728844919
|move|p1a: Galeforce|Brick Break|p2a: Flygon
|-damage|p2a: Flygon|45/100
|move|p2a: Flygon|Earthquake|p1a: Galeforce
|-damage|p1a: Galeforce|0 fnt
|faint|p1a: Galeforce
|
|t:|1728844926
|switch|p1a: Ceylon|Suicune, shiny|90/100
|-damage|p1a: Ceylon|73/100|[from] Spikes
|
|-heal|p2a: Flygon|51/100|[from] item: Leftovers
|-heal|p1a: Ceylon|79/100|[from] item: Leftovers
|upkeep
|turn|26
|
|t:|1728844935
|move|p2a: Flygon|Toxic|p1a: Ceylon
|-status|p1a: Ceylon|tox
|move|p1a: Ceylon|Surf|p2a: Flygon
|-damage|p2a: Flygon|11/100
|
|-heal|p2a: Flygon|17/100|[from] item: Leftovers
|-heal|p1a: Ceylon|85/100 tox|[from] item: Leftovers
|-damage|p1a: Ceylon|79/100 tox|[from] psn
|upkeep
|turn|27
|
|t:|1728844946
|move|p2a: Flygon|Earthquake|p1a: Ceylon
|-damage|p1a: Ceylon|54/100 tox
|move|p1a: Ceylon|Surf|p2a: Flygon
|-damage|p2a: Flygon|0 fnt
|faint|p2a: Flygon
|
|t:|1728844951
|switch|p2a: Slaking|Slaking, F, shiny|100/100
|
|-heal|p1a: Ceylon|61/100 tox|[from] item: Leftovers
|-damage|p1a: Ceylon|48/100 tox|[from] psn
|upkeep
|turn|28
|
|t:|1728844954
|move|p2a: Slaking|Double-Edge|p1a: Ceylon
|-damage|p1a: Ceylon|0 fnt
|-damage|p2a: Slaking|86/100|[from] Recoil|[of] p1a: Ceylon
|faint|p1a: Ceylon
|
|t:|1728844973
|switch|p1a: Big Ounce|Snorlax, M|90/100
|-damage|p1a: Big Ounce|74/100|[from] Spikes
|
|-heal|p1a: Big Ounce|80/100|[from] item: Leftovers
|upkeep
|turn|29
|
|t:|1728844999
|switch|p2a: Jirachi|Jirachi, shiny|71/100
|move|p1a: Big Ounce|Body Slam|p2a: Jirachi
|-resisted|p2a: Jirachi
|-damage|p2a: Jirachi|58/100
|-status|p2a: Jirachi|par
|
|-heal|p1a: Big Ounce|86/100|[from] item: Leftovers
|-heal|p2a: Jirachi|65/100 par|[from] item: Leftovers
|upkeep
|turn|30
|
|t:|1728845007
|move|p1a: Big Ounce|Earthquake|p2a: Jirachi
|-supereffective|p2a: Jirachi
|-damage|p2a: Jirachi|25/100 par
|move|p2a: Jirachi|Wish|p2a: Jirachi
|
|-heal|p1a: Big Ounce|92/100|[from] item: Leftovers
|-heal|p2a: Jirachi|31/100 par|[from] item: Leftovers
|upkeep
|turn|31
|
|t:|1728845018
|switch|p1a: Stinger|Magneton|84/100
|-damage|p1a: Stinger|67/100|[from] Spikes
|move|p2a: Jirachi|Protect||[still]
|-fail|p2a: Jirachi
|
|-heal|p2a: Jirachi|81/100 par|[from] move: Wish|[wisher] Jirachi
|-heal|p2a: Jirachi|87/100 par|[from] item: Leftovers
|upkeep
|turn|32
|
|t:|1728845025
|move|p1a: Stinger|Hidden Power|p2a: Jirachi
|-supereffective|p2a: Jirachi
|-damage|p2a: Jirachi|48/100 par
|move|p2a: Jirachi|Fire Punch|p1a: Stinger
|-supereffective|p1a: Stinger
|-damage|p1a: Stinger|0 fnt
|faint|p1a: Stinger
|
|t:|1728845037
|switch|p1a: APEX|Metagross, shiny|71/100
|-damage|p1a: APEX|54/100|[from] Spikes
|
|-heal|p1a: APEX|60/100|[from] item: Leftovers
|-heal|p2a: Jirachi|54/100 par|[from] item: Leftovers
|upkeep
|turn|33
|inactive|Loeffelbiskuit98 has 270 seconds left.
|
|t:|1728845069
|move|p1a: APEX|Agility|p1a: APEX
|-boost|p1a: APEX|spe|2
|move|p2a: Jirachi|Fire Punch|p1a: APEX
|-supereffective|p1a: APEX
|-damage|p1a: APEX|22/100
|
|-heal|p1a: APEX|28/100|[from] item: Leftovers
|-heal|p2a: Jirachi|60/100 par|[from] item: Leftovers
|upkeep
|turn|34
|
|t:|1728845078
|move|p1a: APEX|Earthquake|p2a: Jirachi
|-supereffective|p2a: Jirachi
|-damage|p2a: Jirachi|13/100 par
|cant|p2a: Jirachi|par
|
|-heal|p1a: APEX|34/100|[from] item: Leftovers
|-heal|p2a: Jirachi|20/100 par|[from] item: Leftovers
|upkeep
|turn|35
|
|t:|1728845090
|move|p1a: APEX|Earthquake|p2a: Jirachi
|-supereffective|p2a: Jirachi
|-damage|p2a: Jirachi|0 fnt
|faint|p2a: Jirachi
|
|t:|1728845096
|switch|p2a: Blissey|Blissey, F|100/100
|
|-heal|p1a: APEX|40/100|[from] item: Leftovers
|upkeep
|turn|36
|
|t:|1728845113
|move|p1a: APEX|Meteor Mash|p2a: Blissey
|-damage|p2a: Blissey|45/100
|move|p2a: Blissey|Thunderbolt|p1a: APEX
|-damage|p1a: APEX|17/100
|
|-heal|p1a: APEX|23/100|[from] item: Leftovers
|-heal|p2a: Blissey|51/100|[from] item: Leftovers
|upkeep
|turn|37
|inactive|Loeffelbiskuit98 has 270 seconds left.
|
|t:|1728845137
|move|p1a: APEX|Meteor Mash|p2a: Blissey
|-damage|p2a: Blissey|0 fnt
|faint|p2a: Blissey
|
|t:|1728845140
|switch|p2a: Slaking|Slaking, F, shiny|86/100
|
|-heal|p1a: APEX|29/100|[from] item: Leftovers
|upkeep
|turn|38
|
|t:|1728845146
|move|p1a: APEX|Explosion|p2a: Slaking
|-damage|p2a: Slaking|0 fnt
|faint|p1a: APEX
|faint|p2a: Slaking
|
|win|SerpentZero
|c|☆Loeffelbiskuit98|gg
|c|☆SerpentZero|ggwp
|player|p2|
|player|p1|
|player|p1|SerpentZero|plumeria|

</script>
<script type="application/json" class="data" id="replaydata-smogtours-gen3ou-798256">
{"id":"smogtours-gen3ou-798256","format":"[Gen 3] OU","players":["SerpentZero","Loeffelbiskuit98"],"uploadtime":1728845146,"views":73,"formatid":"gen3ou","rating":null,"private":0,"password":null}
</script>

<script defer src="js/replays.js?9d40a366"></script>
