<!DOCTYPE html>
<meta charset="utf-8" />
<meta name="viewport" content="width=device-width" />

<title>[Gen 3] OU: Rambode vs. alphasapphire918 - Replays - Pok&eacute;mon Showdown!</title>

<meta name="description" content="Watch a replay of a Pok&eacute;mon battle between Rambode and alphasapphire918! Format: [Gen 3] OU; Date: Oct 23, 2024" />
<!--

Hey, you! Looking in the source for the replay log?

You can find them in JSON format, just add `.json` at the end of a replay URL.

https://replay.pokemonshowdown.com/gen7randomdoublesbattle-865046831.json

Or, if you only need the log itself, add `.log` instead:

https://replay.pokemonshowdown.com/gen7randomdoublesbattle-865046831.log

-->

<link rel="stylesheet" href="//pokemonshowdown.com/style/global.css?0.023195364461161105" />
<link rel="stylesheet" href="//play.pokemonshowdown.com/style/font-awesome.css?0.13261647063804238" />
<link rel="stylesheet" href="//play.pokemonshowdown.com/style/battle.css?0.8753245789963631" />
<link rel="stylesheet" href="//play.pokemonshowdown.com/style/utilichart.css?0.8627959624976733" />

<!-- Global site tag (gtag.js) - Google Analytics -->
<script async src="https://www.googletagmanager.com/gtag/js?id=UA-26211653-1"></script>
<script>
  window.dataLayer = window.dataLayer || [];
  function gtag(){dataLayer.push(arguments);}
  gtag('js', new Date());

  gtag('config', 'UA-26211653-1');
</script>
<!-- End Google Analytics -->
<!-- Venatus Ad Manager - Install in <HEAD> of page -->
	<script src="https://hb.vntsm.com/v3/live/ad-manager.min.js" type="text/javascript" data-site-id="642aba63ec9a7b11c3c9c1be" data-mode="scan" async></script>
<!-- / Venatus Ad Manager -->

<style>
	@media (max-width:820px) {
		.battle {
			margin: 0 auto;
		}
		.battle-log {
			margin: 7px auto 0;
			max-width: 640px;
			height: 300px;
			position: static;
		}
	}
	.optgroup {
		display: inline-block;
		line-height: 22px;
		font-size: 10pt;
	}
	.optgroup .button {
		height: 25px;
		padding-top: 0;
		padding-bottom: 0;
	}
	.optgroup button.button {
		padding-left: 12px;
		padding-right: 12px;
	}
	.linklist {
		list-style: none;
		margin: 0.5em 0;
		padding: 0;
	}
	.linklist li {
		padding: 2px 0;
	}
	.sidebar {
		float: left;
		width: 320px;
	}
	.bar-wrapper {
		max-width: 1100px;
		margin: 0 auto;
	}
	.bar-wrapper.has-sidebar {
		max-width: 1430px;
	}
	.mainbar {
		margin: 0;
		padding-right: 1px;
	}
	.mainbar.has-sidebar {
		margin-left: 330px;
	}
	@media (min-width: 1511px) {
		.sidebar {
			width: 400px;
		}
		.bar-wrapper.has-sidebar {
			max-width: 1510px;
		}
		.mainbar.has-sidebar {
			margin-left: 410px;
		}
	}
	.section.first-section {
		margin-top: 9px;
	}
	.blocklink small {
		white-space: normal;
	}
	.button {
		vertical-align: middle;
	}
	.replay-controls {
		padding-top: 10px;
	}
	.replay-controls h1 {
		font-size: 16pt;
		font-weight: normal;
		color: #CCC;
	}
	.pagelink {
		text-align: center;
	}
	.pagelink a {
		width: 150px;
	}
	.textbox, .button {
		font-size: 11pt;
		vertical-align: middle;
	}
	@media (max-width: 450px) {
		.button {
			font-size: 9pt;
		}
	}
</style>

<div>

	<header>
		<div class="nav-wrapper"><ul class="nav">
			<li><a class="button nav-first" href="//pokemonshowdown.com/"><img src="//pokemonshowdown.com/images/pokemonshowdownbeta.png" srcset="//pokemonshowdown.com/images/pokemonshowdownbeta.png 1x, //pokemonshowdown.com/images/pokemonshowdownbeta@2x.png 2x" alt="Pok&eacute;mon Showdown" width="146" height="44" /> Home</a></li>
			<li><a class="button" href="//pokemonshowdown.com/dex/">Pok&eacute;dex</a></li>
			<li><a class="button cur" href="/">Replays</a></li>
			<li><a class="button" href="//pokemonshowdown.com/ladder/">Ladder</a></li>
			<li><a class="button nav-last" href="//pokemonshowdown.com/forums/">Forum</a></li>
			<li><a class="button greenbutton nav-first nav-last" href="//play.pokemonshowdown.com/">Play</a></li>
		</ul></div>
	</header>

	<div class="main" id="main">

		<noscript><section class="section">You need to enable JavaScript to use this page; sorry!</section></noscript>

	</div>

</div>

<script defer nomodule src="//play.pokemonshowdown.com/js/lib/ps-polyfill.js"></script>
<script defer src="//play.pokemonshowdown.com/js/lib/preact.min.js"></script>

<script defer src="//play.pokemonshowdown.com/config/config.js?2bddbc15"></script>
<script defer src="//play.pokemonshowdown.com/js/lib/jquery-1.11.0.min.js"></script>
<script defer src="//play.pokemonshowdown.com/js/lib/html-sanitizer-minified.js"></script>
<script defer src="//play.pokemonshowdown.com/js/battle-sound.js"></script>
<script defer src="//play.pokemonshowdown.com/js/battledata.js?0.7209276989879541"></script>
<script defer src="//play.pokemonshowdown.com/data/pokedex-mini.js?0.6111056340867951"></script>
<script defer src="//play.pokemonshowdown.com/data/pokedex-mini-bw.js?0.3532142036491459"></script>
<script defer src="//play.pokemonshowdown.com/data/graphics.js?0.24223875632456182"></script>
<script defer src="//play.pokemonshowdown.com/data/pokedex.js?0.38839984266356864"></script>
<script defer src="//play.pokemonshowdown.com/data/moves.js?0.21866028504024015"></script>
<script defer src="//play.pokemonshowdown.com/data/abilities.js?0.2005157953846628"></script>
<script defer src="//play.pokemonshowdown.com/data/items.js?0.9894211263848525"></script>
<script defer src="//play.pokemonshowdown.com/data/teambuilder-tables.js?0.6008791140282215"></script>
<script defer src="//play.pokemonshowdown.com/js/battle-tooltips.js?0.7580118955022959"></script>
<script defer src="//play.pokemonshowdown.com/js/battle.js?0.6057722274234274"></script>

<script defer src="js/utils.js?e31f9a17"></script>
<script defer src="js/replays-battle.js?7008c182"></script>

<!-- don't scrape this data! just add .json or .log after the URL!
Full API docs: https://github.com/smogon/pokemon-showdown-client/blob/master/WEB-API.md -->
<script type="text/plain" class="log" id="replaylog-smogtours-gen3ou-801334">
|inactive|Battle timer is ON: inactive players will automatically lose when time's up.
|t:|1729649391
|gametype|singles
|player|p1|Rambode|170|
|player|p2|alphasapphire918|galacticgruntf|
|teamsize|p1|6
|teamsize|p2|6
|gen|3
|tier|[Gen 3] OU
|rule|Sleep Clause Mod: Limit one foe put to sleep
|rule|Switch Priority Clause Mod: Faster Pokémon switch first
|rule|Species Clause: Limit one of each Pokémon
|rule|OHKO Clause: OHKO moves are banned
|rule|Evasion Items Clause: Evasion items are banned
|rule|Evasion Moves Clause: Evasion moves are banned
|rule|Endless Battle Clause: Forcing endless battles is banned
|rule|HP Percentage Mod: HP is shown in percentages
|rule|One Boost Passer Clause: Limit one Baton Passer that has a way to boost its stats
|rule|Freeze Clause Mod: Limit one foe frozen
|
|t:|1729649391
|start
|switch|p1a: Tyranitar|Tyranitar, F|100/100
|switch|p2a: Minegishi|Venusaur, M, shiny|100/100
|-weather|Sandstorm|[from] ability: Sand Stream|[of] p1a: Tyranitar
|turn|1
|inactive|Rambode has 270 seconds left.
|c|☆Rambode|gl hf
|c|☆alphasapphire918|glhf!!
|inactive|Rambode has 240 seconds left.
|
|t:|1729649459
|move|p1a: Tyranitar|Rock Slide|p2a: Minegishi
|-damage|p2a: Minegishi|49/100
|move|p2a: Minegishi|Leech Seed|p1a: Tyranitar|[miss]
|-miss|p2a: Minegishi|p1a: Tyranitar
|
|-weather|Sandstorm|[upkeep]
|-damage|p2a: Minegishi|43/100|[from] Sandstorm
|-heal|p2a: Minegishi|49/100|[from] item: Leftovers
|upkeep
|turn|2
|
|t:|1729649482
|switch|p2a: Serizawa|Forretress, F|100/100
|move|p1a: Tyranitar|Rock Slide|p2a: Serizawa
|-damage|p2a: Serizawa|52/100
|
|-weather|Sandstorm|[upkeep]
|-heal|p2a: Serizawa|58/100|[from] item: Leftovers
|upkeep
|turn|3
|inactive|Rambode has 270 seconds left.
|
|t:|1729649515
|switch|p1a: Gengar|Gengar, M|100/100
|move|p2a: Serizawa|Spikes|p1a: Gengar
|-sidestart|p1: Rambode|Spikes
|
|-weather|Sandstorm|[upkeep]
|-damage|p1a: Gengar|95/100|[from] Sandstorm
|-heal|p1a: Gengar|100/100|[from] item: Leftovers
|-heal|p2a: Serizawa|64/100|[from] item: Leftovers
|upkeep
|turn|4
|inactive|alphasapphire918 has 270 seconds left.
|
|t:|1729649541
|switch|p2a: Shimazaki|Tyranitar, F, shiny|100/100
|move|p1a: Gengar|Will-O-Wisp|p2a: Shimazaki
|-status|p2a: Shimazaki|brn
|
|-weather|Sandstorm|[upkeep]
|-damage|p1a: Gengar|95/100|[from] Sandstorm
|-heal|p1a: Gengar|100/100|[from] item: Leftovers
|-damage|p2a: Shimazaki|88/100 brn|[from] brn
|upkeep
|turn|5
|inactive|alphasapphire918 has 270 seconds left.
|inactive|Rambode has 270 seconds left.
|inactive|Rambode has 240 seconds left.
|inactive|Rambode has 210 seconds left.
|
|t:|1729649621
|-activate|p1a: Gengar|move: Pursuit
|move|p2a: Shimazaki|Pursuit|p1a: Gengar|[from]Pursuit
|-supereffective|p1a: Gengar
|-damage|p1a: Gengar|20/100
|switch|p1a: Blissey|Blissey, F|100/100
|-damage|p1a: Blissey|88/100|[from] Spikes
|
|-weather|Sandstorm|[upkeep]
|-damage|p1a: Blissey|82/100|[from] Sandstorm
|-heal|p2a: Shimazaki|94/100 brn|[from] item: Leftovers
|-damage|p2a: Shimazaki|82/100 brn|[from] brn
|-heal|p1a: Blissey|88/100|[from] item: Leftovers
|upkeep
|turn|6
|inactive|alphasapphire918 has 270 seconds left.
|
|t:|1729649638
|switch|p2a: Hatori|Jirachi|100/100
|move|p1a: Blissey|Wish|p1a: Blissey
|
|-weather|Sandstorm|[upkeep]
|-damage|p1a: Blissey|82/100|[from] Sandstorm
|-heal|p1a: Blissey|88/100|[from] item: Leftovers
|upkeep
|turn|7
|
|t:|1729649647
|switch|p1a: Flygon|Flygon, M|100/100
|move|p2a: Hatori|Fire Punch|p1a: Flygon
|-resisted|p1a: Flygon
|-damage|p1a: Flygon|91/100
|
|-heal|p1a: Flygon|100/100|[from] move: Wish|[wisher] Blissey
|-weather|Sandstorm|[upkeep]
|upkeep
|turn|8
|inactive|alphasapphire918 has 270 seconds left.
|inactive|Rambode has 210 seconds left.
|
|t:|1729649677
|move|p1a: Flygon|Earthquake|p2a: Hatori
|-supereffective|p2a: Hatori
|-damage|p2a: Hatori|42/100
|move|p2a: Hatori|Wish|p2a: Hatori
|
|-weather|Sandstorm|[upkeep]
|-heal|p2a: Hatori|48/100|[from] item: Leftovers
|upkeep
|turn|9
|inactive|Rambode has 210 seconds left.
|inactive|alphasapphire918 has 270 seconds left.
|
|t:|1729649697
|switch|p1a: Tyranitar|Tyranitar, F|100/100
|-damage|p1a: Tyranitar|88/100|[from] Spikes
|switch|p2a: Shibata|Swampert, M, shiny|100/100
|
|-weather|Sandstorm|[upkeep]
|upkeep
|turn|10
|inactive|Rambode has 180 seconds left.
|
|t:|1729649732
|switch|p1a: Skarmory|Skarmory, M|100/100
|move|p2a: Shibata|Hydro Pump|p1a: Skarmory
|-damage|p1a: Skarmory|62/100
|
|-weather|Sandstorm|[upkeep]
|-heal|p1a: Skarmory|68/100|[from] item: Leftovers
|upkeep
|turn|11
|inactive|Rambode has 180 seconds left.
|inactive|Rambode has 150 seconds left.
|
|t:|1729649774
|move|p1a: Skarmory|Spikes|p2a: Shibata
|-sidestart|p2: alphasapphire918|Spikes
|move|p2a: Shibata|Hydro Pump|p1a: Skarmory
|-damage|p1a: Skarmory|27/100
|
|-weather|Sandstorm|[upkeep]
|-heal|p1a: Skarmory|33/100|[from] item: Leftovers
|upkeep
|turn|12
|inactive|Rambode has 150 seconds left.
|
|t:|1729649795
|switch|p1a: Zapdos|Zapdos|100/100
|switch|p2a: Hatori|Jirachi|48/100
|-damage|p2a: Hatori|36/100|[from] Spikes
|
|-weather|Sandstorm|[upkeep]
|-damage|p1a: Zapdos|94/100|[from] Sandstorm
|-heal|p1a: Zapdos|100/100|[from] item: Leftovers
|-heal|p2a: Hatori|42/100|[from] item: Leftovers
|upkeep
|turn|13
|inactive|alphasapphire918 has 240 seconds left.
|inactive|Rambode has 120 seconds left.
|
|t:|1729649838
|switch|p1a: Blissey|Blissey, F|88/100
|-damage|p1a: Blissey|76/100|[from] Spikes
|move|p2a: Hatori|Wish|p2a: Hatori
|
|-weather|Sandstorm|[upkeep]
|-damage|p1a: Blissey|69/100|[from] Sandstorm
|-heal|p2a: Hatori|48/100|[from] item: Leftovers
|-heal|p1a: Blissey|76/100|[from] item: Leftovers
|upkeep
|turn|14
|
|t:|1729649857
|move|p2a: Hatori|Toxic|p1a: Blissey
|-status|p1a: Blissey|tox
|move|p1a: Blissey|Seismic Toss|p2a: Hatori
|-damage|p2a: Hatori|24/100
|
|-heal|p2a: Hatori|74/100|[from] move: Wish|[wisher] Hatori
|-weather|Sandstorm|[upkeep]
|-damage|p1a: Blissey|69/100 tox|[from] Sandstorm
|-heal|p2a: Hatori|80/100|[from] item: Leftovers
|-heal|p1a: Blissey|76/100 tox|[from] item: Leftovers
|-damage|p1a: Blissey|69/100 tox|[from] psn
|upkeep
|turn|15
|inactive|Rambode has 90 seconds left.
|
|t:|1729649902
|-curestatus|p1a: Blissey|tox|[from] ability: Natural Cure
|switch|p1a: Tyranitar|Tyranitar, F|88/100
|-damage|p1a: Tyranitar|76/100|[from] Spikes
|move|p2a: Hatori|Wish|p2a: Hatori
|
|-weather|Sandstorm|[upkeep]
|-heal|p2a: Hatori|86/100|[from] item: Leftovers
|upkeep
|turn|16
|
|t:|1729649911
|move|p2a: Hatori|Protect|p2a: Hatori
|-singleturn|p2a: Hatori|Protect
|move|p1a: Tyranitar|Earthquake|p2a: Hatori
|-activate|p2a: Hatori|Protect
|
|-heal|p2a: Hatori|100/100|[from] move: Wish|[wisher] Hatori
|-weather|Sandstorm|[upkeep]
|upkeep
|turn|17
|inactive|alphasapphire918 has 210 seconds left.
|
|t:|1729649937
|switch|p2a: Suzuki|Aerodactyl, F, shiny|100/100
|move|p1a: Tyranitar|Earthquake|p2a: Suzuki
|-immune|p2a: Suzuki
|
|-weather|Sandstorm|[upkeep]
|upkeep
|turn|18
|inactive|alphasapphire918 has 210 seconds left.
|inactive|Rambode has 90 seconds left.
|
|t:|1729649974
|switch|p1a: Flygon|Flygon, M|100/100
|move|p2a: Suzuki|Hidden Power|p1a: Flygon
|-crit|p1a: Flygon
|-damage|p1a: Flygon|25/100
|
|-weather|Sandstorm|[upkeep]
|-heal|p1a: Flygon|32/100|[from] item: Leftovers
|upkeep
|turn|19
|inactive|Rambode has 60 seconds left.
|
|t:|1729650007
|move|p1a: Flygon|Protect|p1a: Flygon
|-singleturn|p1a: Flygon|Protect
|move|p2a: Suzuki|Hidden Power|p1a: Flygon
|-activate|p1a: Flygon|Protect
|
|-weather|Sandstorm|[upkeep]
|-heal|p1a: Flygon|38/100|[from] item: Leftovers
|upkeep
|turn|20
|
|t:|1729650021
|switch|p2a: Shibata|Swampert, M, shiny|100/100
|-damage|p2a: Shibata|88/100|[from] Spikes
|switch|p1a: Skarmory|Skarmory, M|33/100
|
|-weather|Sandstorm|[upkeep]
|-heal|p1a: Skarmory|39/100|[from] item: Leftovers
|-heal|p2a: Shibata|94/100|[from] item: Leftovers
|upkeep
|turn|21
|
|t:|1729650042
|move|p1a: Skarmory|Protect|p1a: Skarmory
|-singleturn|p1a: Skarmory|Protect
|move|p2a: Shibata|Ice Beam|p1a: Skarmory
|-activate|p1a: Skarmory|Protect
|
|-weather|Sandstorm|[upkeep]
|-heal|p1a: Skarmory|45/100|[from] item: Leftovers
|-heal|p2a: Shibata|100/100|[from] item: Leftovers
|upkeep
|turn|22
|inactive|Rambode has 30 seconds left.
|inactive|Rambode has 20 seconds left.
|inactive|Rambode has 15 seconds left.
|inactive|Rambode has 10 seconds left.
|
|t:|1729650083
|move|p1a: Skarmory|Spikes|p2a: Shibata
|-sidestart|p2: alphasapphire918|Spikes
|move|p2a: Shibata|Hydro Pump|p1a: Skarmory
|-damage|p1a: Skarmory|6/100
|
|-weather|Sandstorm|[upkeep]
|-heal|p1a: Skarmory|12/100|[from] item: Leftovers
|upkeep
|turn|23
|inactive|Rambode has 20 seconds left this turn.
|
|t:|1729650095
|move|p1a: Skarmory|Protect|p1a: Skarmory
|-singleturn|p1a: Skarmory|Protect
|move|p2a: Shibata|Ice Beam|p1a: Skarmory
|-activate|p1a: Skarmory|Protect
|
|-weather|Sandstorm|[upkeep]
|-heal|p1a: Skarmory|18/100|[from] item: Leftovers
|upkeep
|turn|24
|inactive|Rambode has 30 seconds left this turn.
|
|t:|1729650106
|move|p1a: Skarmory|Drill Peck|p2a: Shibata
|-damage|p2a: Shibata|83/100
|move|p2a: Shibata|Ice Beam|p1a: Skarmory
|-damage|p1a: Skarmory|0 fnt
|faint|p1a: Skarmory
|inactive|Rambode has 30 seconds left.
|
|t:|1729650112
|switch|p1a: Gengar|Gengar, M|20/100
|
|-weather|Sandstorm|[upkeep]
|-damage|p1a: Gengar|14/100|[from] Sandstorm
|-heal|p1a: Gengar|20/100|[from] item: Leftovers
|-heal|p2a: Shibata|89/100|[from] item: Leftovers
|upkeep
|turn|25
|inactive|alphasapphire918 has 210 seconds left.
|
|t:|1729650137
|switch|p2a: Hatori|Jirachi|100/100
|-damage|p2a: Hatori|84/100|[from] Spikes
|move|p1a: Gengar|Giga Drain|p2a: Hatori
|-resisted|p2a: Hatori
|-damage|p2a: Hatori|78/100
|-heal|p1a: Gengar|24/100|[from] drain|[of] p2a: Hatori
|
|-weather|Sandstorm|[upkeep]
|-damage|p1a: Gengar|18/100|[from] Sandstorm
|-heal|p1a: Gengar|24/100|[from] item: Leftovers
|-heal|p2a: Hatori|85/100|[from] item: Leftovers
|upkeep
|turn|26
|inactive|Rambode has 30 seconds left.
|
|t:|1729650161
|move|p1a: Gengar|Will-O-Wisp|p2a: Hatori
|-status|p2a: Hatori|brn
|move|p2a: Hatori|Wish|p2a: Hatori
|
|-weather|Sandstorm|[upkeep]
|-damage|p1a: Gengar|18/100|[from] Sandstorm
|-heal|p1a: Gengar|24/100|[from] item: Leftovers
|-heal|p2a: Hatori|91/100 brn|[from] item: Leftovers
|-damage|p2a: Hatori|78/100 brn|[from] brn
|upkeep
|turn|27
|
|t:|1729650171
|switch|p1a: Blissey|Blissey, F|69/100
|-damage|p1a: Blissey|57/100|[from] Spikes
|move|p2a: Hatori|Fire Punch|p1a: Blissey
|-crit|p1a: Blissey
|-damage|p1a: Blissey|43/100
|
|-heal|p2a: Hatori|100/100 brn|[from] move: Wish|[wisher] Hatori
|-weather|Sandstorm|[upkeep]
|-damage|p1a: Blissey|37/100|[from] Sandstorm
|-damage|p2a: Hatori|88/100 brn|[from] brn
|-heal|p1a: Blissey|43/100|[from] item: Leftovers
|upkeep
|turn|28
|inactive|alphasapphire918 has 180 seconds left.
|
|t:|1729650197
|switch|p2a: Shibata|Swampert, M, shiny|89/100
|-damage|p2a: Shibata|72/100|[from] Spikes
|move|p1a: Blissey|Soft-Boiled|p1a: Blissey
|-heal|p1a: Blissey|93/100
|
|-weather|Sandstorm|[upkeep]
|-damage|p1a: Blissey|87/100|[from] Sandstorm
|-heal|p1a: Blissey|93/100|[from] item: Leftovers
|-heal|p2a: Shibata|78/100|[from] item: Leftovers
|upkeep
|turn|29
|
|t:|1729650211
|move|p1a: Blissey|Wish|p1a: Blissey
|move|p2a: Shibata|Ice Beam|p1a: Blissey
|-damage|p1a: Blissey|84/100
|
|-weather|Sandstorm|[upkeep]
|-damage|p1a: Blissey|78/100|[from] Sandstorm
|-heal|p1a: Blissey|84/100|[from] item: Leftovers
|-heal|p2a: Shibata|85/100|[from] item: Leftovers
|upkeep
|turn|30
|
|t:|1729650221
|move|p1a: Blissey|Seismic Toss|p2a: Shibata
|-damage|p2a: Shibata|60/100
|move|p2a: Shibata|Ice Beam|p1a: Blissey
|-crit|p1a: Blissey
|-damage|p1a: Blissey|64/100
|
|-heal|p1a: Blissey|100/100|[from] move: Wish|[wisher] Blissey
|-weather|Sandstorm|[upkeep]
|-damage|p1a: Blissey|94/100|[from] Sandstorm
|-heal|p1a: Blissey|100/100|[from] item: Leftovers
|-heal|p2a: Shibata|66/100|[from] item: Leftovers
|upkeep
|turn|31
|inactive|alphasapphire918 has 180 seconds left.
|
|t:|1729650235
|switch|p2a: Serizawa|Forretress, F|64/100
|-damage|p2a: Serizawa|47/100|[from] Spikes
|move|p1a: Blissey|Wish|p1a: Blissey
|
|-weather|Sandstorm|[upkeep]
|-damage|p1a: Blissey|94/100|[from] Sandstorm
|-heal|p1a: Blissey|100/100|[from] item: Leftovers
|-heal|p2a: Serizawa|54/100|[from] item: Leftovers
|upkeep
|turn|32
|inactive|alphasapphire918 has 180 seconds left.
|
|t:|1729650255
|switch|p1a: Flygon|Flygon, M|38/100
|move|p2a: Serizawa|Hidden Power|p1a: Flygon
|-damage|p1a: Flygon|20/100
|
|-heal|p1a: Flygon|70/100|[from] move: Wish|[wisher] Blissey
|-weather|Sandstorm|[upkeep]
|-heal|p1a: Flygon|76/100|[from] item: Leftovers
|-heal|p2a: Serizawa|60/100|[from] item: Leftovers
|upkeep
|turn|33
|inactive|alphasapphire918 has 180 seconds left.
|
|t:|1729650272
|switch|p2a: Shibata|Swampert, M, shiny|66/100
|-damage|p2a: Shibata|50/100|[from] Spikes
|move|p1a: Flygon|Earthquake|p2a: Shibata
|-damage|p2a: Shibata|23/100
|
|-weather|Sandstorm|[upkeep]
|-heal|p1a: Flygon|82/100|[from] item: Leftovers
|-heal|p2a: Shibata|29/100|[from] item: Leftovers
|upkeep
|turn|34
|
|t:|1729650282
|move|p1a: Flygon|Protect|p1a: Flygon
|-singleturn|p1a: Flygon|Protect
|move|p2a: Shibata|Ice Beam|p1a: Flygon
|-activate|p1a: Flygon|Protect
|
|-weather|Sandstorm|[upkeep]
|-heal|p1a: Flygon|88/100|[from] item: Leftovers
|-heal|p2a: Shibata|35/100|[from] item: Leftovers
|upkeep
|turn|35
|inactive|alphasapphire918 has 180 seconds left.
|inactive|Rambode has 90 seconds left.
|
|t:|1729650298
|switch|p1a: Blissey|Blissey, F|100/100
|-damage|p1a: Blissey|88/100|[from] Spikes
|move|p2a: Shibata|Ice Beam|p1a: Blissey
|-damage|p1a: Blissey|79/100
|
|-weather|Sandstorm|[upkeep]
|-damage|p1a: Blissey|72/100|[from] Sandstorm
|-heal|p1a: Blissey|79/100|[from] item: Leftovers
|-heal|p2a: Shibata|42/100|[from] item: Leftovers
|upkeep
|turn|36
|inactive|alphasapphire918 has 180 seconds left.
|
|t:|1729650322
|switch|p2a: Suzuki|Aerodactyl, F, shiny|100/100
|move|p1a: Blissey|Wish|p1a: Blissey
|
|-weather|Sandstorm|[upkeep]
|-damage|p1a: Blissey|72/100|[from] Sandstorm
|-heal|p1a: Blissey|79/100|[from] item: Leftovers
|upkeep
|turn|37
|inactive|Rambode has 90 seconds left.
|
|t:|1729650343
|switch|p2a: Shimazaki|Tyranitar, F, shiny|82/100 brn
|-damage|p2a: Shimazaki|65/100 brn|[from] Spikes
|move|p1a: Blissey|Ice Beam|p2a: Shimazaki
|-damage|p2a: Shimazaki|42/100 brn
|
|-heal|p1a: Blissey|100/100|[from] move: Wish|[wisher] Blissey
|-weather|Sandstorm|[upkeep]
|-damage|p1a: Blissey|94/100|[from] Sandstorm
|-heal|p2a: Shimazaki|49/100 brn|[from] item: Leftovers
|-damage|p2a: Shimazaki|36/100 brn|[from] brn
|-heal|p1a: Blissey|100/100|[from] item: Leftovers
|upkeep
|turn|38
|
|t:|1729650356
|switch|p2a: Serizawa|Forretress, F|60/100
|-damage|p2a: Serizawa|43/100|[from] Spikes
|move|p1a: Blissey|Seismic Toss|p2a: Serizawa
|-damage|p2a: Serizawa|15/100
|
|-weather|Sandstorm|[upkeep]
|-damage|p1a: Blissey|94/100|[from] Sandstorm
|-heal|p1a: Blissey|100/100|[from] item: Leftovers
|-heal|p2a: Serizawa|21/100|[from] item: Leftovers
|upkeep
|turn|39
|
|t:|1729650369
|switch|p2a: Hatori|Jirachi|88/100 brn
|-damage|p2a: Hatori|72/100 brn|[from] Spikes
|move|p1a: Blissey|Seismic Toss|p2a: Hatori
|-damage|p2a: Hatori|47/100 brn
|
|-weather|Sandstorm|[upkeep]
|-damage|p1a: Blissey|94/100|[from] Sandstorm
|-heal|p2a: Hatori|53/100 brn|[from] item: Leftovers
|-damage|p2a: Hatori|41/100 brn|[from] brn
|-heal|p1a: Blissey|100/100|[from] item: Leftovers
|upkeep
|turn|40
|
|t:|1729650373
|move|p2a: Hatori|Wish|p2a: Hatori
|move|p1a: Blissey|Wish|p1a: Blissey
|
|-weather|Sandstorm|[upkeep]
|-damage|p1a: Blissey|94/100|[from] Sandstorm
|-heal|p2a: Hatori|47/100 brn|[from] item: Leftovers
|-damage|p2a: Hatori|34/100 brn|[from] brn
|-heal|p1a: Blissey|100/100|[from] item: Leftovers
|upkeep
|turn|41
|inactive|alphasapphire918 has 180 seconds left.
|
|t:|1729650382
|switch|p1a: Tyranitar|Tyranitar, F|76/100
|-damage|p1a: Tyranitar|64/100|[from] Spikes
|move|p2a: Hatori|Fire Punch|p1a: Tyranitar
|-resisted|p1a: Tyranitar
|-damage|p1a: Tyranitar|54/100
|
|-heal|p1a: Tyranitar|100/100|[from] move: Wish|[wisher] Blissey
|-heal|p2a: Hatori|84/100 brn|[from] move: Wish|[wisher] Hatori
|-weather|Sandstorm|[upkeep]
|-heal|p2a: Hatori|91/100 brn|[from] item: Leftovers
|-damage|p2a: Hatori|78/100 brn|[from] brn
|upkeep
|turn|42
|inactive|alphasapphire918 has 180 seconds left.
|inactive|Rambode has 120 seconds left.
|
|t:|1729650408
|move|p2a: Hatori|Protect|p2a: Hatori
|-singleturn|p2a: Hatori|Protect
|move|p1a: Tyranitar|Brick Break|p2a: Hatori
|-activate|p2a: Hatori|Protect
|
|-weather|Sandstorm|[upkeep]
|-heal|p2a: Hatori|84/100 brn|[from] item: Leftovers
|-damage|p2a: Hatori|72/100 brn|[from] brn
|upkeep
|turn|43
|
|t:|1729650423
|move|p2a: Hatori|Wish|p2a: Hatori
|move|p1a: Tyranitar|Brick Break|p2a: Hatori
|-damage|p2a: Hatori|37/100 brn
|
|-weather|Sandstorm|[upkeep]
|-heal|p2a: Hatori|43/100 brn|[from] item: Leftovers
|-damage|p2a: Hatori|31/100 brn|[from] brn
|upkeep
|turn|44
|inactive|alphasapphire918 has 180 seconds left.
|
|t:|1729650439
|switch|p2a: Minegishi|Venusaur, M, shiny|49/100
|-damage|p2a: Minegishi|33/100|[from] Spikes
|move|p1a: Tyranitar|Brick Break|p2a: Minegishi
|-resisted|p2a: Minegishi
|-damage|p2a: Minegishi|18/100
|
|-heal|p2a: Minegishi|68/100|[from] move: Wish|[wisher] Hatori
|-weather|Sandstorm|[upkeep]
|-damage|p2a: Minegishi|61/100|[from] Sandstorm
|-heal|p2a: Minegishi|68/100|[from] item: Leftovers
|upkeep
|turn|45
|inactive|alphasapphire918 has 180 seconds left.
|inactive|Rambode has 120 seconds left.
|
|t:|1729650460
|switch|p1a: Zapdos|Zapdos|100/100
|move|p2a: Minegishi|Leech Seed|p1a: Zapdos
|-start|p1a: Zapdos|move: Leech Seed
|
|-weather|Sandstorm|[upkeep]
|-damage|p1a: Zapdos|94/100|[from] Sandstorm
|-damage|p2a: Minegishi|61/100|[from] Sandstorm
|-heal|p1a: Zapdos|100/100|[from] item: Leftovers
|-damage|p1a: Zapdos|88/100|[from] Leech Seed|[of] p2a: Minegishi
|-heal|p2a: Minegishi|73/100|[silent]
|-heal|p2a: Minegishi|79/100|[from] item: Leftovers
|upkeep
|turn|46
|inactive|Rambode has 120 seconds left.
|inactive|alphasapphire918 has 180 seconds left.
|inactive|alphasapphire918 has 150 seconds left.
|
|t:|1729650510
|switch|p1a: Flygon|Flygon, M|88/100
|move|p2a: Minegishi|Sleep Powder|p1a: Flygon
|-status|p1a: Flygon|slp|[from] move: Sleep Powder
|
|-weather|Sandstorm|[upkeep]
|-damage|p2a: Minegishi|73/100|[from] Sandstorm
|-heal|p1a: Flygon|94/100 slp|[from] item: Leftovers
|-heal|p2a: Minegishi|79/100|[from] item: Leftovers
|upkeep
|turn|47
|inactive|alphasapphire918 has 150 seconds left.
|
|t:|1729650523
|cant|p1a: Flygon|slp
|move|p2a: Minegishi|Leech Seed|p1a: Flygon
|-start|p1a: Flygon|move: Leech Seed
|
|-weather|Sandstorm|[upkeep]
|-damage|p2a: Minegishi|73/100|[from] Sandstorm
|-heal|p1a: Flygon|99/100 slp|[from] item: Leftovers
|-damage|p1a: Flygon|88/100 slp|[from] Leech Seed|[of] p2a: Minegishi
|-heal|p2a: Minegishi|85/100|[silent]
|-heal|p2a: Minegishi|91/100|[from] item: Leftovers
|upkeep
|turn|48
|inactive|alphasapphire918 has 150 seconds left.
|
|t:|1729650540
|switch|p1a: Gengar|Gengar, M|24/100
|switch|p2a: Serizawa|Forretress, F|21/100
|-damage|p2a: Serizawa|4/100|[from] Spikes
|
|-weather|Sandstorm|[upkeep]
|-damage|p1a: Gengar|18/100|[from] Sandstorm
|-heal|p1a: Gengar|24/100|[from] item: Leftovers
|-heal|p2a: Serizawa|11/100|[from] item: Leftovers
|upkeep
|turn|49
|inactive|alphasapphire918 has 150 seconds left.
|
|t:|1729650547
|move|p1a: Gengar|Thunderbolt|p2a: Serizawa
|-damage|p2a: Serizawa|0 fnt
|faint|p2a: Serizawa
|inactive|alphasapphire918 has 150 seconds left.
|
|t:|1729650555
|switch|p2a: Suzuki|Aerodactyl, F, shiny|100/100
|
|-weather|Sandstorm|[upkeep]
|-damage|p1a: Gengar|18/100|[from] Sandstorm
|-heal|p1a: Gengar|24/100|[from] item: Leftovers
|upkeep
|turn|50
|inactive|alphasapphire918 has 150 seconds left.
|
|t:|1729650570
|switch|p1a: Tyranitar|Tyranitar, F|100/100
|-damage|p1a: Tyranitar|88/100|[from] Spikes
|move|p2a: Suzuki|Rock Slide|p1a: Tyranitar
|-damage|p1a: Tyranitar|45/100
|
|-weather|Sandstorm|[upkeep]
|upkeep
|turn|51
|inactive|Rambode has 120 seconds left.
|inactive|alphasapphire918 has 150 seconds left.
|
|t:|1729650590
|switch|p2a: Shimazaki|Tyranitar, F, shiny|36/100 brn
|-damage|p2a: Shimazaki|20/100 brn|[from] Spikes
|move|p1a: Tyranitar|Rock Slide|p2a: Shimazaki
|-damage|p2a: Shimazaki|0 fnt
|faint|p2a: Shimazaki
|
|t:|1729650604
|switch|p2a: Minegishi|Venusaur, M, shiny|91/100
|-damage|p2a: Minegishi|75/100|[from] Spikes
|
|-weather|Sandstorm|[upkeep]
|-damage|p2a: Minegishi|69/100|[from] Sandstorm
|-heal|p2a: Minegishi|75/100|[from] item: Leftovers
|upkeep
|turn|52
|
|t:|1729650623
|move|p1a: Tyranitar|Rock Slide|p2a: Minegishi
|-damage|p2a: Minegishi|21/100
|move|p2a: Minegishi|Giga Drain|p1a: Tyranitar
|-supereffective|p1a: Tyranitar
|-damage|p1a: Tyranitar|0 fnt
|-heal|p2a: Minegishi|42/100|[from] drain|[of] p1a: Tyranitar
|faint|p1a: Tyranitar
|
|t:|1729650630
|switch|p1a: Blissey|Blissey, F|100/100
|-damage|p1a: Blissey|88/100|[from] Spikes
|
|-weather|Sandstorm|[upkeep]
|-damage|p2a: Minegishi|36/100|[from] Sandstorm
|-damage|p1a: Blissey|82/100|[from] Sandstorm
|-heal|p2a: Minegishi|42/100|[from] item: Leftovers
|-heal|p1a: Blissey|88/100|[from] item: Leftovers
|upkeep
|turn|53
|
|t:|1729650635
|move|p2a: Minegishi|Leech Seed|p1a: Blissey
|-start|p1a: Blissey|move: Leech Seed
|move|p1a: Blissey|Ice Beam|p2a: Minegishi
|-supereffective|p2a: Minegishi
|-damage|p2a: Minegishi|0 fnt
|faint|p2a: Minegishi
|
|t:|1729650643
|switch|p2a: Shibata|Swampert, M, shiny|42/100
|-damage|p2a: Shibata|25/100|[from] Spikes
|
|-weather|Sandstorm|[upkeep]
|-damage|p1a: Blissey|82/100|[from] Sandstorm
|-heal|p1a: Blissey|88/100|[from] item: Leftovers
|-damage|p1a: Blissey|76/100|[from] Leech Seed|[of] p2a: Shibata
|-heal|p2a: Shibata|45/100|[silent]
|-heal|p2a: Shibata|51/100|[from] item: Leftovers
|upkeep
|turn|54
|inactive|alphasapphire918 has 150 seconds left.
|inactive|Rambode has 150 seconds left.
|
|t:|1729650661
|move|p1a: Blissey|Soft-Boiled|p1a: Blissey
|-heal|p1a: Blissey|100/100
|move|p2a: Shibata|Ice Beam|p1a: Blissey
|-damage|p1a: Blissey|92/100
|-status|p1a: Blissey|frz
|
|-weather|Sandstorm|[upkeep]
|-damage|p1a: Blissey|86/100 frz|[from] Sandstorm
|-heal|p1a: Blissey|92/100 frz|[from] item: Leftovers
|-damage|p1a: Blissey|80/100 frz|[from] Leech Seed|[of] p2a: Shibata
|-heal|p2a: Shibata|71/100|[silent]
|-heal|p2a: Shibata|77/100|[from] item: Leftovers
|upkeep
|turn|55
|
|t:|1729650671
|-curestatus|p1a: Blissey|frz|[from] ability: Natural Cure
|switch|p1a: Zapdos|Zapdos|88/100
|switch|p2a: Hatori|Jirachi|31/100 brn
|-damage|p2a: Hatori|14/100 brn|[from] Spikes
|
|-weather|Sandstorm|[upkeep]
|-damage|p1a: Zapdos|82/100|[from] Sandstorm
|-heal|p1a: Zapdos|88/100|[from] item: Leftovers
|-heal|p2a: Hatori|20/100 brn|[from] item: Leftovers
|-damage|p2a: Hatori|8/100 brn|[from] brn
|upkeep
|turn|56
|inactive|alphasapphire918 has 150 seconds left.
|
|t:|1729650688
|move|p1a: Zapdos|Thunderbolt|p2a: Hatori
|-damage|p2a: Hatori|0 fnt
|faint|p2a: Hatori
|
|t:|1729650695
|switch|p2a: Suzuki|Aerodactyl, F, shiny|100/100
|
|-weather|Sandstorm|[upkeep]
|-damage|p1a: Zapdos|82/100|[from] Sandstorm
|-heal|p1a: Zapdos|88/100|[from] item: Leftovers
|upkeep
|turn|57
|inactive|Rambode has 150 seconds left.
|
|t:|1729650727
|switch|p2a: Shibata|Swampert, M, shiny|77/100
|-damage|p2a: Shibata|61/100|[from] Spikes
|move|p1a: Zapdos|Thunderbolt|p2a: Shibata
|-immune|p2a: Shibata
|
|-weather|Sandstorm|[upkeep]
|-damage|p1a: Zapdos|82/100|[from] Sandstorm
|-heal|p1a: Zapdos|88/100|[from] item: Leftovers
|-heal|p2a: Shibata|67/100|[from] item: Leftovers
|upkeep
|turn|58
|inactive|alphasapphire918 has 150 seconds left.
|
|t:|1729650736
|move|p1a: Zapdos|Hidden Power|p2a: Shibata
|-supereffective|p2a: Shibata
|-damage|p2a: Shibata|0 fnt
|faint|p2a: Shibata
|
|t:|1729650740
|switch|p2a: Suzuki|Aerodactyl, F, shiny|100/100
|
|-weather|Sandstorm|[upkeep]
|-damage|p1a: Zapdos|82/100|[from] Sandstorm
|-heal|p1a: Zapdos|88/100|[from] item: Leftovers
|upkeep
|turn|59
|
|t:|1729650745
|move|p2a: Suzuki|Rock Slide|p1a: Zapdos|[miss]
|-miss|p2a: Suzuki|p1a: Zapdos
|move|p1a: Zapdos|Thunderbolt|p2a: Suzuki
|-supereffective|p2a: Suzuki
|-damage|p2a: Suzuki|0 fnt
|faint|p2a: Suzuki
|
|win|Rambode
|c|☆Rambode|gg
|c|☆alphasapphire918|ggwp
|c|☆alphasapphire918|not getting spin was fatal

</script>
<script type="application/json" class="data" id="replaydata-smogtours-gen3ou-801334">
{"id":"smogtours-gen3ou-801334","format":"[Gen 3] OU","players":["Rambode","alphasapphire918"],"uploadtime":1729650745,"views":80,"formatid":"gen3ou","rating":null,"private":0,"password":null}
</script>

<script defer src="js/replays.js?9d40a366"></script>
