<!DOCTYPE html>
<meta charset="utf-8" />
<meta name="viewport" content="width=device-width" />

<title>[Gen 3] OU: Segale vs. my_rocks - Replays - Pok&eacute;mon Showdown!</title>

<meta name="description" content="Watch a replay of a Pok&eacute;mon battle between Segale and my_rocks! Format: [Gen 3] OU; Date: Oct 8, 2024" />
<!--

Hey, you! Looking in the source for the replay log?

You can find them in JSON format, just add `.json` at the end of a replay URL.

https://replay.pokemonshowdown.com/gen7randomdoublesbattle-865046831.json

Or, if you only need the log itself, add `.log` instead:

https://replay.pokemonshowdown.com/gen7randomdoublesbattle-865046831.log

-->

<link rel="stylesheet" href="//pokemonshowdown.com/style/global.css?0.023195364461161105" />
<link rel="stylesheet" href="//play.pokemonshowdown.com/style/font-awesome.css?0.13261647063804238" />
<link rel="stylesheet" href="//play.pokemonshowdown.com/style/battle.css?0.8753245789963631" />
<link rel="stylesheet" href="//play.pokemonshowdown.com/style/utilichart.css?0.8627959624976733" />

<!-- Global site tag (gtag.js) - Google Analytics -->
<script async src="https://www.googletagmanager.com/gtag/js?id=UA-26211653-1"></script>
<script>
  window.dataLayer = window.dataLayer || [];
  function gtag(){dataLayer.push(arguments);}
  gtag('js', new Date());

  gtag('config', 'UA-26211653-1');
</script>
<!-- End Google Analytics -->
<!-- Venatus Ad Manager - Install in <HEAD> of page -->
	<script src="https://hb.vntsm.com/v3/live/ad-manager.min.js" type="text/javascript" data-site-id="642aba63ec9a7b11c3c9c1be" data-mode="scan" async></script>
<!-- / Venatus Ad Manager -->

<style>
	@media (max-width:820px) {
		.battle {
			margin: 0 auto;
		}
		.battle-log {
			margin: 7px auto 0;
			max-width: 640px;
			height: 300px;
			position: static;
		}
	}
	.optgroup {
		display: inline-block;
		line-height: 22px;
		font-size: 10pt;
	}
	.optgroup .button {
		height: 25px;
		padding-top: 0;
		padding-bottom: 0;
	}
	.optgroup button.button {
		padding-left: 12px;
		padding-right: 12px;
	}
	.linklist {
		list-style: none;
		margin: 0.5em 0;
		padding: 0;
	}
	.linklist li {
		padding: 2px 0;
	}
	.sidebar {
		float: left;
		width: 320px;
	}
	.bar-wrapper {
		max-width: 1100px;
		margin: 0 auto;
	}
	.bar-wrapper.has-sidebar {
		max-width: 1430px;
	}
	.mainbar {
		margin: 0;
		padding-right: 1px;
	}
	.mainbar.has-sidebar {
		margin-left: 330px;
	}
	@media (min-width: 1511px) {
		.sidebar {
			width: 400px;
		}
		.bar-wrapper.has-sidebar {
			max-width: 1510px;
		}
		.mainbar.has-sidebar {
			margin-left: 410px;
		}
	}
	.section.first-section {
		margin-top: 9px;
	}
	.blocklink small {
		white-space: normal;
	}
	.button {
		vertical-align: middle;
	}
	.replay-controls {
		padding-top: 10px;
	}
	.replay-controls h1 {
		font-size: 16pt;
		font-weight: normal;
		color: #CCC;
	}
	.pagelink {
		text-align: center;
	}
	.pagelink a {
		width: 150px;
	}
	.textbox, .button {
		font-size: 11pt;
		vertical-align: middle;
	}
	@media (max-width: 450px) {
		.button {
			font-size: 9pt;
		}
	}
</style>

<div>

	<header>
		<div class="nav-wrapper"><ul class="nav">
			<li><a class="button nav-first" href="//pokemonshowdown.com/"><img src="//pokemonshowdown.com/images/pokemonshowdownbeta.png" srcset="//pokemonshowdown.com/images/pokemonshowdownbeta.png 1x, //pokemonshowdown.com/images/pokemonshowdownbeta@2x.png 2x" alt="Pok&eacute;mon Showdown" width="146" height="44" /> Home</a></li>
			<li><a class="button" href="//pokemonshowdown.com/dex/">Pok&eacute;dex</a></li>
			<li><a class="button cur" href="/">Replays</a></li>
			<li><a class="button" href="//pokemonshowdown.com/ladder/">Ladder</a></li>
			<li><a class="button nav-last" href="//pokemonshowdown.com/forums/">Forum</a></li>
			<li><a class="button greenbutton nav-first nav-last" href="//play.pokemonshowdown.com/">Play</a></li>
		</ul></div>
	</header>

	<div class="main" id="main">

		<noscript><section class="section">You need to enable JavaScript to use this page; sorry!</section></noscript>

	</div>

</div>

<script defer nomodule src="//play.pokemonshowdown.com/js/lib/ps-polyfill.js"></script>
<script defer src="//play.pokemonshowdown.com/js/lib/preact.min.js"></script>

<script defer src="//play.pokemonshowdown.com/config/config.js?2bddbc15"></script>
<script defer src="//play.pokemonshowdown.com/js/lib/jquery-1.11.0.min.js"></script>
<script defer src="//play.pokemonshowdown.com/js/lib/html-sanitizer-minified.js"></script>
<script defer src="//play.pokemonshowdown.com/js/battle-sound.js"></script>
<script defer src="//play.pokemonshowdown.com/js/battledata.js?0.7209276989879541"></script>
<script defer src="//play.pokemonshowdown.com/data/pokedex-mini.js?0.6111056340867951"></script>
<script defer src="//play.pokemonshowdown.com/data/pokedex-mini-bw.js?0.3532142036491459"></script>
<script defer src="//play.pokemonshowdown.com/data/graphics.js?0.24223875632456182"></script>
<script defer src="//play.pokemonshowdown.com/data/pokedex.js?0.38839984266356864"></script>
<script defer src="//play.pokemonshowdown.com/data/moves.js?0.21866028504024015"></script>
<script defer src="//play.pokemonshowdown.com/data/abilities.js?0.2005157953846628"></script>
<script defer src="//play.pokemonshowdown.com/data/items.js?0.9894211263848525"></script>
<script defer src="//play.pokemonshowdown.com/data/teambuilder-tables.js?0.6008791140282215"></script>
<script defer src="//play.pokemonshowdown.com/js/battle-tooltips.js?0.7580118955022959"></script>
<script defer src="//play.pokemonshowdown.com/js/battle.js?0.6057722274234274"></script>

<script defer src="js/utils.js?e31f9a17"></script>
<script defer src="js/replays-battle.js?7008c182"></script>

<!-- don't scrape this data! just add .json or .log after the URL!
Full API docs: https://github.com/smogon/pokemon-showdown-client/blob/master/WEB-API.md -->
<script type="text/plain" class="log" id="replaylog-smogtours-gen3ou-796469">
|inactive|Battle timer is ON: inactive players will automatically lose when time's up.
|t:|1728417787
|gametype|singles
|player|p1|Segale|blue|
|player|p2|my_rocks|102|
|teamsize|p1|6
|teamsize|p2|6
|gen|3
|tier|[Gen 3] OU
|rule|Sleep Clause Mod: Limit one foe put to sleep
|rule|Switch Priority Clause Mod: Faster Pokémon switch first
|rule|Species Clause: Limit one of each Pokémon
|rule|OHKO Clause: OHKO moves are banned
|rule|Evasion Items Clause: Evasion items are banned
|rule|Evasion Moves Clause: Evasion moves are banned
|rule|Endless Battle Clause: Forcing endless battles is banned
|rule|HP Percentage Mod: HP is shown in percentages
|rule|One Boost Passer Clause: Limit one Baton Passer that has a way to boost its stats
|rule|Freeze Clause Mod: Limit one foe frozen
|
|t:|1728417787
|start
|switch|p1a: Skarmory|Skarmory, F|100/100
|switch|p2a: Tyranitar|Tyranitar, F|100/100
|-weather|Sandstorm|[from] ability: Sand Stream|[of] p2a: Tyranitar
|turn|1
|
|t:|1728417810
|move|p2a: Tyranitar|Fire Blast|p1a: Skarmory|[miss]
|-miss|p2a: Tyranitar|p1a: Skarmory
|move|p1a: Skarmory|Spikes|p2a: Tyranitar
|-sidestart|p2: my_rocks|Spikes
|
|-weather|Sandstorm|[upkeep]
|upkeep
|turn|2
|
|t:|1728417826
|switch|p2a: Swampert|Swampert, M|100/100
|-damage|p2a: Swampert|88/100|[from] Spikes
|switch|p1a: Swampert|Swampert, M|100/100
|
|-weather|Sandstorm|[upkeep]
|-heal|p2a: Swampert|94/100|[from] item: Leftovers
|upkeep
|turn|3
|
|t:|1728417833
|move|p1a: Swampert|Toxic|p2a: Swampert|[miss]
|-miss|p1a: Swampert|p2a: Swampert
|move|p2a: Swampert|Earthquake|p1a: Swampert
|-damage|p1a: Swampert|73/100
|
|-weather|Sandstorm|[upkeep]
|-heal|p1a: Swampert|79/100|[from] item: Leftovers
|-heal|p2a: Swampert|100/100|[from] item: Leftovers
|upkeep
|turn|4
|
|t:|1728417842
|switch|p2a: Skarmory|Skarmory, F|100/100
|move|p1a: Swampert|Protect||[still]
|-fail|p1a: Swampert
|
|-weather|Sandstorm|[upkeep]
|-heal|p1a: Swampert|85/100|[from] item: Leftovers
|upkeep
|turn|5
|
|t:|1728417848
|switch|p1a: Magneton|Magneton|100/100
|move|p2a: Skarmory|Spikes|p1a: Magneton
|-sidestart|p1: Segale|Spikes
|
|-weather|Sandstorm|[upkeep]
|upkeep
|turn|6
|
|t:|1728417857
|move|p2a: Skarmory|Protect|p2a: Skarmory
|-singleturn|p2a: Skarmory|Protect
|move|p1a: Magneton|Thunderbolt|p2a: Skarmory
|-activate|p2a: Skarmory|Protect
|
|-weather|Sandstorm|[upkeep]
|upkeep
|turn|7
|
|t:|1728417864
|move|p1a: Magneton|Thunderbolt|p2a: Skarmory
|-supereffective|p2a: Skarmory
|-damage|p2a: Skarmory|1/100
|-status|p2a: Skarmory|par
|move|p2a: Skarmory|Spikes|p1a: Magneton
|-sidestart|p1: Segale|Spikes
|
|-weather|Sandstorm|[upkeep]
|-heal|p2a: Skarmory|7/100 par|[from] item: Leftovers
|upkeep
|turn|8
|
|t:|1728417871
|move|p1a: Magneton|Thunderbolt|p2a: Skarmory
|-supereffective|p2a: Skarmory
|-damage|p2a: Skarmory|0 fnt
|faint|p2a: Skarmory
|
|t:|1728417878
|switch|p2a: Swampert|Swampert, M|100/100
|-damage|p2a: Swampert|88/100|[from] Spikes
|
|-weather|Sandstorm|[upkeep]
|-heal|p2a: Swampert|94/100|[from] item: Leftovers
|upkeep
|turn|9
|
|t:|1728417883
|move|p1a: Magneton|Toxic|p2a: Swampert
|-status|p2a: Swampert|tox
|move|p2a: Swampert|Hydro Pump|p1a: Magneton
|-damage|p1a: Magneton|31/100
|
|-weather|Sandstorm|[upkeep]
|-heal|p2a: Swampert|100/100 tox|[from] item: Leftovers
|-damage|p2a: Swampert|94/100 tox|[from] psn
|upkeep
|turn|10
|
|t:|1728417892
|move|p1a: Magneton|Protect|p1a: Magneton
|-singleturn|p1a: Magneton|Protect
|move|p2a: Swampert|Earthquake|p1a: Magneton
|-activate|p1a: Magneton|Protect
|
|-weather|Sandstorm|[upkeep]
|-heal|p2a: Swampert|100/100 tox|[from] item: Leftovers
|-damage|p2a: Swampert|88/100 tox|[from] psn
|upkeep
|turn|11
|
|t:|1728417902
|switch|p1a: Skarmory|Skarmory, F|100/100
|move|p2a: Swampert|Earthquake|p1a: Skarmory
|-immune|p1a: Skarmory
|
|-weather|Sandstorm|[upkeep]
|-heal|p2a: Swampert|94/100 tox|[from] item: Leftovers
|-damage|p2a: Swampert|76/100 tox|[from] psn
|upkeep
|turn|12
|
|t:|1728417910
|switch|p2a: Charizard|Charizard, M|100/100
|move|p1a: Skarmory|Spikes|p2a: Charizard
|-sidestart|p2: my_rocks|Spikes
|
|-weather|Sandstorm|[upkeep]
|-damage|p2a: Charizard|94/100|[from] Sandstorm
|-heal|p2a: Charizard|100/100|[from] item: Leftovers
|upkeep
|turn|13
|
|t:|1728417917
|switch|p1a: Aerodactyl|Aerodactyl, F|100/100
|move|p2a: Charizard|Hidden Power|p1a: Aerodactyl
|-damage|p1a: Aerodactyl|70/100
|
|-weather|Sandstorm|[upkeep]
|-damage|p2a: Charizard|94/100|[from] Sandstorm
|-heal|p2a: Charizard|100/100|[from] item: Leftovers
|upkeep
|turn|14
|
|t:|1728417926
|switch|p2a: Tyranitar|Tyranitar, F|100/100
|-damage|p2a: Tyranitar|84/100|[from] Spikes
|move|p1a: Aerodactyl|Double-Edge|p2a: Tyranitar
|-resisted|p2a: Tyranitar
|-damage|p2a: Tyranitar|52/100
|
|-weather|Sandstorm|[upkeep]
|upkeep
|turn|15
|
|t:|1728417935
|switch|p1a: Magneton|Magneton|31/100
|-damage|p1a: Magneton|15/100|[from] Spikes
|move|p2a: Tyranitar|Rock Slide|p1a: Magneton|[miss]
|-miss|p2a: Tyranitar|p1a: Magneton
|
|-weather|Sandstorm|[upkeep]
|upkeep
|turn|16
|
|t:|1728417942
|move|p2a: Tyranitar|Brick Break|p1a: Magneton
|-supereffective|p1a: Magneton
|-damage|p1a: Magneton|0 fnt
|faint|p1a: Magneton
|
|t:|1728417946
|switch|p1a: Swampert|Swampert, M|85/100
|-damage|p1a: Swampert|69/100|[from] Spikes
|
|-weather|Sandstorm|[upkeep]
|-heal|p1a: Swampert|75/100|[from] item: Leftovers
|upkeep
|turn|17
|
|t:|1728417951
|move|p1a: Swampert|Protect|p1a: Swampert
|-singleturn|p1a: Swampert|Protect
|move|p2a: Tyranitar|Hidden Power|p1a: Swampert
|-activate|p1a: Swampert|Protect
|
|-weather|Sandstorm|[upkeep]
|-heal|p1a: Swampert|81/100|[from] item: Leftovers
|upkeep
|turn|18
|
|t:|1728417957
|move|p2a: Tyranitar|Hidden Power|p1a: Swampert
|-supereffective|p1a: Swampert
|-damage|p1a: Swampert|7/100
|move|p1a: Swampert|Surf|p2a: Tyranitar
|-supereffective|p2a: Tyranitar
|-damage|p2a: Tyranitar|0 fnt
|faint|p2a: Tyranitar
|
|t:|1728417966
|switch|p2a: Charizard|Charizard, M|100/100
|
|-weather|Sandstorm|[upkeep]
|-damage|p2a: Charizard|94/100|[from] Sandstorm
|-heal|p2a: Charizard|100/100|[from] item: Leftovers
|-heal|p1a: Swampert|13/100|[from] item: Leftovers
|upkeep
|turn|19
|
|t:|1728417972
|move|p2a: Charizard|Fire Blast|p1a: Swampert
|-resisted|p1a: Swampert
|-damage|p1a: Swampert|0 fnt
|faint|p1a: Swampert
|
|t:|1728417974
|switch|p1a: Aerodactyl|Aerodactyl, F|70/100
|
|-weather|Sandstorm|[upkeep]
|-damage|p2a: Charizard|94/100|[from] Sandstorm
|-heal|p2a: Charizard|100/100|[from] item: Leftovers
|upkeep
|turn|20
|
|t:|1728417981
|switch|p2a: Gengar|Gengar, M|100/100
|move|p1a: Aerodactyl|Rock Slide|p2a: Gengar
|-damage|p2a: Gengar|0 fnt
|faint|p2a: Gengar
|
|t:|1728417987
|switch|p2a: Swampert|Swampert, M|76/100 tox
|-damage|p2a: Swampert|59/100 tox|[from] Spikes
|
|-weather|Sandstorm|[upkeep]
|-heal|p2a: Swampert|65/100 tox|[from] item: Leftovers
|-damage|p2a: Swampert|59/100 tox|[from] psn
|upkeep
|turn|21
|
|t:|1728417994
|switch|p1a: Skarmory|Skarmory, F|100/100
|move|p2a: Swampert|Ice Beam|p1a: Skarmory
|-crit|p1a: Skarmory
|-damage|p1a: Skarmory|67/100
|
|-weather|Sandstorm|[upkeep]
|-heal|p1a: Skarmory|73/100|[from] item: Leftovers
|-heal|p2a: Swampert|65/100 tox|[from] item: Leftovers
|-damage|p2a: Swampert|53/100 tox|[from] psn
|upkeep
|turn|22
|
|t:|1728418003
|switch|p2a: Charizard|Charizard, M|100/100
|move|p1a: Skarmory|Spikes|p2a: Charizard
|-sidestart|p2: my_rocks|Spikes
|
|-weather|Sandstorm|[upkeep]
|-damage|p2a: Charizard|94/100|[from] Sandstorm
|-heal|p2a: Charizard|100/100|[from] item: Leftovers
|-heal|p1a: Skarmory|79/100|[from] item: Leftovers
|upkeep
|turn|23
|
|t:|1728418011
|move|p2a: Charizard|Fire Blast|p1a: Skarmory
|-supereffective|p1a: Skarmory
|-damage|p1a: Skarmory|0 fnt
|faint|p1a: Skarmory
|
|t:|1728418013
|switch|p1a: Aerodactyl|Aerodactyl, F|70/100
|
|-weather|Sandstorm|[upkeep]
|-damage|p2a: Charizard|94/100|[from] Sandstorm
|-heal|p2a: Charizard|100/100|[from] item: Leftovers
|upkeep
|turn|24
|
|t:|1728418020
|move|p1a: Aerodactyl|Rock Slide|p2a: Charizard
|-supereffective|p2a: Charizard
|-damage|p2a: Charizard|0 fnt
|faint|p2a: Charizard
|
|t:|1728418025
|switch|p2a: Blissey|Blissey, F|100/100
|-damage|p2a: Blissey|76/100|[from] Spikes
|
|-weather|Sandstorm|[upkeep]
|-damage|p2a: Blissey|69/100|[from] Sandstorm
|-heal|p2a: Blissey|76/100|[from] item: Leftovers
|upkeep
|turn|25
|
|t:|1728418035
|switch|p1a: Blissey|Blissey, F|100/100
|-damage|p1a: Blissey|84/100|[from] Spikes
|move|p2a: Blissey|Thunderbolt|p1a: Blissey
|-damage|p1a: Blissey|74/100
|
|-weather|Sandstorm|[upkeep]
|-damage|p1a: Blissey|67/100|[from] Sandstorm
|-damage|p2a: Blissey|69/100|[from] Sandstorm
|-heal|p1a: Blissey|74/100|[from] item: Leftovers
|-heal|p2a: Blissey|76/100|[from] item: Leftovers
|upkeep
|turn|26
|
|t:|1728418044
|move|p1a: Blissey|Thunder Wave|p2a: Blissey
|-status|p2a: Blissey|par
|move|p2a: Blissey|Toxic|p1a: Blissey
|-status|p1a: Blissey|tox
|
|-weather|Sandstorm|[upkeep]
|-damage|p1a: Blissey|67/100 tox|[from] Sandstorm
|-damage|p2a: Blissey|69/100 par|[from] Sandstorm
|-heal|p1a: Blissey|74/100 tox|[from] item: Leftovers
|-damage|p1a: Blissey|67/100 tox|[from] psn
|-heal|p2a: Blissey|76/100 par|[from] item: Leftovers
|upkeep
|turn|27
|
|t:|1728418054
|move|p1a: Blissey|Soft-Boiled|p1a: Blissey
|-heal|p1a: Blissey|100/100 tox
|move|p2a: Blissey|Thunderbolt|p1a: Blissey
|-damage|p1a: Blissey|91/100 tox
|
|-weather|Sandstorm|[upkeep]
|-damage|p1a: Blissey|85/100 tox|[from] Sandstorm
|-damage|p2a: Blissey|69/100 par|[from] Sandstorm
|-heal|p1a: Blissey|91/100 tox|[from] item: Leftovers
|-damage|p1a: Blissey|79/100 tox|[from] psn
|-heal|p2a: Blissey|76/100 par|[from] item: Leftovers
|upkeep
|turn|28
|
|t:|1728418066
|move|p1a: Blissey|Wish|p1a: Blissey
|move|p2a: Blissey|Thunderbolt|p1a: Blissey
|-damage|p1a: Blissey|70/100 tox
|
|-weather|Sandstorm|[upkeep]
|-damage|p1a: Blissey|64/100 tox|[from] Sandstorm
|-damage|p2a: Blissey|69/100 par|[from] Sandstorm
|-heal|p1a: Blissey|70/100 tox|[from] item: Leftovers
|-damage|p1a: Blissey|51/100 tox|[from] psn
|-heal|p2a: Blissey|76/100 par|[from] item: Leftovers
|upkeep
|turn|29
|
|t:|1728418075
|-curestatus|p1a: Blissey|tox|[from] ability: Natural Cure
|switch|p1a: Celebi|Celebi|100/100
|-damage|p1a: Celebi|84/100|[from] Spikes
|move|p2a: Blissey|Thunderbolt|p1a: Celebi
|-resisted|p1a: Celebi
|-damage|p1a: Celebi|74/100
|
|-heal|p1a: Celebi|100/100|[from] move: Wish|[wisher] Blissey
|-weather|Sandstorm|[upkeep]
|-damage|p1a: Celebi|94/100|[from] Sandstorm
|-damage|p2a: Blissey|69/100 par|[from] Sandstorm
|-heal|p1a: Celebi|100/100|[from] item: Leftovers
|-heal|p2a: Blissey|76/100 par|[from] item: Leftovers
|upkeep
|turn|30
|
|t:|1728418087
|move|p1a: Celebi|Leech Seed|p2a: Blissey
|-start|p2a: Blissey|move: Leech Seed
|move|p2a: Blissey|Ice Beam|p1a: Celebi
|-supereffective|p1a: Celebi
|-crit|p1a: Celebi
|-damage|p1a: Celebi|18/100
|
|-weather|Sandstorm|[upkeep]
|-damage|p1a: Celebi|11/100|[from] Sandstorm
|-damage|p2a: Blissey|69/100 par|[from] Sandstorm
|-heal|p1a: Celebi|18/100|[from] item: Leftovers
|-heal|p2a: Blissey|76/100 par|[from] item: Leftovers
|-damage|p2a: Blissey|63/100 par|[from] Leech Seed|[of] p1a: Celebi
|-heal|p1a: Celebi|38/100|[silent]
|upkeep
|turn|31
|
|t:|1728418098
|move|p1a: Celebi|Calm Mind|p1a: Celebi
|-boost|p1a: Celebi|spa|1
|-boost|p1a: Celebi|spd|1
|move|p2a: Blissey|Soft-Boiled|p2a: Blissey
|-heal|p2a: Blissey|100/100 par
|
|-weather|Sandstorm|[upkeep]
|-damage|p1a: Celebi|32/100|[from] Sandstorm
|-damage|p2a: Blissey|94/100 par|[from] Sandstorm
|-heal|p1a: Celebi|38/100|[from] item: Leftovers
|-heal|p2a: Blissey|100/100 par|[from] item: Leftovers
|-damage|p2a: Blissey|88/100 par|[from] Leech Seed|[of] p1a: Celebi
|-heal|p1a: Celebi|58/100|[silent]
|upkeep
|turn|32
|
|t:|1728418108
|move|p1a: Celebi|Giga Drain|p2a: Blissey
|-crit|p2a: Blissey
|-damage|p2a: Blissey|64/100 par
|-heal|p1a: Celebi|77/100|[from] drain|[of] p2a: Blissey
|move|p2a: Blissey|Ice Beam|p1a: Celebi
|-supereffective|p1a: Celebi
|-crit|p1a: Celebi
|-damage|p1a: Celebi|0 fnt
|faint|p1a: Celebi
|
|t:|1728418112
|switch|p1a: Aerodactyl|Aerodactyl, F|70/100
|
|-weather|Sandstorm|[upkeep]
|-damage|p2a: Blissey|58/100 par|[from] Sandstorm
|-heal|p2a: Blissey|64/100 par|[from] item: Leftovers
|-damage|p2a: Blissey|52/100 par|[from] Leech Seed|[of] p1a: Aerodactyl
|-heal|p1a: Aerodactyl|97/100|[silent]
|upkeep
|turn|33
|
|t:|1728418121
|move|p1a: Aerodactyl|Double-Edge|p2a: Blissey
|-damage|p2a: Blissey|0 fnt
|faint|p2a: Blissey
|
|t:|1728418125
|switch|p2a: Swampert|Swampert, M|53/100 tox
|-damage|p2a: Swampert|28/100 tox|[from] Spikes
|
|-weather|Sandstorm|[upkeep]
|-heal|p2a: Swampert|34/100 tox|[from] item: Leftovers
|-damage|p2a: Swampert|28/100 tox|[from] psn
|upkeep
|turn|34
|c|☆Segale|ggs
|
|t:|1728418132
|move|p1a: Aerodactyl|Double-Edge|p2a: Swampert
|-damage|p2a: Swampert|0 fnt
|faint|p2a: Swampert
|
|win|Segale
|c|☆my_rocks|gg

</script>
<script type="application/json" class="data" id="replaydata-smogtours-gen3ou-796469">
{"id":"smogtours-gen3ou-796469","format":"[Gen 3] OU","players":["Segale","my_rocks"],"uploadtime":1728418132,"views":113,"formatid":"gen3ou","rating":null,"private":1,"password":null}
</script>

<script defer src="js/replays.js?9d40a366"></script>
