<!DOCTYPE html>
<meta charset="utf-8" />
<meta name="viewport" content="width=device-width" />

<title>[Gen 3] OU: True Lawbringer vs. honuacjs - Replays - Pok&eacute;mon Showdown!</title>

<meta name="description" content="Watch a replay of a Pok&eacute;mon battle between True Lawbringer and honuacjs! Format: [Gen 3] OU; Date: Oct 3, 2024" />
<!--

Hey, you! Looking in the source for the replay log?

You can find them in JSON format, just add `.json` at the end of a replay URL.

https://replay.pokemonshowdown.com/gen7randomdoublesbattle-865046831.json

Or, if you only need the log itself, add `.log` instead:

https://replay.pokemonshowdown.com/gen7randomdoublesbattle-865046831.log

-->

<link rel="stylesheet" href="//pokemonshowdown.com/style/global.css?0.023195364461161105" />
<link rel="stylesheet" href="//play.pokemonshowdown.com/style/font-awesome.css?0.13261647063804238" />
<link rel="stylesheet" href="//play.pokemonshowdown.com/style/battle.css?0.8753245789963631" />
<link rel="stylesheet" href="//play.pokemonshowdown.com/style/utilichart.css?0.8627959624976733" />

<!-- Global site tag (gtag.js) - Google Analytics -->
<script async src="https://www.googletagmanager.com/gtag/js?id=UA-26211653-1"></script>
<script>
  window.dataLayer = window.dataLayer || [];
  function gtag(){dataLayer.push(arguments);}
  gtag('js', new Date());

  gtag('config', 'UA-26211653-1');
</script>
<!-- End Google Analytics -->
<!-- Venatus Ad Manager - Install in <HEAD> of page -->
	<script src="https://hb.vntsm.com/v3/live/ad-manager.min.js" type="text/javascript" data-site-id="642aba63ec9a7b11c3c9c1be" data-mode="scan" async></script>
<!-- / Venatus Ad Manager -->

<style>
	@media (max-width:820px) {
		.battle {
			margin: 0 auto;
		}
		.battle-log {
			margin: 7px auto 0;
			max-width: 640px;
			height: 300px;
			position: static;
		}
	}
	.optgroup {
		display: inline-block;
		line-height: 22px;
		font-size: 10pt;
	}
	.optgroup .button {
		height: 25px;
		padding-top: 0;
		padding-bottom: 0;
	}
	.optgroup button.button {
		padding-left: 12px;
		padding-right: 12px;
	}
	.linklist {
		list-style: none;
		margin: 0.5em 0;
		padding: 0;
	}
	.linklist li {
		padding: 2px 0;
	}
	.sidebar {
		float: left;
		width: 320px;
	}
	.bar-wrapper {
		max-width: 1100px;
		margin: 0 auto;
	}
	.bar-wrapper.has-sidebar {
		max-width: 1430px;
	}
	.mainbar {
		margin: 0;
		padding-right: 1px;
	}
	.mainbar.has-sidebar {
		margin-left: 330px;
	}
	@media (min-width: 1511px) {
		.sidebar {
			width: 400px;
		}
		.bar-wrapper.has-sidebar {
			max-width: 1510px;
		}
		.mainbar.has-sidebar {
			margin-left: 410px;
		}
	}
	.section.first-section {
		margin-top: 9px;
	}
	.blocklink small {
		white-space: normal;
	}
	.button {
		vertical-align: middle;
	}
	.replay-controls {
		padding-top: 10px;
	}
	.replay-controls h1 {
		font-size: 16pt;
		font-weight: normal;
		color: #CCC;
	}
	.pagelink {
		text-align: center;
	}
	.pagelink a {
		width: 150px;
	}
	.textbox, .button {
		font-size: 11pt;
		vertical-align: middle;
	}
	@media (max-width: 450px) {
		.button {
			font-size: 9pt;
		}
	}
</style>

<div>

	<header>
		<div class="nav-wrapper"><ul class="nav">
			<li><a class="button nav-first" href="//pokemonshowdown.com/"><img src="//pokemonshowdown.com/images/pokemonshowdownbeta.png" srcset="//pokemonshowdown.com/images/pokemonshowdownbeta.png 1x, //pokemonshowdown.com/images/pokemonshowdownbeta@2x.png 2x" alt="Pok&eacute;mon Showdown" width="146" height="44" /> Home</a></li>
			<li><a class="button" href="//pokemonshowdown.com/dex/">Pok&eacute;dex</a></li>
			<li><a class="button cur" href="/">Replays</a></li>
			<li><a class="button" href="//pokemonshowdown.com/ladder/">Ladder</a></li>
			<li><a class="button nav-last" href="//pokemonshowdown.com/forums/">Forum</a></li>
			<li><a class="button greenbutton nav-first nav-last" href="//play.pokemonshowdown.com/">Play</a></li>
		</ul></div>
	</header>

	<div class="main" id="main">

		<noscript><section class="section">You need to enable JavaScript to use this page; sorry!</section></noscript>

	</div>

</div>

<script defer nomodule src="//play.pokemonshowdown.com/js/lib/ps-polyfill.js"></script>
<script defer src="//play.pokemonshowdown.com/js/lib/preact.min.js"></script>

<script defer src="//play.pokemonshowdown.com/config/config.js?2bddbc15"></script>
<script defer src="//play.pokemonshowdown.com/js/lib/jquery-1.11.0.min.js"></script>
<script defer src="//play.pokemonshowdown.com/js/lib/html-sanitizer-minified.js"></script>
<script defer src="//play.pokemonshowdown.com/js/battle-sound.js"></script>
<script defer src="//play.pokemonshowdown.com/js/battledata.js?0.7209276989879541"></script>
<script defer src="//play.pokemonshowdown.com/data/pokedex-mini.js?0.6111056340867951"></script>
<script defer src="//play.pokemonshowdown.com/data/pokedex-mini-bw.js?0.3532142036491459"></script>
<script defer src="//play.pokemonshowdown.com/data/graphics.js?0.24223875632456182"></script>
<script defer src="//play.pokemonshowdown.com/data/pokedex.js?0.38839984266356864"></script>
<script defer src="//play.pokemonshowdown.com/data/moves.js?0.21866028504024015"></script>
<script defer src="//play.pokemonshowdown.com/data/abilities.js?0.2005157953846628"></script>
<script defer src="//play.pokemonshowdown.com/data/items.js?0.9894211263848525"></script>
<script defer src="//play.pokemonshowdown.com/data/teambuilder-tables.js?0.6008791140282215"></script>
<script defer src="//play.pokemonshowdown.com/js/battle-tooltips.js?0.7580118955022959"></script>
<script defer src="//play.pokemonshowdown.com/js/battle.js?0.6057722274234274"></script>

<script defer src="js/utils.js?e31f9a17"></script>
<script defer src="js/replays-battle.js?7008c182"></script>

<!-- don't scrape this data! just add .json or .log after the URL!
Full API docs: https://github.com/smogon/pokemon-showdown-client/blob/master/WEB-API.md -->
<script type="text/plain" class="log" id="replaylog-smogtours-gen3ou-794373">
|inactive|Battle timer is ON: inactive players will automatically lose when time's up.
|t:|1727989107
|gametype|singles
|player|p1|True Lawbringer|steven|
|player|p2|honuacjs|2|
|teamsize|p1|6
|teamsize|p2|6
|gen|3
|tier|[Gen 3] OU
|rule|Sleep Clause Mod: Limit one foe put to sleep
|rule|Switch Priority Clause Mod: Faster Pokémon switch first
|rule|Species Clause: Limit one of each Pokémon
|rule|OHKO Clause: OHKO moves are banned
|rule|Evasion Items Clause: Evasion items are banned
|rule|Evasion Moves Clause: Evasion moves are banned
|rule|Endless Battle Clause: Forcing endless battles is banned
|rule|HP Percentage Mod: HP is shown in percentages
|rule|One Boost Passer Clause: Limit one Baton Passer that has a way to boost its stats
|rule|Freeze Clause Mod: Limit one foe frozen
|
|t:|1727989107
|start
|switch|p1a: Salamence|Salamence, M|100/100
|switch|p2a: Toddle|Ampharos, M|100/100
|-ability|p1a: Salamence|Intimidate|boost
|-unboost|p2a: Toddle|atk|1
|turn|1
|c|☆True Lawbringer|good luck have fun big guy
|c|☆True Lawbringer|love to see ampharos tbh, based guy fr
|
|t:|1727989129
|switch|p1a: Snorlax|Snorlax, M|100/100
|move|p2a: Toddle|Counter|p1a: Snorlax
|
|upkeep
|turn|2
|c|☆honuacjs|I love him haha hes my guy
|
|t:|1727989140
|switch|p2a: Bella|Weezing, F, shiny|100/100
|move|p1a: Snorlax|Curse|p1a: Snorlax
|-unboost|p1a: Snorlax|spe|1
|-boost|p1a: Snorlax|atk|1
|-boost|p1a: Snorlax|def|1
|
|upkeep
|turn|3
|
|t:|1727989151
|move|p2a: Bella|Will-O-Wisp|p1a: Snorlax
|-status|p1a: Snorlax|brn
|move|p1a: Snorlax|Body Slam|p2a: Bella
|-damage|p2a: Bella|75/100
|
|-heal|p2a: Bella|81/100|[from] item: Leftovers
|-damage|p1a: Snorlax|88/100 brn|[from] brn
|upkeep
|turn|4
|
|t:|1727989160
|move|p2a: Bella|Sludge Bomb|p1a: Snorlax
|-damage|p1a: Snorlax|64/100 brn
|move|p1a: Snorlax|Body Slam|p2a: Bella
|-damage|p2a: Bella|52/100
|
|-heal|p2a: Bella|58/100|[from] item: Leftovers
|-heal|p1a: Snorlax|70/100 brn|[from] item: Leftovers
|-damage|p1a: Snorlax|58/100 brn|[from] brn
|upkeep
|turn|5
|
|t:|1727989174
|move|p2a: Bella|Pain Split|p1a: Snorlax
|-sethp|p1a: Snorlax|45/100 brn|[from] move: Pain Split|[silent]
|-sethp|p2a: Bella|81/100|[from] move: Pain Split
|move|p1a: Snorlax|Body Slam|p2a: Bella
|-damage|p2a: Bella|54/100
|
|-heal|p2a: Bella|60/100|[from] item: Leftovers
|-heal|p1a: Snorlax|52/100 brn|[from] item: Leftovers
|-damage|p1a: Snorlax|39/100 brn|[from] brn
|upkeep
|turn|6
|
|t:|1727989201
|move|p2a: Bella|Sludge Bomb|p1a: Snorlax
|-damage|p1a: Snorlax|16/100 brn
|move|p1a: Snorlax|Body Slam|p2a: Bella
|-damage|p2a: Bella|33/100
|-status|p2a: Bella|par
|
|-heal|p1a: Snorlax|22/100 brn|[from] item: Leftovers
|-damage|p1a: Snorlax|9/100 brn|[from] brn
|-heal|p2a: Bella|39/100 par|[from] item: Leftovers
|upkeep
|turn|7
|
|t:|1727989212
|switch|p1a: Claydol|Claydol|100/100
|move|p2a: Bella|Sludge Bomb|p1a: Claydol
|-resisted|p1a: Claydol
|-damage|p1a: Claydol|79/100
|
|-heal|p1a: Claydol|85/100|[from] item: Leftovers
|-heal|p2a: Bella|44/100 par|[from] item: Leftovers
|upkeep
|turn|8
|
|t:|1727989236
|switch|p1a: Magneton|Magneton|100/100
|switch|p2a: Nessy|Lapras, F|100/100
|
|upkeep
|turn|9
|
|t:|1727989243
|switch|p2a: Claydol|Claydol|100/100
|move|p1a: Magneton|Thunder Wave|p2a: Claydol
|-immune|p2a: Claydol
|
|upkeep
|turn|10
|
|t:|1727989251
|switch|p1a: Salamence|Salamence, M|100/100
|-ability|p1a: Salamence|Intimidate|boost
|-unboost|p2a: Claydol|atk|1
|move|p2a: Claydol|Shadow Ball|p1a: Salamence
|-damage|p1a: Salamence|84/100
|
|upkeep
|turn|11
|
|t:|1727989261
|switch|p2a: Nessy|Lapras, F|100/100
|move|p1a: Salamence|Fire Blast|p2a: Nessy
|-damage|p2a: Nessy|85/100
|
|-heal|p2a: Nessy|91/100|[from] item: Leftovers
|upkeep
|turn|12
|
|t:|1727989273
|switch|p1a: Suicune|Suicune|100/100
|move|p2a: Nessy|Hail|p2a: Nessy
|-weather|Hail
|
|-weather|Hail|[upkeep]
|-damage|p1a: Suicune|94/100|[from] Hail
|-heal|p1a: Suicune|100/100|[from] item: Leftovers
|-heal|p2a: Nessy|97/100|[from] item: Leftovers
|upkeep
|turn|13
|
|t:|1727989286
|move|p1a: Suicune|Calm Mind|p1a: Suicune
|-boost|p1a: Suicune|spa|1
|-boost|p1a: Suicune|spd|1
|move|p2a: Nessy|Perish Song|p2a: Nessy
|-start|p1a: Suicune|perish3|[silent]
|-start|p2a: Nessy|perish3|[silent]
|-fieldactivate|move: Perish Song
|
|-weather|Hail|[upkeep]
|-damage|p1a: Suicune|94/100|[from] Hail
|-heal|p1a: Suicune|100/100|[from] item: Leftovers
|-heal|p2a: Nessy|100/100|[from] item: Leftovers
|-start|p1a: Suicune|perish3
|-start|p2a: Nessy|perish3
|upkeep
|turn|14
|
|t:|1727989297
|switch|p1a: Snorlax|Snorlax, M|9/100 brn
|move|p2a: Nessy|Ice Beam|p1a: Snorlax
|-crit|p1a: Snorlax
|-damage|p1a: Snorlax|0 fnt
|faint|p1a: Snorlax
|
|t:|1727989302
|switch|p1a: Celebi|Celebi|100/100
|
|-weather|Hail|[upkeep]
|-damage|p1a: Celebi|94/100|[from] Hail
|-heal|p1a: Celebi|100/100|[from] item: Leftovers
|-start|p2a: Nessy|perish2
|upkeep
|turn|15
|
|t:|1727989312
|move|p1a: Celebi|Leech Seed|p2a: Nessy
|-start|p2a: Nessy|move: Leech Seed
|move|p2a: Nessy|Ice Beam|p1a: Celebi
|-supereffective|p1a: Celebi
|-damage|p1a: Celebi|55/100
|-status|p1a: Celebi|frz
|
|-weather|Hail|[upkeep]
|-damage|p1a: Celebi|49/100 frz|[from] Hail
|-heal|p1a: Celebi|55/100 frz|[from] item: Leftovers
|-damage|p2a: Nessy|88/100|[from] Leech Seed|[of] p1a: Celebi
|-heal|p1a: Celebi|69/100 frz|[silent]
|-start|p2a: Nessy|perish1
|upkeep
|turn|16
|
|t:|1727989327
|-curestatus|p1a: Celebi|frz|[from] ability: Natural Cure
|switch|p1a: Magneton|Magneton|100/100
|switch|p2a: Billy|Umbreon, M, shiny|100/100
|
|-weather|none
|upkeep
|turn|17
|
|t:|1727989338
|move|p1a: Magneton|Toxic|p2a: Billy
|-status|p2a: Billy|tox
|move|p2a: Billy|Wish|p2a: Billy
|
|-damage|p2a: Billy|94/100 tox|[from] psn
|upkeep
|turn|18
|
|t:|1727989347
|switch|p1a: Salamence|Salamence, M|84/100
|-ability|p1a: Salamence|Intimidate|boost
|-unboost|p2a: Billy|atk|1
|move|p2a: Billy|Hidden Power|p1a: Salamence
|-resisted|p1a: Salamence
|-damage|p1a: Salamence|77/100
|
|-heal|p2a: Billy|100/100 tox|[from] move: Wish|[wisher] Billy
|-damage|p2a: Billy|88/100 tox|[from] psn
|upkeep
|turn|19
|
|t:|1727989357
|move|p1a: Salamence|Brick Break|p2a: Billy
|-supereffective|p2a: Billy
|-damage|p2a: Billy|22/100 tox
|move|p2a: Billy|Wish|p2a: Billy
|
|-heal|p2a: Billy|28/100 tox|[from] item: Leftovers
|-damage|p2a: Billy|10/100 tox|[from] psn
|upkeep
|turn|20
|
|t:|1727989377
|switch|p1a: Claydol|Claydol|85/100
|switch|p2a: Toddle|Ampharos, M|100/100
|
|-heal|p1a: Claydol|92/100|[from] item: Leftovers
|upkeep
|turn|21
|
|t:|1727989389
|move|p2a: Toddle|Protect|p2a: Toddle
|-singleturn|p2a: Toddle|Protect
|move|p1a: Claydol|Psychic|p2a: Toddle
|-activate|p2a: Toddle|Protect
|
|-heal|p1a: Claydol|98/100|[from] item: Leftovers
|upkeep
|turn|22
|
|t:|1727989395
|move|p1a: Claydol|Earthquake|p2a: Toddle
|-supereffective|p2a: Toddle
|-damage|p2a: Toddle|48/100
|move|p2a: Toddle|Toxic|p1a: Claydol
|-status|p1a: Claydol|tox
|
|-heal|p1a: Claydol|100/100 tox|[from] item: Leftovers
|-damage|p1a: Claydol|94/100 tox|[from] psn
|-heal|p2a: Toddle|54/100|[from] item: Leftovers
|upkeep
|turn|23
|
|t:|1727989404
|switch|p1a: Celebi|Celebi|69/100
|move|p2a: Toddle|Protect||[still]
|-fail|p2a: Toddle
|
|-heal|p1a: Celebi|75/100|[from] item: Leftovers
|-heal|p2a: Toddle|61/100|[from] item: Leftovers
|upkeep
|turn|24
|
|t:|1727989413
|switch|p2a: Nessy|Lapras, F|88/100
|move|p1a: Celebi|Leech Seed|p2a: Nessy
|-start|p2a: Nessy|move: Leech Seed
|
|-heal|p1a: Celebi|82/100|[from] item: Leftovers
|-heal|p2a: Nessy|94/100|[from] item: Leftovers
|-damage|p2a: Nessy|82/100|[from] Leech Seed|[of] p1a: Celebi
|-heal|p1a: Celebi|96/100|[silent]
|upkeep
|turn|25
|
|t:|1727989423
|move|p1a: Celebi|Hidden Power|p2a: Nessy
|-supereffective|p2a: Nessy
|-damage|p2a: Nessy|54/100
|move|p2a: Nessy|Heal Bell|p2a: Nessy
|-activate|p2a: Nessy|move: Heal Bell
|-curestatus|p2: Bella|par|[silent]
|-curestatus|p2: Billy|tox|[silent]
|
|-heal|p1a: Celebi|100/100|[from] item: Leftovers
|-heal|p2a: Nessy|60/100|[from] item: Leftovers
|-damage|p2a: Nessy|48/100|[from] Leech Seed|[of] p1a: Celebi
|upkeep
|turn|26
|
|t:|1727989449
|switch|p1a: Salamence|Salamence, M|77/100
|-ability|p1a: Salamence|Intimidate|boost
|-unboost|p2a: Nessy|atk|1
|switch|p2a: Bella|Weezing, F, shiny|44/100
|
|-heal|p2a: Bella|50/100|[from] item: Leftovers
|upkeep
|turn|27
|inactive|honuacjs has 270 seconds left.
|inactive|True Lawbringer has 270 seconds left.
|
|t:|1727989472
|switch|p1a: Magneton|Magneton|100/100
|move|p2a: Bella|Sludge Bomb|p1a: Magneton
|-immune|p1a: Magneton
|
|-heal|p2a: Bella|56/100|[from] item: Leftovers
|upkeep
|turn|28
|inactive|honuacjs has 270 seconds left.
|
|t:|1727989484
|switch|p2a: Toddle|Ampharos, M|61/100
|move|p1a: Magneton|Thunder Wave|p2a: Toddle
|-status|p2a: Toddle|par
|
|-heal|p2a: Toddle|67/100 par|[from] item: Leftovers
|upkeep
|turn|29
|inactive|honuacjs has 270 seconds left.
|
|t:|1727989496
|switch|p2a: Billy|Umbreon, M, shiny|10/100
|move|p1a: Magneton|Hidden Power|p2a: Billy
|-damage|p2a: Billy|0 fnt
|faint|p2a: Billy
|inactive|honuacjs has 270 seconds left.
|
|t:|1727989503
|switch|p2a: Claydol|Claydol|100/100
|
|upkeep
|turn|30
|
|t:|1727989510
|switch|p1a: Celebi|Celebi|100/100
|move|p2a: Claydol|Earthquake|p1a: Celebi
|-resisted|p1a: Celebi
|-damage|p1a: Celebi|88/100
|
|-heal|p1a: Celebi|95/100|[from] item: Leftovers
|upkeep
|turn|31
|
|t:|1727989523
|switch|p2a: Bella|Weezing, F, shiny|56/100
|move|p1a: Celebi|Leech Seed|p2a: Bella
|-start|p2a: Bella|move: Leech Seed
|
|-heal|p1a: Celebi|100/100|[from] item: Leftovers
|-heal|p2a: Bella|62/100|[from] item: Leftovers
|-damage|p2a: Bella|50/100|[from] Leech Seed|[of] p1a: Celebi
|upkeep
|turn|32
|
|t:|1727989531
|switch|p1a: Salamence|Salamence, M|77/100
|-ability|p1a: Salamence|Intimidate|boost
|-unboost|p2a: Bella|atk|1
|switch|p2a: Claydol|Claydol|100/100
|
|upkeep
|turn|33
|
|t:|1727989550
|move|p1a: Salamence|Brick Break|p2a: Claydol
|-resisted|p2a: Claydol
|-damage|p2a: Claydol|79/100
|move|p2a: Claydol|Explosion|p1a: Salamence
|-damage|p1a: Salamence|0 fnt
|faint|p2a: Claydol
|faint|p1a: Salamence
|
|t:|1727989560
|switch|p1a: Suicune|Suicune|100/100
|switch|p2a: Bella|Weezing, F, shiny|50/100
|
|-heal|p2a: Bella|56/100|[from] item: Leftovers
|upkeep
|turn|34
|
|t:|1727989572
|switch|p1a: Magneton|Magneton|100/100
|switch|p2a: Nessy|Lapras, F|48/100
|
|-heal|p2a: Nessy|54/100|[from] item: Leftovers
|upkeep
|turn|35
|
|t:|1727989585
|switch|p2a: Toddle|Ampharos, M|67/100 par
|move|p1a: Magneton|Thunderbolt|p2a: Toddle
|-resisted|p2a: Toddle
|-crit|p2a: Toddle
|-damage|p2a: Toddle|21/100 par
|
|-heal|p2a: Toddle|27/100 par|[from] item: Leftovers
|upkeep
|turn|36
|
|t:|1727989605
|switch|p1a: Claydol|Claydol|94/100 tox
|move|p2a: Toddle|Protect||[still]
|-fail|p2a: Toddle
|
|-heal|p1a: Claydol|100/100 tox|[from] item: Leftovers
|-damage|p1a: Claydol|94/100 tox|[from] psn
|-heal|p2a: Toddle|34/100 par|[from] item: Leftovers
|upkeep
|turn|37
|
|t:|1727989632
|switch|p2a: Milly|Espeon, F|100/100
|move|p1a: Claydol|Psychic|p2a: Milly
|-resisted|p2a: Milly
|-crit|p2a: Milly
|-damage|p2a: Milly|71/100
|
|-heal|p2a: Milly|77/100|[from] item: Leftovers
|-heal|p1a: Claydol|100/100 tox|[from] item: Leftovers
|-damage|p1a: Claydol|88/100 tox|[from] psn
|upkeep
|turn|38
|
|t:|1727989646
|switch|p1a: Suicune|Suicune|100/100
|move|p2a: Milly|Substitute|p2a: Milly
|-start|p2a: Milly|Substitute
|-damage|p2a: Milly|52/100
|
|-heal|p2a: Milly|58/100|[from] item: Leftovers
|upkeep
|turn|39
|
|t:|1727989653
|move|p2a: Milly|Psychic|p1a: Suicune
|-damage|p1a: Suicune|68/100
|move|p1a: Suicune|Roar|p2a: Milly
|drag|p2a: Nessy|Lapras, F|54/100
|
|-heal|p1a: Suicune|74/100|[from] item: Leftovers
|-heal|p2a: Nessy|60/100|[from] item: Leftovers
|upkeep
|turn|40
|
|t:|1727989665
|move|p1a: Suicune|Calm Mind|p1a: Suicune
|-boost|p1a: Suicune|spa|1
|-boost|p1a: Suicune|spd|1
|move|p2a: Nessy|Hail|p2a: Nessy
|-weather|Hail
|
|-weather|Hail|[upkeep]
|-damage|p1a: Suicune|68/100|[from] Hail
|-heal|p1a: Suicune|74/100|[from] item: Leftovers
|-heal|p2a: Nessy|66/100|[from] item: Leftovers
|upkeep
|turn|41
|
|t:|1727989675
|move|p1a: Suicune|Surf|p2a: Nessy
|-heal|p2a: Nessy|91/100|[from] ability: Water Absorb|[of] p1a: Suicune
|move|p2a: Nessy|Ice Beam|p1a: Suicune
|-resisted|p1a: Suicune
|-damage|p1a: Suicune|67/100
|
|-weather|Hail|[upkeep]
|-damage|p1a: Suicune|61/100|[from] Hail
|-heal|p1a: Suicune|67/100|[from] item: Leftovers
|-heal|p2a: Nessy|98/100|[from] item: Leftovers
|upkeep
|turn|42
|
|t:|1727989687
|move|p2a: Nessy|Perish Song|p2a: Nessy
|-start|p1a: Suicune|perish3|[silent]
|-start|p2a: Nessy|perish3|[silent]
|-fieldactivate|move: Perish Song
|move|p1a: Suicune|Roar|p2a: Nessy
|drag|p2a: Toddle|Ampharos, M|34/100 par
|
|-weather|Hail|[upkeep]
|-damage|p1a: Suicune|61/100|[from] Hail
|-damage|p2a: Toddle|27/100 par|[from] Hail
|-heal|p1a: Suicune|67/100|[from] item: Leftovers
|-heal|p2a: Toddle|34/100 par|[from] item: Leftovers
|-start|p1a: Suicune|perish3
|upkeep
|turn|43
|
|t:|1727989697
|switch|p1a: Magneton|Magneton|100/100
|switch|p2a: Nessy|Lapras, F|98/100
|
|-weather|Hail|[upkeep]
|-damage|p1a: Magneton|95/100|[from] Hail
|-heal|p1a: Magneton|100/100|[from] item: Leftovers
|-heal|p2a: Nessy|100/100|[from] item: Leftovers
|upkeep
|turn|44
|
|t:|1727989708
|move|p1a: Magneton|Thunderbolt|p2a: Nessy
|-supereffective|p2a: Nessy
|-damage|p2a: Nessy|43/100
|move|p2a: Nessy|Ice Beam|p1a: Magneton
|-resisted|p1a: Magneton
|-damage|p1a: Magneton|78/100
|
|-weather|none
|-heal|p1a: Magneton|84/100|[from] item: Leftovers
|-heal|p2a: Nessy|49/100|[from] item: Leftovers
|upkeep
|turn|45
|
|t:|1727989721
|switch|p2a: Toddle|Ampharos, M|34/100 par
|move|p1a: Magneton|Thunderbolt|p2a: Toddle
|-resisted|p2a: Toddle
|-damage|p2a: Toddle|8/100 par
|
|-heal|p1a: Magneton|90/100|[from] item: Leftovers
|-heal|p2a: Toddle|14/100 par|[from] item: Leftovers
|upkeep
|turn|46
|
|t:|1727989729
|cant|p2a: Toddle|par
|move|p1a: Magneton|Thunderbolt|p2a: Toddle
|-resisted|p2a: Toddle
|-damage|p2a: Toddle|0 fnt
|faint|p2a: Toddle
|
|t:|1727989735
|switch|p2a: Milly|Espeon, F|58/100
|
|-heal|p2a: Milly|64/100|[from] item: Leftovers
|-heal|p1a: Magneton|96/100|[from] item: Leftovers
|upkeep
|turn|47
|
|t:|1727989746
|move|p2a: Milly|Calm Mind|p2a: Milly
|-boost|p2a: Milly|spa|1
|-boost|p2a: Milly|spd|1
|move|p1a: Magneton|Thunderbolt|p2a: Milly
|-damage|p2a: Milly|22/100
|
|-heal|p2a: Milly|28/100|[from] item: Leftovers
|-heal|p1a: Magneton|100/100|[from] item: Leftovers
|upkeep
|turn|48
|
|t:|1727989758
|move|p2a: Milly|Psychic|p1a: Magneton
|-resisted|p1a: Magneton
|-damage|p1a: Magneton|39/100
|-unboost|p1a: Magneton|spd|1
|move|p1a: Magneton|Thunder Wave|p2a: Milly
|-status|p2a: Milly|par
|-status|p1a: Magneton|par|[from] ability: Synchronize|[of] p2a: Milly
|
|-heal|p2a: Milly|34/100 par|[from] item: Leftovers
|-heal|p1a: Magneton|45/100 par|[from] item: Leftovers
|upkeep
|turn|49
|
|t:|1727989769
|move|p2a: Milly|Psychic|p1a: Magneton
|-resisted|p1a: Magneton
|-damage|p1a: Magneton|0 fnt
|faint|p1a: Magneton
|
|t:|1727989774
|switch|p1a: Claydol|Claydol|88/100 tox
|
|-heal|p1a: Claydol|94/100 tox|[from] item: Leftovers
|-damage|p1a: Claydol|88/100 tox|[from] psn
|-heal|p2a: Milly|40/100 par|[from] item: Leftovers
|upkeep
|turn|50
|
|t:|1727989783
|move|p1a: Claydol|Psychic|p2a: Milly
|-resisted|p2a: Milly
|-damage|p2a: Milly|31/100 par
|move|p2a: Milly|Hidden Power|p1a: Claydol
|-supereffective|p1a: Claydol
|-damage|p1a: Claydol|27/100 tox
|
|-heal|p1a: Claydol|33/100 tox|[from] item: Leftovers
|-damage|p1a: Claydol|21/100 tox|[from] psn
|-heal|p2a: Milly|37/100 par|[from] item: Leftovers
|upkeep
|turn|51
|
|t:|1727989793
|switch|p2a: Bella|Weezing, F, shiny|56/100
|move|p1a: Claydol|Explosion|p2a: Bella
|-damage|p2a: Bella|0 fnt
|faint|p1a: Claydol
|faint|p2a: Bella
|
|t:|1727989801
|switch|p1a: Celebi|Celebi|100/100
|switch|p2a: Nessy|Lapras, F|49/100
|
|-heal|p2a: Nessy|55/100|[from] item: Leftovers
|upkeep
|turn|52
|
|t:|1727989807
|move|p1a: Celebi|Leech Seed|p2a: Nessy
|-start|p2a: Nessy|move: Leech Seed
|move|p2a: Nessy|Perish Song|p2a: Nessy
|-start|p1a: Celebi|perish3|[silent]
|-start|p2a: Nessy|perish3|[silent]
|-fieldactivate|move: Perish Song
|
|-heal|p2a: Nessy|61/100|[from] item: Leftovers
|-damage|p2a: Nessy|49/100|[from] Leech Seed|[of] p1a: Celebi
|-start|p1a: Celebi|perish3
|-start|p2a: Nessy|perish3
|upkeep
|turn|53
|
|t:|1727989818
|switch|p1a: Suicune|Suicune|67/100
|switch|p2a: Milly|Espeon, F|37/100 par
|
|-heal|p1a: Suicune|73/100|[from] item: Leftovers
|-heal|p2a: Milly|43/100 par|[from] item: Leftovers
|upkeep
|turn|54
|
|t:|1727989827
|switch|p1a: Celebi|Celebi|100/100
|switch|p2a: Nessy|Lapras, F|49/100
|
|-heal|p2a: Nessy|55/100|[from] item: Leftovers
|upkeep
|turn|55
|
|t:|1727989833
|move|p1a: Celebi|Leech Seed|p2a: Nessy
|-start|p2a: Nessy|move: Leech Seed
|move|p2a: Nessy|Ice Beam|p1a: Celebi
|-supereffective|p1a: Celebi
|-damage|p1a: Celebi|55/100
|
|-heal|p1a: Celebi|62/100|[from] item: Leftovers
|-heal|p2a: Nessy|61/100|[from] item: Leftovers
|-damage|p2a: Nessy|49/100|[from] Leech Seed|[of] p1a: Celebi
|-heal|p1a: Celebi|76/100|[silent]
|upkeep
|turn|56
|
|t:|1727989844
|move|p1a: Celebi|Perish Song|p1a: Celebi
|-start|p1a: Celebi|perish3|[silent]
|-start|p2a: Nessy|perish3|[silent]
|-fieldactivate|move: Perish Song
|move|p2a: Nessy|Ice Beam|p1a: Celebi
|-supereffective|p1a: Celebi
|-damage|p1a: Celebi|34/100
|
|-heal|p1a: Celebi|40/100|[from] item: Leftovers
|-heal|p2a: Nessy|55/100|[from] item: Leftovers
|-damage|p2a: Nessy|43/100|[from] Leech Seed|[of] p1a: Celebi
|-heal|p1a: Celebi|55/100|[silent]
|-start|p1a: Celebi|perish3
|-start|p2a: Nessy|perish3
|upkeep
|turn|57
|
|t:|1727989857
|switch|p2a: Milly|Espeon, F|43/100 par
|move|p1a: Celebi|Leech Seed|p2a: Milly
|-start|p2a: Milly|move: Leech Seed
|
|-heal|p1a: Celebi|61/100|[from] item: Leftovers
|-heal|p2a: Milly|48/100 par|[from] item: Leftovers
|-damage|p2a: Milly|36/100 par|[from] Leech Seed|[of] p1a: Celebi
|-heal|p1a: Celebi|69/100|[silent]
|-start|p1a: Celebi|perish2
|upkeep
|turn|58
|
|t:|1727989869
|switch|p2a: Nessy|Lapras, F|43/100
|move|p1a: Celebi|Hidden Power|p2a: Nessy
|-supereffective|p2a: Nessy
|-damage|p2a: Nessy|17/100
|
|-heal|p1a: Celebi|75/100|[from] item: Leftovers
|-heal|p2a: Nessy|23/100|[from] item: Leftovers
|-start|p1a: Celebi|perish1
|upkeep
|turn|59
|
|t:|1727989885
|switch|p1a: Suicune|Suicune|73/100
|switch|p2a: Milly|Espeon, F|36/100 par
|
|-heal|p1a: Suicune|79/100|[from] item: Leftovers
|-heal|p2a: Milly|42/100 par|[from] item: Leftovers
|upkeep
|turn|60
|
|t:|1727989898
|cant|p2a: Milly|par
|move|p1a: Suicune|Roar|p2a: Milly
|drag|p2a: Nessy|Lapras, F|23/100
|
|-heal|p1a: Suicune|86/100|[from] item: Leftovers
|-heal|p2a: Nessy|30/100|[from] item: Leftovers
|upkeep
|turn|61
|
|t:|1727989913
|move|p2a: Nessy|Heal Bell|p2a: Nessy
|-activate|p2a: Nessy|move: Heal Bell
|-curestatus|p2: Milly|par|[silent]
|move|p1a: Suicune|Roar|p2a: Nessy
|drag|p2a: Milly|Espeon, F|42/100
|
|-heal|p2a: Milly|48/100|[from] item: Leftovers
|-heal|p1a: Suicune|92/100|[from] item: Leftovers
|upkeep
|turn|62
|
|t:|1727989921
|switch|p2a: Nessy|Lapras, F|30/100
|move|p1a: Suicune|Surf|p2a: Nessy
|-heal|p2a: Nessy|55/100|[from] ability: Water Absorb|[of] p1a: Suicune
|
|-heal|p1a: Suicune|98/100|[from] item: Leftovers
|-heal|p2a: Nessy|61/100|[from] item: Leftovers
|upkeep
|turn|63
|
|t:|1727989930
|switch|p1a: Celebi|Celebi|75/100
|move|p2a: Nessy|Hail|p2a: Nessy
|-weather|Hail
|
|-weather|Hail|[upkeep]
|-damage|p1a: Celebi|69/100|[from] Hail
|-heal|p1a: Celebi|75/100|[from] item: Leftovers
|-heal|p2a: Nessy|67/100|[from] item: Leftovers
|upkeep
|turn|64
|
|t:|1727989937
|move|p1a: Celebi|Leech Seed|p2a: Nessy
|-start|p2a: Nessy|move: Leech Seed
|move|p2a: Nessy|Ice Beam|p1a: Celebi
|-supereffective|p1a: Celebi
|-damage|p1a: Celebi|35/100
|
|-weather|Hail|[upkeep]
|-damage|p1a: Celebi|29/100|[from] Hail
|-heal|p1a: Celebi|35/100|[from] item: Leftovers
|-heal|p2a: Nessy|73/100|[from] item: Leftovers
|-damage|p2a: Nessy|61/100|[from] Leech Seed|[of] p1a: Celebi
|-heal|p1a: Celebi|49/100|[silent]
|upkeep
|turn|65
|
|t:|1727989948
|move|p1a: Celebi|Recover|p1a: Celebi
|-heal|p1a: Celebi|99/100
|move|p2a: Nessy|Ice Beam|p1a: Celebi
|-supereffective|p1a: Celebi
|-crit|p1a: Celebi
|-damage|p1a: Celebi|13/100
|
|-weather|Hail|[upkeep]
|-damage|p1a: Celebi|7/100|[from] Hail
|-heal|p1a: Celebi|13/100|[from] item: Leftovers
|-heal|p2a: Nessy|67/100|[from] item: Leftovers
|-damage|p2a: Nessy|55/100|[from] Leech Seed|[of] p1a: Celebi
|-heal|p1a: Celebi|27/100|[silent]
|upkeep
|turn|66
|
|t:|1727989961
|move|p1a: Celebi|Recover|p1a: Celebi
|-heal|p1a: Celebi|77/100
|move|p2a: Nessy|Ice Beam|p1a: Celebi
|-supereffective|p1a: Celebi
|-damage|p1a: Celebi|32/100
|
|-weather|Hail|[upkeep]
|-damage|p1a: Celebi|25/100|[from] Hail
|-heal|p1a: Celebi|32/100|[from] item: Leftovers
|-heal|p2a: Nessy|61/100|[from] item: Leftovers
|-damage|p2a: Nessy|48/100|[from] Leech Seed|[of] p1a: Celebi
|-heal|p1a: Celebi|46/100|[silent]
|upkeep
|turn|67
|
|t:|1727989975
|switch|p2a: Milly|Espeon, F|48/100
|move|p1a: Celebi|Leech Seed|p2a: Milly
|-start|p2a: Milly|move: Leech Seed
|
|-weather|none
|-heal|p2a: Milly|54/100|[from] item: Leftovers
|-damage|p2a: Milly|42/100|[from] Leech Seed|[of] p1a: Celebi
|-heal|p1a: Celebi|54/100|[silent]
|-heal|p1a: Celebi|60/100|[from] item: Leftovers
|upkeep
|turn|68
|
|t:|1727989985
|move|p2a: Milly|Calm Mind|p2a: Milly
|-boost|p2a: Milly|spa|1
|-boost|p2a: Milly|spd|1
|move|p1a: Celebi|Recover|p1a: Celebi
|-heal|p1a: Celebi|100/100
|
|-heal|p2a: Milly|48/100|[from] item: Leftovers
|-damage|p2a: Milly|36/100|[from] Leech Seed|[of] p1a: Celebi
|upkeep
|turn|69
|
|t:|1727989994
|move|p2a: Milly|Calm Mind|p2a: Milly
|-boost|p2a: Milly|spa|1
|-boost|p2a: Milly|spd|1
|move|p1a: Celebi|Hidden Power|p2a: Milly
|-damage|p2a: Milly|20/100
|
|-heal|p2a: Milly|26/100|[from] item: Leftovers
|-damage|p2a: Milly|14/100|[from] Leech Seed|[of] p1a: Celebi
|upkeep
|turn|70
|
|t:|1727990009
|switch|p2a: Nessy|Lapras, F|48/100
|switch|p1a: Suicune|Suicune|98/100
|
|-heal|p1a: Suicune|100/100|[from] item: Leftovers
|-heal|p2a: Nessy|55/100|[from] item: Leftovers
|upkeep
|turn|71
|
|t:|1727990020
|switch|p1a: Celebi|Celebi|100/100
|move|p2a: Nessy|Hail|p2a: Nessy
|-weather|Hail
|
|-weather|Hail|[upkeep]
|-damage|p1a: Celebi|94/100|[from] Hail
|-heal|p1a: Celebi|100/100|[from] item: Leftovers
|-heal|p2a: Nessy|61/100|[from] item: Leftovers
|upkeep
|turn|72
|
|t:|1727990029
|move|p1a: Celebi|Leech Seed|p2a: Nessy
|-start|p2a: Nessy|move: Leech Seed
|move|p2a: Nessy|Ice Beam|p1a: Celebi
|-supereffective|p1a: Celebi
|-damage|p1a: Celebi|57/100
|
|-weather|Hail|[upkeep]
|-damage|p1a: Celebi|51/100|[from] Hail
|-heal|p1a: Celebi|57/100|[from] item: Leftovers
|-heal|p2a: Nessy|67/100|[from] item: Leftovers
|-damage|p2a: Nessy|55/100|[from] Leech Seed|[of] p1a: Celebi
|-heal|p1a: Celebi|72/100|[silent]
|upkeep
|turn|73
|
|t:|1727990042
|move|p1a: Celebi|Recover|p1a: Celebi
|-heal|p1a: Celebi|100/100
|move|p2a: Nessy|Perish Song|p2a: Nessy
|-start|p1a: Celebi|perish3|[silent]
|-start|p2a: Nessy|perish3|[silent]
|-fieldactivate|move: Perish Song
|
|-weather|Hail|[upkeep]
|-damage|p1a: Celebi|94/100|[from] Hail
|-heal|p1a: Celebi|100/100|[from] item: Leftovers
|-heal|p2a: Nessy|61/100|[from] item: Leftovers
|-damage|p2a: Nessy|48/100|[from] Leech Seed|[of] p1a: Celebi
|-start|p1a: Celebi|perish3
|-start|p2a: Nessy|perish3
|upkeep
|turn|74
|
|t:|1727990055
|move|p1a: Celebi|Hidden Power|p2a: Nessy
|-supereffective|p2a: Nessy
|-damage|p2a: Nessy|20/100
|move|p2a: Nessy|Ice Beam|p1a: Celebi
|-supereffective|p1a: Celebi
|-damage|p1a: Celebi|56/100
|
|-weather|Hail|[upkeep]
|-damage|p1a: Celebi|50/100|[from] Hail
|-heal|p1a: Celebi|56/100|[from] item: Leftovers
|-heal|p2a: Nessy|26/100|[from] item: Leftovers
|-damage|p2a: Nessy|14/100|[from] Leech Seed|[of] p1a: Celebi
|-heal|p1a: Celebi|70/100|[silent]
|-start|p1a: Celebi|perish2
|-start|p2a: Nessy|perish2
|upkeep
|turn|75
|
|t:|1727990069
|switch|p2a: Milly|Espeon, F|14/100
|move|p1a: Celebi|Hidden Power|p2a: Milly
|-damage|p2a: Milly|0 fnt
|faint|p2a: Milly
|
|t:|1727990074
|switch|p2a: Nessy|Lapras, F|14/100
|
|-weather|none
|-heal|p1a: Celebi|76/100|[from] item: Leftovers
|-heal|p2a: Nessy|20/100|[from] item: Leftovers
|-start|p1a: Celebi|perish1
|upkeep
|turn|76
|
|t:|1727990083
|switch|p1a: Suicune|Suicune|100/100
|move|p2a: Nessy|Ice Beam|p1a: Suicune
|-resisted|p1a: Suicune
|-damage|p1a: Suicune|89/100
|
|-heal|p1a: Suicune|95/100|[from] item: Leftovers
|-heal|p2a: Nessy|26/100|[from] item: Leftovers
|upkeep
|turn|77
|
|t:|1727990096
|switch|p1a: Celebi|Celebi|76/100
|move|p2a: Nessy|Ice Beam|p1a: Celebi
|-supereffective|p1a: Celebi
|-damage|p1a: Celebi|34/100
|
|-heal|p1a: Celebi|40/100|[from] item: Leftovers
|-heal|p2a: Nessy|32/100|[from] item: Leftovers
|upkeep
|turn|78
|
|t:|1727990104
|move|p1a: Celebi|Perish Song|p1a: Celebi
|-start|p1a: Celebi|perish3|[silent]
|-start|p2a: Nessy|perish3|[silent]
|-fieldactivate|move: Perish Song
|move|p2a: Nessy|Ice Beam|p1a: Celebi
|-supereffective|p1a: Celebi
|-damage|p1a: Celebi|0 fnt
|faint|p1a: Celebi
|
|t:|1727990110
|switch|p1a: Suicune|Suicune|95/100
|
|-heal|p1a: Suicune|100/100|[from] item: Leftovers
|-heal|p2a: Nessy|39/100|[from] item: Leftovers
|-start|p2a: Nessy|perish3
|upkeep
|turn|79
|c|☆honuacjs|ah gg
|c|☆True Lawbringer|live by the perish song die by the perish song
|c|☆True Lawbringer|gg
|
|t:|1727990130
|move|p1a: Suicune|Calm Mind|p1a: Suicune
|-boost|p1a: Suicune|spa|1
|-boost|p1a: Suicune|spd|1
|move|p2a: Nessy|Perish Song|p2a: Nessy
|-start|p1a: Suicune|perish3|[silent]
|-fieldactivate|move: Perish Song
|
|-heal|p2a: Nessy|45/100|[from] item: Leftovers
|-start|p1a: Suicune|perish3
|-start|p2a: Nessy|perish2
|upkeep
|turn|80
|
|t:|1727990145
|move|p1a: Suicune|Calm Mind|p1a: Suicune
|-boost|p1a: Suicune|spa|1
|-boost|p1a: Suicune|spd|1
|move|p2a: Nessy|Heal Bell|p2a: Nessy
|-activate|p2a: Nessy|move: Heal Bell
|
|-heal|p2a: Nessy|51/100|[from] item: Leftovers
|-start|p1a: Suicune|perish2
|-start|p2a: Nessy|perish1
|upkeep
|turn|81
|-message|honuacjs forfeited.
|
|win|True Lawbringer
|player|p2|

</script>
<script type="application/json" class="data" id="replaydata-smogtours-gen3ou-794373">
{"id":"smogtours-gen3ou-794373","format":"[Gen 3] OU","players":["True Lawbringer","honuacjs"],"uploadtime":1727990160,"views":139,"formatid":"gen3ou","rating":null,"private":0,"password":null}
</script>

<script defer src="js/replays.js?9d40a366"></script>
