<!DOCTYPE html>
<meta charset="utf-8" />
<meta name="viewport" content="width=device-width" />

<title>[Gen 3] OU: thedolla vs. moowee - Replays - Pok&eacute;mon Showdown!</title>

<meta name="description" content="Watch a replay of a Pok&eacute;mon battle between thedolla and moowee! Format: [Gen 3] OU; Date: Oct 2, 2024" />
<!--

Hey, you! Looking in the source for the replay log?

You can find them in JSON format, just add `.json` at the end of a replay URL.

https://replay.pokemonshowdown.com/gen7randomdoublesbattle-865046831.json

Or, if you only need the log itself, add `.log` instead:

https://replay.pokemonshowdown.com/gen7randomdoublesbattle-865046831.log

-->

<link rel="stylesheet" href="//pokemonshowdown.com/style/global.css?0.767286132409787" />
<link rel="stylesheet" href="//play.pokemonshowdown.com/style/font-awesome.css?0.9266228007934947" />
<link rel="stylesheet" href="//play.pokemonshowdown.com/style/battle.css?0.7924700842790926" />
<link rel="stylesheet" href="//play.pokemonshowdown.com/style/utilichart.css?0.8777417872839479" />

<!-- Global site tag (gtag.js) - Google Analytics -->
<script async src="https://www.googletagmanager.com/gtag/js?id=UA-26211653-1"></script>
<script>
  window.dataLayer = window.dataLayer || [];
  function gtag(){dataLayer.push(arguments);}
  gtag('js', new Date());

  gtag('config', 'UA-26211653-1');
</script>
<!-- End Google Analytics -->
<!-- Venatus Ad Manager - Install in <HEAD> of page -->
	<script src="https://hb.vntsm.com/v3/live/ad-manager.min.js" type="text/javascript" data-site-id="642aba63ec9a7b11c3c9c1be" data-mode="scan" async></script>
<!-- / Venatus Ad Manager -->

<style>
	@media (max-width:820px) {
		.battle {
			margin: 0 auto;
		}
		.battle-log {
			margin: 7px auto 0;
			max-width: 640px;
			height: 300px;
			position: static;
		}
	}
	.optgroup {
		display: inline-block;
		line-height: 22px;
		font-size: 10pt;
	}
	.optgroup .button {
		height: 25px;
		padding-top: 0;
		padding-bottom: 0;
	}
	.optgroup button.button {
		padding-left: 12px;
		padding-right: 12px;
	}
	.linklist {
		list-style: none;
		margin: 0.5em 0;
		padding: 0;
	}
	.linklist li {
		padding: 2px 0;
	}
	.sidebar {
		float: left;
		width: 320px;
	}
	.bar-wrapper {
		max-width: 1100px;
		margin: 0 auto;
	}
	.bar-wrapper.has-sidebar {
		max-width: 1430px;
	}
	.mainbar {
		margin: 0;
		padding-right: 1px;
	}
	.mainbar.has-sidebar {
		margin-left: 330px;
	}
	@media (min-width: 1511px) {
		.sidebar {
			width: 400px;
		}
		.bar-wrapper.has-sidebar {
			max-width: 1510px;
		}
		.mainbar.has-sidebar {
			margin-left: 410px;
		}
	}
	.section.first-section {
		margin-top: 9px;
	}
	.blocklink small {
		white-space: normal;
	}
	.button {
		vertical-align: middle;
	}
	.replay-controls {
		padding-top: 10px;
	}
	.replay-controls h1 {
		font-size: 16pt;
		font-weight: normal;
		color: #CCC;
	}
	.pagelink {
		text-align: center;
	}
	.pagelink a {
		width: 150px;
	}
	.textbox, .button {
		font-size: 11pt;
		vertical-align: middle;
	}
	@media (max-width: 450px) {
		.button {
			font-size: 9pt;
		}
	}
</style>

<div>

	<header>
		<div class="nav-wrapper"><ul class="nav">
			<li><a class="button nav-first" href="//pokemonshowdown.com/"><img src="//pokemonshowdown.com/images/pokemonshowdownbeta.png" srcset="//pokemonshowdown.com/images/pokemonshowdownbeta.png 1x, //pokemonshowdown.com/images/pokemonshowdownbeta@2x.png 2x" alt="Pok&eacute;mon Showdown" width="146" height="44" /> Home</a></li>
			<li><a class="button" href="//pokemonshowdown.com/dex/">Pok&eacute;dex</a></li>
			<li><a class="button cur" href="/">Replays</a></li>
			<li><a class="button" href="//pokemonshowdown.com/ladder/">Ladder</a></li>
			<li><a class="button nav-last" href="//pokemonshowdown.com/forums/">Forum</a></li>
			<li><a class="button greenbutton nav-first nav-last" href="//play.pokemonshowdown.com/">Play</a></li>
		</ul></div>
	</header>

	<div class="main" id="main">

		<noscript><section class="section">You need to enable JavaScript to use this page; sorry!</section></noscript>

	</div>

</div>

<script defer nomodule src="//play.pokemonshowdown.com/js/lib/ps-polyfill.js"></script>
<script defer src="//play.pokemonshowdown.com/js/lib/preact.min.js"></script>

<script defer src="//play.pokemonshowdown.com/config/config.js?6dec07f6"></script>
<script defer src="//play.pokemonshowdown.com/js/lib/jquery-1.11.0.min.js"></script>
<script defer src="//play.pokemonshowdown.com/js/lib/html-sanitizer-minified.js"></script>
<script defer src="//play.pokemonshowdown.com/js/battle-sound.js"></script>
<script defer src="//play.pokemonshowdown.com/js/battledata.js?0.6315294753075389"></script>
<script defer src="//play.pokemonshowdown.com/data/pokedex-mini.js?0.7603743185311358"></script>
<script defer src="//play.pokemonshowdown.com/data/pokedex-mini-bw.js?0.030888842834281283"></script>
<script defer src="//play.pokemonshowdown.com/data/graphics.js?0.05593094747507488"></script>
<script defer src="//play.pokemonshowdown.com/data/pokedex.js?0.47064822249611904"></script>
<script defer src="//play.pokemonshowdown.com/data/moves.js?0.8583693120512459"></script>
<script defer src="//play.pokemonshowdown.com/data/abilities.js?0.16017181182386842"></script>
<script defer src="//play.pokemonshowdown.com/data/items.js?0.4163379185673943"></script>
<script defer src="//play.pokemonshowdown.com/data/teambuilder-tables.js?0.31075597372830477"></script>
<script defer src="//play.pokemonshowdown.com/js/battle-tooltips.js?0.6536193500708172"></script>
<script defer src="//play.pokemonshowdown.com/js/battle.js?0.1916591943277901"></script>

<script defer src="js/utils.js?e31f9a17"></script>
<script defer src="js/replays-battle.js?7008c182"></script>

<!-- don't scrape this data! just add .json or .log after the URL!
Full API docs: https://github.com/smogon/pokemon-showdown-client/blob/master/WEB-API.md -->
<script type="text/plain" class="log" id="replaylog-smogtours-gen3ou-793952">
|inactive|Battle timer is ON: inactive players will automatically lose when time's up.
|t:|1727882246
|gametype|singles
|player|p1|thedolla|102|
|player|p2|moowee|burglar|
|teamsize|p1|6
|teamsize|p2|6
|gen|3
|tier|[Gen 3] OU
|rule|Sleep Clause Mod: Limit one foe put to sleep
|rule|Switch Priority Clause Mod: Faster Pokémon switch first
|rule|Species Clause: Limit one of each Pokémon
|rule|OHKO Clause: OHKO moves are banned
|rule|Evasion Items Clause: Evasion items are banned
|rule|Evasion Moves Clause: Evasion moves are banned
|rule|Endless Battle Clause: Forcing endless battles is banned
|rule|HP Percentage Mod: HP is shown in percentages
|rule|One Boost Passer Clause: Limit one Baton Passer that has a way to boost its stats
|rule|Freeze Clause Mod: Limit one foe frozen
|
|t:|1727882246
|start
|switch|p1a: oi UE|Zapdos|100/100
|switch|p2a: Tyranitar|Tyranitar, M|100/100
|-weather|Sandstorm|[from] ability: Sand Stream|[of] p2a: Tyranitar
|turn|1
|c|☆thedolla|shit i didn't grab the replay from the first match
|c|☆moowee|I have it
|c|☆thedolla|sweet
|inactive|thedolla has 270 seconds left.
|inactive|moowee has 270 seconds left.
|
|t:|1727882289
|switch|p1a: me woif|Swampert, M|100/100
|switch|p2a: Flygon|Flygon, F|100/100
|
|-weather|Sandstorm|[upkeep]
|upkeep
|turn|2
|
|t:|1727882297
|switch|p2a: Skarmory|Skarmory, M|100/100
|move|p1a: me woif|Ice Beam|p2a: Skarmory
|-damage|p2a: Skarmory|74/100
|
|-weather|Sandstorm|[upkeep]
|-heal|p2a: Skarmory|80/100|[from] item: Leftovers
|upkeep
|turn|3
|
|t:|1727882308
|switch|p1a: deep blow a train|Salamence, M|100/100
|-ability|p1a: deep blow a train|Intimidate|boost
|-unboost|p2a: Skarmory|atk|1
|move|p2a: Skarmory|Spikes|p1a: deep blow a train
|-sidestart|p1: thedolla|Spikes
|
|-weather|Sandstorm|[upkeep]
|-damage|p1a: deep blow a train|94/100|[from] Sandstorm
|-heal|p1a: deep blow a train|100/100|[from] item: Leftovers
|-heal|p2a: Skarmory|86/100|[from] item: Leftovers
|upkeep
|turn|4
|
|t:|1727882315
|move|p2a: Skarmory|Protect|p2a: Skarmory
|-singleturn|p2a: Skarmory|Protect
|move|p1a: deep blow a train|Fire Blast|p2a: Skarmory
|-activate|p2a: Skarmory|Protect
|
|-weather|Sandstorm|[upkeep]
|-damage|p1a: deep blow a train|94/100|[from] Sandstorm
|-heal|p1a: deep blow a train|100/100|[from] item: Leftovers
|-heal|p2a: Skarmory|92/100|[from] item: Leftovers
|upkeep
|turn|5
|
|t:|1727882340
|switch|p2a: Flygon|Flygon, F|100/100
|move|p1a: deep blow a train|Fire Blast|p2a: Flygon
|-resisted|p2a: Flygon
|-crit|p2a: Flygon
|-damage|p2a: Flygon|46/100
|
|-weather|Sandstorm|[upkeep]
|-damage|p1a: deep blow a train|94/100|[from] Sandstorm
|-heal|p2a: Flygon|52/100|[from] item: Leftovers
|-heal|p1a: deep blow a train|100/100|[from] item: Leftovers
|upkeep
|turn|6
|
|t:|1727882354
|switch|p2a: Jirachi|Jirachi|100/100
|move|p1a: deep blow a train|Dragon Claw|p2a: Jirachi
|-resisted|p2a: Jirachi
|-damage|p2a: Jirachi|88/100
|
|-weather|Sandstorm|[upkeep]
|-damage|p1a: deep blow a train|94/100|[from] Sandstorm
|-heal|p1a: deep blow a train|100/100|[from] item: Leftovers
|-heal|p2a: Jirachi|94/100|[from] item: Leftovers
|upkeep
|turn|7
|
|t:|1727882366
|switch|p1a: homelanda killed|Jirachi|100/100
|-damage|p1a: homelanda killed|88/100|[from] Spikes
|move|p2a: Jirachi|Calm Mind|p2a: Jirachi
|-boost|p2a: Jirachi|spa|1
|-boost|p2a: Jirachi|spd|1
|
|-weather|Sandstorm|[upkeep]
|-heal|p2a: Jirachi|99/100|[from] item: Leftovers
|upkeep
|turn|8
|
|t:|1727882374
|move|p1a: homelanda killed|Body Slam|p2a: Jirachi
|-resisted|p2a: Jirachi
|-damage|p2a: Jirachi|86/100
|-status|p2a: Jirachi|par
|move|p2a: Jirachi|Thunderbolt|p1a: homelanda killed
|-damage|p1a: homelanda killed|55/100
|
|-weather|Sandstorm|[upkeep]
|-heal|p2a: Jirachi|93/100 par|[from] item: Leftovers
|upkeep
|turn|9
|
|t:|1727882386
|switch|p1a: ashley look at me|Tyranitar, M|100/100
|-damage|p1a: ashley look at me|88/100|[from] Spikes
|move|p2a: Jirachi|Wish|p2a: Jirachi
|
|-weather|Sandstorm|[upkeep]
|-heal|p1a: ashley look at me|94/100|[from] item: Leftovers
|-heal|p2a: Jirachi|99/100 par|[from] item: Leftovers
|upkeep
|turn|10
|
|t:|1727882404
|switch|p2a: Skarmory|Skarmory, M|92/100
|move|p1a: ashley look at me|Ice Beam|p2a: Skarmory
|-damage|p2a: Skarmory|64/100
|
|-heal|p2a: Skarmory|100/100|[from] move: Wish|[wisher] Jirachi
|-weather|Sandstorm|[upkeep]
|-heal|p1a: ashley look at me|100/100|[from] item: Leftovers
|upkeep
|turn|11
|
|t:|1727882411
|move|p2a: Skarmory|Toxic|p1a: ashley look at me
|-status|p1a: ashley look at me|tox
|move|p1a: ashley look at me|Fire Blast|p2a: Skarmory|[miss]
|-miss|p1a: ashley look at me|p2a: Skarmory
|
|-weather|Sandstorm|[upkeep]
|-damage|p1a: ashley look at me|94/100 tox|[from] psn
|upkeep
|turn|12
|
|t:|1727882424
|switch|p2a: Tyranitar|Tyranitar, M|100/100
|move|p1a: ashley look at me|Fire Blast|p2a: Tyranitar
|-resisted|p2a: Tyranitar
|-damage|p2a: Tyranitar|84/100
|-status|p2a: Tyranitar|brn
|
|-weather|Sandstorm|[upkeep]
|-heal|p1a: ashley look at me|100/100 tox|[from] item: Leftovers
|-heal|p2a: Tyranitar|90/100 brn|[from] item: Leftovers
|-damage|p2a: Tyranitar|78/100 brn|[from] brn
|-damage|p1a: ashley look at me|88/100 tox|[from] psn
|upkeep
|turn|13
|
|t:|1727882431
|switch|p1a: me woif|Swampert, M|100/100
|-damage|p1a: me woif|88/100|[from] Spikes
|move|p2a: Tyranitar|Hidden Power|p1a: me woif
|-supereffective|p1a: me woif
|-damage|p1a: me woif|0 fnt
|faint|p1a: me woif
|inactive|thedolla has 270 seconds left.
|
|t:|1727882466
|switch|p1a: deep blow a train|Salamence, M|100/100
|-ability|p1a: deep blow a train|Intimidate|boost
|-unboost|p2a: Tyranitar|atk|1
|
|-weather|Sandstorm|[upkeep]
|-damage|p1a: deep blow a train|94/100|[from] Sandstorm
|-heal|p1a: deep blow a train|100/100|[from] item: Leftovers
|-heal|p2a: Tyranitar|84/100 brn|[from] item: Leftovers
|-damage|p2a: Tyranitar|72/100 brn|[from] brn
|upkeep
|turn|14
|
|t:|1727882485
|switch|p2a: Skarmory|Skarmory, M|100/100
|move|p1a: deep blow a train|Brick Break|p2a: Skarmory
|-damage|p2a: Skarmory|83/100
|
|-weather|Sandstorm|[upkeep]
|-damage|p1a: deep blow a train|94/100|[from] Sandstorm
|-heal|p1a: deep blow a train|100/100|[from] item: Leftovers
|-heal|p2a: Skarmory|89/100|[from] item: Leftovers
|upkeep
|turn|15
|
|t:|1727882494
|switch|p1a: homelanda killed|Jirachi|55/100
|-damage|p1a: homelanda killed|42/100|[from] Spikes
|move|p2a: Skarmory|Toxic|p1a: homelanda killed
|-immune|p1a: homelanda killed
|
|-weather|Sandstorm|[upkeep]
|-heal|p2a: Skarmory|95/100|[from] item: Leftovers
|upkeep
|turn|16
|
|t:|1727882499
|move|p1a: homelanda killed|Body Slam|p2a: Skarmory
|-resisted|p2a: Skarmory
|-damage|p2a: Skarmory|83/100
|-status|p2a: Skarmory|par
|move|p2a: Skarmory|Spikes|p1a: homelanda killed
|-sidestart|p1: thedolla|Spikes
|
|-weather|Sandstorm|[upkeep]
|-heal|p2a: Skarmory|89/100 par|[from] item: Leftovers
|upkeep
|turn|17
|
|t:|1727882506
|switch|p1a: oi UE|Zapdos|100/100
|move|p2a: Skarmory|Spikes|p1a: oi UE
|-sidestart|p1: thedolla|Spikes
|
|-weather|Sandstorm|[upkeep]
|-damage|p1a: oi UE|94/100|[from] Sandstorm
|-heal|p1a: oi UE|100/100|[from] item: Leftovers
|-heal|p2a: Skarmory|95/100 par|[from] item: Leftovers
|upkeep
|turn|18
|
|t:|1727882513
|move|p1a: oi UE|Toxic||[still]
|-fail|p1a: oi UE
|cant|p2a: Skarmory|par
|
|-weather|Sandstorm|[upkeep]
|-damage|p1a: oi UE|94/100|[from] Sandstorm
|-heal|p1a: oi UE|100/100|[from] item: Leftovers
|-heal|p2a: Skarmory|100/100 par|[from] item: Leftovers
|upkeep
|turn|19
|
|t:|1727882517
|move|p1a: oi UE|Thunderbolt|p2a: Skarmory
|-supereffective|p2a: Skarmory
|-damage|p2a: Skarmory|10/100 par
|move|p2a: Skarmory|Toxic|p1a: oi UE
|-status|p1a: oi UE|tox
|
|-weather|Sandstorm|[upkeep]
|-damage|p1a: oi UE|94/100 tox|[from] Sandstorm
|-heal|p1a: oi UE|100/100 tox|[from] item: Leftovers
|-damage|p1a: oi UE|94/100 tox|[from] psn
|-heal|p2a: Skarmory|16/100 par|[from] item: Leftovers
|upkeep
|turn|20
|
|t:|1727882521
|cant|p2a: Skarmory|par
|move|p1a: oi UE|Drill Peck|p2a: Skarmory
|-resisted|p2a: Skarmory
|-damage|p2a: Skarmory|5/100 par
|
|-weather|Sandstorm|[upkeep]
|-damage|p1a: oi UE|88/100 tox|[from] Sandstorm
|-heal|p1a: oi UE|94/100 tox|[from] item: Leftovers
|-damage|p1a: oi UE|82/100 tox|[from] psn
|-heal|p2a: Skarmory|11/100 par|[from] item: Leftovers
|upkeep
|turn|21
|
|t:|1727882526
|move|p2a: Skarmory|Protect|p2a: Skarmory
|-singleturn|p2a: Skarmory|Protect
|move|p1a: oi UE|Thunderbolt|p2a: Skarmory
|-activate|p2a: Skarmory|Protect
|
|-weather|Sandstorm|[upkeep]
|-damage|p1a: oi UE|76/100 tox|[from] Sandstorm
|-heal|p1a: oi UE|82/100 tox|[from] item: Leftovers
|-damage|p1a: oi UE|63/100 tox|[from] psn
|-heal|p2a: Skarmory|17/100 par|[from] item: Leftovers
|upkeep
|turn|22
|
|t:|1727882539
|switch|p2a: Jirachi|Jirachi|99/100 par
|move|p1a: oi UE|Thunderbolt|p2a: Jirachi
|-damage|p2a: Jirachi|64/100 par
|
|-weather|Sandstorm|[upkeep]
|-damage|p1a: oi UE|57/100 tox|[from] Sandstorm
|-heal|p1a: oi UE|63/100 tox|[from] item: Leftovers
|-damage|p1a: oi UE|38/100 tox|[from] psn
|-heal|p2a: Jirachi|70/100 par|[from] item: Leftovers
|upkeep
|turn|23
|
|t:|1727882545
|switch|p1a: deep blow a train|Salamence, M|100/100
|-ability|p1a: deep blow a train|Intimidate|boost
|-unboost|p2a: Jirachi|atk|1
|move|p2a: Jirachi|Calm Mind|p2a: Jirachi
|-boost|p2a: Jirachi|spa|1
|-boost|p2a: Jirachi|spd|1
|
|-weather|Sandstorm|[upkeep]
|-damage|p1a: deep blow a train|94/100|[from] Sandstorm
|-heal|p1a: deep blow a train|100/100|[from] item: Leftovers
|-heal|p2a: Jirachi|76/100 par|[from] item: Leftovers
|upkeep
|turn|24
|
|t:|1727882549
|move|p1a: deep blow a train|Fire Blast|p2a: Jirachi
|-supereffective|p2a: Jirachi
|-damage|p2a: Jirachi|41/100 par
|move|p2a: Jirachi|Ice Punch|p1a: deep blow a train
|-supereffective|p1a: deep blow a train
|-damage|p1a: deep blow a train|0 fnt
|faint|p1a: deep blow a train
|
|t:|1727882554
|switch|p1a: 500 yummers|Aerodactyl, F|100/100
|
|-weather|Sandstorm|[upkeep]
|-heal|p2a: Jirachi|48/100 par|[from] item: Leftovers
|upkeep
|turn|25
|
|t:|1727882566
|move|p1a: 500 yummers|Earthquake|p2a: Jirachi
|-supereffective|p2a: Jirachi
|-damage|p2a: Jirachi|0 fnt
|faint|p2a: Jirachi
|
|t:|1727882570
|switch|p2a: Flygon|Flygon, F|52/100
|
|-weather|Sandstorm|[upkeep]
|-heal|p2a: Flygon|58/100|[from] item: Leftovers
|upkeep
|turn|26
|
|t:|1727882575
|move|p1a: 500 yummers|Substitute|p1a: 500 yummers
|-start|p1a: 500 yummers|Substitute
|-damage|p1a: 500 yummers|76/100
|move|p2a: Flygon|Substitute|p2a: Flygon
|-start|p2a: Flygon|Substitute
|-damage|p2a: Flygon|33/100
|
|-weather|Sandstorm|[upkeep]
|-heal|p2a: Flygon|39/100|[from] item: Leftovers
|upkeep
|turn|27
|
|t:|1727882579
|move|p1a: 500 yummers|Double-Edge|p2a: Flygon
|-end|p2a: Flygon|Substitute
|move|p2a: Flygon|Rock Slide|p1a: 500 yummers
|-supereffective|p1a: 500 yummers
|-end|p1a: 500 yummers|Substitute
|
|-weather|Sandstorm|[upkeep]
|-heal|p2a: Flygon|45/100|[from] item: Leftovers
|upkeep
|turn|28
|inactive|thedolla has 270 seconds left.
|
|t:|1727882621
|move|p1a: 500 yummers|Substitute|p1a: 500 yummers
|-start|p1a: 500 yummers|Substitute
|-damage|p1a: 500 yummers|51/100
|move|p2a: Flygon|Rock Slide|p1a: 500 yummers
|-supereffective|p1a: 500 yummers
|-end|p1a: 500 yummers|Substitute
|
|-weather|Sandstorm|[upkeep]
|-heal|p2a: Flygon|51/100|[from] item: Leftovers
|upkeep
|turn|29
|
|t:|1727882627
|move|p1a: 500 yummers|Double-Edge|p2a: Flygon
|-damage|p2a: Flygon|3/100
|move|p2a: Flygon|Rock Slide|p1a: 500 yummers
|-supereffective|p1a: 500 yummers
|-damage|p1a: 500 yummers|0 fnt
|faint|p1a: 500 yummers
|inactive|thedolla has 270 seconds left.
|
|t:|1727882633
|switch|p1a: oi UE|Zapdos|38/100 tox
|
|-weather|Sandstorm|[upkeep]
|-damage|p1a: oi UE|32/100 tox|[from] Sandstorm
|-heal|p2a: Flygon|9/100|[from] item: Leftovers
|-heal|p1a: oi UE|38/100 tox|[from] item: Leftovers
|-damage|p1a: oi UE|32/100 tox|[from] psn
|upkeep
|turn|30
|
|t:|1727882636
|move|p2a: Flygon|Rock Slide|p1a: oi UE
|-supereffective|p1a: oi UE
|-damage|p1a: oi UE|0 fnt
|faint|p1a: oi UE
|
|t:|1727882639
|switch|p1a: homelanda killed|Jirachi|42/100
|-damage|p1a: homelanda killed|18/100|[from] Spikes
|
|-weather|Sandstorm|[upkeep]
|-heal|p2a: Flygon|15/100|[from] item: Leftovers
|upkeep
|turn|31
|
|t:|1727882643
|move|p2a: Flygon|Earthquake|p1a: homelanda killed
|-supereffective|p1a: homelanda killed
|-damage|p1a: homelanda killed|0 fnt
|faint|p1a: homelanda killed
|
|t:|1727882646
|switch|p1a: ashley look at me|Tyranitar, M|88/100 tox
|-damage|p1a: ashley look at me|63/100 tox|[from] Spikes
|
|-weather|Sandstorm|[upkeep]
|-heal|p2a: Flygon|21/100|[from] item: Leftovers
|-heal|p1a: ashley look at me|69/100 tox|[from] item: Leftovers
|-damage|p1a: ashley look at me|63/100 tox|[from] psn
|upkeep
|turn|32
|
|t:|1727882649
|move|p2a: Flygon|Earthquake|p1a: ashley look at me
|-supereffective|p1a: ashley look at me
|-damage|p1a: ashley look at me|0 fnt
|faint|p1a: ashley look at me
|
|win|moowee
|c|☆moowee|gg
|c|☆thedolla|gg

</script>
<script type="application/json" class="data" id="replaydata-smogtours-gen3ou-793952">
{"id":"smogtours-gen3ou-793952","format":"[Gen 3] OU","players":["thedolla","moowee"],"uploadtime":1727882649,"views":115,"formatid":"gen3ou","rating":null,"private":0,"password":null}
</script>

<script defer src="js/replays.js?9d40a366"></script>
