<!DOCTYPE html>
<meta charset="utf-8" />
<meta name="viewport" content="width=device-width" />

<title>[Gen 3] OU: Gonzasaurio 50 vs. realtimeglover - Replays - Pok&eacute;mon Showdown!</title>

<meta name="description" content="Watch a replay of a Pok&eacute;mon battle between Gonzasaurio 50 and realtimeglover! Format: [Gen 3] OU; Date: Nov 4, 2024" />
<!--

Hey, you! Looking in the source for the replay log?

You can find them in JSON format, just add `.json` at the end of a replay URL.

https://replay.pokemonshowdown.com/gen7randomdoublesbattle-865046831.json

Or, if you only need the log itself, add `.log` instead:

https://replay.pokemonshowdown.com/gen7randomdoublesbattle-865046831.log

-->

<link rel="stylesheet" href="//pokemonshowdown.com/style/global.css?0.023195364461161105" />
<link rel="stylesheet" href="//play.pokemonshowdown.com/style/font-awesome.css?0.13261647063804238" />
<link rel="stylesheet" href="//play.pokemonshowdown.com/style/battle.css?0.8753245789963631" />
<link rel="stylesheet" href="//play.pokemonshowdown.com/style/utilichart.css?0.8627959624976733" />

<!-- Global site tag (gtag.js) - Google Analytics -->
<script async src="https://www.googletagmanager.com/gtag/js?id=UA-26211653-1"></script>
<script>
  window.dataLayer = window.dataLayer || [];
  function gtag(){dataLayer.push(arguments);}
  gtag('js', new Date());

  gtag('config', 'UA-26211653-1');
</script>
<!-- End Google Analytics -->
<!-- Venatus Ad Manager - Install in <HEAD> of page -->
	<script src="https://hb.vntsm.com/v3/live/ad-manager.min.js" type="text/javascript" data-site-id="642aba63ec9a7b11c3c9c1be" data-mode="scan" async></script>
<!-- / Venatus Ad Manager -->

<style>
	@media (max-width:820px) {
		.battle {
			margin: 0 auto;
		}
		.battle-log {
			margin: 7px auto 0;
			max-width: 640px;
			height: 300px;
			position: static;
		}
	}
	.optgroup {
		display: inline-block;
		line-height: 22px;
		font-size: 10pt;
	}
	.optgroup .button {
		height: 25px;
		padding-top: 0;
		padding-bottom: 0;
	}
	.optgroup button.button {
		padding-left: 12px;
		padding-right: 12px;
	}
	.linklist {
		list-style: none;
		margin: 0.5em 0;
		padding: 0;
	}
	.linklist li {
		padding: 2px 0;
	}
	.sidebar {
		float: left;
		width: 320px;
	}
	.bar-wrapper {
		max-width: 1100px;
		margin: 0 auto;
	}
	.bar-wrapper.has-sidebar {
		max-width: 1430px;
	}
	.mainbar {
		margin: 0;
		padding-right: 1px;
	}
	.mainbar.has-sidebar {
		margin-left: 330px;
	}
	@media (min-width: 1511px) {
		.sidebar {
			width: 400px;
		}
		.bar-wrapper.has-sidebar {
			max-width: 1510px;
		}
		.mainbar.has-sidebar {
			margin-left: 410px;
		}
	}
	.section.first-section {
		margin-top: 9px;
	}
	.blocklink small {
		white-space: normal;
	}
	.button {
		vertical-align: middle;
	}
	.replay-controls {
		padding-top: 10px;
	}
	.replay-controls h1 {
		font-size: 16pt;
		font-weight: normal;
		color: #CCC;
	}
	.pagelink {
		text-align: center;
	}
	.pagelink a {
		width: 150px;
	}
	.textbox, .button {
		font-size: 11pt;
		vertical-align: middle;
	}
	@media (max-width: 450px) {
		.button {
			font-size: 9pt;
		}
	}
</style>

<div>

	<header>
		<div class="nav-wrapper"><ul class="nav">
			<li><a class="button nav-first" href="//pokemonshowdown.com/"><img src="//pokemonshowdown.com/images/pokemonshowdownbeta.png" srcset="//pokemonshowdown.com/images/pokemonshowdownbeta.png 1x, //pokemonshowdown.com/images/pokemonshowdownbeta@2x.png 2x" alt="Pok&eacute;mon Showdown" width="146" height="44" /> Home</a></li>
			<li><a class="button" href="//pokemonshowdown.com/dex/">Pok&eacute;dex</a></li>
			<li><a class="button cur" href="/">Replays</a></li>
			<li><a class="button" href="//pokemonshowdown.com/ladder/">Ladder</a></li>
			<li><a class="button nav-last" href="//pokemonshowdown.com/forums/">Forum</a></li>
			<li><a class="button greenbutton nav-first nav-last" href="//play.pokemonshowdown.com/">Play</a></li>
		</ul></div>
	</header>

	<div class="main" id="main">

		<noscript><section class="section">You need to enable JavaScript to use this page; sorry!</section></noscript>

	</div>

</div>

<script defer nomodule src="//play.pokemonshowdown.com/js/lib/ps-polyfill.js"></script>
<script defer src="//play.pokemonshowdown.com/js/lib/preact.min.js"></script>

<script defer src="//play.pokemonshowdown.com/config/config.js?2bddbc15"></script>
<script defer src="//play.pokemonshowdown.com/js/lib/jquery-1.11.0.min.js"></script>
<script defer src="//play.pokemonshowdown.com/js/lib/html-sanitizer-minified.js"></script>
<script defer src="//play.pokemonshowdown.com/js/battle-sound.js"></script>
<script defer src="//play.pokemonshowdown.com/js/battledata.js?0.7209276989879541"></script>
<script defer src="//play.pokemonshowdown.com/data/pokedex-mini.js?0.6111056340867951"></script>
<script defer src="//play.pokemonshowdown.com/data/pokedex-mini-bw.js?0.3532142036491459"></script>
<script defer src="//play.pokemonshowdown.com/data/graphics.js?0.24223875632456182"></script>
<script defer src="//play.pokemonshowdown.com/data/pokedex.js?0.38839984266356864"></script>
<script defer src="//play.pokemonshowdown.com/data/moves.js?0.21866028504024015"></script>
<script defer src="//play.pokemonshowdown.com/data/abilities.js?0.2005157953846628"></script>
<script defer src="//play.pokemonshowdown.com/data/items.js?0.9894211263848525"></script>
<script defer src="//play.pokemonshowdown.com/data/teambuilder-tables.js?0.6008791140282215"></script>
<script defer src="//play.pokemonshowdown.com/js/battle-tooltips.js?0.7580118955022959"></script>
<script defer src="//play.pokemonshowdown.com/js/battle.js?0.6057722274234274"></script>

<script defer src="js/utils.js?e31f9a17"></script>
<script defer src="js/replays-battle.js?7008c182"></script>

<!-- don't scrape this data! just add .json or .log after the URL!
Full API docs: https://github.com/smogon/pokemon-showdown-client/blob/master/WEB-API.md -->
<script type="text/plain" class="log" id="replaylog-smogtours-gen3ou-804827">
|inactive|Battle timer is ON: inactive players will automatically lose when time's up.
|t:|1730758563
|gametype|singles
|player|p1|Gonzasaurio 50|266|
|player|p2|realtimeglover|265|
|teamsize|p1|6
|teamsize|p2|6
|gen|3
|tier|[Gen 3] OU
|rule|Sleep Clause Mod: Limit one foe put to sleep
|rule|Switch Priority Clause Mod: Faster Pokémon switch first
|rule|Species Clause: Limit one of each Pokémon
|rule|OHKO Clause: OHKO moves are banned
|rule|Evasion Items Clause: Evasion items are banned
|rule|Evasion Moves Clause: Evasion moves are banned
|rule|Endless Battle Clause: Forcing endless battles is banned
|rule|HP Percentage Mod: HP is shown in percentages
|rule|One Boost Passer Clause: Limit one Baton Passer that has a way to boost its stats
|rule|Freeze Clause Mod: Limit one foe frozen
|
|t:|1730758563
|start
|switch|p1a: ASTROTHUNDER|Zapdos|100/100
|switch|p2a: Metagross|Metagross|100/100
|turn|1
|c|☆realtimeglover|glhf
|c|☆Gonzasaurio 50|glhf
|inactive|realtimeglover has 270 seconds left.
|
|t:|1730758603
|switch|p2a: Celebi|Celebi|100/100
|move|p1a: ASTROTHUNDER|Baton Pass|p1a: ASTROTHUNDER
|
|t:|1730758626
|switch|p1a: MELTDOWN|Charizard, M|100/100|[from] Baton Pass
|
|upkeep
|turn|2
|
|t:|1730758642
|switch|p2a: Tyranitar|Tyranitar, F|100/100
|-weather|Sandstorm|[from] ability: Sand Stream|[of] p2a: Tyranitar
|move|p1a: MELTDOWN|Substitute|p1a: MELTDOWN
|-start|p1a: MELTDOWN|Substitute
|-damage|p1a: MELTDOWN|76/100
|
|-weather|Sandstorm|[upkeep]
|-damage|p1a: MELTDOWN|70/100|[from] Sandstorm
|-heal|p1a: MELTDOWN|76/100|[from] item: Leftovers
|upkeep
|turn|3
|
|t:|1730758665
|-singleturn|p1a: MELTDOWN|move: Focus Punch
|move|p2a: Tyranitar|Rock Slide|p1a: MELTDOWN
|-supereffective|p1a: MELTDOWN
|-end|p1a: MELTDOWN|Substitute
|move|p1a: MELTDOWN|Focus Punch|p2a: Tyranitar
|-supereffective|p2a: Tyranitar
|-damage|p2a: Tyranitar|0 fnt
|faint|p2a: Tyranitar
|
|t:|1730758672
|switch|p2a: Aerodactyl|Aerodactyl, F|100/100
|
|-weather|Sandstorm|[upkeep]
|-damage|p1a: MELTDOWN|70/100|[from] Sandstorm
|-heal|p1a: MELTDOWN|76/100|[from] item: Leftovers
|upkeep
|turn|4
|
|t:|1730758680
|switch|p1a: DYSTI|Swampert, F|100/100
|move|p2a: Aerodactyl|Double-Edge|p1a: DYSTI
|-damage|p1a: DYSTI|47/100
|
|-weather|Sandstorm|[upkeep]
|-heal|p1a: DYSTI|53/100|[from] item: Leftovers
|upkeep
|turn|5
|
|t:|1730758698
|switch|p1a: FE!N|Metagross|100/100
|move|p2a: Aerodactyl|Double-Edge|p1a: FE!N
|-resisted|p1a: FE!N
|-damage|p1a: FE!N|79/100
|
|-weather|Sandstorm|[upkeep]
|upkeep
|turn|6
|
|t:|1730758711
|switch|p2a: Swampert|Swampert, F|100/100
|move|p1a: FE!N|Meteor Mash|p2a: Swampert
|-resisted|p2a: Swampert
|-damage|p2a: Swampert|60/100
|
|-weather|Sandstorm|[upkeep]
|-heal|p2a: Swampert|66/100|[from] item: Leftovers
|upkeep
|turn|7
|
|t:|1730758721
|switch|p1a: TELEKINESIS|Celebi|100/100
|move|p2a: Swampert|Surf|p1a: TELEKINESIS
|-resisted|p1a: TELEKINESIS
|-damage|p1a: TELEKINESIS|89/100
|
|-weather|Sandstorm|[upkeep]
|-damage|p1a: TELEKINESIS|83/100|[from] Sandstorm
|-heal|p1a: TELEKINESIS|89/100|[from] item: Leftovers
|-heal|p2a: Swampert|73/100|[from] item: Leftovers
|upkeep
|turn|8
|
|t:|1730758741
|move|p1a: TELEKINESIS|Baton Pass|p1a: TELEKINESIS
|
|t:|1730758748
|switch|p1a: Nightcrawler|Gengar, M|100/100|[from] Baton Pass
|move|p2a: Swampert|Ice Beam|p1a: Nightcrawler
|-damage|p1a: Nightcrawler|69/100
|
|-weather|Sandstorm|[upkeep]
|-damage|p1a: Nightcrawler|63/100|[from] Sandstorm
|-heal|p1a: Nightcrawler|69/100|[from] item: Leftovers
|-heal|p2a: Swampert|79/100|[from] item: Leftovers
|upkeep
|turn|9
|
|t:|1730758756
|move|p2a: Swampert|Protect|p2a: Swampert
|-singleturn|p2a: Swampert|Protect
|move|p1a: Nightcrawler|Giga Drain|p2a: Swampert
|-activate|p2a: Swampert|Protect
|
|-weather|Sandstorm|[upkeep]
|-damage|p1a: Nightcrawler|63/100|[from] Sandstorm
|-heal|p1a: Nightcrawler|69/100|[from] item: Leftovers
|-heal|p2a: Swampert|85/100|[from] item: Leftovers
|upkeep
|turn|10
|
|t:|1730758769
|switch|p2a: Metagross|Metagross|100/100
|move|p1a: Nightcrawler|Thunderbolt|p2a: Metagross
|-damage|p2a: Metagross|69/100
|
|-weather|Sandstorm|[upkeep]
|-damage|p1a: Nightcrawler|63/100|[from] Sandstorm
|-heal|p1a: Nightcrawler|69/100|[from] item: Leftovers
|-heal|p2a: Metagross|75/100|[from] item: Leftovers
|upkeep
|turn|11
|
|t:|1730758785
|switch|p1a: ASTROTHUNDER|Zapdos|100/100
|move|p2a: Metagross|Psychic|p1a: ASTROTHUNDER
|-crit|p1a: ASTROTHUNDER
|-damage|p1a: ASTROTHUNDER|10/100
|
|-weather|Sandstorm|[upkeep]
|-damage|p1a: ASTROTHUNDER|3/100|[from] Sandstorm
|-heal|p1a: ASTROTHUNDER|10/100|[from] item: Leftovers
|-heal|p2a: Metagross|82/100|[from] item: Leftovers
|upkeep
|turn|12
|
|t:|1730758802
|switch|p2a: Swampert|Swampert, F|85/100
|move|p1a: ASTROTHUNDER|Thunderbolt|p2a: Swampert
|-immune|p2a: Swampert
|
|-weather|Sandstorm|[upkeep]
|-damage|p1a: ASTROTHUNDER|3/100|[from] Sandstorm
|-heal|p1a: ASTROTHUNDER|10/100|[from] item: Leftovers
|-heal|p2a: Swampert|91/100|[from] item: Leftovers
|upkeep
|turn|13
|
|t:|1730758812
|move|p2a: Swampert|Protect|p2a: Swampert
|-singleturn|p2a: Swampert|Protect
|move|p1a: ASTROTHUNDER|Hidden Power|p2a: Swampert
|-activate|p2a: Swampert|Protect
|
|-weather|Sandstorm|[upkeep]
|-damage|p1a: ASTROTHUNDER|3/100|[from] Sandstorm
|-heal|p1a: ASTROTHUNDER|10/100|[from] item: Leftovers
|-heal|p2a: Swampert|97/100|[from] item: Leftovers
|upkeep
|turn|14
|
|t:|1730758836
|move|p1a: ASTROTHUNDER|Baton Pass|p1a: ASTROTHUNDER
|
|t:|1730758837
|switch|p1a: TELEKINESIS|Celebi|89/100|[from] Baton Pass
|move|p2a: Swampert|Surf|p1a: TELEKINESIS
|-resisted|p1a: TELEKINESIS
|-damage|p1a: TELEKINESIS|76/100
|
|-weather|Sandstorm|[upkeep]
|-damage|p1a: TELEKINESIS|70/100|[from] Sandstorm
|-heal|p1a: TELEKINESIS|76/100|[from] item: Leftovers
|-heal|p2a: Swampert|100/100|[from] item: Leftovers
|upkeep
|turn|15
|
|t:|1730758857
|switch|p2a: Celebi|Celebi|100/100
|move|p1a: TELEKINESIS|Calm Mind|p1a: TELEKINESIS
|-boost|p1a: TELEKINESIS|spa|1
|-boost|p1a: TELEKINESIS|spd|1
|
|-weather|Sandstorm|[upkeep]
|-damage|p1a: TELEKINESIS|70/100|[from] Sandstorm
|-damage|p2a: Celebi|94/100|[from] Sandstorm
|-heal|p1a: TELEKINESIS|76/100|[from] item: Leftovers
|-heal|p2a: Celebi|100/100|[from] item: Leftovers
|upkeep
|turn|16
|
|t:|1730758870
|move|p1a: TELEKINESIS|Hidden Power|p2a: Celebi
|-supereffective|p2a: Celebi
|-damage|p2a: Celebi|58/100
|move|p2a: Celebi|Baton Pass|p2a: Celebi
|
|t:|1730758879
|switch|p2a: Dugtrio|Dugtrio, M|100/100|[from] Baton Pass
|
|-weather|Sandstorm|[upkeep]
|-damage|p1a: TELEKINESIS|70/100|[from] Sandstorm
|-heal|p1a: TELEKINESIS|76/100|[from] item: Leftovers
|upkeep
|turn|17
|
|t:|1730758884
|move|p2a: Dugtrio|Hidden Power|p1a: TELEKINESIS
|-supereffective|p1a: TELEKINESIS
|-damage|p1a: TELEKINESIS|0 fnt
|faint|p1a: TELEKINESIS
|
|t:|1730758892
|switch|p1a: MELTDOWN|Charizard, M|76/100
|
|-weather|Sandstorm|[upkeep]
|-damage|p1a: MELTDOWN|70/100|[from] Sandstorm
|-heal|p1a: MELTDOWN|76/100|[from] item: Leftovers
|upkeep
|turn|18
|inactive|realtimeglover has 270 seconds left.
|
|t:|1730758947
|switch|p2a: Aerodactyl|Aerodactyl, F|100/100
|move|p1a: MELTDOWN|Substitute|p1a: MELTDOWN
|-start|p1a: MELTDOWN|Substitute
|-damage|p1a: MELTDOWN|51/100
|
|-weather|Sandstorm|[upkeep]
|-damage|p1a: MELTDOWN|45/100|[from] Sandstorm
|-heal|p1a: MELTDOWN|51/100|[from] item: Leftovers
|upkeep
|turn|19
|inactive|realtimeglover has 240 seconds left.
|
|t:|1730758968
|-singleturn|p1a: MELTDOWN|move: Focus Punch
|move|p2a: Aerodactyl|Hidden Power|p1a: MELTDOWN
|-end|p1a: MELTDOWN|Substitute
|move|p1a: MELTDOWN|Focus Punch|p2a: Aerodactyl
|-damage|p2a: Aerodactyl|52/100
|
|-weather|Sandstorm|[upkeep]
|-damage|p1a: MELTDOWN|45/100|[from] Sandstorm
|-heal|p1a: MELTDOWN|51/100|[from] item: Leftovers
|upkeep
|turn|20
|
|t:|1730758976
|switch|p1a: FE!N|Metagross|79/100
|move|p2a: Aerodactyl|Hidden Power|p1a: FE!N
|-resisted|p1a: FE!N
|-damage|p1a: FE!N|60/100
|
|-weather|Sandstorm|[upkeep]
|upkeep
|turn|21
|inactive|realtimeglover has 240 seconds left.
|inactive|realtimeglover has 210 seconds left.
|inactive|realtimeglover has 180 seconds left.
|inactive|Gonzasaurio 50 has 270 seconds left.
|
|t:|1730759071
|switch|p2a: Celebi|Celebi|58/100
|move|p1a: FE!N|Explosion|p2a: Celebi
|-damage|p2a: Celebi|0 fnt
|faint|p1a: FE!N
|faint|p2a: Celebi
|inactive|realtimeglover has 180 seconds left.
|
|t:|1730759090
|switch|p2a: Aerodactyl|Aerodactyl, F|52/100
|switch|p1a: MELTDOWN|Charizard, M|51/100
|
|-weather|Sandstorm|[upkeep]
|-damage|p1a: MELTDOWN|45/100|[from] Sandstorm
|-heal|p1a: MELTDOWN|51/100|[from] item: Leftovers
|upkeep
|turn|22
|inactive|realtimeglover has 180 seconds left.
|
|t:|1730759110
|switch|p2a: Dugtrio|Dugtrio, M|100/100
|switch|p1a: ASTROTHUNDER|Zapdos|10/100
|
|-weather|Sandstorm|[upkeep]
|-damage|p1a: ASTROTHUNDER|3/100|[from] Sandstorm
|-heal|p1a: ASTROTHUNDER|10/100|[from] item: Leftovers
|upkeep
|turn|23
|inactive|realtimeglover has 150 seconds left.
|
|t:|1730759152
|switch|p1a: DYSTI|Swampert, F|53/100
|move|p2a: Dugtrio|Hidden Power|p1a: DYSTI
|-damage|p1a: DYSTI|29/100
|
|-weather|Sandstorm|[upkeep]
|-heal|p1a: DYSTI|35/100|[from] item: Leftovers
|upkeep
|turn|24
|inactive|Gonzasaurio 50 has 270 seconds left.
|inactive|realtimeglover has 120 seconds left.
|
|t:|1730759200
|switch|p2a: Swampert|Swampert, F|100/100
|move|p1a: DYSTI|Hydro Pump|p2a: Swampert
|-damage|p2a: Swampert|66/100
|
|-weather|Sandstorm|[upkeep]
|-heal|p1a: DYSTI|42/100|[from] item: Leftovers
|-heal|p2a: Swampert|73/100|[from] item: Leftovers
|upkeep
|turn|25
|
|t:|1730759209
|switch|p1a: Nightcrawler|Gengar, M|69/100
|move|p2a: Swampert|Surf|p1a: Nightcrawler
|-damage|p1a: Nightcrawler|19/100
|
|-weather|Sandstorm|[upkeep]
|-damage|p1a: Nightcrawler|13/100|[from] Sandstorm
|-heal|p1a: Nightcrawler|19/100|[from] item: Leftovers
|-heal|p2a: Swampert|79/100|[from] item: Leftovers
|upkeep
|turn|26
|
|t:|1730759223
|move|p2a: Swampert|Protect|p2a: Swampert
|-singleturn|p2a: Swampert|Protect
|move|p1a: Nightcrawler|Giga Drain|p2a: Swampert
|-activate|p2a: Swampert|Protect
|
|-weather|Sandstorm|[upkeep]
|-damage|p1a: Nightcrawler|13/100|[from] Sandstorm
|-heal|p1a: Nightcrawler|19/100|[from] item: Leftovers
|-heal|p2a: Swampert|85/100|[from] item: Leftovers
|upkeep
|turn|27
|inactive|Gonzasaurio 50 has 270 seconds left.
|inactive|realtimeglover has 90 seconds left.
|inactive|Gonzasaurio 50 has 240 seconds left.
|
|t:|1730759281
|move|p1a: Nightcrawler|Ice Punch|p2a: Swampert
|-damage|p2a: Swampert|69/100
|move|p2a: Swampert|Surf|p1a: Nightcrawler
|-damage|p1a: Nightcrawler|0 fnt
|faint|p1a: Nightcrawler
|
|t:|1730759287
|switch|p1a: ASTROTHUNDER|Zapdos|10/100
|
|-weather|Sandstorm|[upkeep]
|-damage|p1a: ASTROTHUNDER|3/100|[from] Sandstorm
|-heal|p1a: ASTROTHUNDER|10/100|[from] item: Leftovers
|-heal|p2a: Swampert|75/100|[from] item: Leftovers
|upkeep
|turn|28
|inactive|Gonzasaurio 50 has 240 seconds left.
|
|t:|1730759298
|move|p2a: Swampert|Protect|p2a: Swampert
|-singleturn|p2a: Swampert|Protect
|move|p1a: ASTROTHUNDER|Hidden Power|p2a: Swampert
|-activate|p2a: Swampert|Protect
|
|-weather|Sandstorm|[upkeep]
|-damage|p1a: ASTROTHUNDER|3/100|[from] Sandstorm
|-heal|p1a: ASTROTHUNDER|10/100|[from] item: Leftovers
|-heal|p2a: Swampert|81/100|[from] item: Leftovers
|upkeep
|turn|29
|inactive|realtimeglover has 90 seconds left.
|inactive|Gonzasaurio 50 has 240 seconds left.
|
|t:|1730759330
|move|p1a: ASTROTHUNDER|Thunderbolt|p2a: Swampert
|-immune|p2a: Swampert
|move|p2a: Swampert|Surf|p1a: ASTROTHUNDER
|-damage|p1a: ASTROTHUNDER|0 fnt
|faint|p1a: ASTROTHUNDER
|
|t:|1730759331
|switch|p1a: MELTDOWN|Charizard, M|51/100
|
|-weather|Sandstorm|[upkeep]
|-damage|p1a: MELTDOWN|45/100|[from] Sandstorm
|-heal|p1a: MELTDOWN|51/100|[from] item: Leftovers
|-heal|p2a: Swampert|87/100|[from] item: Leftovers
|upkeep
|turn|30
|
|t:|1730759335
|move|p1a: MELTDOWN|Substitute|p1a: MELTDOWN
|-start|p1a: MELTDOWN|Substitute
|-damage|p1a: MELTDOWN|26/100
|move|p2a: Swampert|Surf|p1a: MELTDOWN
|-supereffective|p1a: MELTDOWN
|-end|p1a: MELTDOWN|Substitute
|
|-weather|Sandstorm|[upkeep]
|-damage|p1a: MELTDOWN|20/100|[from] Sandstorm
|-heal|p1a: MELTDOWN|26/100|[from] item: Leftovers
|-heal|p2a: Swampert|94/100|[from] item: Leftovers
|upkeep
|turn|31
|
|t:|1730759339
|move|p1a: MELTDOWN|Substitute|p1a: MELTDOWN
|-start|p1a: MELTDOWN|Substitute
|-damage|p1a: MELTDOWN|1/100
|move|p2a: Swampert|Surf|p1a: MELTDOWN
|-supereffective|p1a: MELTDOWN
|-end|p1a: MELTDOWN|Substitute
|
|-weather|Sandstorm|[upkeep]
|-damage|p1a: MELTDOWN|0 fnt|[from] Sandstorm
|faint|p1a: MELTDOWN
|-heal|p2a: Swampert|99/100|[from] item: Leftovers
|upkeep
|
|t:|1730759341
|switch|p1a: DYSTI|Swampert, F|42/100
|turn|32
|
|t:|1730759344
|move|p1a: DYSTI|Hydro Pump|p2a: Swampert
|-damage|p2a: Swampert|69/100
|move|p2a: Swampert|Surf|p1a: DYSTI
|-damage|p1a: DYSTI|15/100
|
|-weather|Sandstorm|[upkeep]
|-heal|p1a: DYSTI|22/100|[from] item: Leftovers
|-heal|p2a: Swampert|75/100|[from] item: Leftovers
|upkeep
|turn|33
|
|t:|1730759347
|move|p1a: DYSTI|Hydro Pump|p2a: Swampert
|-damage|p2a: Swampert|29/100
|move|p2a: Swampert|Surf|p1a: DYSTI
|-damage|p1a: DYSTI|0 fnt
|faint|p1a: DYSTI
|
|win|realtimeglover
|c|☆realtimeglover|GG

</script>
<script type="application/json" class="data" id="replaydata-smogtours-gen3ou-804827">
{"id":"smogtours-gen3ou-804827","format":"[Gen 3] OU","players":["Gonzasaurio 50","realtimeglover"],"uploadtime":1730759347,"views":102,"formatid":"gen3ou","rating":null,"private":0,"password":null}
</script>

<script defer src="js/replays.js?9d40a366"></script>
