<!DOCTYPE html>
<meta charset="utf-8" />
<meta name="viewport" content="width=device-width" />

<title>[Gen 3] OU: CazabichosPablo vs. Fear - Replays - Pok&eacute;mon Showdown!</title>

<meta name="description" content="Watch a replay of a Pok&eacute;mon battle between CazabichosPablo and Fear! Format: [Gen 3] OU; Date: Oct 29, 2024" />
<!--

Hey, you! Looking in the source for the replay log?

You can find them in JSON format, just add `.json` at the end of a replay URL.

https://replay.pokemonshowdown.com/gen7randomdoublesbattle-865046831.json

Or, if you only need the log itself, add `.log` instead:

https://replay.pokemonshowdown.com/gen7randomdoublesbattle-865046831.log

-->

<link rel="stylesheet" href="//pokemonshowdown.com/style/global.css?0.023195364461161105" />
<link rel="stylesheet" href="//play.pokemonshowdown.com/style/font-awesome.css?0.13261647063804238" />
<link rel="stylesheet" href="//play.pokemonshowdown.com/style/battle.css?0.8753245789963631" />
<link rel="stylesheet" href="//play.pokemonshowdown.com/style/utilichart.css?0.8627959624976733" />

<!-- Global site tag (gtag.js) - Google Analytics -->
<script async src="https://www.googletagmanager.com/gtag/js?id=UA-26211653-1"></script>
<script>
  window.dataLayer = window.dataLayer || [];
  function gtag(){dataLayer.push(arguments);}
  gtag('js', new Date());

  gtag('config', 'UA-26211653-1');
</script>
<!-- End Google Analytics -->
<!-- Venatus Ad Manager - Install in <HEAD> of page -->
	<script src="https://hb.vntsm.com/v3/live/ad-manager.min.js" type="text/javascript" data-site-id="642aba63ec9a7b11c3c9c1be" data-mode="scan" async></script>
<!-- / Venatus Ad Manager -->

<style>
	@media (max-width:820px) {
		.battle {
			margin: 0 auto;
		}
		.battle-log {
			margin: 7px auto 0;
			max-width: 640px;
			height: 300px;
			position: static;
		}
	}
	.optgroup {
		display: inline-block;
		line-height: 22px;
		font-size: 10pt;
	}
	.optgroup .button {
		height: 25px;
		padding-top: 0;
		padding-bottom: 0;
	}
	.optgroup button.button {
		padding-left: 12px;
		padding-right: 12px;
	}
	.linklist {
		list-style: none;
		margin: 0.5em 0;
		padding: 0;
	}
	.linklist li {
		padding: 2px 0;
	}
	.sidebar {
		float: left;
		width: 320px;
	}
	.bar-wrapper {
		max-width: 1100px;
		margin: 0 auto;
	}
	.bar-wrapper.has-sidebar {
		max-width: 1430px;
	}
	.mainbar {
		margin: 0;
		padding-right: 1px;
	}
	.mainbar.has-sidebar {
		margin-left: 330px;
	}
	@media (min-width: 1511px) {
		.sidebar {
			width: 400px;
		}
		.bar-wrapper.has-sidebar {
			max-width: 1510px;
		}
		.mainbar.has-sidebar {
			margin-left: 410px;
		}
	}
	.section.first-section {
		margin-top: 9px;
	}
	.blocklink small {
		white-space: normal;
	}
	.button {
		vertical-align: middle;
	}
	.replay-controls {
		padding-top: 10px;
	}
	.replay-controls h1 {
		font-size: 16pt;
		font-weight: normal;
		color: #CCC;
	}
	.pagelink {
		text-align: center;
	}
	.pagelink a {
		width: 150px;
	}
	.textbox, .button {
		font-size: 11pt;
		vertical-align: middle;
	}
	@media (max-width: 450px) {
		.button {
			font-size: 9pt;
		}
	}
</style>

<div>

	<header>
		<div class="nav-wrapper"><ul class="nav">
			<li><a class="button nav-first" href="//pokemonshowdown.com/"><img src="//pokemonshowdown.com/images/pokemonshowdownbeta.png" srcset="//pokemonshowdown.com/images/pokemonshowdownbeta.png 1x, //pokemonshowdown.com/images/pokemonshowdownbeta@2x.png 2x" alt="Pok&eacute;mon Showdown" width="146" height="44" /> Home</a></li>
			<li><a class="button" href="//pokemonshowdown.com/dex/">Pok&eacute;dex</a></li>
			<li><a class="button cur" href="/">Replays</a></li>
			<li><a class="button" href="//pokemonshowdown.com/ladder/">Ladder</a></li>
			<li><a class="button nav-last" href="//pokemonshowdown.com/forums/">Forum</a></li>
			<li><a class="button greenbutton nav-first nav-last" href="//play.pokemonshowdown.com/">Play</a></li>
		</ul></div>
	</header>

	<div class="main" id="main">

		<noscript><section class="section">You need to enable JavaScript to use this page; sorry!</section></noscript>

	</div>

</div>

<script defer nomodule src="//play.pokemonshowdown.com/js/lib/ps-polyfill.js"></script>
<script defer src="//play.pokemonshowdown.com/js/lib/preact.min.js"></script>

<script defer src="//play.pokemonshowdown.com/config/config.js?2bddbc15"></script>
<script defer src="//play.pokemonshowdown.com/js/lib/jquery-1.11.0.min.js"></script>
<script defer src="//play.pokemonshowdown.com/js/lib/html-sanitizer-minified.js"></script>
<script defer src="//play.pokemonshowdown.com/js/battle-sound.js"></script>
<script defer src="//play.pokemonshowdown.com/js/battledata.js?0.7209276989879541"></script>
<script defer src="//play.pokemonshowdown.com/data/pokedex-mini.js?0.6111056340867951"></script>
<script defer src="//play.pokemonshowdown.com/data/pokedex-mini-bw.js?0.3532142036491459"></script>
<script defer src="//play.pokemonshowdown.com/data/graphics.js?0.24223875632456182"></script>
<script defer src="//play.pokemonshowdown.com/data/pokedex.js?0.38839984266356864"></script>
<script defer src="//play.pokemonshowdown.com/data/moves.js?0.21866028504024015"></script>
<script defer src="//play.pokemonshowdown.com/data/abilities.js?0.2005157953846628"></script>
<script defer src="//play.pokemonshowdown.com/data/items.js?0.9894211263848525"></script>
<script defer src="//play.pokemonshowdown.com/data/teambuilder-tables.js?0.6008791140282215"></script>
<script defer src="//play.pokemonshowdown.com/js/battle-tooltips.js?0.7580118955022959"></script>
<script defer src="//play.pokemonshowdown.com/js/battle.js?0.6057722274234274"></script>

<script defer src="js/utils.js?e31f9a17"></script>
<script defer src="js/replays-battle.js?7008c182"></script>

<!-- don't scrape this data! just add .json or .log after the URL!
Full API docs: https://github.com/smogon/pokemon-showdown-client/blob/master/WEB-API.md -->
<script type="text/plain" class="log" id="replaylog-smogtours-gen3ou-803313">
|inactive|Battle timer is ON: inactive players will automatically lose when time's up.
|t:|1730233384
|gametype|singles
|player|p1|CazabichosPablo|265|
|player|p2|Fear|#gscpl3ironmanmachamps|
|teamsize|p1|6
|teamsize|p2|6
|gen|3
|tier|[Gen 3] OU
|rule|Sleep Clause Mod: Limit one foe put to sleep
|rule|Switch Priority Clause Mod: Faster Pokémon switch first
|rule|Species Clause: Limit one of each Pokémon
|rule|OHKO Clause: OHKO moves are banned
|rule|Evasion Items Clause: Evasion items are banned
|rule|Evasion Moves Clause: Evasion moves are banned
|rule|Endless Battle Clause: Forcing endless battles is banned
|rule|HP Percentage Mod: HP is shown in percentages
|rule|One Boost Passer Clause: Limit one Baton Passer that has a way to boost its stats
|rule|Freeze Clause Mod: Limit one foe frozen
|
|t:|1730233384
|start
|switch|p1a: Tyranitar|Tyranitar, M|100/100
|switch|p2a: Ubik|Dugtrio, M|100/100
|-weather|Sandstorm|[from] ability: Sand Stream|[of] p1a: Tyranitar
|turn|1
|
|t:|1730233391
|move|p2a: Ubik|Earthquake|p1a: Tyranitar
|-supereffective|p1a: Tyranitar
|-damage|p1a: Tyranitar|0 fnt
|faint|p1a: Tyranitar
|
|t:|1730233393
|switch|p1a: Skarmory|Skarmory, M|100/100
|
|-weather|Sandstorm|[upkeep]
|upkeep
|turn|2
|
|t:|1730233418
|switch|p2a: Rickert|Forretress, M|100/100
|move|p1a: Skarmory|Spikes|p2a: Rickert
|-sidestart|p2: Fear|Spikes
|
|-weather|Sandstorm|[upkeep]
|upkeep
|turn|3
|
|t:|1730233426
|move|p1a: Skarmory|Spikes|p2a: Rickert
|-sidestart|p2: Fear|Spikes
|move|p2a: Rickert|Spikes|p1a: Skarmory
|-sidestart|p1: CazabichosPablo|Spikes
|
|-weather|Sandstorm|[upkeep]
|upkeep
|turn|4
|
|t:|1730233432
|switch|p1a: Manin|Gengar, F|100/100
|move|p2a: Rickert|Rapid Spin|p1a: Manin
|-immune|p1a: Manin
|
|-weather|Sandstorm|[upkeep]
|-damage|p1a: Manin|94/100|[from] Sandstorm
|-heal|p1a: Manin|100/100|[from] item: Leftovers
|upkeep
|turn|5
|
|t:|1730233436
|switch|p1a: Flygon|Flygon, F|100/100
|switch|p2a: Slan|Blissey, F|100/100
|-damage|p2a: Slan|84/100|[from] Spikes
|
|-weather|Sandstorm|[upkeep]
|-damage|p2a: Slan|78/100|[from] Sandstorm
|-heal|p2a: Slan|84/100|[from] item: Leftovers
|upkeep
|turn|6
|
|t:|1730233446
|switch|p1a: Skarmory|Skarmory, M|100/100
|switch|p2a: Borkoff|Claydol|100/100
|
|-weather|Sandstorm|[upkeep]
|upkeep
|turn|7
|
|t:|1730233450
|switch|p2a: Rickert|Forretress, M|100/100
|-damage|p2a: Rickert|84/100|[from] Spikes
|move|p1a: Skarmory|Toxic|p2a: Rickert
|-immune|p2a: Rickert
|
|-weather|Sandstorm|[upkeep]
|-heal|p2a: Rickert|90/100|[from] item: Leftovers
|upkeep
|turn|8
|
|t:|1730233455
|move|p1a: Skarmory|Spikes|p2a: Rickert
|-sidestart|p2: Fear|Spikes
|move|p2a: Rickert|Rapid Spin|p1a: Skarmory
|-resisted|p1a: Skarmory
|-damage|p1a: Skarmory|99/100
|-sideend|p2: Fear|Spikes|[from] move: Rapid Spin|[of] p2a: Rickert
|
|-weather|Sandstorm|[upkeep]
|-heal|p1a: Skarmory|100/100|[from] item: Leftovers
|-heal|p2a: Rickert|96/100|[from] item: Leftovers
|upkeep
|turn|9
|
|t:|1730233459
|move|p1a: Skarmory|Spikes|p2a: Rickert
|-sidestart|p2: Fear|Spikes
|move|p2a: Rickert|Rapid Spin|p1a: Skarmory
|-resisted|p1a: Skarmory
|-damage|p1a: Skarmory|99/100
|-sideend|p2: Fear|Spikes|[from] move: Rapid Spin|[of] p2a: Rickert
|
|-weather|Sandstorm|[upkeep]
|-heal|p1a: Skarmory|100/100|[from] item: Leftovers
|-heal|p2a: Rickert|100/100|[from] item: Leftovers
|upkeep
|turn|10
|
|t:|1730233461
|move|p1a: Skarmory|Spikes|p2a: Rickert
|-sidestart|p2: Fear|Spikes
|move|p2a: Rickert|Spikes|p1a: Skarmory
|-sidestart|p1: CazabichosPablo|Spikes
|
|-weather|Sandstorm|[upkeep]
|upkeep
|turn|11
|
|t:|1730233463
|switch|p1a: Manin|Gengar, F|100/100
|move|p2a: Rickert|Rapid Spin|p1a: Manin
|-immune|p1a: Manin
|
|-weather|Sandstorm|[upkeep]
|-damage|p1a: Manin|94/100|[from] Sandstorm
|-heal|p1a: Manin|100/100|[from] item: Leftovers
|upkeep
|turn|12
|
|t:|1730233468
|switch|p1a: Aerodactyl|Aerodactyl, M|100/100
|switch|p2a: Slan|Blissey, F|84/100
|-damage|p2a: Slan|71/100|[from] Spikes
|
|-weather|Sandstorm|[upkeep]
|-damage|p2a: Slan|65/100|[from] Sandstorm
|-heal|p2a: Slan|71/100|[from] item: Leftovers
|upkeep
|turn|13
|
|t:|1730233476
|move|p1a: Aerodactyl|Double-Edge|p2a: Slan
|-damage|p2a: Slan|26/100
|move|p2a: Slan|Thunder Wave|p1a: Aerodactyl
|-status|p1a: Aerodactyl|par
|
|-weather|Sandstorm|[upkeep]
|-damage|p2a: Slan|20/100|[from] Sandstorm
|-heal|p2a: Slan|26/100|[from] item: Leftovers
|upkeep
|turn|14
|
|t:|1730233479
|move|p2a: Slan|Soft-Boiled|p2a: Slan
|-heal|p2a: Slan|76/100
|cant|p1a: Aerodactyl|par
|
|-weather|Sandstorm|[upkeep]
|-damage|p2a: Slan|70/100|[from] Sandstorm
|-heal|p2a: Slan|76/100|[from] item: Leftovers
|upkeep
|turn|15
|
|t:|1730233486
|switch|p2a: Rickert|Forretress, M|100/100
|-damage|p2a: Rickert|88/100|[from] Spikes
|cant|p1a: Aerodactyl|par
|
|-weather|Sandstorm|[upkeep]
|-heal|p2a: Rickert|94/100|[from] item: Leftovers
|upkeep
|turn|16
|
|t:|1730233492
|switch|p1a: Manin|Gengar, F|100/100
|move|p2a: Rickert|Spikes|p1a: Manin
|-sidestart|p1: CazabichosPablo|Spikes
|
|-weather|Sandstorm|[upkeep]
|-damage|p1a: Manin|94/100|[from] Sandstorm
|-heal|p1a: Manin|100/100|[from] item: Leftovers
|-heal|p2a: Rickert|100/100|[from] item: Leftovers
|upkeep
|turn|17
|
|t:|1730233495
|switch|p2a: Slan|Blissey, F|76/100
|-damage|p2a: Slan|64/100|[from] Spikes
|move|p1a: Manin|Fire Punch|p2a: Slan
|-damage|p2a: Slan|55/100
|
|-weather|Sandstorm|[upkeep]
|-damage|p1a: Manin|94/100|[from] Sandstorm
|-damage|p2a: Slan|49/100|[from] Sandstorm
|-heal|p1a: Manin|100/100|[from] item: Leftovers
|-heal|p2a: Slan|55/100|[from] item: Leftovers
|upkeep
|turn|18
|
|t:|1730233498
|switch|p1a: Skarmory|Skarmory, M|100/100
|move|p2a: Slan|Soft-Boiled|p2a: Slan
|-heal|p2a: Slan|100/100
|
|-weather|Sandstorm|[upkeep]
|-damage|p2a: Slan|94/100|[from] Sandstorm
|-heal|p2a: Slan|100/100|[from] item: Leftovers
|upkeep
|turn|19
|
|t:|1730233503
|move|p1a: Skarmory|Spikes|p2a: Slan
|-sidestart|p2: Fear|Spikes
|move|p2a: Slan|Thunder Wave|p1a: Skarmory
|-status|p1a: Skarmory|par
|
|-weather|Sandstorm|[upkeep]
|-damage|p2a: Slan|94/100|[from] Sandstorm
|-heal|p2a: Slan|100/100|[from] item: Leftovers
|upkeep
|turn|20
|
|t:|1730233508
|switch|p1a: Aerodactyl|Aerodactyl, M|100/100 par
|move|p2a: Slan|Seismic Toss|p1a: Aerodactyl
|-damage|p1a: Aerodactyl|67/100 par
|
|-weather|Sandstorm|[upkeep]
|-damage|p2a: Slan|94/100|[from] Sandstorm
|-heal|p2a: Slan|100/100|[from] item: Leftovers
|upkeep
|turn|21
|
|t:|1730233521
|switch|p2a: Rickert|Forretress, M|100/100
|-damage|p2a: Rickert|84/100|[from] Spikes
|switch|p1a: Skarmory|Skarmory, M|100/100 par
|
|-weather|Sandstorm|[upkeep]
|-heal|p2a: Rickert|90/100|[from] item: Leftovers
|upkeep
|turn|22
|
|t:|1730233523
|switch|p1a: Manin|Gengar, F|100/100
|move|p2a: Rickert|Hidden Power|p1a: Manin
|-supereffective|p1a: Manin
|-damage|p1a: Manin|40/100
|
|-weather|Sandstorm|[upkeep]
|-damage|p1a: Manin|33/100|[from] Sandstorm
|-heal|p1a: Manin|40/100|[from] item: Leftovers
|-heal|p2a: Rickert|96/100|[from] item: Leftovers
|upkeep
|turn|23
|
|t:|1730233529
|switch|p2a: Slan|Blissey, F|100/100
|-damage|p2a: Slan|84/100|[from] Spikes
|move|p1a: Manin|Fire Punch|p2a: Slan
|-damage|p2a: Slan|75/100
|
|-weather|Sandstorm|[upkeep]
|-damage|p1a: Manin|33/100|[from] Sandstorm
|-damage|p2a: Slan|68/100|[from] Sandstorm
|-heal|p1a: Manin|40/100|[from] item: Leftovers
|-heal|p2a: Slan|75/100|[from] item: Leftovers
|upkeep
|turn|24
|
|t:|1730233532
|switch|p1a: Jirachi|Jirachi|100/100
|-damage|p1a: Jirachi|75/100|[from] Spikes
|move|p2a: Slan|Soft-Boiled|p2a: Slan
|-heal|p2a: Slan|100/100
|
|-weather|Sandstorm|[upkeep]
|-damage|p2a: Slan|94/100|[from] Sandstorm
|-heal|p1a: Jirachi|82/100|[from] item: Leftovers
|-heal|p2a: Slan|100/100|[from] item: Leftovers
|upkeep
|turn|25
|
|t:|1730233535
|move|p1a: Jirachi|Calm Mind|p1a: Jirachi
|-boost|p1a: Jirachi|spa|1
|-boost|p1a: Jirachi|spd|1
|move|p2a: Slan|Thunder Wave|p1a: Jirachi
|-status|p1a: Jirachi|par
|
|-weather|Sandstorm|[upkeep]
|-damage|p2a: Slan|94/100|[from] Sandstorm
|-heal|p2a: Slan|100/100|[from] item: Leftovers
|-heal|p1a: Jirachi|88/100 par|[from] item: Leftovers
|upkeep
|turn|26
|
|t:|1730233540
|switch|p2a: Borkoff|Claydol|100/100
|move|p1a: Jirachi|Ice Punch|p2a: Borkoff
|-supereffective|p2a: Borkoff
|-damage|p2a: Borkoff|61/100
|
|-weather|Sandstorm|[upkeep]
|-heal|p2a: Borkoff|67/100|[from] item: Leftovers
|-heal|p1a: Jirachi|94/100 par|[from] item: Leftovers
|upkeep
|turn|27
|
|t:|1730233547
|switch|p1a: Flygon|Flygon, F|100/100
|move|p2a: Borkoff|Rain Dance|p2a: Borkoff
|-weather|RainDance
|
|-weather|RainDance|[upkeep]
|-heal|p2a: Borkoff|74/100|[from] item: Leftovers
|upkeep
|turn|28
|
|t:|1730233554
|move|p1a: Flygon|Toxic|p2a: Borkoff
|-status|p2a: Borkoff|tox
|move|p2a: Borkoff|Explosion|p1a: Flygon
|-damage|p1a: Flygon|23/100
|faint|p2a: Borkoff
|
|t:|1730233561
|switch|p2a: Locus|Suicune|100/100
|-damage|p2a: Locus|84/100|[from] Spikes
|
|-weather|RainDance|[upkeep]
|-heal|p1a: Flygon|29/100|[from] item: Leftovers
|-heal|p2a: Locus|90/100|[from] item: Leftovers
|upkeep
|turn|29
|
|t:|1730233566
|move|p1a: Flygon|Toxic|p2a: Locus
|-status|p2a: Locus|tox
|move|p2a: Locus|Surf|p1a: Flygon
|-damage|p1a: Flygon|0 fnt
|faint|p1a: Flygon
|
|t:|1730233568
|switch|p1a: Jirachi|Jirachi|94/100 par
|-damage|p1a: Jirachi|69/100 par|[from] Spikes
|
|-weather|RainDance|[upkeep]
|-heal|p2a: Locus|96/100 tox|[from] item: Leftovers
|-damage|p2a: Locus|90/100 tox|[from] psn
|-heal|p1a: Jirachi|75/100 par|[from] item: Leftovers
|upkeep
|turn|30
|
|t:|1730233583
|switch|p2a: Ubik|Dugtrio, M|100/100
|-damage|p2a: Ubik|84/100|[from] Spikes
|move|p1a: Jirachi|Ice Punch|p2a: Ubik
|-supereffective|p2a: Ubik
|-damage|p2a: Ubik|8/100
|
|-weather|RainDance|[upkeep]
|-heal|p1a: Jirachi|81/100 par|[from] item: Leftovers
|upkeep
|turn|31
|
|t:|1730233590
|move|p2a: Ubik|Earthquake|p1a: Jirachi
|-supereffective|p1a: Jirachi
|-damage|p1a: Jirachi|0 fnt
|faint|p1a: Jirachi
|
|t:|1730233591
|switch|p1a: Manin|Gengar, F|40/100
|
|-weather|none
|-heal|p1a: Manin|46/100|[from] item: Leftovers
|upkeep
|turn|32
|
|t:|1730233599
|switch|p2a: Slan|Blissey, F|100/100
|-damage|p2a: Slan|84/100|[from] Spikes
|move|p1a: Manin|Ice Punch|p2a: Slan
|-damage|p2a: Slan|73/100
|
|-heal|p1a: Manin|52/100|[from] item: Leftovers
|-heal|p2a: Slan|80/100|[from] item: Leftovers
|upkeep
|turn|33
|
|t:|1730233602
|switch|p1a: Skarmory|Skarmory, M|100/100 par
|move|p2a: Slan|Thunder Wave|p1a: Skarmory
|-fail|p1a: Skarmory|par
|
|-heal|p2a: Slan|86/100|[from] item: Leftovers
|upkeep
|turn|34
|
|t:|1730233605
|move|p2a: Slan|Seismic Toss|p1a: Skarmory
|-damage|p1a: Skarmory|71/100 par
|move|p1a: Skarmory|Spikes|p2a: Slan
|-sidestart|p2: Fear|Spikes
|
|-heal|p2a: Slan|92/100|[from] item: Leftovers
|-heal|p1a: Skarmory|77/100 par|[from] item: Leftovers
|upkeep
|turn|35
|
|t:|1730233607
|move|p2a: Slan|Seismic Toss|p1a: Skarmory
|-damage|p1a: Skarmory|47/100 par
|move|p1a: Skarmory|Toxic|p2a: Slan
|-status|p2a: Slan|tox
|
|-heal|p2a: Slan|98/100 tox|[from] item: Leftovers
|-damage|p2a: Slan|92/100 tox|[from] psn
|-heal|p1a: Skarmory|53/100 par|[from] item: Leftovers
|upkeep
|turn|36
|
|t:|1730233610
|move|p1a: Skarmory|Protect|p1a: Skarmory
|-singleturn|p1a: Skarmory|Protect
|move|p2a: Slan|Heal Bell|p2a: Slan
|-activate|p2a: Slan|move: Heal Bell
|-curestatus|p2a: Slan|tox|[silent]
|-curestatus|p2: Locus|tox|[silent]
|
|-heal|p2a: Slan|98/100|[from] item: Leftovers
|-heal|p1a: Skarmory|59/100 par|[from] item: Leftovers
|upkeep
|turn|37
|
|t:|1730233612
|move|p2a: Slan|Seismic Toss|p1a: Skarmory
|-damage|p1a: Skarmory|29/100 par
|move|p1a: Skarmory|Toxic|p2a: Slan
|-status|p2a: Slan|tox
|
|-heal|p2a: Slan|100/100 tox|[from] item: Leftovers
|-damage|p2a: Slan|94/100 tox|[from] psn
|-heal|p1a: Skarmory|35/100 par|[from] item: Leftovers
|upkeep
|turn|38
|
|t:|1730233615
|move|p1a: Skarmory|Protect|p1a: Skarmory
|-singleturn|p1a: Skarmory|Protect
|move|p2a: Slan|Heal Bell|p2a: Slan
|-activate|p2a: Slan|move: Heal Bell
|-curestatus|p2a: Slan|tox|[silent]
|
|-heal|p2a: Slan|100/100|[from] item: Leftovers
|-heal|p1a: Skarmory|41/100 par|[from] item: Leftovers
|upkeep
|turn|39
|
|t:|1730233618
|switch|p1a: Manin|Gengar, F|52/100
|move|p2a: Slan|Seismic Toss|p1a: Manin
|-immune|p1a: Manin
|
|-heal|p1a: Manin|58/100|[from] item: Leftovers
|upkeep
|turn|40
|
|t:|1730233621
|switch|p1a: Aerodactyl|Aerodactyl, M|67/100 par
|move|p2a: Slan|Seismic Toss|p1a: Aerodactyl
|-damage|p1a: Aerodactyl|34/100 par
|
|upkeep
|turn|41
|
|t:|1730233624
|switch|p1a: Manin|Gengar, F|58/100
|move|p2a: Slan|Seismic Toss|p1a: Manin
|-immune|p1a: Manin
|
|-heal|p1a: Manin|64/100|[from] item: Leftovers
|upkeep
|turn|42
|
|t:|1730233641
|move|p1a: Manin|Ice Punch|p2a: Slan
|-damage|p2a: Slan|90/100
|move|p2a: Slan|Thunder Wave|p1a: Manin
|-status|p1a: Manin|par
|
|-heal|p2a: Slan|97/100|[from] item: Leftovers
|-heal|p1a: Manin|70/100 par|[from] item: Leftovers
|upkeep
|turn|43
|
|t:|1730233657
|switch|p2a: Ganishka|Snorlax, F|100/100
|-damage|p2a: Ganishka|76/100|[from] Spikes
|cant|p1a: Manin|par
|
|-heal|p2a: Ganishka|82/100|[from] item: Leftovers
|-heal|p1a: Manin|76/100 par|[from] item: Leftovers
|upkeep
|turn|44
|
|t:|1730233662
|switch|p1a: Skarmory|Skarmory, M|41/100 par
|move|p2a: Ganishka|Curse|p2a: Ganishka
|-unboost|p2a: Ganishka|spe|1
|-boost|p2a: Ganishka|atk|1
|-boost|p2a: Ganishka|def|1
|
|-heal|p2a: Ganishka|88/100|[from] item: Leftovers
|-heal|p1a: Skarmory|47/100 par|[from] item: Leftovers
|upkeep
|turn|45
|
|t:|1730233664
|move|p2a: Ganishka|Return|p1a: Skarmory
|-resisted|p1a: Skarmory
|-crit|p1a: Skarmory
|-damage|p1a: Skarmory|1/100 par
|move|p1a: Skarmory|Roar|p2a: Ganishka
|drag|p2a: Slan|Blissey, F|97/100
|-damage|p2a: Slan|72/100|[from] Spikes
|
|-heal|p2a: Slan|78/100|[from] item: Leftovers
|-heal|p1a: Skarmory|7/100 par|[from] item: Leftovers
|upkeep
|turn|46
|
|t:|1730233671
|switch|p2a: Rickert|Forretress, M|96/100
|-damage|p2a: Rickert|71/100|[from] Spikes
|cant|p1a: Skarmory|par
|
|-heal|p2a: Rickert|78/100|[from] item: Leftovers
|-heal|p1a: Skarmory|13/100 par|[from] item: Leftovers
|upkeep
|turn|47
|
|t:|1730233674
|move|p1a: Skarmory|Protect|p1a: Skarmory
|-singleturn|p1a: Skarmory|Protect
|move|p2a: Rickert|Hidden Power|p1a: Skarmory
|-activate|p1a: Skarmory|Protect
|
|-heal|p2a: Rickert|84/100|[from] item: Leftovers
|-heal|p1a: Skarmory|19/100 par|[from] item: Leftovers
|upkeep
|turn|48
|
|t:|1730233677
|switch|p1a: Aerodactyl|Aerodactyl, M|34/100 par
|move|p2a: Rickert|Hidden Power|p1a: Aerodactyl
|-damage|p1a: Aerodactyl|10/100 par
|
|-heal|p2a: Rickert|90/100|[from] item: Leftovers
|upkeep
|turn|49
|
|t:|1730233680
|move|p2a: Rickert|Rapid Spin|p1a: Aerodactyl
|-resisted|p1a: Aerodactyl
|-damage|p1a: Aerodactyl|6/100 par
|-sideend|p2: Fear|Spikes|[from] move: Rapid Spin|[of] p2a: Rickert
|move|p1a: Aerodactyl|Rock Slide|p2a: Rickert
|-crit|p2a: Rickert
|-damage|p2a: Rickert|10/100
|
|-heal|p2a: Rickert|17/100|[from] item: Leftovers
|upkeep
|turn|50
|
|t:|1730233686
|move|p2a: Rickert|Hidden Power|p1a: Aerodactyl
|-damage|p1a: Aerodactyl|0 fnt
|faint|p1a: Aerodactyl
|
|t:|1730233687
|switch|p1a: Manin|Gengar, F|76/100 par
|
|-heal|p2a: Rickert|23/100|[from] item: Leftovers
|-heal|p1a: Manin|82/100 par|[from] item: Leftovers
|upkeep
|turn|51
|
|t:|1730233689
|move|p2a: Rickert|Hidden Power|p1a: Manin
|-supereffective|p1a: Manin
|-damage|p1a: Manin|21/100 par
|move|p1a: Manin|Fire Punch|p2a: Rickert
|-supereffective|p2a: Rickert
|-damage|p2a: Rickert|0 fnt
|faint|p2a: Rickert
|
|t:|1730233692
|switch|p2a: Locus|Suicune|90/100
|
|-heal|p2a: Locus|96/100|[from] item: Leftovers
|-heal|p1a: Manin|27/100 par|[from] item: Leftovers
|upkeep
|turn|52
|
|t:|1730233694
|move|p2a: Locus|Surf|p1a: Manin
|-damage|p1a: Manin|0 fnt
|faint|p1a: Manin
|
|t:|1730233695
|switch|p1a: Skarmory|Skarmory, M|19/100 par
|
|-heal|p2a: Locus|100/100|[from] item: Leftovers
|-heal|p1a: Skarmory|25/100 par|[from] item: Leftovers
|upkeep
|turn|53
|
|t:|1730233697
|move|p2a: Locus|Surf|p1a: Skarmory
|-damage|p1a: Skarmory|0 fnt
|faint|p1a: Skarmory
|
|win|Fear
|c|☆CazabichosPablo|gg
|c|☆Fear|ggs

</script>
<script type="application/json" class="data" id="replaydata-smogtours-gen3ou-803313">
{"id":"smogtours-gen3ou-803313","format":"[Gen 3] OU","players":["CazabichosPablo","Fear"],"uploadtime":1730233697,"views":111,"formatid":"gen3ou","rating":null,"private":0,"password":null}
</script>

<script defer src="js/replays.js?9d40a366"></script>
