<!DOCTYPE html>
<meta charset="utf-8" />
<meta name="viewport" content="width=device-width" />

<title>[Gen 3] OU: JakeConway vs. evilartnboy - Replays - Pok&eacute;mon Showdown!</title>

<meta name="description" content="Watch a replay of a Pok&eacute;mon battle between JakeConway and evilartnboy! Format: [Gen 3] OU; Date: Oct 14, 2024" />
<!--

Hey, you! Looking in the source for the replay log?

You can find them in JSON format, just add `.json` at the end of a replay URL.

https://replay.pokemonshowdown.com/gen7randomdoublesbattle-865046831.json

Or, if you only need the log itself, add `.log` instead:

https://replay.pokemonshowdown.com/gen7randomdoublesbattle-865046831.log

-->

<link rel="stylesheet" href="//pokemonshowdown.com/style/global.css?0.023195364461161105" />
<link rel="stylesheet" href="//play.pokemonshowdown.com/style/font-awesome.css?0.13261647063804238" />
<link rel="stylesheet" href="//play.pokemonshowdown.com/style/battle.css?0.8753245789963631" />
<link rel="stylesheet" href="//play.pokemonshowdown.com/style/utilichart.css?0.8627959624976733" />

<!-- Global site tag (gtag.js) - Google Analytics -->
<script async src="https://www.googletagmanager.com/gtag/js?id=UA-26211653-1"></script>
<script>
  window.dataLayer = window.dataLayer || [];
  function gtag(){dataLayer.push(arguments);}
  gtag('js', new Date());

  gtag('config', 'UA-26211653-1');
</script>
<!-- End Google Analytics -->
<!-- Venatus Ad Manager - Install in <HEAD> of page -->
	<script src="https://hb.vntsm.com/v3/live/ad-manager.min.js" type="text/javascript" data-site-id="642aba63ec9a7b11c3c9c1be" data-mode="scan" async></script>
<!-- / Venatus Ad Manager -->

<style>
	@media (max-width:820px) {
		.battle {
			margin: 0 auto;
		}
		.battle-log {
			margin: 7px auto 0;
			max-width: 640px;
			height: 300px;
			position: static;
		}
	}
	.optgroup {
		display: inline-block;
		line-height: 22px;
		font-size: 10pt;
	}
	.optgroup .button {
		height: 25px;
		padding-top: 0;
		padding-bottom: 0;
	}
	.optgroup button.button {
		padding-left: 12px;
		padding-right: 12px;
	}
	.linklist {
		list-style: none;
		margin: 0.5em 0;
		padding: 0;
	}
	.linklist li {
		padding: 2px 0;
	}
	.sidebar {
		float: left;
		width: 320px;
	}
	.bar-wrapper {
		max-width: 1100px;
		margin: 0 auto;
	}
	.bar-wrapper.has-sidebar {
		max-width: 1430px;
	}
	.mainbar {
		margin: 0;
		padding-right: 1px;
	}
	.mainbar.has-sidebar {
		margin-left: 330px;
	}
	@media (min-width: 1511px) {
		.sidebar {
			width: 400px;
		}
		.bar-wrapper.has-sidebar {
			max-width: 1510px;
		}
		.mainbar.has-sidebar {
			margin-left: 410px;
		}
	}
	.section.first-section {
		margin-top: 9px;
	}
	.blocklink small {
		white-space: normal;
	}
	.button {
		vertical-align: middle;
	}
	.replay-controls {
		padding-top: 10px;
	}
	.replay-controls h1 {
		font-size: 16pt;
		font-weight: normal;
		color: #CCC;
	}
	.pagelink {
		text-align: center;
	}
	.pagelink a {
		width: 150px;
	}
	.textbox, .button {
		font-size: 11pt;
		vertical-align: middle;
	}
	@media (max-width: 450px) {
		.button {
			font-size: 9pt;
		}
	}
</style>

<div>

	<header>
		<div class="nav-wrapper"><ul class="nav">
			<li><a class="button nav-first" href="//pokemonshowdown.com/"><img src="//pokemonshowdown.com/images/pokemonshowdownbeta.png" srcset="//pokemonshowdown.com/images/pokemonshowdownbeta.png 1x, //pokemonshowdown.com/images/pokemonshowdownbeta@2x.png 2x" alt="Pok&eacute;mon Showdown" width="146" height="44" /> Home</a></li>
			<li><a class="button" href="//pokemonshowdown.com/dex/">Pok&eacute;dex</a></li>
			<li><a class="button cur" href="/">Replays</a></li>
			<li><a class="button" href="//pokemonshowdown.com/ladder/">Ladder</a></li>
			<li><a class="button nav-last" href="//pokemonshowdown.com/forums/">Forum</a></li>
			<li><a class="button greenbutton nav-first nav-last" href="//play.pokemonshowdown.com/">Play</a></li>
		</ul></div>
	</header>

	<div class="main" id="main">

		<noscript><section class="section">You need to enable JavaScript to use this page; sorry!</section></noscript>

	</div>

</div>

<script defer nomodule src="//play.pokemonshowdown.com/js/lib/ps-polyfill.js"></script>
<script defer src="//play.pokemonshowdown.com/js/lib/preact.min.js"></script>

<script defer src="//play.pokemonshowdown.com/config/config.js?2bddbc15"></script>
<script defer src="//play.pokemonshowdown.com/js/lib/jquery-1.11.0.min.js"></script>
<script defer src="//play.pokemonshowdown.com/js/lib/html-sanitizer-minified.js"></script>
<script defer src="//play.pokemonshowdown.com/js/battle-sound.js"></script>
<script defer src="//play.pokemonshowdown.com/js/battledata.js?0.7209276989879541"></script>
<script defer src="//play.pokemonshowdown.com/data/pokedex-mini.js?0.6111056340867951"></script>
<script defer src="//play.pokemonshowdown.com/data/pokedex-mini-bw.js?0.3532142036491459"></script>
<script defer src="//play.pokemonshowdown.com/data/graphics.js?0.24223875632456182"></script>
<script defer src="//play.pokemonshowdown.com/data/pokedex.js?0.38839984266356864"></script>
<script defer src="//play.pokemonshowdown.com/data/moves.js?0.21866028504024015"></script>
<script defer src="//play.pokemonshowdown.com/data/abilities.js?0.2005157953846628"></script>
<script defer src="//play.pokemonshowdown.com/data/items.js?0.9894211263848525"></script>
<script defer src="//play.pokemonshowdown.com/data/teambuilder-tables.js?0.6008791140282215"></script>
<script defer src="//play.pokemonshowdown.com/js/battle-tooltips.js?0.7580118955022959"></script>
<script defer src="//play.pokemonshowdown.com/js/battle.js?0.6057722274234274"></script>

<script defer src="js/utils.js?e31f9a17"></script>
<script defer src="js/replays-battle.js?7008c182"></script>

<!-- don't scrape this data! just add .json or .log after the URL!
Full API docs: https://github.com/smogon/pokemon-showdown-client/blob/master/WEB-API.md -->
<script type="text/plain" class="log" id="replaylog-smogtours-gen3ou-798727">
|inactive|Battle timer is ON: inactive players will automatically lose when time's up.
|t:|1728935807
|gametype|singles
|player|p1|JakeConway|biker|
|player|p2|evilartnboy|170|
|teamsize|p1|6
|teamsize|p2|6
|gen|3
|tier|[Gen 3] OU
|rule|Sleep Clause Mod: Limit one foe put to sleep
|rule|Switch Priority Clause Mod: Faster Pokémon switch first
|rule|Species Clause: Limit one of each Pokémon
|rule|OHKO Clause: OHKO moves are banned
|rule|Evasion Items Clause: Evasion items are banned
|rule|Evasion Moves Clause: Evasion moves are banned
|rule|Endless Battle Clause: Forcing endless battles is banned
|rule|HP Percentage Mod: HP is shown in percentages
|rule|One Boost Passer Clause: Limit one Baton Passer that has a way to boost its stats
|rule|Freeze Clause Mod: Limit one foe frozen
|
|t:|1728935807
|start
|switch|p1a: Tyranitar|Tyranitar, M|100/100
|switch|p2a: Butterfree|Butterfree, F|100/100
|-weather|Sandstorm|[from] ability: Sand Stream|[of] p1a: Tyranitar
|turn|1
|
|t:|1728935828
|move|p2a: Butterfree|Sleep Powder|p1a: Tyranitar
|-status|p1a: Tyranitar|slp|[from] move: Sleep Powder
|cant|p1a: Tyranitar|slp
|
|-weather|Sandstorm|[upkeep]
|-damage|p2a: Butterfree|94/100|[from] Sandstorm
|upkeep
|turn|2
|
|t:|1728935844
|switch|p1a: Gyarados|Gyarados, M|100/100
|-ability|p1a: Gyarados|Intimidate|boost
|-unboost|p2a: Butterfree|atk|1
|move|p2a: Butterfree|Stun Spore|p1a: Gyarados
|-status|p1a: Gyarados|par
|
|-weather|Sandstorm|[upkeep]
|-damage|p2a: Butterfree|88/100|[from] Sandstorm
|-damage|p1a: Gyarados|94/100 par|[from] Sandstorm
|-heal|p1a: Gyarados|100/100 par|[from] item: Leftovers
|upkeep
|turn|3
|
|t:|1728935855
|switch|p2a: That Bird I Hate|Magneton|100/100
|cant|p1a: Gyarados|par
|
|-weather|Sandstorm|[upkeep]
|-damage|p1a: Gyarados|94/100 par|[from] Sandstorm
|-heal|p1a: Gyarados|100/100 par|[from] item: Leftovers
|upkeep
|turn|4
|
|t:|1728935875
|switch|p1a: Steelix|Steelix, M, shiny|100/100
|move|p2a: That Bird I Hate|Thunder|p1a: Steelix
|-immune|p1a: Steelix
|
|-weather|Sandstorm|[upkeep]
|upkeep
|turn|5
|
|t:|1728935885
|switch|p2a: Butterfree|Butterfree, F|88/100
|move|p1a: Steelix|Earthquake|p2a: Butterfree
|-immune|p2a: Butterfree
|
|-weather|Sandstorm|[upkeep]
|-damage|p2a: Butterfree|82/100|[from] Sandstorm
|upkeep
|turn|6
|
|t:|1728935894
|switch|p2a: Swampert|Swampert, M|100/100
|move|p1a: Steelix|Hidden Power|p2a: Swampert
|-resisted|p2a: Swampert
|-damage|p2a: Swampert|94/100
|
|-weather|Sandstorm|[upkeep]
|-heal|p2a: Swampert|99/100|[from] item: Leftovers
|upkeep
|turn|7
|
|t:|1728935902
|move|p1a: Steelix|Protect|p1a: Steelix
|-singleturn|p1a: Steelix|Protect
|move|p2a: Swampert|Hydro Pump|p1a: Steelix
|-activate|p1a: Steelix|Protect
|
|-weather|Sandstorm|[upkeep]
|-heal|p2a: Swampert|100/100|[from] item: Leftovers
|upkeep
|turn|8
|
|t:|1728935910
|switch|p1a: Gyarados|Gyarados, M|100/100 par
|-ability|p1a: Gyarados|Intimidate|boost
|-unboost|p2a: Swampert|atk|1
|move|p2a: Swampert|Hydro Pump|p1a: Gyarados
|-resisted|p1a: Gyarados
|-damage|p1a: Gyarados|86/100 par
|
|-weather|Sandstorm|[upkeep]
|-damage|p1a: Gyarados|79/100 par|[from] Sandstorm
|-heal|p1a: Gyarados|86/100 par|[from] item: Leftovers
|upkeep
|turn|9
|
|t:|1728935920
|move|p2a: Swampert|Protect|p2a: Swampert
|-singleturn|p2a: Swampert|Protect
|move|p1a: Gyarados|Dragon Dance|p1a: Gyarados
|-boost|p1a: Gyarados|atk|1
|-boost|p1a: Gyarados|spe|1
|
|-weather|Sandstorm|[upkeep]
|-damage|p1a: Gyarados|79/100 par|[from] Sandstorm
|-heal|p1a: Gyarados|86/100 par|[from] item: Leftovers
|upkeep
|turn|10
|
|t:|1728935938
|switch|p2a: That Bird I Hate|Magneton|100/100
|move|p1a: Gyarados|Rest|p1a: Gyarados
|-status|p1a: Gyarados|slp|[from] move: Rest
|-heal|p1a: Gyarados|100/100 slp|[silent]
|
|-weather|Sandstorm|[upkeep]
|-damage|p1a: Gyarados|94/100 slp|[from] Sandstorm
|-heal|p1a: Gyarados|100/100 slp|[from] item: Leftovers
|upkeep
|turn|11
|
|t:|1728935947
|switch|p1a: Tyranitar|Tyranitar, M|100/100 slp
|move|p2a: That Bird I Hate|Thunder|p1a: Tyranitar
|-damage|p1a: Tyranitar|52/100 slp
|
|-weather|Sandstorm|[upkeep]
|-heal|p1a: Tyranitar|59/100 slp|[from] item: Leftovers
|upkeep
|turn|12
|
|t:|1728935955
|move|p2a: That Bird I Hate|Hidden Power|p1a: Tyranitar
|-supereffective|p1a: Tyranitar
|-damage|p1a: Tyranitar|17/100 slp
|-curestatus|p1a: Tyranitar|slp|[msg]
|move|p1a: Tyranitar|Fire Blast|p2a: That Bird I Hate
|-supereffective|p2a: That Bird I Hate
|-damage|p2a: That Bird I Hate|0 fnt
|faint|p2a: That Bird I Hate
|
|t:|1728935970
|switch|p2a: Butterfree|Butterfree, F|82/100
|
|-weather|Sandstorm|[upkeep]
|-damage|p2a: Butterfree|76/100|[from] Sandstorm
|-heal|p1a: Tyranitar|24/100|[from] item: Leftovers
|upkeep
|turn|13
|
|t:|1728935980
|move|p2a: Butterfree|Giga Drain|p1a: Tyranitar
|-supereffective|p1a: Tyranitar
|-damage|p1a: Tyranitar|0 fnt
|-heal|p2a: Butterfree|94/100|[from] drain|[of] p1a: Tyranitar
|faint|p1a: Tyranitar
|
|t:|1728935986
|switch|p1a: Gyarados|Gyarados, M|100/100 slp
|-ability|p1a: Gyarados|Intimidate|boost
|-unboost|p2a: Butterfree|atk|1
|
|-weather|Sandstorm|[upkeep]
|-damage|p2a: Butterfree|87/100|[from] Sandstorm
|-damage|p1a: Gyarados|94/100 slp|[from] Sandstorm
|-heal|p1a: Gyarados|100/100 slp|[from] item: Leftovers
|upkeep
|turn|14
|
|t:|1728936001
|switch|p2a: Metagross|Metagross|100/100
|cant|p1a: Gyarados|slp
|
|-weather|Sandstorm|[upkeep]
|-damage|p1a: Gyarados|94/100 slp|[from] Sandstorm
|-heal|p1a: Gyarados|100/100 slp|[from] item: Leftovers
|upkeep
|turn|15
|
|t:|1728936009
|cant|p1a: Gyarados|slp
|move|p2a: Metagross|Agility|p2a: Metagross
|-boost|p2a: Metagross|spe|2
|
|-weather|Sandstorm|[upkeep]
|-damage|p1a: Gyarados|94/100 slp|[from] Sandstorm
|-heal|p1a: Gyarados|100/100 slp|[from] item: Leftovers
|upkeep
|turn|16
|
|t:|1728936017
|move|p2a: Metagross|Explosion|p1a: Gyarados
|-damage|p1a: Gyarados|0 fnt
|faint|p2a: Metagross
|faint|p1a: Gyarados
|
|t:|1728936026
|switch|p1a: Magneton|Magneton|100/100
|switch|p2a: Butterfree|Butterfree, F|87/100
|
|-weather|Sandstorm|[upkeep]
|-damage|p2a: Butterfree|81/100|[from] Sandstorm
|upkeep
|turn|17
|
|t:|1728936031
|move|p2a: Butterfree|Sleep Powder|p1a: Magneton
|-status|p1a: Magneton|slp|[from] move: Sleep Powder
|cant|p1a: Magneton|slp
|
|-weather|Sandstorm|[upkeep]
|-damage|p2a: Butterfree|75/100|[from] Sandstorm
|upkeep
|turn|18
|
|t:|1728936038
|move|p2a: Butterfree|Stun Spore||[still]
|-fail|p2a: Butterfree
|-curestatus|p1a: Magneton|slp|[msg]
|move|p1a: Magneton|Thunder Wave|p2a: Butterfree
|-status|p2a: Butterfree|par
|
|-weather|Sandstorm|[upkeep]
|-damage|p2a: Butterfree|69/100 par|[from] Sandstorm
|upkeep
|turn|19
|
|t:|1728936046
|switch|p2a: Swampert|Swampert, M|100/100
|move|p1a: Magneton|Thunderbolt|p2a: Swampert
|-immune|p2a: Swampert
|
|-weather|Sandstorm|[upkeep]
|upkeep
|turn|20
|
|t:|1728936052
|move|p1a: Magneton|Hidden Power|p2a: Swampert
|-supereffective|p2a: Swampert
|-damage|p2a: Swampert|22/100
|move|p2a: Swampert|Earthquake|p1a: Magneton
|-supereffective|p1a: Magneton
|-damage|p1a: Magneton|0 fnt
|faint|p1a: Magneton
|
|t:|1728936074
|switch|p1a: Snorlax|Snorlax, M, shiny|100/100
|
|-weather|Sandstorm|[upkeep]
|-damage|p1a: Snorlax|94/100|[from] Sandstorm
|-heal|p2a: Swampert|28/100|[from] item: Leftovers
|-heal|p1a: Snorlax|100/100|[from] item: Leftovers
|upkeep
|turn|21
|
|t:|1728936087
|switch|p2a: Butterfree|Butterfree, F|69/100 par
|move|p1a: Snorlax|Body Slam|p2a: Butterfree
|-damage|p2a: Butterfree|0 fnt
|faint|p2a: Butterfree
|
|t:|1728936091
|switch|p2a: Snorlax|Snorlax, M|100/100
|
|-weather|Sandstorm|[upkeep]
|-damage|p2a: Snorlax|94/100|[from] Sandstorm
|-damage|p1a: Snorlax|94/100|[from] Sandstorm
|-heal|p2a: Snorlax|100/100|[from] item: Leftovers
|-heal|p1a: Snorlax|100/100|[from] item: Leftovers
|upkeep
|turn|22
|
|t:|1728936100
|switch|p1a: Steelix|Steelix, M, shiny|100/100
|move|p2a: Snorlax|Curse|p2a: Snorlax
|-unboost|p2a: Snorlax|spe|1
|-boost|p2a: Snorlax|atk|1
|-boost|p2a: Snorlax|def|1
|
|-weather|Sandstorm|[upkeep]
|-damage|p2a: Snorlax|94/100|[from] Sandstorm
|-heal|p2a: Snorlax|100/100|[from] item: Leftovers
|upkeep
|turn|23
|
|t:|1728936113
|move|p1a: Steelix|Explosion|p2a: Snorlax
|-damage|p2a: Snorlax|33/100
|faint|p1a: Steelix
|
|t:|1728936120
|switch|p1a: Salamence|Salamence, M|100/100
|-ability|p1a: Salamence|Intimidate|boost
|-unboost|p2a: Snorlax|atk|1
|
|-weather|Sandstorm|[upkeep]
|-damage|p1a: Salamence|94/100|[from] Sandstorm
|-damage|p2a: Snorlax|27/100|[from] Sandstorm
|-heal|p1a: Salamence|100/100|[from] item: Leftovers
|-heal|p2a: Snorlax|33/100|[from] item: Leftovers
|upkeep
|turn|24
|
|t:|1728936130
|move|p1a: Salamence|Dragon Dance|p1a: Salamence
|-boost|p1a: Salamence|atk|1
|-boost|p1a: Salamence|spe|1
|move|p2a: Snorlax|Curse|p2a: Snorlax
|-unboost|p2a: Snorlax|spe|1
|-boost|p2a: Snorlax|atk|1
|-boost|p2a: Snorlax|def|1
|
|-weather|Sandstorm|[upkeep]
|-damage|p1a: Salamence|94/100|[from] Sandstorm
|-damage|p2a: Snorlax|27/100|[from] Sandstorm
|-heal|p1a: Salamence|100/100|[from] item: Leftovers
|-heal|p2a: Snorlax|33/100|[from] item: Leftovers
|upkeep
|turn|25
|
|t:|1728936144
|move|p1a: Salamence|Hidden Power|p2a: Snorlax
|-damage|p2a: Snorlax|10/100
|move|p2a: Snorlax|Return|p1a: Salamence
|-damage|p1a: Salamence|26/100
|
|-weather|Sandstorm|[upkeep]
|-damage|p1a: Salamence|20/100|[from] Sandstorm
|-damage|p2a: Snorlax|4/100|[from] Sandstorm
|-heal|p1a: Salamence|26/100|[from] item: Leftovers
|-heal|p2a: Snorlax|10/100|[from] item: Leftovers
|upkeep
|turn|26
|
|t:|1728936154
|move|p1a: Salamence|Hidden Power|p2a: Snorlax
|-damage|p2a: Snorlax|0 fnt
|faint|p2a: Snorlax
|
|t:|1728936156
|switch|p2a: Swampert|Swampert, M|28/100
|
|-weather|Sandstorm|[upkeep]
|-damage|p1a: Salamence|20/100|[from] Sandstorm
|-heal|p1a: Salamence|26/100|[from] item: Leftovers
|-heal|p2a: Swampert|34/100|[from] item: Leftovers
|upkeep
|turn|27
|
|t:|1728936164
|move|p1a: Salamence|Hidden Power|p2a: Swampert
|-damage|p2a: Swampert|0 fnt
|faint|p2a: Swampert
|
|t:|1728936167
|switch|p2a: Aerodactyl|Aerodactyl, M|100/100
|
|-weather|Sandstorm|[upkeep]
|-damage|p1a: Salamence|20/100|[from] Sandstorm
|-heal|p1a: Salamence|26/100|[from] item: Leftovers
|upkeep
|turn|28
|
|t:|1728936173
|move|p1a: Salamence|Rock Slide|p2a: Aerodactyl
|-supereffective|p2a: Aerodactyl
|-damage|p2a: Aerodactyl|0 fnt
|faint|p2a: Aerodactyl
|
|win|JakeConway
|c|☆JakeConway|gr
|c|☆evilartnboy|gr
|c|☆JakeConway|that buterfree was nasty
|c|☆evilartnboy|yee
|c|☆JakeConway|nice wild card

</script>
<script type="application/json" class="data" id="replaydata-smogtours-gen3ou-798727">
{"id":"smogtours-gen3ou-798727","format":"[Gen 3] OU","players":["JakeConway","evilartnboy"],"uploadtime":1728936173,"views":109,"formatid":"gen3ou","rating":null,"private":0,"password":null}
</script>

<script defer src="js/replays.js?9d40a366"></script>
