<!DOCTYPE html>
<meta charset="utf-8" />
<meta name="viewport" content="width=device-width" />

<title>[Gen 3] OU: Tree69420 vs. hey its me riley - Replays - Pok&eacute;mon Showdown!</title>

<meta name="description" content="Watch a replay of a Pok&eacute;mon battle between Tree69420 and hey its me riley! Format: [Gen 3] OU; Date: Oct 24, 2024" />
<!--

Hey, you! Looking in the source for the replay log?

You can find them in JSON format, just add `.json` at the end of a replay URL.

https://replay.pokemonshowdown.com/gen7randomdoublesbattle-865046831.json

Or, if you only need the log itself, add `.log` instead:

https://replay.pokemonshowdown.com/gen7randomdoublesbattle-865046831.log

-->

<link rel="stylesheet" href="//pokemonshowdown.com/style/global.css?0.023195364461161105" />
<link rel="stylesheet" href="//play.pokemonshowdown.com/style/font-awesome.css?0.13261647063804238" />
<link rel="stylesheet" href="//play.pokemonshowdown.com/style/battle.css?0.8753245789963631" />
<link rel="stylesheet" href="//play.pokemonshowdown.com/style/utilichart.css?0.8627959624976733" />

<!-- Global site tag (gtag.js) - Google Analytics -->
<script async src="https://www.googletagmanager.com/gtag/js?id=UA-26211653-1"></script>
<script>
  window.dataLayer = window.dataLayer || [];
  function gtag(){dataLayer.push(arguments);}
  gtag('js', new Date());

  gtag('config', 'UA-26211653-1');
</script>
<!-- End Google Analytics -->
<!-- Venatus Ad Manager - Install in <HEAD> of page -->
	<script src="https://hb.vntsm.com/v3/live/ad-manager.min.js" type="text/javascript" data-site-id="642aba63ec9a7b11c3c9c1be" data-mode="scan" async></script>
<!-- / Venatus Ad Manager -->

<style>
	@media (max-width:820px) {
		.battle {
			margin: 0 auto;
		}
		.battle-log {
			margin: 7px auto 0;
			max-width: 640px;
			height: 300px;
			position: static;
		}
	}
	.optgroup {
		display: inline-block;
		line-height: 22px;
		font-size: 10pt;
	}
	.optgroup .button {
		height: 25px;
		padding-top: 0;
		padding-bottom: 0;
	}
	.optgroup button.button {
		padding-left: 12px;
		padding-right: 12px;
	}
	.linklist {
		list-style: none;
		margin: 0.5em 0;
		padding: 0;
	}
	.linklist li {
		padding: 2px 0;
	}
	.sidebar {
		float: left;
		width: 320px;
	}
	.bar-wrapper {
		max-width: 1100px;
		margin: 0 auto;
	}
	.bar-wrapper.has-sidebar {
		max-width: 1430px;
	}
	.mainbar {
		margin: 0;
		padding-right: 1px;
	}
	.mainbar.has-sidebar {
		margin-left: 330px;
	}
	@media (min-width: 1511px) {
		.sidebar {
			width: 400px;
		}
		.bar-wrapper.has-sidebar {
			max-width: 1510px;
		}
		.mainbar.has-sidebar {
			margin-left: 410px;
		}
	}
	.section.first-section {
		margin-top: 9px;
	}
	.blocklink small {
		white-space: normal;
	}
	.button {
		vertical-align: middle;
	}
	.replay-controls {
		padding-top: 10px;
	}
	.replay-controls h1 {
		font-size: 16pt;
		font-weight: normal;
		color: #CCC;
	}
	.pagelink {
		text-align: center;
	}
	.pagelink a {
		width: 150px;
	}
	.textbox, .button {
		font-size: 11pt;
		vertical-align: middle;
	}
	@media (max-width: 450px) {
		.button {
			font-size: 9pt;
		}
	}
</style>

<div>

	<header>
		<div class="nav-wrapper"><ul class="nav">
			<li><a class="button nav-first" href="//pokemonshowdown.com/"><img src="//pokemonshowdown.com/images/pokemonshowdownbeta.png" srcset="//pokemonshowdown.com/images/pokemonshowdownbeta.png 1x, //pokemonshowdown.com/images/pokemonshowdownbeta@2x.png 2x" alt="Pok&eacute;mon Showdown" width="146" height="44" /> Home</a></li>
			<li><a class="button" href="//pokemonshowdown.com/dex/">Pok&eacute;dex</a></li>
			<li><a class="button cur" href="/">Replays</a></li>
			<li><a class="button" href="//pokemonshowdown.com/ladder/">Ladder</a></li>
			<li><a class="button nav-last" href="//pokemonshowdown.com/forums/">Forum</a></li>
			<li><a class="button greenbutton nav-first nav-last" href="//play.pokemonshowdown.com/">Play</a></li>
		</ul></div>
	</header>

	<div class="main" id="main">

		<noscript><section class="section">You need to enable JavaScript to use this page; sorry!</section></noscript>

	</div>

</div>

<script defer nomodule src="//play.pokemonshowdown.com/js/lib/ps-polyfill.js"></script>
<script defer src="//play.pokemonshowdown.com/js/lib/preact.min.js"></script>

<script defer src="//play.pokemonshowdown.com/config/config.js?2bddbc15"></script>
<script defer src="//play.pokemonshowdown.com/js/lib/jquery-1.11.0.min.js"></script>
<script defer src="//play.pokemonshowdown.com/js/lib/html-sanitizer-minified.js"></script>
<script defer src="//play.pokemonshowdown.com/js/battle-sound.js"></script>
<script defer src="//play.pokemonshowdown.com/js/battledata.js?0.7209276989879541"></script>
<script defer src="//play.pokemonshowdown.com/data/pokedex-mini.js?0.6111056340867951"></script>
<script defer src="//play.pokemonshowdown.com/data/pokedex-mini-bw.js?0.3532142036491459"></script>
<script defer src="//play.pokemonshowdown.com/data/graphics.js?0.24223875632456182"></script>
<script defer src="//play.pokemonshowdown.com/data/pokedex.js?0.38839984266356864"></script>
<script defer src="//play.pokemonshowdown.com/data/moves.js?0.21866028504024015"></script>
<script defer src="//play.pokemonshowdown.com/data/abilities.js?0.2005157953846628"></script>
<script defer src="//play.pokemonshowdown.com/data/items.js?0.9894211263848525"></script>
<script defer src="//play.pokemonshowdown.com/data/teambuilder-tables.js?0.6008791140282215"></script>
<script defer src="//play.pokemonshowdown.com/js/battle-tooltips.js?0.7580118955022959"></script>
<script defer src="//play.pokemonshowdown.com/js/battle.js?0.6057722274234274"></script>

<script defer src="js/utils.js?e31f9a17"></script>
<script defer src="js/replays-battle.js?7008c182"></script>

<!-- don't scrape this data! just add .json or .log after the URL!
Full API docs: https://github.com/smogon/pokemon-showdown-client/blob/master/WEB-API.md -->
<script type="text/plain" class="log" id="replaylog-smogtours-gen3ou-801487">
|inactive|Battle timer is ON: inactive players will automatically lose when time's up.
|badge|p1|silver|gen9uu|30-3
|uhtml|medal-msg|<div class="broadcast-blue">Curious what those medals under the avatar are? PS now has Ladder Seasons! For more information, check out the <a href="https://www.smogon.com/forums/threads/3740067/">thread on Smogon.<\/a><\/div>
|t:|1729732203
|gametype|singles
|player|p1|Tree69420|#rbyplivglacialarticunos|
|player|p2|hey its me riley|2|
|teamsize|p1|6
|teamsize|p2|6
|gen|3
|tier|[Gen 3] OU
|rule|Sleep Clause Mod: Limit one foe put to sleep
|rule|Switch Priority Clause Mod: Faster Pokémon switch first
|rule|Species Clause: Limit one of each Pokémon
|rule|OHKO Clause: OHKO moves are banned
|rule|Evasion Items Clause: Evasion items are banned
|rule|Evasion Moves Clause: Evasion moves are banned
|rule|Endless Battle Clause: Forcing endless battles is banned
|rule|HP Percentage Mod: HP is shown in percentages
|rule|One Boost Passer Clause: Limit one Baton Passer that has a way to boost its stats
|rule|Freeze Clause Mod: Limit one foe frozen
|
|t:|1729732203
|start
|switch|p1a: Skarmory|Skarmory, M|100/100
|switch|p2a: Suicune|Suicune|100/100
|turn|1
|
|t:|1729732210
|move|p2a: Suicune|Calm Mind|p2a: Suicune
|-boost|p2a: Suicune|spa|1
|-boost|p2a: Suicune|spd|1
|move|p1a: Skarmory|Spikes|p2a: Suicune
|-sidestart|p2: hey its me riley|Spikes
|
|upkeep
|turn|2
|
|t:|1729732212
|switch|p1a: Mantine|Mantine, M|100/100
|move|p2a: Suicune|Hydro Pump|p1a: Mantine
|-immune|p1a: Mantine|[from] ability: Water Absorb
|
|upkeep
|turn|3
|
|t:|1729732214
|move|p1a: Mantine|Haze|p1a: Mantine
|-clearallboost
|move|p2a: Suicune|Roar|p1a: Mantine
|drag|p1a: Flygon|Flygon, M|100/100
|
|upkeep
|turn|4
|
|t:|1729732219
|switch|p1a: Mantine|Mantine, M|100/100
|move|p2a: Suicune|Calm Mind|p2a: Suicune
|-boost|p2a: Suicune|spa|1
|-boost|p2a: Suicune|spd|1
|
|upkeep
|turn|5
|
|t:|1729732221
|move|p1a: Mantine|Toxic|p2a: Suicune
|-status|p2a: Suicune|tox
|move|p2a: Suicune|Roar|p1a: Mantine
|drag|p1a: Gengar|Gengar, F|100/100
|
|-damage|p2a: Suicune|94/100 tox|[from] psn
|upkeep
|turn|6
|
|t:|1729732232
|switch|p1a: Mantine|Mantine, M|100/100
|switch|p2a: Jirachi|Jirachi|100/100
|-damage|p2a: Jirachi|88/100|[from] Spikes
|
|-heal|p2a: Jirachi|94/100|[from] item: Leftovers
|upkeep
|turn|7
|
|t:|1729732238
|switch|p1a: Zapdos|Zapdos|100/100
|move|p2a: Jirachi|Calm Mind|p2a: Jirachi
|-boost|p2a: Jirachi|spa|1
|-boost|p2a: Jirachi|spd|1
|
|-heal|p2a: Jirachi|100/100|[from] item: Leftovers
|upkeep
|turn|8
|
|t:|1729732241
|move|p2a: Jirachi|Psychic|p1a: Zapdos
|-damage|p1a: Zapdos|63/100
|move|p1a: Zapdos|Roar|p2a: Jirachi
|drag|p2a: Suicune|Suicune|94/100 tox
|-damage|p2a: Suicune|82/100 tox|[from] Spikes
|
|-heal|p2a: Suicune|88/100 tox|[from] item: Leftovers
|-damage|p2a: Suicune|82/100 tox|[from] psn
|-heal|p1a: Zapdos|69/100|[from] item: Leftovers
|upkeep
|turn|9
|
|t:|1729732249
|switch|p2a: Jirachi|Jirachi|100/100
|-damage|p2a: Jirachi|88/100|[from] Spikes
|switch|p1a: Mantine|Mantine, M|100/100
|
|-heal|p2a: Jirachi|94/100|[from] item: Leftovers
|upkeep
|turn|10
|
|t:|1729732251
|switch|p1a: Skarmory|Skarmory, M|100/100
|move|p2a: Jirachi|Calm Mind|p2a: Jirachi
|-boost|p2a: Jirachi|spa|1
|-boost|p2a: Jirachi|spd|1
|
|-heal|p2a: Jirachi|100/100|[from] item: Leftovers
|upkeep
|turn|11
|
|t:|1729732253
|move|p2a: Jirachi|Fire Punch|p1a: Skarmory
|-supereffective|p1a: Skarmory
|-damage|p1a: Skarmory|38/100
|move|p1a: Skarmory|Spikes|p2a: Jirachi
|-sidestart|p2: hey its me riley|Spikes
|
|-heal|p1a: Skarmory|44/100|[from] item: Leftovers
|upkeep
|turn|12
|
|t:|1729732259
|switch|p1a: Zapdos|Zapdos|69/100
|move|p2a: Jirachi|Fire Punch|p1a: Zapdos
|-damage|p1a: Zapdos|47/100
|
|-heal|p1a: Zapdos|53/100|[from] item: Leftovers
|upkeep
|turn|13
|
|t:|1729732261
|move|p2a: Jirachi|Psychic|p1a: Zapdos
|-damage|p1a: Zapdos|11/100
|-unboost|p1a: Zapdos|spd|1
|move|p1a: Zapdos|Roar|p2a: Jirachi
|drag|p2a: Raikou|Raikou|100/100
|-damage|p2a: Raikou|84/100|[from] Spikes
|
|-heal|p2a: Raikou|90/100|[from] item: Leftovers
|-heal|p1a: Zapdos|17/100|[from] item: Leftovers
|upkeep
|turn|14
|
|t:|1729732271
|switch|p1a: Flygon|Flygon, M|100/100
|move|p2a: Raikou|Hidden Power|p1a: Flygon
|-supereffective|p1a: Flygon
|-damage|p1a: Flygon|9/100
|
|-heal|p2a: Raikou|96/100|[from] item: Leftovers
|-heal|p1a: Flygon|15/100|[from] item: Leftovers
|upkeep
|turn|15
|
|t:|1729732276
|move|p1a: Flygon|Protect|p1a: Flygon
|-singleturn|p1a: Flygon|Protect
|move|p2a: Raikou|Hidden Power|p1a: Flygon
|-activate|p1a: Flygon|Protect
|
|-heal|p2a: Raikou|100/100|[from] item: Leftovers
|-heal|p1a: Flygon|21/100|[from] item: Leftovers
|upkeep
|turn|16
|
|t:|1729732278
|switch|p1a: Jirachi|Jirachi|100/100
|move|p2a: Raikou|Hidden Power|p1a: Jirachi
|-resisted|p1a: Jirachi
|-damage|p1a: Jirachi|94/100
|
|-heal|p1a: Jirachi|99/100|[from] item: Leftovers
|upkeep
|turn|17
|
|t:|1729732288
|switch|p2a: Suicune|Suicune|82/100 tox
|-damage|p2a: Suicune|65/100 tox|[from] Spikes
|move|p1a: Jirachi|Body Slam|p2a: Suicune
|-damage|p2a: Suicune|48/100 tox
|
|-heal|p2a: Suicune|54/100 tox|[from] item: Leftovers
|-damage|p2a: Suicune|48/100 tox|[from] psn
|-heal|p1a: Jirachi|100/100|[from] item: Leftovers
|upkeep
|turn|18
|
|t:|1729732295
|move|p2a: Suicune|Hydro Pump|p1a: Jirachi
|-damage|p1a: Jirachi|67/100
|move|p1a: Jirachi|Wish|p1a: Jirachi
|
|-heal|p2a: Suicune|54/100 tox|[from] item: Leftovers
|-damage|p2a: Suicune|42/100 tox|[from] psn
|-heal|p1a: Jirachi|73/100|[from] item: Leftovers
|upkeep
|turn|19
|
|t:|1729732301
|move|p2a: Suicune|Ice Beam|p1a: Jirachi
|-resisted|p1a: Jirachi
|-damage|p1a: Jirachi|64/100
|move|p1a: Jirachi|Body Slam|p2a: Suicune
|-damage|p2a: Suicune|25/100 tox
|
|-heal|p1a: Jirachi|100/100|[from] move: Wish|[wisher] Jirachi
|-heal|p2a: Suicune|31/100 tox|[from] item: Leftovers
|-damage|p2a: Suicune|13/100 tox|[from] psn
|upkeep
|turn|20
|
|t:|1729732304
|move|p2a: Suicune|Hydro Pump|p1a: Jirachi
|-damage|p1a: Jirachi|65/100
|move|p1a: Jirachi|Wish|p1a: Jirachi
|
|-heal|p2a: Suicune|19/100 tox|[from] item: Leftovers
|-damage|p2a: Suicune|0 fnt|[from] psn
|faint|p2a: Suicune
|-heal|p1a: Jirachi|71/100|[from] item: Leftovers
|upkeep
|
|t:|1729732308
|switch|p2a: Dugtrio|Dugtrio, F|100/100
|-damage|p2a: Dugtrio|84/100|[from] Spikes
|turn|21
|
|t:|1729732312
|move|p2a: Dugtrio|Earthquake|p1a: Jirachi
|-supereffective|p1a: Jirachi
|-damage|p1a: Jirachi|0 fnt
|faint|p1a: Jirachi
|
|t:|1729732314
|switch|p1a: Zapdos|Zapdos|17/100
|
|-heal|p1a: Zapdos|67/100|[from] move: Wish|[wisher] Jirachi
|-heal|p1a: Zapdos|73/100|[from] item: Leftovers
|upkeep
|turn|22
|
|t:|1729732321
|switch|p2a: Celebi|Celebi|100/100
|-damage|p2a: Celebi|84/100|[from] Spikes
|move|p1a: Zapdos|Roar|p2a: Celebi
|drag|p2a: Porygon2|Porygon2|100/100
|-damage|p2a: Porygon2|84/100|[from] Spikes
|-ability|p2a: Porygon2|Pressure|[from] ability: Trace|[of] p1a: Zapdos
|
|-heal|p1a: Zapdos|80/100|[from] item: Leftovers
|-heal|p2a: Porygon2|90/100|[from] item: Leftovers
|upkeep
|turn|23
|
|t:|1729732327
|switch|p1a: Mantine|Mantine, M|100/100
|move|p2a: Porygon2|Toxic|p1a: Mantine
|-status|p1a: Mantine|tox
|
|-damage|p1a: Mantine|95/100 tox|[from] psn
|-heal|p2a: Porygon2|96/100|[from] item: Leftovers
|upkeep
|turn|24
|
|t:|1729732331
|switch|p1a: Skarmory|Skarmory, M|44/100
|move|p2a: Porygon2|Thunderbolt|p1a: Skarmory
|-supereffective|p1a: Skarmory
|-damage|p1a: Skarmory|1/100
|
|-heal|p1a: Skarmory|7/100|[from] item: Leftovers
|-heal|p2a: Porygon2|100/100|[from] item: Leftovers
|upkeep
|turn|25
|
|t:|1729732336
|move|p1a: Skarmory|Protect|p1a: Skarmory
|-singleturn|p1a: Skarmory|Protect
|move|p2a: Porygon2|Thunderbolt|p1a: Skarmory
|-activate|p1a: Skarmory|Protect
|
|-heal|p1a: Skarmory|13/100|[from] item: Leftovers
|upkeep
|turn|26
|
|t:|1729732337
|switch|p1a: Gengar|Gengar, F|100/100
|move|p2a: Porygon2|Thunderbolt|p1a: Gengar
|-damage|p1a: Gengar|74/100
|
|-heal|p1a: Gengar|80/100|[from] item: Leftovers
|upkeep
|turn|27
|
|t:|1729732346
|switch|p2a: Dugtrio|Dugtrio, F|84/100
|-damage|p2a: Dugtrio|67/100|[from] Spikes
|move|p1a: Gengar|Will-O-Wisp|p2a: Dugtrio
|-status|p2a: Dugtrio|brn
|
|-damage|p2a: Dugtrio|55/100 brn|[from] brn
|-heal|p1a: Gengar|87/100|[from] item: Leftovers
|upkeep
|turn|28
|
|t:|1729732351
|switch|p1a: Skarmory|Skarmory, M|13/100
|move|p2a: Dugtrio|Rock Slide|p1a: Skarmory
|-damage|p1a: Skarmory|2/100
|
|-damage|p2a: Dugtrio|43/100 brn|[from] brn
|-heal|p1a: Skarmory|8/100|[from] item: Leftovers
|upkeep
|turn|29
|
|t:|1729732357
|switch|p2a: Celebi|Celebi|84/100
|-damage|p2a: Celebi|67/100|[from] Spikes
|move|p1a: Skarmory|Protect||[still]
|-fail|p1a: Skarmory
|
|-heal|p2a: Celebi|73/100|[from] item: Leftovers
|-heal|p1a: Skarmory|14/100|[from] item: Leftovers
|upkeep
|turn|30
|
|t:|1729732361
|switch|p1a: Zapdos|Zapdos|80/100
|move|p2a: Celebi|Hidden Power|p1a: Zapdos
|-damage|p1a: Zapdos|65/100
|
|-heal|p2a: Celebi|79/100|[from] item: Leftovers
|-heal|p1a: Zapdos|71/100|[from] item: Leftovers
|upkeep
|turn|31
|
|t:|1729732370
|move|p2a: Celebi|Calm Mind|p2a: Celebi
|-boost|p2a: Celebi|spa|1
|-boost|p2a: Celebi|spd|1
|move|p1a: Zapdos|Roar|p2a: Celebi
|drag|p2a: Raikou|Raikou|100/100
|-damage|p2a: Raikou|84/100|[from] Spikes
|
|-heal|p2a: Raikou|90/100|[from] item: Leftovers
|-heal|p1a: Zapdos|77/100|[from] item: Leftovers
|upkeep
|turn|32
|
|t:|1729732380
|move|p2a: Raikou|Thunderbolt|p1a: Zapdos
|-damage|p1a: Zapdos|44/100
|move|p1a: Zapdos|Roar|p2a: Raikou
|drag|p2a: Celebi|Celebi|79/100
|-damage|p2a: Celebi|63/100|[from] Spikes
|
|-heal|p2a: Celebi|69/100|[from] item: Leftovers
|-heal|p1a: Zapdos|50/100|[from] item: Leftovers
|upkeep
|turn|33
|
|t:|1729732386
|move|p2a: Celebi|Giga Drain|p1a: Zapdos
|-resisted|p1a: Zapdos
|-damage|p1a: Zapdos|41/100
|-heal|p2a: Celebi|73/100|[from] drain|[of] p1a: Zapdos
|move|p1a: Zapdos|Roar|p2a: Celebi
|drag|p2a: Raikou|Raikou|90/100
|-damage|p2a: Raikou|74/100|[from] Spikes
|
|-heal|p2a: Raikou|80/100|[from] item: Leftovers
|-heal|p1a: Zapdos|48/100|[from] item: Leftovers
|upkeep
|turn|34
|
|t:|1729732388
|move|p2a: Raikou|Thunderbolt|p1a: Zapdos
|-damage|p1a: Zapdos|14/100
|move|p1a: Zapdos|Rest|p1a: Zapdos
|-status|p1a: Zapdos|slp|[from] move: Rest
|-heal|p1a: Zapdos|100/100 slp|[silent]
|
|-heal|p2a: Raikou|86/100|[from] item: Leftovers
|upkeep
|turn|35
|
|t:|1729732391
|move|p2a: Raikou|Calm Mind|p2a: Raikou
|-boost|p2a: Raikou|spa|1
|-boost|p2a: Raikou|spd|1
|cant|p1a: Zapdos|slp
|move|p1a: Zapdos|Sleep Talk|p1a: Zapdos
|move|p1a: Zapdos|Rest|p1a: Zapdos|[from]Sleep Talk
|
|-heal|p2a: Raikou|92/100|[from] item: Leftovers
|upkeep
|turn|36
|
|t:|1729732393
|move|p2a: Raikou|Thunderbolt|p1a: Zapdos
|-damage|p1a: Zapdos|53/100 slp
|cant|p1a: Zapdos|slp
|move|p1a: Zapdos|Sleep Talk|p1a: Zapdos
|move|p1a: Zapdos|Thunderbolt|p2a: Raikou|[from]Sleep Talk
|-resisted|p2a: Raikou
|-damage|p2a: Raikou|78/100
|-status|p2a: Raikou|par
|
|-heal|p1a: Zapdos|59/100 slp|[from] item: Leftovers
|-heal|p2a: Raikou|84/100 par|[from] item: Leftovers
|upkeep
|turn|37
|
|t:|1729732396
|move|p2a: Raikou|Thunderbolt|p1a: Zapdos
|-damage|p1a: Zapdos|14/100 slp
|-curestatus|p1a: Zapdos|slp|[msg]
|move|p1a: Zapdos|Roar|p2a: Raikou
|drag|p2a: Celebi|Celebi|73/100
|-damage|p2a: Celebi|57/100|[from] Spikes
|
|-heal|p2a: Celebi|63/100|[from] item: Leftovers
|-heal|p1a: Zapdos|20/100|[from] item: Leftovers
|upkeep
|turn|38
|
|t:|1729732403
|move|p2a: Celebi|Hidden Power|p1a: Zapdos
|-damage|p1a: Zapdos|6/100
|move|p1a: Zapdos|Rest|p1a: Zapdos
|-status|p1a: Zapdos|slp|[from] move: Rest
|-heal|p1a: Zapdos|100/100 slp|[silent]
|
|-heal|p2a: Celebi|69/100|[from] item: Leftovers
|upkeep
|turn|39
|
|t:|1729732422
|move|p2a: Celebi|Giga Drain|p1a: Zapdos
|-resisted|p1a: Zapdos
|-damage|p1a: Zapdos|91/100 slp
|-heal|p2a: Celebi|74/100|[from] drain|[of] p1a: Zapdos
|cant|p1a: Zapdos|slp
|move|p1a: Zapdos|Sleep Talk|p1a: Zapdos
|move|p1a: Zapdos|Rest|p1a: Zapdos|[from]Sleep Talk
|
|-heal|p2a: Celebi|80/100|[from] item: Leftovers
|-heal|p1a: Zapdos|97/100 slp|[from] item: Leftovers
|upkeep
|turn|40
|
|t:|1729732429
|move|p2a: Celebi|Giga Drain|p1a: Zapdos
|-resisted|p1a: Zapdos
|-damage|p1a: Zapdos|88/100 slp
|-heal|p2a: Celebi|84/100|[from] drain|[of] p1a: Zapdos
|cant|p1a: Zapdos|slp
|
|-heal|p2a: Celebi|90/100|[from] item: Leftovers
|-heal|p1a: Zapdos|95/100 slp|[from] item: Leftovers
|upkeep
|turn|41
|
|t:|1729732432
|move|p2a: Celebi|Hidden Power|p1a: Zapdos
|-damage|p1a: Zapdos|80/100 slp
|-curestatus|p1a: Zapdos|slp|[msg]
|move|p1a: Zapdos|Thunderbolt|p2a: Celebi
|-resisted|p2a: Celebi
|-damage|p2a: Celebi|72/100
|
|-heal|p2a: Celebi|78/100|[from] item: Leftovers
|-heal|p1a: Zapdos|86/100|[from] item: Leftovers
|upkeep
|turn|42
|
|t:|1729732436
|move|p2a: Celebi|Calm Mind|p2a: Celebi
|-boost|p2a: Celebi|spa|1
|-boost|p2a: Celebi|spd|1
|move|p1a: Zapdos|Thunderbolt|p2a: Celebi
|-resisted|p2a: Celebi
|-damage|p2a: Celebi|66/100
|
|-heal|p2a: Celebi|72/100|[from] item: Leftovers
|-heal|p1a: Zapdos|92/100|[from] item: Leftovers
|upkeep
|turn|43
|
|t:|1729732439
|move|p2a: Celebi|Hidden Power|p1a: Zapdos
|-damage|p1a: Zapdos|70/100
|move|p1a: Zapdos|Roar|p2a: Celebi
|drag|p2a: Dugtrio|Dugtrio, F|43/100 brn
|-damage|p2a: Dugtrio|26/100 brn|[from] Spikes
|
|-damage|p2a: Dugtrio|14/100 brn|[from] brn
|-heal|p1a: Zapdos|76/100|[from] item: Leftovers
|upkeep
|turn|44
|
|t:|1729732442
|switch|p1a: Flygon|Flygon, M|21/100
|move|p2a: Dugtrio|Rock Slide|p1a: Flygon
|-resisted|p1a: Flygon
|-damage|p1a: Flygon|15/100
|
|-damage|p2a: Dugtrio|1/100 brn|[from] brn
|-heal|p1a: Flygon|21/100|[from] item: Leftovers
|upkeep
|turn|45
|
|t:|1729732456
|move|p1a: Flygon|Protect|p1a: Flygon
|-singleturn|p1a: Flygon|Protect
|move|p2a: Dugtrio|Rock Slide|p1a: Flygon
|-activate|p1a: Flygon|Protect
|
|-damage|p2a: Dugtrio|0 fnt|[from] brn
|faint|p2a: Dugtrio
|-heal|p1a: Flygon|27/100|[from] item: Leftovers
|upkeep
|
|t:|1729732467
|switch|p2a: Jirachi|Jirachi|100/100
|-damage|p2a: Jirachi|84/100|[from] Spikes
|turn|46
|
|t:|1729732469
|switch|p1a: Zapdos|Zapdos|76/100
|move|p2a: Jirachi|Psychic|p1a: Zapdos
|-damage|p1a: Zapdos|50/100
|
|-heal|p2a: Jirachi|90/100|[from] item: Leftovers
|-heal|p1a: Zapdos|56/100|[from] item: Leftovers
|upkeep
|turn|47
|
|t:|1729732473
|move|p2a: Jirachi|Psychic|p1a: Zapdos
|-damage|p1a: Zapdos|29/100
|move|p1a: Zapdos|Roar|p2a: Jirachi
|drag|p2a: Celebi|Celebi|72/100
|-damage|p2a: Celebi|56/100|[from] Spikes
|
|-heal|p2a: Celebi|62/100|[from] item: Leftovers
|-heal|p1a: Zapdos|35/100|[from] item: Leftovers
|upkeep
|turn|48
|
|t:|1729732481
|switch|p2a: Porygon2|Porygon2|100/100
|-damage|p2a: Porygon2|84/100|[from] Spikes
|-ability|p2a: Porygon2|Pressure|[from] ability: Trace|[of] p1a: Zapdos
|move|p1a: Zapdos|Rest|p1a: Zapdos
|-status|p1a: Zapdos|slp|[from] move: Rest
|-heal|p1a: Zapdos|100/100 slp|[silent]
|
|-heal|p2a: Porygon2|90/100|[from] item: Leftovers
|upkeep
|turn|49
|
|t:|1729732487
|cant|p1a: Zapdos|slp
|move|p2a: Porygon2|Thunderbolt|p1a: Zapdos
|-damage|p1a: Zapdos|84/100 slp
|
|-heal|p1a: Zapdos|91/100 slp|[from] item: Leftovers
|-heal|p2a: Porygon2|96/100|[from] item: Leftovers
|upkeep
|turn|50
|
|t:|1729732490
|cant|p1a: Zapdos|slp
|move|p2a: Porygon2|Ice Beam|p1a: Zapdos
|-supereffective|p1a: Zapdos
|-damage|p1a: Zapdos|59/100 slp
|
|-heal|p1a: Zapdos|65/100 slp|[from] item: Leftovers
|-heal|p2a: Porygon2|100/100|[from] item: Leftovers
|upkeep
|turn|51
|
|t:|1729732494
|switch|p1a: Gengar|Gengar, F|87/100
|move|p2a: Porygon2|Ice Beam|p1a: Gengar
|-damage|p1a: Gengar|58/100
|
|-heal|p1a: Gengar|65/100|[from] item: Leftovers
|upkeep
|turn|52
|
|t:|1729732502
|move|p1a: Gengar|Ice Punch|p2a: Porygon2
|-damage|p2a: Porygon2|79/100
|move|p2a: Porygon2|Thunderbolt|p1a: Gengar
|-damage|p1a: Gengar|37/100
|
|-heal|p1a: Gengar|44/100|[from] item: Leftovers
|-heal|p2a: Porygon2|86/100|[from] item: Leftovers
|upkeep
|turn|53
|
|t:|1729732506
|move|p1a: Gengar|Will-O-Wisp|p2a: Porygon2|[miss]
|-miss|p1a: Gengar|p2a: Porygon2
|move|p2a: Porygon2|Thunderbolt|p1a: Gengar
|-damage|p1a: Gengar|16/100
|
|-heal|p1a: Gengar|22/100|[from] item: Leftovers
|-heal|p2a: Porygon2|92/100|[from] item: Leftovers
|upkeep
|turn|54
|
|t:|1729732512
|move|p1a: Gengar|Destiny Bond|p1a: Gengar
|-singlemove|p1a: Gengar|Destiny Bond
|move|p2a: Porygon2|Thunderbolt|p1a: Gengar
|-damage|p1a: Gengar|0 fnt
|faint|p1a: Gengar
|-activate|p1a: Gengar|move: Destiny Bond
|faint|p2a: Porygon2
|
|t:|1729732517
|switch|p1a: Zapdos|Zapdos|65/100 slp
|switch|p2a: Jirachi|Jirachi|90/100
|-damage|p2a: Jirachi|73/100|[from] Spikes
|
|-heal|p2a: Jirachi|79/100|[from] item: Leftovers
|-heal|p1a: Zapdos|72/100 slp|[from] item: Leftovers
|upkeep
|turn|55
|
|t:|1729732523
|move|p2a: Jirachi|Psychic|p1a: Zapdos
|-damage|p1a: Zapdos|43/100 slp
|-curestatus|p1a: Zapdos|slp|[msg]
|move|p1a: Zapdos|Thunderbolt|p2a: Jirachi
|-damage|p2a: Jirachi|41/100
|
|-heal|p2a: Jirachi|47/100|[from] item: Leftovers
|-heal|p1a: Zapdos|49/100|[from] item: Leftovers
|upkeep
|turn|56
|
|t:|1729732526
|move|p2a: Jirachi|Calm Mind|p2a: Jirachi
|-boost|p2a: Jirachi|spa|1
|-boost|p2a: Jirachi|spd|1
|move|p1a: Zapdos|Rest|p1a: Zapdos
|-status|p1a: Zapdos|slp|[from] move: Rest
|-heal|p1a: Zapdos|100/100 slp|[silent]
|
|-heal|p2a: Jirachi|53/100|[from] item: Leftovers
|upkeep
|turn|57
|
|t:|1729732529
|move|p2a: Jirachi|Calm Mind|p2a: Jirachi
|-boost|p2a: Jirachi|spa|1
|-boost|p2a: Jirachi|spd|1
|cant|p1a: Zapdos|slp
|move|p1a: Zapdos|Sleep Talk|p1a: Zapdos
|move|p1a: Zapdos|Rest|p1a: Zapdos|[from]Sleep Talk
|
|-heal|p2a: Jirachi|59/100|[from] item: Leftovers
|upkeep
|turn|58
|
|t:|1729732533
|move|p2a: Jirachi|Psychic|p1a: Zapdos
|-damage|p1a: Zapdos|44/100 slp
|cant|p1a: Zapdos|slp
|move|p1a: Zapdos|Sleep Talk|p1a: Zapdos
|move|p1a: Zapdos|Rest|p1a: Zapdos|[from]Sleep Talk
|
|-heal|p2a: Jirachi|65/100|[from] item: Leftovers
|-heal|p1a: Zapdos|50/100 slp|[from] item: Leftovers
|upkeep
|turn|59
|
|t:|1729732543
|switch|p1a: Skarmory|Skarmory, M|14/100
|move|p2a: Jirachi|Psychic|p1a: Skarmory
|-resisted|p1a: Skarmory
|-damage|p1a: Skarmory|0 fnt
|faint|p1a: Skarmory
|
|t:|1729732544
|switch|p1a: Mantine|Mantine, M|95/100 tox
|
|-heal|p2a: Jirachi|72/100|[from] item: Leftovers
|-heal|p1a: Mantine|100/100 tox|[from] item: Leftovers
|-damage|p1a: Mantine|95/100 tox|[from] psn
|upkeep
|turn|60
|
|t:|1729732557
|move|p2a: Jirachi|Psychic|p1a: Mantine
|-damage|p1a: Mantine|46/100 tox
|move|p1a: Mantine|Haze|p1a: Mantine
|-clearallboost
|
|-heal|p2a: Jirachi|78/100|[from] item: Leftovers
|-heal|p1a: Mantine|52/100 tox|[from] item: Leftovers
|-damage|p1a: Mantine|40/100 tox|[from] psn
|upkeep
|turn|61
|
|t:|1729732561
|move|p2a: Jirachi|Calm Mind|p2a: Jirachi
|-boost|p2a: Jirachi|spa|1
|-boost|p2a: Jirachi|spd|1
|move|p1a: Mantine|Rest|p1a: Mantine
|-status|p1a: Mantine|slp|[from] move: Rest
|-heal|p1a: Mantine|100/100 slp|[silent]
|
|-heal|p2a: Jirachi|84/100|[from] item: Leftovers
|upkeep
|turn|62
|
|t:|1729732567
|switch|p1a: Zapdos|Zapdos|50/100 slp
|move|p2a: Jirachi|Calm Mind|p2a: Jirachi
|-boost|p2a: Jirachi|spa|1
|-boost|p2a: Jirachi|spd|1
|
|-heal|p2a: Jirachi|90/100|[from] item: Leftovers
|-heal|p1a: Zapdos|57/100 slp|[from] item: Leftovers
|upkeep
|turn|63
|
|t:|1729732578
|move|p2a: Jirachi|Psychic|p1a: Zapdos
|-damage|p1a: Zapdos|0 fnt
|faint|p1a: Zapdos
|
|t:|1729732580
|switch|p1a: Mantine|Mantine, M|100/100 slp
|
|-heal|p2a: Jirachi|96/100|[from] item: Leftovers
|upkeep
|turn|64
|
|t:|1729732585
|move|p2a: Jirachi|Calm Mind|p2a: Jirachi
|-boost|p2a: Jirachi|spa|1
|-boost|p2a: Jirachi|spd|1
|cant|p1a: Mantine|slp
|
|-heal|p2a: Jirachi|100/100|[from] item: Leftovers
|upkeep
|turn|65
|
|t:|1729732588
|move|p2a: Jirachi|Hidden Power|p1a: Mantine
|-damage|p1a: Mantine|68/100 slp
|cant|p1a: Mantine|slp
|
|-heal|p1a: Mantine|74/100 slp|[from] item: Leftovers
|upkeep
|turn|66
|
|t:|1729732590
|move|p2a: Jirachi|Hidden Power|p1a: Mantine
|-damage|p1a: Mantine|43/100 slp
|-curestatus|p1a: Mantine|slp|[msg]
|move|p1a: Mantine|Haze|p1a: Mantine
|-clearallboost
|
|-heal|p1a: Mantine|49/100|[from] item: Leftovers
|upkeep
|turn|67
|
|t:|1729732594
|move|p2a: Jirachi|Calm Mind|p2a: Jirachi
|-boost|p2a: Jirachi|spa|1
|-boost|p2a: Jirachi|spd|1
|move|p1a: Mantine|Surf|p2a: Jirachi
|-damage|p2a: Jirachi|83/100
|
|-heal|p2a: Jirachi|89/100|[from] item: Leftovers
|-heal|p1a: Mantine|55/100|[from] item: Leftovers
|upkeep
|turn|68
|
|t:|1729732598
|move|p2a: Jirachi|Hidden Power|p1a: Mantine
|-damage|p1a: Mantine|37/100
|move|p1a: Mantine|Haze|p1a: Mantine
|-clearallboost
|
|-heal|p2a: Jirachi|95/100|[from] item: Leftovers
|-heal|p1a: Mantine|43/100|[from] item: Leftovers
|upkeep
|turn|69
|
|t:|1729732600
|move|p2a: Jirachi|Calm Mind|p2a: Jirachi
|-boost|p2a: Jirachi|spa|1
|-boost|p2a: Jirachi|spd|1
|move|p1a: Mantine|Surf|p2a: Jirachi
|-damage|p2a: Jirachi|76/100
|
|-heal|p2a: Jirachi|82/100|[from] item: Leftovers
|-heal|p1a: Mantine|49/100|[from] item: Leftovers
|upkeep
|turn|70
|
|t:|1729732603
|move|p2a: Jirachi|Hidden Power|p1a: Mantine
|-damage|p1a: Mantine|29/100
|move|p1a: Mantine|Haze|p1a: Mantine
|-clearallboost
|
|-heal|p2a: Jirachi|89/100|[from] item: Leftovers
|-heal|p1a: Mantine|35/100|[from] item: Leftovers
|upkeep
|turn|71
|
|t:|1729732607
|move|p2a: Jirachi|Calm Mind|p2a: Jirachi
|-boost|p2a: Jirachi|spa|1
|-boost|p2a: Jirachi|spd|1
|move|p1a: Mantine|Surf|p2a: Jirachi
|-damage|p2a: Jirachi|70/100
|
|-heal|p2a: Jirachi|77/100|[from] item: Leftovers
|-heal|p1a: Mantine|41/100|[from] item: Leftovers
|upkeep
|turn|72
|
|t:|1729732610
|move|p2a: Jirachi|Hidden Power|p1a: Mantine
|-damage|p1a: Mantine|23/100
|move|p1a: Mantine|Haze|p1a: Mantine
|-clearallboost
|
|-heal|p2a: Jirachi|83/100|[from] item: Leftovers
|-heal|p1a: Mantine|29/100|[from] item: Leftovers
|upkeep
|turn|73
|
|t:|1729732614
|move|p2a: Jirachi|Calm Mind|p2a: Jirachi
|-boost|p2a: Jirachi|spa|1
|-boost|p2a: Jirachi|spd|1
|move|p1a: Mantine|Rest|p1a: Mantine
|-status|p1a: Mantine|slp|[from] move: Rest
|-heal|p1a: Mantine|100/100 slp|[silent]
|
|-heal|p2a: Jirachi|89/100|[from] item: Leftovers
|upkeep
|turn|74
|
|t:|1729732616
|move|p2a: Jirachi|Calm Mind|p2a: Jirachi
|-boost|p2a: Jirachi|spa|1
|-boost|p2a: Jirachi|spd|1
|cant|p1a: Mantine|slp
|
|-heal|p2a: Jirachi|95/100|[from] item: Leftovers
|upkeep
|turn|75
|
|t:|1729732618
|move|p2a: Jirachi|Hidden Power|p1a: Mantine
|-damage|p1a: Mantine|77/100 slp
|cant|p1a: Mantine|slp
|
|-heal|p2a: Jirachi|100/100|[from] item: Leftovers
|-heal|p1a: Mantine|83/100 slp|[from] item: Leftovers
|upkeep
|turn|76
|
|t:|1729732620
|move|p2a: Jirachi|Hidden Power|p1a: Mantine
|-damage|p1a: Mantine|56/100 slp
|-curestatus|p1a: Mantine|slp|[msg]
|move|p1a: Mantine|Haze|p1a: Mantine
|-clearallboost
|
|-heal|p1a: Mantine|62/100|[from] item: Leftovers
|upkeep
|turn|77
|
|t:|1729732627
|move|p2a: Jirachi|Fire Punch|p1a: Mantine
|-resisted|p1a: Mantine
|-damage|p1a: Mantine|55/100
|-status|p1a: Mantine|brn
|move|p1a: Mantine|Haze|p1a: Mantine
|-clearallboost
|
|-heal|p1a: Mantine|61/100 brn|[from] item: Leftovers
|-damage|p1a: Mantine|49/100 brn|[from] brn
|upkeep
|turn|78
|
|t:|1729732631
|move|p2a: Jirachi|Fire Punch|p1a: Mantine
|-resisted|p1a: Mantine
|-damage|p1a: Mantine|42/100 brn
|move|p1a: Mantine|Surf|p2a: Jirachi
|-damage|p2a: Jirachi|74/100
|
|-heal|p2a: Jirachi|80/100|[from] item: Leftovers
|-heal|p1a: Mantine|48/100 brn|[from] item: Leftovers
|-damage|p1a: Mantine|36/100 brn|[from] brn
|upkeep
|turn|79
|
|t:|1729732638
|switch|p2a: Raikou|Raikou|84/100 par
|-damage|p2a: Raikou|68/100 par|[from] Spikes
|move|p1a: Mantine|Rest|p1a: Mantine
|-status|p1a: Mantine|slp|[from] move: Rest
|-heal|p1a: Mantine|100/100 slp|[silent]
|
|-heal|p2a: Raikou|74/100 par|[from] item: Leftovers
|upkeep
|turn|80
|
|t:|1729732641
|cant|p1a: Mantine|slp
|move|p2a: Raikou|Hidden Power|p1a: Mantine
|-damage|p1a: Mantine|86/100 slp
|
|-heal|p1a: Mantine|92/100 slp|[from] item: Leftovers
|-heal|p2a: Raikou|80/100 par|[from] item: Leftovers
|upkeep
|turn|81
|
|t:|1729732644
|switch|p1a: Flygon|Flygon, M|27/100
|move|p2a: Raikou|Hidden Power|p1a: Flygon
|-supereffective|p1a: Flygon
|-damage|p1a: Flygon|0 fnt
|faint|p1a: Flygon
|
|t:|1729732660
|switch|p1a: Mantine|Mantine, M|92/100 slp
|
|-heal|p1a: Mantine|98/100 slp|[from] item: Leftovers
|-heal|p2a: Raikou|87/100 par|[from] item: Leftovers
|upkeep
|turn|82
|
|t:|1729732662
|cant|p1a: Mantine|slp
|move|p2a: Raikou|Thunderbolt|p1a: Mantine
|-supereffective|p1a: Mantine
|-damage|p1a: Mantine|0 fnt
|faint|p1a: Mantine
|
|win|hey its me riley
|c|☆hey its me riley|ggs
|player|p2|

</script>
<script type="application/json" class="data" id="replaydata-smogtours-gen3ou-801487">
{"id":"smogtours-gen3ou-801487","format":"[Gen 3] OU","players":["Tree69420","hey its me riley"],"uploadtime":1729732662,"views":90,"formatid":"gen3ou","rating":null,"private":0,"password":null}
</script>

<script defer src="js/replays.js?9d40a366"></script>
