<!DOCTYPE html>
<meta charset="utf-8" />
<meta name="viewport" content="width=device-width" />

<title>[Gen 3] OU: SgtPingwen vs. yt-cyber-dj - Replays - Pok&eacute;mon Showdown!</title>

<meta name="description" content="Watch a replay of a Pok&eacute;mon battle between SgtPingwen and yt-cyber-dj! Format: [Gen 3] OU; Date: Oct 9, 2024" />
<!--

Hey, you! Looking in the source for the replay log?

You can find them in JSON format, just add `.json` at the end of a replay URL.

https://replay.pokemonshowdown.com/gen7randomdoublesbattle-865046831.json

Or, if you only need the log itself, add `.log` instead:

https://replay.pokemonshowdown.com/gen7randomdoublesbattle-865046831.log

-->

<link rel="stylesheet" href="//pokemonshowdown.com/style/global.css?0.023195364461161105" />
<link rel="stylesheet" href="//play.pokemonshowdown.com/style/font-awesome.css?0.13261647063804238" />
<link rel="stylesheet" href="//play.pokemonshowdown.com/style/battle.css?0.8753245789963631" />
<link rel="stylesheet" href="//play.pokemonshowdown.com/style/utilichart.css?0.8627959624976733" />

<!-- Global site tag (gtag.js) - Google Analytics -->
<script async src="https://www.googletagmanager.com/gtag/js?id=UA-26211653-1"></script>
<script>
  window.dataLayer = window.dataLayer || [];
  function gtag(){dataLayer.push(arguments);}
  gtag('js', new Date());

  gtag('config', 'UA-26211653-1');
</script>
<!-- End Google Analytics -->
<!-- Venatus Ad Manager - Install in <HEAD> of page -->
	<script src="https://hb.vntsm.com/v3/live/ad-manager.min.js" type="text/javascript" data-site-id="642aba63ec9a7b11c3c9c1be" data-mode="scan" async></script>
<!-- / Venatus Ad Manager -->

<style>
	@media (max-width:820px) {
		.battle {
			margin: 0 auto;
		}
		.battle-log {
			margin: 7px auto 0;
			max-width: 640px;
			height: 300px;
			position: static;
		}
	}
	.optgroup {
		display: inline-block;
		line-height: 22px;
		font-size: 10pt;
	}
	.optgroup .button {
		height: 25px;
		padding-top: 0;
		padding-bottom: 0;
	}
	.optgroup button.button {
		padding-left: 12px;
		padding-right: 12px;
	}
	.linklist {
		list-style: none;
		margin: 0.5em 0;
		padding: 0;
	}
	.linklist li {
		padding: 2px 0;
	}
	.sidebar {
		float: left;
		width: 320px;
	}
	.bar-wrapper {
		max-width: 1100px;
		margin: 0 auto;
	}
	.bar-wrapper.has-sidebar {
		max-width: 1430px;
	}
	.mainbar {
		margin: 0;
		padding-right: 1px;
	}
	.mainbar.has-sidebar {
		margin-left: 330px;
	}
	@media (min-width: 1511px) {
		.sidebar {
			width: 400px;
		}
		.bar-wrapper.has-sidebar {
			max-width: 1510px;
		}
		.mainbar.has-sidebar {
			margin-left: 410px;
		}
	}
	.section.first-section {
		margin-top: 9px;
	}
	.blocklink small {
		white-space: normal;
	}
	.button {
		vertical-align: middle;
	}
	.replay-controls {
		padding-top: 10px;
	}
	.replay-controls h1 {
		font-size: 16pt;
		font-weight: normal;
		color: #CCC;
	}
	.pagelink {
		text-align: center;
	}
	.pagelink a {
		width: 150px;
	}
	.textbox, .button {
		font-size: 11pt;
		vertical-align: middle;
	}
	@media (max-width: 450px) {
		.button {
			font-size: 9pt;
		}
	}
</style>

<div>

	<header>
		<div class="nav-wrapper"><ul class="nav">
			<li><a class="button nav-first" href="//pokemonshowdown.com/"><img src="//pokemonshowdown.com/images/pokemonshowdownbeta.png" srcset="//pokemonshowdown.com/images/pokemonshowdownbeta.png 1x, //pokemonshowdown.com/images/pokemonshowdownbeta@2x.png 2x" alt="Pok&eacute;mon Showdown" width="146" height="44" /> Home</a></li>
			<li><a class="button" href="//pokemonshowdown.com/dex/">Pok&eacute;dex</a></li>
			<li><a class="button cur" href="/">Replays</a></li>
			<li><a class="button" href="//pokemonshowdown.com/ladder/">Ladder</a></li>
			<li><a class="button nav-last" href="//pokemonshowdown.com/forums/">Forum</a></li>
			<li><a class="button greenbutton nav-first nav-last" href="//play.pokemonshowdown.com/">Play</a></li>
		</ul></div>
	</header>

	<div class="main" id="main">

		<noscript><section class="section">You need to enable JavaScript to use this page; sorry!</section></noscript>

	</div>

</div>

<script defer nomodule src="//play.pokemonshowdown.com/js/lib/ps-polyfill.js"></script>
<script defer src="//play.pokemonshowdown.com/js/lib/preact.min.js"></script>

<script defer src="//play.pokemonshowdown.com/config/config.js?2bddbc15"></script>
<script defer src="//play.pokemonshowdown.com/js/lib/jquery-1.11.0.min.js"></script>
<script defer src="//play.pokemonshowdown.com/js/lib/html-sanitizer-minified.js"></script>
<script defer src="//play.pokemonshowdown.com/js/battle-sound.js"></script>
<script defer src="//play.pokemonshowdown.com/js/battledata.js?0.7209276989879541"></script>
<script defer src="//play.pokemonshowdown.com/data/pokedex-mini.js?0.6111056340867951"></script>
<script defer src="//play.pokemonshowdown.com/data/pokedex-mini-bw.js?0.3532142036491459"></script>
<script defer src="//play.pokemonshowdown.com/data/graphics.js?0.24223875632456182"></script>
<script defer src="//play.pokemonshowdown.com/data/pokedex.js?0.38839984266356864"></script>
<script defer src="//play.pokemonshowdown.com/data/moves.js?0.21866028504024015"></script>
<script defer src="//play.pokemonshowdown.com/data/abilities.js?0.2005157953846628"></script>
<script defer src="//play.pokemonshowdown.com/data/items.js?0.9894211263848525"></script>
<script defer src="//play.pokemonshowdown.com/data/teambuilder-tables.js?0.6008791140282215"></script>
<script defer src="//play.pokemonshowdown.com/js/battle-tooltips.js?0.7580118955022959"></script>
<script defer src="//play.pokemonshowdown.com/js/battle.js?0.6057722274234274"></script>

<script defer src="js/utils.js?e31f9a17"></script>
<script defer src="js/replays-battle.js?7008c182"></script>

<!-- don't scrape this data! just add .json or .log after the URL!
Full API docs: https://github.com/smogon/pokemon-showdown-client/blob/master/WEB-API.md -->
<script type="text/plain" class="log" id="replaylog-smogtours-gen3ou-796710">
|inactive|Battle timer is ON: inactive players will automatically lose when time's up.
|t:|1728500418
|gametype|singles
|player|p1|SgtPingwen|falkner|
|player|p2|yt-cyber-dj|gambler|
|teamsize|p1|6
|teamsize|p2|6
|gen|3
|tier|[Gen 3] OU
|rule|Sleep Clause Mod: Limit one foe put to sleep
|rule|Switch Priority Clause Mod: Faster Pokémon switch first
|rule|Species Clause: Limit one of each Pokémon
|rule|OHKO Clause: OHKO moves are banned
|rule|Evasion Items Clause: Evasion items are banned
|rule|Evasion Moves Clause: Evasion moves are banned
|rule|Endless Battle Clause: Forcing endless battles is banned
|rule|HP Percentage Mod: HP is shown in percentages
|rule|One Boost Passer Clause: Limit one Baton Passer that has a way to boost its stats
|rule|Freeze Clause Mod: Limit one foe frozen
|
|t:|1728500418
|start
|switch|p1a: Zapdos|Zapdos|100/100
|switch|p2a: Oceanic Gamer|Salamence, M, shiny|100/100
|-ability|p2a: Oceanic Gamer|Intimidate|boost
|-unboost|p1a: Zapdos|atk|1
|turn|1
|inactive|SgtPingwen has 270 seconds left.
|inactive|yt-cyber-dj has 270 seconds left.
|
|t:|1728500464
|switch|p2a: Sotina's Journey|Blissey, F|100/100
|move|p1a: Zapdos|Thunder Wave|p2a: Sotina's Journey
|-status|p2a: Sotina's Journey|par
|
|upkeep
|turn|2
|
|t:|1728500477
|move|p1a: Zapdos|Baton Pass|p1a: Zapdos
|
|t:|1728500479
|switch|p1a: Metagross|Metagross|100/100|[from] Baton Pass
|move|p2a: Sotina's Journey|Sing|p1a: Metagross|[miss]
|-miss|p2a: Sotina's Journey|p1a: Metagross
|
|upkeep
|turn|3
|
|t:|1728500490
|switch|p1a: Tyranitar|Tyranitar, F|100/100
|-weather|Sandstorm|[from] ability: Sand Stream|[of] p1a: Tyranitar
|-curestatus|p2a: Sotina's Journey|par|[from] ability: Natural Cure
|switch|p2a: Lemon LC|Skarmory, M|100/100
|
|-weather|Sandstorm|[upkeep]
|upkeep
|turn|4
|
|t:|1728500499
|switch|p1a: Smeargle|Smeargle, M|100/100
|move|p2a: Lemon LC|Spikes|p1a: Smeargle
|-sidestart|p1: SgtPingwen|Spikes
|
|-weather|Sandstorm|[upkeep]
|-damage|p1a: Smeargle|95/100|[from] Sandstorm
|upkeep
|turn|5
|
|t:|1728500514
|switch|p2a: Oceanic Gamer|Salamence, M, shiny|100/100
|-ability|p2a: Oceanic Gamer|Intimidate|boost
|-unboost|p1a: Smeargle|atk|1
|move|p1a: Smeargle|Spore|p2a: Oceanic Gamer
|-status|p2a: Oceanic Gamer|slp|[from] move: Spore
|
|-weather|Sandstorm|[upkeep]
|-damage|p2a: Oceanic Gamer|94/100 slp|[from] Sandstorm
|-damage|p1a: Smeargle|89/100|[from] Sandstorm
|-heal|p2a: Oceanic Gamer|100/100 slp|[from] item: Leftovers
|upkeep
|turn|6
|
|t:|1728500529
|switch|p2a: KineSquad|Claydol|100/100
|switch|p1a: Swampert|Swampert, F|100/100
|-damage|p1a: Swampert|88/100|[from] Spikes
|
|-weather|Sandstorm|[upkeep]
|upkeep
|turn|7
|
|t:|1728500538
|switch|p2a: Lemon LC|Skarmory, M|100/100
|move|p1a: Swampert|Substitute|p1a: Swampert
|-start|p1a: Swampert|Substitute
|-damage|p1a: Swampert|63/100
|
|-weather|Sandstorm|[upkeep]
|upkeep
|turn|8
|
|t:|1728500544
|move|p1a: Swampert|Hydro Pump|p2a: Lemon LC
|-damage|p2a: Lemon LC|60/100
|move|p2a: Lemon LC|Roar|p1a: Swampert
|drag|p1a: Zapdos|Zapdos|100/100
|
|-weather|Sandstorm|[upkeep]
|-damage|p1a: Zapdos|94/100|[from] Sandstorm
|-heal|p1a: Zapdos|100/100|[from] item: Leftovers
|-heal|p2a: Lemon LC|66/100|[from] item: Leftovers
|upkeep
|turn|9
|
|t:|1728500549
|move|p2a: Lemon LC|Protect|p2a: Lemon LC
|-singleturn|p2a: Lemon LC|Protect
|move|p1a: Zapdos|Thunderbolt|p2a: Lemon LC
|-activate|p2a: Lemon LC|Protect
|
|-weather|Sandstorm|[upkeep]
|-damage|p1a: Zapdos|94/100|[from] Sandstorm
|-heal|p1a: Zapdos|100/100|[from] item: Leftovers
|-heal|p2a: Lemon LC|72/100|[from] item: Leftovers
|upkeep
|turn|10
|
|t:|1728500558
|switch|p2a: KineSquad|Claydol|100/100
|move|p1a: Zapdos|Hidden Power|p2a: KineSquad
|-supereffective|p2a: KineSquad
|-damage|p2a: KineSquad|50/100
|
|-weather|Sandstorm|[upkeep]
|-damage|p1a: Zapdos|94/100|[from] Sandstorm
|-heal|p1a: Zapdos|100/100|[from] item: Leftovers
|-heal|p2a: KineSquad|56/100|[from] item: Leftovers
|upkeep
|turn|11
|
|t:|1728500566
|switch|p2a: Sotina's Journey|Blissey, F|100/100
|move|p1a: Zapdos|Hidden Power|p2a: Sotina's Journey
|-damage|p2a: Sotina's Journey|90/100
|
|-weather|Sandstorm|[upkeep]
|-damage|p1a: Zapdos|94/100|[from] Sandstorm
|-damage|p2a: Sotina's Journey|84/100|[from] Sandstorm
|-heal|p1a: Zapdos|100/100|[from] item: Leftovers
|-heal|p2a: Sotina's Journey|90/100|[from] item: Leftovers
|upkeep
|turn|12
|
|t:|1728500590
|move|p1a: Zapdos|Baton Pass|p1a: Zapdos
|
|t:|1728500592
|switch|p1a: Tyranitar|Tyranitar, F|100/100|[from] Baton Pass
|-damage|p1a: Tyranitar|88/100|[from] Spikes
|move|p2a: Sotina's Journey|Sing|p1a: Tyranitar
|-status|p1a: Tyranitar|slp|[from] move: Sing
|-enditem|p1a: Tyranitar|Lum Berry|[eat]
|-curestatus|p1a: Tyranitar|slp|[msg]
|
|-weather|Sandstorm|[upkeep]
|-damage|p2a: Sotina's Journey|84/100|[from] Sandstorm
|-heal|p2a: Sotina's Journey|90/100|[from] item: Leftovers
|upkeep
|turn|13
|
|t:|1728500606
|switch|p2a: Oceanic Gamer|Salamence, M, shiny|100/100 slp
|-ability|p2a: Oceanic Gamer|Intimidate|boost
|-unboost|p1a: Tyranitar|atk|1
|move|p1a: Tyranitar|Rock Slide|p2a: Oceanic Gamer
|-supereffective|p2a: Oceanic Gamer
|-damage|p2a: Oceanic Gamer|29/100 slp
|
|-weather|Sandstorm|[upkeep]
|-damage|p2a: Oceanic Gamer|23/100 slp|[from] Sandstorm
|-heal|p2a: Oceanic Gamer|29/100 slp|[from] item: Leftovers
|upkeep
|turn|14
|inactive|SgtPingwen has 270 seconds left.
|
|t:|1728500639
|switch|p2a: Lemon LC|Skarmory, M|72/100
|move|p1a: Tyranitar|Dragon Dance|p1a: Tyranitar
|-boost|p1a: Tyranitar|atk|1
|-boost|p1a: Tyranitar|spe|1
|
|-weather|Sandstorm|[upkeep]
|-heal|p2a: Lemon LC|78/100|[from] item: Leftovers
|upkeep
|turn|15
|
|t:|1728500648
|move|p1a: Tyranitar|Rock Slide|p2a: Lemon LC
|-damage|p2a: Lemon LC|48/100
|move|p2a: Lemon LC|Toxic|p1a: Tyranitar
|-status|p1a: Tyranitar|tox
|
|-weather|Sandstorm|[upkeep]
|-damage|p1a: Tyranitar|82/100 tox|[from] psn
|-heal|p2a: Lemon LC|54/100|[from] item: Leftovers
|upkeep
|turn|16
|
|t:|1728500656
|switch|p1a: Zapdos|Zapdos|100/100
|move|p2a: Lemon LC|Roar|p1a: Zapdos
|drag|p1a: Swampert|Swampert, F|63/100
|-damage|p1a: Swampert|51/100|[from] Spikes
|
|-weather|Sandstorm|[upkeep]
|-heal|p2a: Lemon LC|60/100|[from] item: Leftovers
|upkeep
|turn|17
|
|t:|1728500665
|move|p1a: Swampert|Substitute|p1a: Swampert
|-start|p1a: Swampert|Substitute
|-damage|p1a: Swampert|26/100
|move|p2a: Lemon LC|Roar|p1a: Swampert
|drag|p1a: Tyranitar|Tyranitar, F|82/100 tox
|-damage|p1a: Tyranitar|70/100 tox|[from] Spikes
|
|-weather|Sandstorm|[upkeep]
|-damage|p1a: Tyranitar|64/100 tox|[from] psn
|-heal|p2a: Lemon LC|67/100|[from] item: Leftovers
|upkeep
|turn|18
|
|t:|1728500673
|switch|p2a: Blip_Exists|Metagross, shiny|100/100
|move|p1a: Tyranitar|Dragon Dance|p1a: Tyranitar
|-boost|p1a: Tyranitar|atk|1
|-boost|p1a: Tyranitar|spe|1
|
|-weather|Sandstorm|[upkeep]
|-damage|p1a: Tyranitar|51/100 tox|[from] psn
|upkeep
|turn|19
|
|t:|1728500682
|move|p2a: Blip_Exists|Protect|p2a: Blip_Exists
|-singleturn|p2a: Blip_Exists|Protect
|move|p1a: Tyranitar|Dragon Dance|p1a: Tyranitar
|-boost|p1a: Tyranitar|atk|1
|-boost|p1a: Tyranitar|spe|1
|
|-weather|Sandstorm|[upkeep]
|-damage|p1a: Tyranitar|33/100 tox|[from] psn
|upkeep
|turn|20
|
|t:|1728500687
|switch|p2a: KineSquad|Claydol|56/100
|move|p1a: Tyranitar|Rock Slide|p2a: KineSquad
|-resisted|p2a: KineSquad
|-damage|p2a: KineSquad|13/100
|
|-weather|Sandstorm|[upkeep]
|-damage|p1a: Tyranitar|8/100 tox|[from] psn
|-heal|p2a: KineSquad|20/100|[from] item: Leftovers
|upkeep
|turn|21
|
|t:|1728500694
|move|p1a: Tyranitar|Double-Edge|p2a: KineSquad
|-damage|p2a: KineSquad|0 fnt
|-damage|p1a: Tyranitar|3/100 tox|[from] Recoil|[of] p2a: KineSquad
|faint|p2a: KineSquad
|
|t:|1728500709
|switch|p2a: Lemon LC|Skarmory, M|67/100
|
|-weather|Sandstorm|[upkeep]
|-damage|p1a: Tyranitar|0 fnt|[from] psn
|faint|p1a: Tyranitar
|-heal|p2a: Lemon LC|73/100|[from] item: Leftovers
|upkeep
|inactive|SgtPingwen has 270 seconds left.
|
|t:|1728500765
|switch|p1a: Swampert|Swampert, F|26/100
|-damage|p1a: Swampert|14/100|[from] Spikes
|turn|22
|
|t:|1728500772
|move|p1a: Swampert|Endeavor|p2a: Lemon LC
|-damage|p2a: Lemon LC|14/100
|move|p2a: Lemon LC|Toxic|p1a: Swampert
|-status|p1a: Swampert|tox
|
|-weather|Sandstorm|[upkeep]
|-enditem|p1a: Swampert|Salac Berry|[eat]
|-boost|p1a: Swampert|spe|1|[from] item: Salac Berry
|-damage|p1a: Swampert|8/100 tox|[from] psn
|-heal|p2a: Lemon LC|20/100|[from] item: Leftovers
|upkeep
|turn|23
|
|t:|1728500778
|move|p2a: Lemon LC|Protect|p2a: Lemon LC
|-singleturn|p2a: Lemon LC|Protect
|move|p1a: Swampert|Hydro Pump|p2a: Lemon LC
|-activate|p2a: Lemon LC|Protect
|
|-weather|Sandstorm|[upkeep]
|-damage|p1a: Swampert|0 fnt|[from] psn
|faint|p1a: Swampert
|-heal|p2a: Lemon LC|26/100|[from] item: Leftovers
|upkeep
|
|t:|1728500782
|switch|p1a: Zapdos|Zapdos|100/100
|turn|24
|
|t:|1728500796
|switch|p2a: Sotina's Journey|Blissey, F|90/100
|move|p1a: Zapdos|Baton Pass|p1a: Zapdos
|
|t:|1728500800
|switch|p1a: Metagross|Metagross|100/100|[from] Baton Pass
|-damage|p1a: Metagross|88/100|[from] Spikes
|
|-weather|Sandstorm|[upkeep]
|-damage|p2a: Sotina's Journey|84/100|[from] Sandstorm
|-heal|p2a: Sotina's Journey|90/100|[from] item: Leftovers
|upkeep
|turn|25
|
|t:|1728500807
|switch|p2a: Blip_Exists|Metagross, shiny|100/100
|move|p1a: Metagross|Meteor Mash|p2a: Blip_Exists
|-resisted|p2a: Blip_Exists
|-damage|p2a: Blip_Exists|69/100
|-boost|p1a: Metagross|atk|1
|
|-weather|Sandstorm|[upkeep]
|-heal|p2a: Blip_Exists|75/100|[from] item: Leftovers
|upkeep
|turn|26
|
|t:|1728500812
|move|p1a: Metagross|Meteor Mash|p2a: Blip_Exists
|-resisted|p2a: Blip_Exists
|-damage|p2a: Blip_Exists|28/100
|move|p2a: Blip_Exists|Earthquake|p1a: Metagross
|-supereffective|p1a: Metagross
|-damage|p1a: Metagross|27/100
|
|-weather|Sandstorm|[upkeep]
|-heal|p2a: Blip_Exists|34/100|[from] item: Leftovers
|upkeep
|turn|27
|
|t:|1728500815
|move|p2a: Blip_Exists|Protect|p2a: Blip_Exists
|-singleturn|p2a: Blip_Exists|Protect
|move|p1a: Metagross|Meteor Mash|p2a: Blip_Exists
|-activate|p2a: Blip_Exists|Protect
|
|-weather|Sandstorm|[upkeep]
|-heal|p2a: Blip_Exists|40/100|[from] item: Leftovers
|upkeep
|turn|28
|
|t:|1728500818
|move|p1a: Metagross|Meteor Mash|p2a: Blip_Exists
|-resisted|p2a: Blip_Exists
|-damage|p2a: Blip_Exists|0 fnt
|faint|p2a: Blip_Exists
|
|t:|1728500828
|switch|p2a: GroundBack|Tyranitar, M|100/100
|
|-weather|Sandstorm|[upkeep]
|upkeep
|turn|29
|inactive|SgtPingwen has 270 seconds left.
|
|t:|1728500865
|move|p1a: Metagross|Meteor Mash|p2a: GroundBack
|-supereffective|p2a: GroundBack
|-damage|p2a: GroundBack|0 fnt
|faint|p2a: GroundBack
|
|t:|1728500869
|switch|p2a: Lemon LC|Skarmory, M|26/100
|
|-weather|Sandstorm|[upkeep]
|-heal|p2a: Lemon LC|32/100|[from] item: Leftovers
|upkeep
|turn|30
|
|t:|1728500872
|move|p2a: Lemon LC|Protect|p2a: Lemon LC
|-singleturn|p2a: Lemon LC|Protect
|move|p1a: Metagross|Meteor Mash|p2a: Lemon LC
|-activate|p2a: Lemon LC|Protect
|
|-weather|Sandstorm|[upkeep]
|-heal|p2a: Lemon LC|38/100|[from] item: Leftovers
|upkeep
|turn|31
|
|t:|1728500874
|move|p1a: Metagross|Meteor Mash|p2a: Lemon LC|[miss]
|-miss|p1a: Metagross|p2a: Lemon LC
|move|p2a: Lemon LC|Roar|p1a: Metagross
|drag|p1a: Zapdos|Zapdos|100/100
|
|-weather|Sandstorm|[upkeep]
|-damage|p1a: Zapdos|94/100|[from] Sandstorm
|-heal|p1a: Zapdos|100/100|[from] item: Leftovers
|-heal|p2a: Lemon LC|44/100|[from] item: Leftovers
|upkeep
|turn|32
|
|t:|1728500879
|move|p2a: Lemon LC|Protect|p2a: Lemon LC
|-singleturn|p2a: Lemon LC|Protect
|move|p1a: Zapdos|Thunder Wave|p2a: Lemon LC
|-activate|p2a: Lemon LC|Protect
|
|-weather|Sandstorm|[upkeep]
|-damage|p1a: Zapdos|94/100|[from] Sandstorm
|-heal|p1a: Zapdos|100/100|[from] item: Leftovers
|-heal|p2a: Lemon LC|50/100|[from] item: Leftovers
|upkeep
|turn|33
|
|t:|1728500881
|move|p1a: Zapdos|Thunder Wave|p2a: Lemon LC
|-status|p2a: Lemon LC|par
|move|p2a: Lemon LC|Toxic|p1a: Zapdos
|-status|p1a: Zapdos|tox
|
|-weather|Sandstorm|[upkeep]
|-damage|p1a: Zapdos|94/100 tox|[from] Sandstorm
|-heal|p1a: Zapdos|100/100 tox|[from] item: Leftovers
|-damage|p1a: Zapdos|94/100 tox|[from] psn
|-heal|p2a: Lemon LC|57/100 par|[from] item: Leftovers
|upkeep
|turn|34
|
|t:|1728500886
|switch|p2a: Sotina's Journey|Blissey, F|90/100
|move|p1a: Zapdos|Thunderbolt|p2a: Sotina's Journey
|-damage|p2a: Sotina's Journey|68/100
|-status|p2a: Sotina's Journey|par
|
|-weather|Sandstorm|[upkeep]
|-damage|p1a: Zapdos|88/100 tox|[from] Sandstorm
|-damage|p2a: Sotina's Journey|62/100 par|[from] Sandstorm
|-heal|p1a: Zapdos|94/100 tox|[from] item: Leftovers
|-damage|p1a: Zapdos|82/100 tox|[from] psn
|-heal|p2a: Sotina's Journey|68/100 par|[from] item: Leftovers
|upkeep
|turn|35
|
|t:|1728500895
|-curestatus|p2a: Sotina's Journey|par|[from] ability: Natural Cure
|switch|p2a: Lemon LC|Skarmory, M|57/100 par
|move|p1a: Zapdos|Baton Pass|p1a: Zapdos
|
|t:|1728500903
|switch|p1a: Aerodactyl|Aerodactyl, M|100/100|[from] Baton Pass
|
|-weather|Sandstorm|[upkeep]
|-heal|p2a: Lemon LC|63/100 par|[from] item: Leftovers
|upkeep
|turn|36
|
|t:|1728500907
|move|p2a: Lemon LC|Protect|p2a: Lemon LC
|-singleturn|p2a: Lemon LC|Protect
|move|p1a: Aerodactyl|Rock Slide|p2a: Lemon LC|[miss]
|-miss|p1a: Aerodactyl|p2a: Lemon LC
|
|-weather|Sandstorm|[upkeep]
|-heal|p2a: Lemon LC|69/100 par|[from] item: Leftovers
|upkeep
|turn|37
|
|t:|1728500910
|move|p1a: Aerodactyl|Rock Slide|p2a: Lemon LC
|-damage|p2a: Lemon LC|29/100 par
|move|p2a: Lemon LC|Toxic|p1a: Aerodactyl|[miss]
|-miss|p2a: Lemon LC|p1a: Aerodactyl
|
|-weather|Sandstorm|[upkeep]
|-heal|p2a: Lemon LC|35/100 par|[from] item: Leftovers
|upkeep
|turn|38
|
|t:|1728500914
|cant|p2a: Lemon LC|par
|move|p1a: Aerodactyl|Rock Slide|p2a: Lemon LC
|-damage|p2a: Lemon LC|0 fnt
|faint|p2a: Lemon LC
|
|t:|1728500915
|switch|p2a: Sotina's Journey|Blissey, F|68/100
|
|-weather|Sandstorm|[upkeep]
|-damage|p2a: Sotina's Journey|62/100|[from] Sandstorm
|-heal|p2a: Sotina's Journey|68/100|[from] item: Leftovers
|upkeep
|turn|39
|
|t:|1728500920
|switch|p1a: Metagross|Metagross|27/100
|-damage|p1a: Metagross|15/100|[from] Spikes
|move|p2a: Sotina's Journey|Sing|p1a: Metagross|[miss]
|-miss|p2a: Sotina's Journey|p1a: Metagross
|
|-weather|Sandstorm|[upkeep]
|-damage|p2a: Sotina's Journey|62/100|[from] Sandstorm
|-heal|p2a: Sotina's Journey|68/100|[from] item: Leftovers
|upkeep
|turn|40
|
|t:|1728500924
|move|p1a: Metagross|Explosion|p2a: Sotina's Journey
|-damage|p2a: Sotina's Journey|0 fnt
|faint|p1a: Metagross
|faint|p2a: Sotina's Journey
|
|t:|1728500927
|switch|p1a: Zapdos|Zapdos|82/100 tox
|switch|p2a: Oceanic Gamer|Salamence, M, shiny|29/100 slp
|-ability|p2a: Oceanic Gamer|Intimidate|boost
|-unboost|p1a: Zapdos|atk|1
|
|-weather|Sandstorm|[upkeep]
|-damage|p2a: Oceanic Gamer|23/100 slp|[from] Sandstorm
|-damage|p1a: Zapdos|76/100 tox|[from] Sandstorm
|-heal|p2a: Oceanic Gamer|29/100 slp|[from] item: Leftovers
|-heal|p1a: Zapdos|82/100 tox|[from] item: Leftovers
|-damage|p1a: Zapdos|76/100 tox|[from] psn
|upkeep
|turn|41
|
|t:|1728500933
|cant|p2a: Oceanic Gamer|slp
|move|p1a: Zapdos|Thunderbolt|p2a: Oceanic Gamer
|-damage|p2a: Oceanic Gamer|0 fnt
|faint|p2a: Oceanic Gamer
|
|win|SgtPingwen
|c|☆yt-cyber-dj|GG
|c|☆SgtPingwen|gg
|player|p1|

</script>
<script type="application/json" class="data" id="replaydata-smogtours-gen3ou-796710">
{"id":"smogtours-gen3ou-796710","format":"[Gen 3] OU","players":["SgtPingwen","yt-cyber-dj"],"uploadtime":1728500933,"views":91,"formatid":"gen3ou","rating":null,"private":0,"password":null}
</script>

<script defer src="js/replays.js?9d40a366"></script>
