<!DOCTYPE html>
<meta charset="utf-8" />
<meta name="viewport" content="width=device-width" />

<title>[Gen 3] OU: Mister Tim vs. SerpentZero - Replays - Pok&eacute;mon Showdown!</title>

<meta name="description" content="Watch a replay of a Pok&eacute;mon battle between Mister Tim and SerpentZero! Format: [Gen 3] OU; Date: Oct 2, 2024" />
<!--

Hey, you! Looking in the source for the replay log?

You can find them in JSON format, just add `.json` at the end of a replay URL.

https://replay.pokemonshowdown.com/gen7randomdoublesbattle-865046831.json

Or, if you only need the log itself, add `.log` instead:

https://replay.pokemonshowdown.com/gen7randomdoublesbattle-865046831.log

-->

<link rel="stylesheet" href="//pokemonshowdown.com/style/global.css?0.023195364461161105" />
<link rel="stylesheet" href="//play.pokemonshowdown.com/style/font-awesome.css?0.13261647063804238" />
<link rel="stylesheet" href="//play.pokemonshowdown.com/style/battle.css?0.8753245789963631" />
<link rel="stylesheet" href="//play.pokemonshowdown.com/style/utilichart.css?0.8627959624976733" />

<!-- Global site tag (gtag.js) - Google Analytics -->
<script async src="https://www.googletagmanager.com/gtag/js?id=UA-26211653-1"></script>
<script>
  window.dataLayer = window.dataLayer || [];
  function gtag(){dataLayer.push(arguments);}
  gtag('js', new Date());

  gtag('config', 'UA-26211653-1');
</script>
<!-- End Google Analytics -->
<!-- Venatus Ad Manager - Install in <HEAD> of page -->
	<script src="https://hb.vntsm.com/v3/live/ad-manager.min.js" type="text/javascript" data-site-id="642aba63ec9a7b11c3c9c1be" data-mode="scan" async></script>
<!-- / Venatus Ad Manager -->

<style>
	@media (max-width:820px) {
		.battle {
			margin: 0 auto;
		}
		.battle-log {
			margin: 7px auto 0;
			max-width: 640px;
			height: 300px;
			position: static;
		}
	}
	.optgroup {
		display: inline-block;
		line-height: 22px;
		font-size: 10pt;
	}
	.optgroup .button {
		height: 25px;
		padding-top: 0;
		padding-bottom: 0;
	}
	.optgroup button.button {
		padding-left: 12px;
		padding-right: 12px;
	}
	.linklist {
		list-style: none;
		margin: 0.5em 0;
		padding: 0;
	}
	.linklist li {
		padding: 2px 0;
	}
	.sidebar {
		float: left;
		width: 320px;
	}
	.bar-wrapper {
		max-width: 1100px;
		margin: 0 auto;
	}
	.bar-wrapper.has-sidebar {
		max-width: 1430px;
	}
	.mainbar {
		margin: 0;
		padding-right: 1px;
	}
	.mainbar.has-sidebar {
		margin-left: 330px;
	}
	@media (min-width: 1511px) {
		.sidebar {
			width: 400px;
		}
		.bar-wrapper.has-sidebar {
			max-width: 1510px;
		}
		.mainbar.has-sidebar {
			margin-left: 410px;
		}
	}
	.section.first-section {
		margin-top: 9px;
	}
	.blocklink small {
		white-space: normal;
	}
	.button {
		vertical-align: middle;
	}
	.replay-controls {
		padding-top: 10px;
	}
	.replay-controls h1 {
		font-size: 16pt;
		font-weight: normal;
		color: #CCC;
	}
	.pagelink {
		text-align: center;
	}
	.pagelink a {
		width: 150px;
	}
	.textbox, .button {
		font-size: 11pt;
		vertical-align: middle;
	}
	@media (max-width: 450px) {
		.button {
			font-size: 9pt;
		}
	}
</style>

<div>

	<header>
		<div class="nav-wrapper"><ul class="nav">
			<li><a class="button nav-first" href="//pokemonshowdown.com/"><img src="//pokemonshowdown.com/images/pokemonshowdownbeta.png" srcset="//pokemonshowdown.com/images/pokemonshowdownbeta.png 1x, //pokemonshowdown.com/images/pokemonshowdownbeta@2x.png 2x" alt="Pok&eacute;mon Showdown" width="146" height="44" /> Home</a></li>
			<li><a class="button" href="//pokemonshowdown.com/dex/">Pok&eacute;dex</a></li>
			<li><a class="button cur" href="/">Replays</a></li>
			<li><a class="button" href="//pokemonshowdown.com/ladder/">Ladder</a></li>
			<li><a class="button nav-last" href="//pokemonshowdown.com/forums/">Forum</a></li>
			<li><a class="button greenbutton nav-first nav-last" href="//play.pokemonshowdown.com/">Play</a></li>
		</ul></div>
	</header>

	<div class="main" id="main">

		<noscript><section class="section">You need to enable JavaScript to use this page; sorry!</section></noscript>

	</div>

</div>

<script defer nomodule src="//play.pokemonshowdown.com/js/lib/ps-polyfill.js"></script>
<script defer src="//play.pokemonshowdown.com/js/lib/preact.min.js"></script>

<script defer src="//play.pokemonshowdown.com/config/config.js?2bddbc15"></script>
<script defer src="//play.pokemonshowdown.com/js/lib/jquery-1.11.0.min.js"></script>
<script defer src="//play.pokemonshowdown.com/js/lib/html-sanitizer-minified.js"></script>
<script defer src="//play.pokemonshowdown.com/js/battle-sound.js"></script>
<script defer src="//play.pokemonshowdown.com/js/battledata.js?0.7209276989879541"></script>
<script defer src="//play.pokemonshowdown.com/data/pokedex-mini.js?0.6111056340867951"></script>
<script defer src="//play.pokemonshowdown.com/data/pokedex-mini-bw.js?0.3532142036491459"></script>
<script defer src="//play.pokemonshowdown.com/data/graphics.js?0.24223875632456182"></script>
<script defer src="//play.pokemonshowdown.com/data/pokedex.js?0.38839984266356864"></script>
<script defer src="//play.pokemonshowdown.com/data/moves.js?0.21866028504024015"></script>
<script defer src="//play.pokemonshowdown.com/data/abilities.js?0.2005157953846628"></script>
<script defer src="//play.pokemonshowdown.com/data/items.js?0.9894211263848525"></script>
<script defer src="//play.pokemonshowdown.com/data/teambuilder-tables.js?0.6008791140282215"></script>
<script defer src="//play.pokemonshowdown.com/js/battle-tooltips.js?0.7580118955022959"></script>
<script defer src="//play.pokemonshowdown.com/js/battle.js?0.6057722274234274"></script>

<script defer src="js/utils.js?e31f9a17"></script>
<script defer src="js/replays-battle.js?7008c182"></script>

<!-- don't scrape this data! just add .json or .log after the URL!
Full API docs: https://github.com/smogon/pokemon-showdown-client/blob/master/WEB-API.md -->
<script type="text/plain" class="log" id="replaylog-smogtours-gen3ou-793975">
|inactive|Battle timer is ON: inactive players will automatically lose when time's up.
|t:|1727888053
|gametype|singles
|player|p1|Mister Tim|170|
|player|p2|SerpentZero|plumeria|
|teamsize|p1|6
|teamsize|p2|6
|gen|3
|tier|[Gen 3] OU
|rule|Sleep Clause Mod: Limit one foe put to sleep
|rule|Switch Priority Clause Mod: Faster Pokémon switch first
|rule|Species Clause: Limit one of each Pokémon
|rule|OHKO Clause: OHKO moves are banned
|rule|Evasion Items Clause: Evasion items are banned
|rule|Evasion Moves Clause: Evasion moves are banned
|rule|Endless Battle Clause: Forcing endless battles is banned
|rule|HP Percentage Mod: HP is shown in percentages
|rule|One Boost Passer Clause: Limit one Baton Passer that has a way to boost its stats
|rule|Freeze Clause Mod: Limit one foe frozen
|
|t:|1727888053
|start
|switch|p1a: Tyranitar|Tyranitar, F|100/100
|switch|p2a: Galeforce|Medicham, F, shiny|100/100
|-weather|Sandstorm|[from] ability: Sand Stream|[of] p1a: Tyranitar
|turn|1
|inactive|Mister Tim has 270 seconds left.
|
|t:|1727888098
|switch|p1a: Skarmory|Skarmory, M|100/100
|move|p2a: Galeforce|Rock Slide|p1a: Skarmory
|-damage|p1a: Skarmory|74/100
|
|-weather|Sandstorm|[upkeep]
|-damage|p2a: Galeforce|94/100|[from] Sandstorm
|-heal|p1a: Skarmory|80/100|[from] item: Leftovers
|upkeep
|turn|2
|
|t:|1727888114
|switch|p2a: Stinger|Magneton|100/100
|switch|p1a: Blissey|Blissey, F|100/100
|
|-weather|Sandstorm|[upkeep]
|-damage|p1a: Blissey|94/100|[from] Sandstorm
|-heal|p1a: Blissey|100/100|[from] item: Leftovers
|upkeep
|turn|3
|
|t:|1727888123
|move|p2a: Stinger|Toxic|p1a: Blissey
|-status|p1a: Blissey|tox
|move|p1a: Blissey|Thunder Wave|p2a: Stinger
|-status|p2a: Stinger|par
|
|-weather|Sandstorm|[upkeep]
|-damage|p1a: Blissey|94/100 tox|[from] Sandstorm
|-heal|p1a: Blissey|100/100 tox|[from] item: Leftovers
|-damage|p1a: Blissey|94/100 tox|[from] psn
|upkeep
|turn|4
|
|t:|1727888131
|-curestatus|p1a: Blissey|tox|[from] ability: Natural Cure
|switch|p1a: Metagross|Metagross|100/100
|switch|p2a: Big Ounce|Snorlax, F|100/100
|
|-weather|Sandstorm|[upkeep]
|-damage|p2a: Big Ounce|94/100|[from] Sandstorm
|-heal|p2a: Big Ounce|100/100|[from] item: Leftovers
|upkeep
|turn|5
|
|t:|1727888136
|switch|p1a: Skarmory|Skarmory, M|80/100
|move|p2a: Big Ounce|Earthquake|p1a: Skarmory
|-immune|p1a: Skarmory
|
|-weather|Sandstorm|[upkeep]
|-damage|p2a: Big Ounce|94/100|[from] Sandstorm
|-heal|p1a: Skarmory|86/100|[from] item: Leftovers
|-heal|p2a: Big Ounce|100/100|[from] item: Leftovers
|upkeep
|turn|6
|
|t:|1727888153
|move|p1a: Skarmory|Spikes|p2a: Big Ounce
|-sidestart|p2: SerpentZero|Spikes
|move|p2a: Big Ounce|Body Slam|p1a: Skarmory
|-resisted|p1a: Skarmory
|-damage|p1a: Skarmory|71/100
|-status|p1a: Skarmory|par
|
|-weather|Sandstorm|[upkeep]
|-damage|p2a: Big Ounce|94/100|[from] Sandstorm
|-heal|p2a: Big Ounce|100/100|[from] item: Leftovers
|-heal|p1a: Skarmory|77/100 par|[from] item: Leftovers
|upkeep
|turn|7
|
|t:|1727888166
|switch|p2a: Galeforce|Medicham, F, shiny|94/100
|-damage|p2a: Galeforce|82/100|[from] Spikes
|move|p1a: Skarmory|Spikes|p2a: Galeforce
|-sidestart|p2: SerpentZero|Spikes
|
|-weather|Sandstorm|[upkeep]
|-damage|p2a: Galeforce|76/100|[from] Sandstorm
|-heal|p1a: Skarmory|83/100 par|[from] item: Leftovers
|upkeep
|turn|8
|
|t:|1727888174
|-singleturn|p2a: Galeforce|move: Focus Punch
|cant|p1a: Skarmory|par
|move|p2a: Galeforce|Focus Punch|p1a: Skarmory
|-damage|p1a: Skarmory|13/100 par
|
|-weather|Sandstorm|[upkeep]
|-damage|p2a: Galeforce|70/100|[from] Sandstorm
|-heal|p1a: Skarmory|19/100 par|[from] item: Leftovers
|upkeep
|turn|9
|
|t:|1727888181
|move|p2a: Galeforce|Brick Break|p1a: Skarmory
|-damage|p1a: Skarmory|0 fnt
|faint|p1a: Skarmory
|inactive|Mister Tim has 270 seconds left.
|
|t:|1727888216
|switch|p1a: Charizard|Charizard, M|100/100
|
|-weather|Sandstorm|[upkeep]
|-damage|p1a: Charizard|94/100|[from] Sandstorm
|-damage|p2a: Galeforce|64/100|[from] Sandstorm
|-heal|p1a: Charizard|100/100|[from] item: Leftovers
|upkeep
|turn|10
|inactive|Mister Tim has 270 seconds left.
|
|t:|1727888237
|move|p1a: Charizard|Substitute|p1a: Charizard
|-start|p1a: Charizard|Substitute
|-damage|p1a: Charizard|76/100
|move|p2a: Galeforce|Rock Slide|p1a: Charizard
|-supereffective|p1a: Charizard
|-end|p1a: Charizard|Substitute
|
|-weather|Sandstorm|[upkeep]
|-damage|p1a: Charizard|70/100|[from] Sandstorm
|-damage|p2a: Galeforce|58/100|[from] Sandstorm
|-heal|p1a: Charizard|76/100|[from] item: Leftovers
|upkeep
|turn|11
|
|t:|1727888260
|switch|p2a: Ceylon|Suicune, shiny|100/100
|-damage|p2a: Ceylon|84/100|[from] Spikes
|move|p1a: Charizard|Flamethrower|p2a: Ceylon
|-resisted|p2a: Ceylon
|-damage|p2a: Ceylon|68/100
|
|-weather|Sandstorm|[upkeep]
|-damage|p1a: Charizard|70/100|[from] Sandstorm
|-damage|p2a: Ceylon|62/100|[from] Sandstorm
|-heal|p1a: Charizard|76/100|[from] item: Leftovers
|-heal|p2a: Ceylon|68/100|[from] item: Leftovers
|upkeep
|turn|12
|
|t:|1727888269
|switch|p1a: Blissey|Blissey, F|94/100
|move|p2a: Ceylon|Calm Mind|p2a: Ceylon
|-boost|p2a: Ceylon|spa|1
|-boost|p2a: Ceylon|spd|1
|
|-weather|Sandstorm|[upkeep]
|-damage|p2a: Ceylon|62/100|[from] Sandstorm
|-damage|p1a: Blissey|88/100|[from] Sandstorm
|-heal|p2a: Ceylon|68/100|[from] item: Leftovers
|-heal|p1a: Blissey|94/100|[from] item: Leftovers
|upkeep
|turn|13
|
|t:|1727888280
|move|p2a: Ceylon|Surf|p1a: Blissey
|-damage|p1a: Blissey|73/100
|move|p1a: Blissey|Thunder Wave|p2a: Ceylon
|-status|p2a: Ceylon|par
|
|-weather|Sandstorm|[upkeep]
|-damage|p1a: Blissey|67/100|[from] Sandstorm
|-damage|p2a: Ceylon|62/100 par|[from] Sandstorm
|-heal|p1a: Blissey|73/100|[from] item: Leftovers
|-heal|p2a: Ceylon|68/100 par|[from] item: Leftovers
|upkeep
|turn|14
|
|t:|1727888299
|switch|p2a: Braximir|Salamence, F|100/100
|-ability|p2a: Braximir|Intimidate|boost
|-unboost|p1a: Blissey|atk|1
|move|p1a: Blissey|Thunderbolt|p2a: Braximir
|-damage|p2a: Braximir|72/100
|
|-weather|Sandstorm|[upkeep]
|-damage|p2a: Braximir|66/100|[from] Sandstorm
|-damage|p1a: Blissey|67/100|[from] Sandstorm
|-heal|p2a: Braximir|72/100|[from] item: Leftovers
|-heal|p1a: Blissey|73/100|[from] item: Leftovers
|upkeep
|turn|15
|
|t:|1727888316
|move|p2a: Braximir|Hidden Power|p1a: Blissey
|-damage|p1a: Blissey|31/100
|move|p1a: Blissey|Ice Beam|p2a: Braximir
|-supereffective|p2a: Braximir
|-damage|p2a: Braximir|0 fnt
|faint|p2a: Braximir
|inactive|SerpentZero has 270 seconds left.
|
|t:|1727888330
|switch|p2a: Galeforce|Medicham, F, shiny|58/100
|-damage|p2a: Galeforce|41/100|[from] Spikes
|
|-weather|Sandstorm|[upkeep]
|-damage|p2a: Galeforce|35/100|[from] Sandstorm
|-damage|p1a: Blissey|25/100|[from] Sandstorm
|-heal|p1a: Blissey|31/100|[from] item: Leftovers
|upkeep
|turn|16
|
|t:|1727888356
|move|p2a: Galeforce|Rock Slide|p1a: Blissey
|-damage|p1a: Blissey|0 fnt
|faint|p1a: Blissey
|
|t:|1727888363
|switch|p1a: Charizard|Charizard, M|76/100
|
|-weather|Sandstorm|[upkeep]
|-damage|p1a: Charizard|70/100|[from] Sandstorm
|-damage|p2a: Galeforce|29/100|[from] Sandstorm
|-heal|p1a: Charizard|76/100|[from] item: Leftovers
|upkeep
|turn|17
|
|t:|1727888380
|move|p1a: Charizard|Hidden Power|p2a: Galeforce
|-damage|p2a: Galeforce|0 fnt
|faint|p2a: Galeforce
|
|t:|1727888387
|switch|p2a: Big Ounce|Snorlax, F|100/100
|-damage|p2a: Big Ounce|84/100|[from] Spikes
|
|-weather|Sandstorm|[upkeep]
|-damage|p1a: Charizard|70/100|[from] Sandstorm
|-damage|p2a: Big Ounce|78/100|[from] Sandstorm
|-heal|p1a: Charizard|76/100|[from] item: Leftovers
|-heal|p2a: Big Ounce|84/100|[from] item: Leftovers
|upkeep
|turn|18
|
|t:|1727888392
|switch|p1a: Metagross|Metagross|100/100
|move|p2a: Big Ounce|Body Slam|p1a: Metagross
|-resisted|p1a: Metagross
|-damage|p1a: Metagross|85/100
|
|-weather|Sandstorm|[upkeep]
|-damage|p2a: Big Ounce|78/100|[from] Sandstorm
|-heal|p1a: Metagross|91/100|[from] item: Leftovers
|-heal|p2a: Big Ounce|84/100|[from] item: Leftovers
|upkeep
|turn|19
|
|t:|1727888398
|move|p1a: Metagross|Meteor Mash|p2a: Big Ounce
|-damage|p2a: Big Ounce|40/100
|move|p2a: Big Ounce|Earthquake|p1a: Metagross
|-supereffective|p1a: Metagross
|-damage|p1a: Metagross|40/100
|
|-weather|Sandstorm|[upkeep]
|-damage|p2a: Big Ounce|34/100|[from] Sandstorm
|-heal|p1a: Metagross|46/100|[from] item: Leftovers
|-heal|p2a: Big Ounce|40/100|[from] item: Leftovers
|upkeep
|turn|20
|
|t:|1727888409
|move|p1a: Metagross|Meteor Mash|p2a: Big Ounce
|-damage|p2a: Big Ounce|1/100
|move|p2a: Big Ounce|Earthquake|p1a: Metagross
|-supereffective|p1a: Metagross
|-damage|p1a: Metagross|0 fnt
|faint|p1a: Metagross
|
|t:|1727888439
|switch|p1a: Aerodactyl|Aerodactyl, M|100/100
|
|-weather|Sandstorm|[upkeep]
|-damage|p2a: Big Ounce|0 fnt|[from] Sandstorm
|faint|p2a: Big Ounce
|upkeep
|
|t:|1727888459
|switch|p2a: Ceylon|Suicune, shiny|68/100 par
|-damage|p2a: Ceylon|51/100 par|[from] Spikes
|turn|21
|
|t:|1727888477
|switch|p1a: Tyranitar|Tyranitar, F|100/100
|cant|p2a: Ceylon|par
|
|-weather|Sandstorm|[upkeep]
|-damage|p2a: Ceylon|45/100 par|[from] Sandstorm
|-heal|p2a: Ceylon|51/100 par|[from] item: Leftovers
|upkeep
|turn|22
|
|t:|1727888485
|move|p1a: Tyranitar|Dragon Dance|p1a: Tyranitar
|-boost|p1a: Tyranitar|atk|1
|-boost|p1a: Tyranitar|spe|1
|cant|p2a: Ceylon|par
|
|-weather|Sandstorm|[upkeep]
|-damage|p2a: Ceylon|45/100 par|[from] Sandstorm
|-heal|p2a: Ceylon|51/100 par|[from] item: Leftovers
|upkeep
|turn|23
|c|☆SerpentZero|ggwp
|
|t:|1727888494
|move|p1a: Tyranitar|Dragon Dance|p1a: Tyranitar
|-boost|p1a: Tyranitar|atk|1
|-boost|p1a: Tyranitar|spe|1
|move|p2a: Ceylon|Surf|p1a: Tyranitar
|-supereffective|p1a: Tyranitar
|-damage|p1a: Tyranitar|41/100
|
|-weather|Sandstorm|[upkeep]
|-damage|p2a: Ceylon|45/100 par|[from] Sandstorm
|-heal|p2a: Ceylon|51/100 par|[from] item: Leftovers
|upkeep
|turn|24
|
|t:|1727888505
|move|p1a: Tyranitar|Double-Edge|p2a: Ceylon
|-damage|p2a: Ceylon|0 fnt
|-damage|p1a: Tyranitar|24/100|[from] Recoil|[of] p2a: Ceylon
|faint|p2a: Ceylon
|
|t:|1727888510
|switch|p2a: Stinger|Magneton|100/100 par
|-damage|p2a: Stinger|84/100 par|[from] Spikes
|
|-weather|Sandstorm|[upkeep]
|upkeep
|turn|25
|
|t:|1727888513
|move|p1a: Tyranitar|Earthquake|p2a: Stinger
|-supereffective|p2a: Stinger
|-damage|p2a: Stinger|0 fnt
|faint|p2a: Stinger
|
|t:|1727888516
|switch|p2a: APEX|Metagross, shiny|100/100
|-damage|p2a: APEX|84/100|[from] Spikes
|
|-weather|Sandstorm|[upkeep]
|-heal|p2a: APEX|90/100|[from] item: Leftovers
|upkeep
|turn|26
|
|t:|1727888518
|move|p1a: Tyranitar|Earthquake|p2a: APEX
|-supereffective|p2a: APEX
|-damage|p2a: APEX|0 fnt
|faint|p2a: APEX
|
|win|Mister Tim
|c|☆Mister Tim|gg
|player|p2|

</script>
<script type="application/json" class="data" id="replaydata-smogtours-gen3ou-793975">
{"id":"smogtours-gen3ou-793975","format":"[Gen 3] OU","players":["Mister Tim","SerpentZero"],"uploadtime":1727888518,"views":118,"formatid":"gen3ou","rating":null,"private":0,"password":null}
</script>

<script defer src="js/replays.js?9d40a366"></script>
