<!DOCTYPE html>
<meta charset="utf-8" />
<meta name="viewport" content="width=device-width" />

<title>[Gen 3] OU: melee minion vs. Yoink 0 - Replays - Pok&eacute;mon Showdown!</title>

<meta name="description" content="Watch a replay of a Pok&eacute;mon battle between melee minion and Yoink 0! Format: [Gen 3] OU; Date: Oct 26, 2024" />
<!--

Hey, you! Looking in the source for the replay log?

You can find them in JSON format, just add `.json` at the end of a replay URL.

https://replay.pokemonshowdown.com/gen7randomdoublesbattle-865046831.json

Or, if you only need the log itself, add `.log` instead:

https://replay.pokemonshowdown.com/gen7randomdoublesbattle-865046831.log

-->

<link rel="stylesheet" href="//pokemonshowdown.com/style/global.css?0.023195364461161105" />
<link rel="stylesheet" href="//play.pokemonshowdown.com/style/font-awesome.css?0.13261647063804238" />
<link rel="stylesheet" href="//play.pokemonshowdown.com/style/battle.css?0.8753245789963631" />
<link rel="stylesheet" href="//play.pokemonshowdown.com/style/utilichart.css?0.8627959624976733" />

<!-- Global site tag (gtag.js) - Google Analytics -->
<script async src="https://www.googletagmanager.com/gtag/js?id=UA-26211653-1"></script>
<script>
  window.dataLayer = window.dataLayer || [];
  function gtag(){dataLayer.push(arguments);}
  gtag('js', new Date());

  gtag('config', 'UA-26211653-1');
</script>
<!-- End Google Analytics -->
<!-- Venatus Ad Manager - Install in <HEAD> of page -->
	<script src="https://hb.vntsm.com/v3/live/ad-manager.min.js" type="text/javascript" data-site-id="642aba63ec9a7b11c3c9c1be" data-mode="scan" async></script>
<!-- / Venatus Ad Manager -->

<style>
	@media (max-width:820px) {
		.battle {
			margin: 0 auto;
		}
		.battle-log {
			margin: 7px auto 0;
			max-width: 640px;
			height: 300px;
			position: static;
		}
	}
	.optgroup {
		display: inline-block;
		line-height: 22px;
		font-size: 10pt;
	}
	.optgroup .button {
		height: 25px;
		padding-top: 0;
		padding-bottom: 0;
	}
	.optgroup button.button {
		padding-left: 12px;
		padding-right: 12px;
	}
	.linklist {
		list-style: none;
		margin: 0.5em 0;
		padding: 0;
	}
	.linklist li {
		padding: 2px 0;
	}
	.sidebar {
		float: left;
		width: 320px;
	}
	.bar-wrapper {
		max-width: 1100px;
		margin: 0 auto;
	}
	.bar-wrapper.has-sidebar {
		max-width: 1430px;
	}
	.mainbar {
		margin: 0;
		padding-right: 1px;
	}
	.mainbar.has-sidebar {
		margin-left: 330px;
	}
	@media (min-width: 1511px) {
		.sidebar {
			width: 400px;
		}
		.bar-wrapper.has-sidebar {
			max-width: 1510px;
		}
		.mainbar.has-sidebar {
			margin-left: 410px;
		}
	}
	.section.first-section {
		margin-top: 9px;
	}
	.blocklink small {
		white-space: normal;
	}
	.button {
		vertical-align: middle;
	}
	.replay-controls {
		padding-top: 10px;
	}
	.replay-controls h1 {
		font-size: 16pt;
		font-weight: normal;
		color: #CCC;
	}
	.pagelink {
		text-align: center;
	}
	.pagelink a {
		width: 150px;
	}
	.textbox, .button {
		font-size: 11pt;
		vertical-align: middle;
	}
	@media (max-width: 450px) {
		.button {
			font-size: 9pt;
		}
	}
</style>

<div>

	<header>
		<div class="nav-wrapper"><ul class="nav">
			<li><a class="button nav-first" href="//pokemonshowdown.com/"><img src="//pokemonshowdown.com/images/pokemonshowdownbeta.png" srcset="//pokemonshowdown.com/images/pokemonshowdownbeta.png 1x, //pokemonshowdown.com/images/pokemonshowdownbeta@2x.png 2x" alt="Pok&eacute;mon Showdown" width="146" height="44" /> Home</a></li>
			<li><a class="button" href="//pokemonshowdown.com/dex/">Pok&eacute;dex</a></li>
			<li><a class="button cur" href="/">Replays</a></li>
			<li><a class="button" href="//pokemonshowdown.com/ladder/">Ladder</a></li>
			<li><a class="button nav-last" href="//pokemonshowdown.com/forums/">Forum</a></li>
			<li><a class="button greenbutton nav-first nav-last" href="//play.pokemonshowdown.com/">Play</a></li>
		</ul></div>
	</header>

	<div class="main" id="main">

		<noscript><section class="section">You need to enable JavaScript to use this page; sorry!</section></noscript>

	</div>

</div>

<script defer nomodule src="//play.pokemonshowdown.com/js/lib/ps-polyfill.js"></script>
<script defer src="//play.pokemonshowdown.com/js/lib/preact.min.js"></script>

<script defer src="//play.pokemonshowdown.com/config/config.js?2bddbc15"></script>
<script defer src="//play.pokemonshowdown.com/js/lib/jquery-1.11.0.min.js"></script>
<script defer src="//play.pokemonshowdown.com/js/lib/html-sanitizer-minified.js"></script>
<script defer src="//play.pokemonshowdown.com/js/battle-sound.js"></script>
<script defer src="//play.pokemonshowdown.com/js/battledata.js?0.7209276989879541"></script>
<script defer src="//play.pokemonshowdown.com/data/pokedex-mini.js?0.6111056340867951"></script>
<script defer src="//play.pokemonshowdown.com/data/pokedex-mini-bw.js?0.3532142036491459"></script>
<script defer src="//play.pokemonshowdown.com/data/graphics.js?0.24223875632456182"></script>
<script defer src="//play.pokemonshowdown.com/data/pokedex.js?0.38839984266356864"></script>
<script defer src="//play.pokemonshowdown.com/data/moves.js?0.21866028504024015"></script>
<script defer src="//play.pokemonshowdown.com/data/abilities.js?0.2005157953846628"></script>
<script defer src="//play.pokemonshowdown.com/data/items.js?0.9894211263848525"></script>
<script defer src="//play.pokemonshowdown.com/data/teambuilder-tables.js?0.6008791140282215"></script>
<script defer src="//play.pokemonshowdown.com/js/battle-tooltips.js?0.7580118955022959"></script>
<script defer src="//play.pokemonshowdown.com/js/battle.js?0.6057722274234274"></script>

<script defer src="js/utils.js?e31f9a17"></script>
<script defer src="js/replays-battle.js?7008c182"></script>

<!-- don't scrape this data! just add .json or .log after the URL!
Full API docs: https://github.com/smogon/pokemon-showdown-client/blob/master/WEB-API.md -->
<script type="text/plain" class="log" id="replaylog-smogtours-gen3ou-802231">
|inactive|Battle timer is ON: inactive players will automatically lose when time's up.
|t:|1729969558
|gametype|singles
|player|p1|melee minion|102|
|player|p2|Yoink 0|265|
|teamsize|p1|6
|teamsize|p2|6
|gen|3
|tier|[Gen 3] OU
|rule|Sleep Clause Mod: Limit one foe put to sleep
|rule|Switch Priority Clause Mod: Faster Pokémon switch first
|rule|Species Clause: Limit one of each Pokémon
|rule|OHKO Clause: OHKO moves are banned
|rule|Evasion Items Clause: Evasion items are banned
|rule|Evasion Moves Clause: Evasion moves are banned
|rule|Endless Battle Clause: Forcing endless battles is banned
|rule|HP Percentage Mod: HP is shown in percentages
|rule|One Boost Passer Clause: Limit one Baton Passer that has a way to boost its stats
|rule|Freeze Clause Mod: Limit one foe frozen
|
|t:|1729969558
|start
|switch|p1a: Better Call Sal|Salamence, M|100/100
|switch|p2a: Snorlax|Snorlax, M|100/100
|-ability|p1a: Better Call Sal|Intimidate|boost
|-unboost|p2a: Snorlax|atk|1
|turn|1
|
|t:|1729969578
|switch|p2a: Suicune|Suicune|100/100
|move|p1a: Better Call Sal|Brick Break|p2a: Suicune
|-damage|p2a: Suicune|87/100
|
|-heal|p2a: Suicune|93/100|[from] item: Leftovers
|upkeep
|turn|2
|
|t:|1729969594
|switch|p1a: Sponge|Blissey, F|100/100
|switch|p2a: Skarmory|Skarmory, F|100/100
|
|upkeep
|turn|3
|
|t:|1729969603
|switch|p2a: Snorlax|Snorlax, M|100/100
|move|p1a: Sponge|Thunder Wave|p2a: Snorlax
|-status|p2a: Snorlax|par
|
|upkeep
|turn|4
|
|t:|1729969612
|switch|p1a: 4 E|Forretress, M|100/100
|cant|p2a: Snorlax|par
|
|upkeep
|turn|5
|
|t:|1729969616
|move|p1a: 4 E|Spikes|p2a: Snorlax
|-sidestart|p2: Yoink 0|Spikes
|move|p2a: Snorlax|Body Slam|p1a: 4 E
|-resisted|p1a: 4 E
|-damage|p1a: 4 E|86/100
|
|-heal|p1a: 4 E|93/100|[from] item: Leftovers
|upkeep
|turn|6
|
|t:|1729969624
|switch|p1a: Darth Tyranitar|Tyranitar, F|100/100
|-weather|Sandstorm|[from] ability: Sand Stream|[of] p1a: Darth Tyranitar
|switch|p2a: Skarmory|Skarmory, F|100/100
|
|-weather|Sandstorm|[upkeep]
|upkeep
|turn|7
|
|t:|1729969630
|move|p2a: Skarmory|Spikes|p1a: Darth Tyranitar
|-sidestart|p1: melee minion|Spikes
|move|p1a: Darth Tyranitar|Fire Blast|p2a: Skarmory
|-supereffective|p2a: Skarmory
|-damage|p2a: Skarmory|30/100
|
|-weather|Sandstorm|[upkeep]
|upkeep
|turn|8
|
|t:|1729969647
|switch|p2a: Suicune|Suicune|93/100
|-damage|p2a: Suicune|81/100|[from] Spikes
|move|p1a: Darth Tyranitar|Crunch|p2a: Suicune
|-damage|p2a: Suicune|55/100
|
|-weather|Sandstorm|[upkeep]
|-damage|p2a: Suicune|49/100|[from] Sandstorm
|-heal|p2a: Suicune|55/100|[from] item: Leftovers
|upkeep
|turn|9
|
|t:|1729969654
|switch|p1a: Sponge|Blissey, F|100/100
|-damage|p1a: Sponge|88/100|[from] Spikes
|move|p2a: Suicune|Surf|p1a: Sponge
|-damage|p1a: Sponge|76/100
|
|-weather|Sandstorm|[upkeep]
|-damage|p2a: Suicune|49/100|[from] Sandstorm
|-damage|p1a: Sponge|70/100|[from] Sandstorm
|-heal|p2a: Suicune|55/100|[from] item: Leftovers
|-heal|p1a: Sponge|76/100|[from] item: Leftovers
|upkeep
|turn|10
|
|t:|1729969662
|move|p2a: Suicune|Rest|p2a: Suicune
|-status|p2a: Suicune|slp|[from] move: Rest
|-heal|p2a: Suicune|100/100 slp|[silent]
|move|p1a: Sponge|Seismic Toss|p2a: Suicune
|-damage|p2a: Suicune|75/100 slp
|
|-weather|Sandstorm|[upkeep]
|-damage|p2a: Suicune|69/100 slp|[from] Sandstorm
|-damage|p1a: Sponge|70/100|[from] Sandstorm
|-heal|p2a: Suicune|75/100 slp|[from] item: Leftovers
|-heal|p1a: Sponge|76/100|[from] item: Leftovers
|upkeep
|turn|11
|
|t:|1729969670
|switch|p2a: Celebi|Celebi|100/100
|-damage|p2a: Celebi|88/100|[from] Spikes
|move|p1a: Sponge|Seismic Toss|p2a: Celebi
|-damage|p2a: Celebi|63/100
|
|-weather|Sandstorm|[upkeep]
|-damage|p2a: Celebi|57/100|[from] Sandstorm
|-damage|p1a: Sponge|70/100|[from] Sandstorm
|-heal|p2a: Celebi|63/100|[from] item: Leftovers
|-heal|p1a: Sponge|76/100|[from] item: Leftovers
|upkeep
|turn|12
|
|t:|1729969674
|switch|p1a: Ptaeroptdactyl|Aerodactyl, F|100/100
|move|p2a: Celebi|Leech Seed|p1a: Ptaeroptdactyl
|-start|p1a: Ptaeroptdactyl|move: Leech Seed
|
|-weather|Sandstorm|[upkeep]
|-damage|p2a: Celebi|57/100|[from] Sandstorm
|-damage|p1a: Ptaeroptdactyl|88/100|[from] Leech Seed|[of] p2a: Celebi
|-heal|p2a: Celebi|66/100|[silent]
|-heal|p2a: Celebi|73/100|[from] item: Leftovers
|upkeep
|turn|13
|
|t:|1729969681
|switch|p2a: Jirachi|Jirachi|100/100
|-damage|p2a: Jirachi|88/100|[from] Spikes
|move|p1a: Ptaeroptdactyl|Rock Slide|p2a: Jirachi
|-resisted|p2a: Jirachi
|-damage|p2a: Jirachi|71/100
|
|-weather|Sandstorm|[upkeep]
|-damage|p1a: Ptaeroptdactyl|76/100|[from] Leech Seed|[of] p2a: Jirachi
|-heal|p2a: Jirachi|81/100|[silent]
|-heal|p2a: Jirachi|87/100|[from] item: Leftovers
|upkeep
|turn|14
|
|t:|1729969688
|switch|p1a: Sponge|Blissey, F|76/100
|-damage|p1a: Sponge|64/100|[from] Spikes
|move|p2a: Jirachi|Wish|p2a: Jirachi
|
|-weather|Sandstorm|[upkeep]
|-damage|p1a: Sponge|57/100|[from] Sandstorm
|-heal|p2a: Jirachi|93/100|[from] item: Leftovers
|-heal|p1a: Sponge|64/100|[from] item: Leftovers
|upkeep
|turn|15
|
|t:|1729969701
|switch|p2a: Celebi|Celebi|73/100
|-damage|p2a: Celebi|60/100|[from] Spikes
|move|p1a: Sponge|Thunder Wave|p2a: Celebi
|-status|p2a: Celebi|par
|
|-heal|p2a: Celebi|100/100 par|[from] move: Wish|[wisher] Jirachi
|-weather|Sandstorm|[upkeep]
|-damage|p1a: Sponge|57/100|[from] Sandstorm
|-damage|p2a: Celebi|94/100 par|[from] Sandstorm
|-heal|p1a: Sponge|64/100|[from] item: Leftovers
|-heal|p2a: Celebi|100/100 par|[from] item: Leftovers
|upkeep
|turn|16
|
|t:|1729969708
|move|p1a: Sponge|Soft-Boiled|p1a: Sponge
|-heal|p1a: Sponge|100/100
|cant|p2a: Celebi|par
|
|-weather|Sandstorm|[upkeep]
|-damage|p1a: Sponge|94/100|[from] Sandstorm
|-damage|p2a: Celebi|94/100 par|[from] Sandstorm
|-heal|p1a: Sponge|100/100|[from] item: Leftovers
|-heal|p2a: Celebi|100/100 par|[from] item: Leftovers
|upkeep
|turn|17
|
|t:|1729969714
|switch|p1a: 4 E|Forretress, M|93/100
|-damage|p1a: 4 E|80/100|[from] Spikes
|move|p2a: Celebi|Leech Seed|p1a: 4 E|[miss]
|-miss|p2a: Celebi|p1a: 4 E
|
|-weather|Sandstorm|[upkeep]
|-damage|p2a: Celebi|94/100 par|[from] Sandstorm
|-heal|p1a: 4 E|86/100|[from] item: Leftovers
|-heal|p2a: Celebi|100/100 par|[from] item: Leftovers
|upkeep
|turn|18
|
|t:|1729969722
|move|p1a: 4 E|Rapid Spin|p2a: Celebi
|-damage|p2a: Celebi|97/100 par
|-sideend|p1: melee minion|Spikes|[from] move: Rapid Spin|[of] p1a: 4 E
|move|p2a: Celebi|Heal Bell|p2a: Celebi
|-activate|p2a: Celebi|move: Heal Bell
|-curestatus|p2a: Celebi|par|[silent]
|-curestatus|p2: Snorlax|par|[silent]
|-curestatus|p2: Suicune|slp|[silent]
|
|-weather|Sandstorm|[upkeep]
|-damage|p2a: Celebi|91/100|[from] Sandstorm
|-heal|p2a: Celebi|97/100|[from] item: Leftovers
|-heal|p1a: 4 E|93/100|[from] item: Leftovers
|upkeep
|turn|19
|
|t:|1729969731
|switch|p2a: Skarmory|Skarmory, F|30/100
|move|p1a: 4 E|Spikes|p2a: Skarmory
|-sidestart|p2: Yoink 0|Spikes
|
|-weather|Sandstorm|[upkeep]
|-heal|p1a: 4 E|99/100|[from] item: Leftovers
|upkeep
|turn|20
|
|t:|1729969735
|move|p2a: Skarmory|Thief|p1a: 4 E
|-resisted|p1a: 4 E
|-damage|p1a: 4 E|97/100
|-enditem|p1a: 4 E|Leftovers|[silent]|[from] move: Thief|[of] p2a: Skarmory
|-item|p2a: Skarmory|Leftovers|[from] move: Thief|[of] p1a: 4 E
|move|p1a: 4 E|Spikes|p2a: Skarmory
|-sidestart|p2: Yoink 0|Spikes
|
|-weather|Sandstorm|[upkeep]
|-heal|p2a: Skarmory|36/100|[from] item: Leftovers
|upkeep
|turn|21
|
|t:|1729969745
|switch|p2a: Claydol|Claydol|100/100
|switch|p1a: Better Call Sal|Salamence, M|100/100
|-ability|p1a: Better Call Sal|Intimidate|boost
|-unboost|p2a: Claydol|atk|1
|
|-weather|Sandstorm|[upkeep]
|-damage|p1a: Better Call Sal|95/100|[from] Sandstorm
|-heal|p1a: Better Call Sal|100/100|[from] item: Leftovers
|upkeep
|turn|22
|
|t:|1729969752
|move|p1a: Better Call Sal|Dragon Claw|p2a: Claydol
|-damage|p2a: Claydol|66/100
|move|p2a: Claydol|Rapid Spin|p1a: Better Call Sal
|-damage|p1a: Better Call Sal|98/100
|-sideend|p2: Yoink 0|Spikes|[from] move: Rapid Spin|[of] p2a: Claydol
|
|-weather|Sandstorm|[upkeep]
|-damage|p1a: Better Call Sal|92/100|[from] Sandstorm
|-heal|p1a: Better Call Sal|98/100|[from] item: Leftovers
|-heal|p2a: Claydol|72/100|[from] item: Leftovers
|upkeep
|turn|23
|
|t:|1729969763
|switch|p2a: Snorlax|Snorlax, M|100/100
|move|p1a: Better Call Sal|Fire Blast|p2a: Snorlax
|-damage|p2a: Snorlax|79/100
|
|-weather|Sandstorm|[upkeep]
|-damage|p1a: Better Call Sal|92/100|[from] Sandstorm
|-damage|p2a: Snorlax|73/100|[from] Sandstorm
|-heal|p1a: Better Call Sal|98/100|[from] item: Leftovers
|-heal|p2a: Snorlax|79/100|[from] item: Leftovers
|upkeep
|turn|24
|
|t:|1729969772
|switch|p1a: Jiracheese|Jirachi|100/100
|move|p2a: Snorlax|Body Slam|p1a: Jiracheese
|-resisted|p1a: Jiracheese
|-damage|p1a: Jiracheese|88/100
|-status|p1a: Jiracheese|par
|
|-weather|Sandstorm|[upkeep]
|-damage|p2a: Snorlax|73/100|[from] Sandstorm
|-heal|p2a: Snorlax|79/100|[from] item: Leftovers
|-heal|p1a: Jiracheese|94/100 par|[from] item: Leftovers
|upkeep
|turn|25
|
|t:|1729969783
|move|p2a: Snorlax|Earthquake|p1a: Jiracheese
|-supereffective|p1a: Jiracheese
|-damage|p1a: Jiracheese|58/100 par
|move|p1a: Jiracheese|Toxic|p2a: Snorlax
|-immune|p2a: Snorlax|[from] ability: Immunity
|
|-weather|Sandstorm|[upkeep]
|-damage|p2a: Snorlax|73/100|[from] Sandstorm
|-heal|p2a: Snorlax|79/100|[from] item: Leftovers
|-heal|p1a: Jiracheese|64/100 par|[from] item: Leftovers
|upkeep
|turn|26
|
|t:|1729969792
|switch|p1a: Better Call Sal|Salamence, M|98/100
|-ability|p1a: Better Call Sal|Intimidate|boost
|-unboost|p2a: Snorlax|atk|1
|move|p2a: Snorlax|Curse|p2a: Snorlax
|-unboost|p2a: Snorlax|spe|1
|-boost|p2a: Snorlax|atk|1
|-boost|p2a: Snorlax|def|1
|
|-weather|Sandstorm|[upkeep]
|-damage|p1a: Better Call Sal|92/100|[from] Sandstorm
|-damage|p2a: Snorlax|73/100|[from] Sandstorm
|-heal|p1a: Better Call Sal|98/100|[from] item: Leftovers
|-heal|p2a: Snorlax|79/100|[from] item: Leftovers
|upkeep
|turn|27
|
|t:|1729969797
|move|p2a: Snorlax|Body Slam|p1a: Better Call Sal
|-damage|p1a: Better Call Sal|59/100
|move|p1a: Better Call Sal|Roar|p2a: Snorlax
|drag|p2a: Claydol|Claydol|72/100
|
|-weather|Sandstorm|[upkeep]
|-damage|p1a: Better Call Sal|53/100|[from] Sandstorm
|-heal|p1a: Better Call Sal|59/100|[from] item: Leftovers
|-heal|p2a: Claydol|78/100|[from] item: Leftovers
|upkeep
|turn|28
|
|t:|1729969818
|switch|p1a: Darth Tyranitar|Tyranitar, F|100/100
|move|p2a: Claydol|Shadow Ball|p1a: Darth Tyranitar
|-resisted|p1a: Darth Tyranitar
|-damage|p1a: Darth Tyranitar|94/100
|-unboost|p1a: Darth Tyranitar|spd|1
|
|-weather|Sandstorm|[upkeep]
|-heal|p2a: Claydol|84/100|[from] item: Leftovers
|-heal|p1a: Darth Tyranitar|99/100|[from] item: Leftovers
|upkeep
|turn|29
|
|t:|1729969824
|move|p2a: Claydol|Earthquake|p1a: Darth Tyranitar
|-supereffective|p1a: Darth Tyranitar
|-damage|p1a: Darth Tyranitar|59/100
|move|p1a: Darth Tyranitar|Crunch|p2a: Claydol
|-supereffective|p2a: Claydol
|-damage|p2a: Claydol|20/100
|
|-weather|Sandstorm|[upkeep]
|-heal|p2a: Claydol|26/100|[from] item: Leftovers
|-heal|p1a: Darth Tyranitar|65/100|[from] item: Leftovers
|upkeep
|turn|30
|
|t:|1729969836
|switch|p1a: Ptaeroptdactyl|Aerodactyl, F|76/100
|move|p2a: Claydol|Earthquake|p1a: Ptaeroptdactyl
|-immune|p1a: Ptaeroptdactyl
|
|-weather|Sandstorm|[upkeep]
|-heal|p2a: Claydol|33/100|[from] item: Leftovers
|upkeep
|turn|31
|
|t:|1729969846
|switch|p2a: Jirachi|Jirachi|93/100
|move|p1a: Ptaeroptdactyl|Earthquake|p2a: Jirachi
|-supereffective|p2a: Jirachi
|-damage|p2a: Jirachi|34/100
|
|-weather|Sandstorm|[upkeep]
|-heal|p2a: Jirachi|40/100|[from] item: Leftovers
|upkeep
|turn|32
|
|t:|1729969857
|switch|p1a: Better Call Sal|Salamence, M|59/100
|-ability|p1a: Better Call Sal|Intimidate|boost
|-unboost|p2a: Jirachi|atk|1
|switch|p2a: Skarmory|Skarmory, F|36/100
|
|-weather|Sandstorm|[upkeep]
|-damage|p1a: Better Call Sal|53/100|[from] Sandstorm
|-heal|p1a: Better Call Sal|59/100|[from] item: Leftovers
|-heal|p2a: Skarmory|42/100|[from] item: Leftovers
|upkeep
|turn|33
|
|t:|1729969864
|switch|p2a: Snorlax|Snorlax, M|79/100
|move|p1a: Better Call Sal|Fire Blast|p2a: Snorlax
|-damage|p2a: Snorlax|58/100
|
|-weather|Sandstorm|[upkeep]
|-damage|p1a: Better Call Sal|53/100|[from] Sandstorm
|-damage|p2a: Snorlax|52/100|[from] Sandstorm
|-heal|p1a: Better Call Sal|59/100|[from] item: Leftovers
|-heal|p2a: Snorlax|58/100|[from] item: Leftovers
|upkeep
|turn|34
|
|t:|1729969870
|move|p1a: Better Call Sal|Brick Break|p2a: Snorlax
|-supereffective|p2a: Snorlax
|-damage|p2a: Snorlax|24/100
|move|p2a: Snorlax|Body Slam|p1a: Better Call Sal
|-damage|p1a: Better Call Sal|15/100
|-status|p1a: Better Call Sal|par
|
|-weather|Sandstorm|[upkeep]
|-damage|p2a: Snorlax|18/100|[from] Sandstorm
|-damage|p1a: Better Call Sal|9/100 par|[from] Sandstorm
|-heal|p2a: Snorlax|24/100|[from] item: Leftovers
|-heal|p1a: Better Call Sal|15/100 par|[from] item: Leftovers
|upkeep
|turn|35
|
|t:|1729969882
|move|p2a: Snorlax|Rest|p2a: Snorlax
|-status|p2a: Snorlax|slp|[from] move: Rest
|-heal|p2a: Snorlax|100/100 slp|[silent]
|move|p1a: Better Call Sal|Brick Break|p2a: Snorlax
|-supereffective|p2a: Snorlax
|-damage|p2a: Snorlax|63/100 slp
|
|-weather|Sandstorm|[upkeep]
|-damage|p2a: Snorlax|57/100 slp|[from] Sandstorm
|-damage|p1a: Better Call Sal|9/100 par|[from] Sandstorm
|-heal|p2a: Snorlax|63/100 slp|[from] item: Leftovers
|-heal|p1a: Better Call Sal|15/100 par|[from] item: Leftovers
|upkeep
|turn|36
|
|t:|1729969894
|switch|p2a: Suicune|Suicune|75/100
|move|p1a: Better Call Sal|Brick Break|p2a: Suicune
|-damage|p2a: Suicune|63/100
|
|-weather|Sandstorm|[upkeep]
|-damage|p2a: Suicune|57/100|[from] Sandstorm
|-damage|p1a: Better Call Sal|9/100 par|[from] Sandstorm
|-heal|p2a: Suicune|63/100|[from] item: Leftovers
|-heal|p1a: Better Call Sal|15/100 par|[from] item: Leftovers
|upkeep
|turn|37
|
|t:|1729969901
|switch|p2a: Celebi|Celebi|97/100
|move|p1a: Better Call Sal|Roar|p2a: Celebi
|drag|p2a: Snorlax|Snorlax, M|63/100 slp
|
|-weather|Sandstorm|[upkeep]
|-damage|p2a: Snorlax|57/100 slp|[from] Sandstorm
|-damage|p1a: Better Call Sal|9/100 par|[from] Sandstorm
|-heal|p2a: Snorlax|63/100 slp|[from] item: Leftovers
|-heal|p1a: Better Call Sal|15/100 par|[from] item: Leftovers
|upkeep
|turn|38
|
|t:|1729969908
|switch|p2a: Suicune|Suicune|63/100
|move|p1a: Better Call Sal|Brick Break|p2a: Suicune
|-damage|p2a: Suicune|51/100
|
|-weather|Sandstorm|[upkeep]
|-damage|p2a: Suicune|45/100|[from] Sandstorm
|-damage|p1a: Better Call Sal|9/100 par|[from] Sandstorm
|-heal|p2a: Suicune|51/100|[from] item: Leftovers
|-heal|p1a: Better Call Sal|15/100 par|[from] item: Leftovers
|upkeep
|turn|39
|
|t:|1729969915
|switch|p1a: Sponge|Blissey, F|100/100
|move|p2a: Suicune|Surf|p1a: Sponge
|-damage|p1a: Sponge|90/100
|
|-weather|Sandstorm|[upkeep]
|-damage|p2a: Suicune|45/100|[from] Sandstorm
|-damage|p1a: Sponge|84/100|[from] Sandstorm
|-heal|p2a: Suicune|51/100|[from] item: Leftovers
|-heal|p1a: Sponge|90/100|[from] item: Leftovers
|upkeep
|turn|40
|
|t:|1729969925
|switch|p1a: 4 E|Forretress, M|97/100
|move|p2a: Suicune|Rest|p2a: Suicune
|-status|p2a: Suicune|slp|[from] move: Rest
|-heal|p2a: Suicune|100/100 slp|[silent]
|
|-weather|Sandstorm|[upkeep]
|-damage|p2a: Suicune|94/100 slp|[from] Sandstorm
|-heal|p2a: Suicune|100/100 slp|[from] item: Leftovers
|upkeep
|turn|41
|
|t:|1729969931
|switch|p2a: Skarmory|Skarmory, F|42/100
|move|p1a: 4 E|Spikes|p2a: Skarmory
|-sidestart|p2: Yoink 0|Spikes
|
|-weather|Sandstorm|[upkeep]
|-heal|p2a: Skarmory|48/100|[from] item: Leftovers
|upkeep
|turn|42
|
|t:|1729969942
|switch|p1a: Darth Tyranitar|Tyranitar, F|65/100
|move|p2a: Skarmory|Spikes|p1a: Darth Tyranitar
|-sidestart|p1: melee minion|Spikes
|
|-weather|Sandstorm|[upkeep]
|-heal|p2a: Skarmory|54/100|[from] item: Leftovers
|-heal|p1a: Darth Tyranitar|71/100|[from] item: Leftovers
|upkeep
|turn|43
|
|t:|1729969970
|move|p2a: Skarmory|Spikes|p1a: Darth Tyranitar
|-sidestart|p1: melee minion|Spikes
|move|p1a: Darth Tyranitar|Fire Blast|p2a: Skarmory|[miss]
|-miss|p1a: Darth Tyranitar|p2a: Skarmory
|
|-weather|Sandstorm|[upkeep]
|-heal|p2a: Skarmory|60/100|[from] item: Leftovers
|-heal|p1a: Darth Tyranitar|77/100|[from] item: Leftovers
|upkeep
|turn|44
|
|t:|1729969975
|move|p1a: Darth Tyranitar|Fire Blast|p2a: Skarmory
|-supereffective|p2a: Skarmory
|-damage|p2a: Skarmory|0 fnt
|faint|p2a: Skarmory
|
|t:|1729969983
|switch|p2a: Claydol|Claydol|33/100
|
|-weather|Sandstorm|[upkeep]
|-heal|p2a: Claydol|39/100|[from] item: Leftovers
|-heal|p1a: Darth Tyranitar|83/100|[from] item: Leftovers
|upkeep
|turn|45
|
|t:|1729969990
|move|p2a: Claydol|Earthquake|p1a: Darth Tyranitar
|-supereffective|p1a: Darth Tyranitar
|-damage|p1a: Darth Tyranitar|36/100
|move|p1a: Darth Tyranitar|Crunch|p2a: Claydol
|-supereffective|p2a: Claydol
|-damage|p2a: Claydol|0 fnt
|faint|p2a: Claydol
|
|t:|1729969996
|switch|p2a: Suicune|Suicune|100/100 slp
|-damage|p2a: Suicune|88/100 slp|[from] Spikes
|
|-weather|Sandstorm|[upkeep]
|-damage|p2a: Suicune|82/100 slp|[from] Sandstorm
|-heal|p2a: Suicune|88/100 slp|[from] item: Leftovers
|-heal|p1a: Darth Tyranitar|42/100|[from] item: Leftovers
|upkeep
|turn|46
|
|t:|1729970024
|switch|p1a: Sponge|Blissey, F|90/100
|-damage|p1a: Sponge|73/100|[from] Spikes
|cant|p2a: Suicune|slp
|
|-weather|Sandstorm|[upkeep]
|-damage|p2a: Suicune|82/100 slp|[from] Sandstorm
|-damage|p1a: Sponge|67/100|[from] Sandstorm
|-heal|p2a: Suicune|88/100 slp|[from] item: Leftovers
|-heal|p1a: Sponge|73/100|[from] item: Leftovers
|upkeep
|turn|47
|
|t:|1729970030
|switch|p2a: Celebi|Celebi|97/100
|-damage|p2a: Celebi|85/100|[from] Spikes
|move|p1a: Sponge|Seismic Toss|p2a: Celebi
|-damage|p2a: Celebi|60/100
|
|-weather|Sandstorm|[upkeep]
|-damage|p2a: Celebi|54/100|[from] Sandstorm
|-damage|p1a: Sponge|67/100|[from] Sandstorm
|-heal|p2a: Celebi|60/100|[from] item: Leftovers
|-heal|p1a: Sponge|73/100|[from] item: Leftovers
|upkeep
|turn|48
|
|t:|1729970038
|switch|p1a: 4 E|Forretress, M|97/100
|-damage|p1a: 4 E|80/100|[from] Spikes
|move|p2a: Celebi|Leech Seed|p1a: 4 E
|-start|p1a: 4 E|move: Leech Seed
|
|-weather|Sandstorm|[upkeep]
|-damage|p2a: Celebi|54/100|[from] Sandstorm
|-heal|p2a: Celebi|60/100|[from] item: Leftovers
|-damage|p1a: 4 E|68/100|[from] Leech Seed|[of] p2a: Celebi
|-heal|p2a: Celebi|71/100|[silent]
|upkeep
|turn|49
|
|t:|1729970041
|move|p2a: Celebi|Heal Bell|p2a: Celebi
|-activate|p2a: Celebi|move: Heal Bell
|-curestatus|p2: Snorlax|slp|[silent]
|-curestatus|p2: Suicune|slp|[silent]
|move|p1a: 4 E|Rapid Spin|p2a: Celebi
|-damage|p2a: Celebi|67/100
|-end|p1a: 4 E|Leech Seed|[from] move: Rapid Spin|[of] p1a: 4 E
|-sideend|p1: melee minion|Spikes|[from] move: Rapid Spin|[of] p1a: 4 E
|
|-weather|Sandstorm|[upkeep]
|-damage|p2a: Celebi|61/100|[from] Sandstorm
|-heal|p2a: Celebi|67/100|[from] item: Leftovers
|upkeep
|turn|50
|
|t:|1729970045
|switch|p2a: Jirachi|Jirachi|40/100
|-damage|p2a: Jirachi|28/100|[from] Spikes
|move|p1a: 4 E|Spikes|p2a: Jirachi
|-sidestart|p2: Yoink 0|Spikes
|
|-weather|Sandstorm|[upkeep]
|-heal|p2a: Jirachi|34/100|[from] item: Leftovers
|upkeep
|turn|51
|
|t:|1729970054
|switch|p1a: Darth Tyranitar|Tyranitar, F|42/100
|move|p2a: Jirachi|Wish|p2a: Jirachi
|
|-weather|Sandstorm|[upkeep]
|-heal|p2a: Jirachi|40/100|[from] item: Leftovers
|-heal|p1a: Darth Tyranitar|48/100|[from] item: Leftovers
|upkeep
|turn|52
|
|t:|1729970061
|switch|p2a: Suicune|Suicune|88/100
|-damage|p2a: Suicune|71/100|[from] Spikes
|move|p1a: Darth Tyranitar|Fire Blast|p2a: Suicune
|-resisted|p2a: Suicune
|-damage|p2a: Suicune|59/100
|
|-heal|p2a: Suicune|100/100|[from] move: Wish|[wisher] Jirachi
|-weather|Sandstorm|[upkeep]
|-damage|p2a: Suicune|94/100|[from] Sandstorm
|-heal|p2a: Suicune|100/100|[from] item: Leftovers
|-heal|p1a: Darth Tyranitar|54/100|[from] item: Leftovers
|upkeep
|turn|53
|
|t:|1729970069
|switch|p2a: Snorlax|Snorlax, M|63/100
|-damage|p2a: Snorlax|47/100|[from] Spikes
|switch|p1a: Sponge|Blissey, F|73/100
|
|-weather|Sandstorm|[upkeep]
|-damage|p1a: Sponge|67/100|[from] Sandstorm
|-damage|p2a: Snorlax|41/100|[from] Sandstorm
|-heal|p1a: Sponge|73/100|[from] item: Leftovers
|-heal|p2a: Snorlax|47/100|[from] item: Leftovers
|upkeep
|turn|54
|
|t:|1729970079
|move|p1a: Sponge|Soft-Boiled|p1a: Sponge
|-heal|p1a: Sponge|100/100
|move|p2a: Snorlax|Curse|p2a: Snorlax
|-unboost|p2a: Snorlax|spe|1
|-boost|p2a: Snorlax|atk|1
|-boost|p2a: Snorlax|def|1
|
|-weather|Sandstorm|[upkeep]
|-damage|p1a: Sponge|94/100|[from] Sandstorm
|-damage|p2a: Snorlax|41/100|[from] Sandstorm
|-heal|p1a: Sponge|100/100|[from] item: Leftovers
|-heal|p2a: Snorlax|47/100|[from] item: Leftovers
|upkeep
|turn|55
|
|t:|1729970088
|move|p1a: Sponge|Thunder Wave|p2a: Snorlax
|-status|p2a: Snorlax|par
|cant|p2a: Snorlax|par
|
|-weather|Sandstorm|[upkeep]
|-damage|p1a: Sponge|94/100|[from] Sandstorm
|-damage|p2a: Snorlax|41/100 par|[from] Sandstorm
|-heal|p1a: Sponge|100/100|[from] item: Leftovers
|-heal|p2a: Snorlax|47/100 par|[from] item: Leftovers
|upkeep
|turn|56
|
|t:|1729970092
|move|p1a: Sponge|Seismic Toss|p2a: Snorlax
|-damage|p2a: Snorlax|27/100 par
|move|p2a: Snorlax|Body Slam|p1a: Sponge
|-damage|p1a: Sponge|48/100
|
|-weather|Sandstorm|[upkeep]
|-damage|p1a: Sponge|42/100|[from] Sandstorm
|-damage|p2a: Snorlax|21/100 par|[from] Sandstorm
|-heal|p1a: Sponge|48/100|[from] item: Leftovers
|-heal|p2a: Snorlax|27/100 par|[from] item: Leftovers
|upkeep
|turn|57
|
|t:|1729970097
|move|p1a: Sponge|Soft-Boiled|p1a: Sponge
|-heal|p1a: Sponge|98/100
|move|p2a: Snorlax|Rest|p2a: Snorlax
|-status|p2a: Snorlax|slp|[from] move: Rest
|-heal|p2a: Snorlax|100/100 slp|[silent]
|
|-weather|Sandstorm|[upkeep]
|-damage|p1a: Sponge|92/100|[from] Sandstorm
|-damage|p2a: Snorlax|94/100 slp|[from] Sandstorm
|-heal|p1a: Sponge|98/100|[from] item: Leftovers
|-heal|p2a: Snorlax|100/100 slp|[from] item: Leftovers
|upkeep
|turn|58
|
|t:|1729970108
|switch|p1a: Ptaeroptdactyl|Aerodactyl, F|76/100
|cant|p2a: Snorlax|slp
|
|-weather|Sandstorm|[upkeep]
|-damage|p2a: Snorlax|94/100 slp|[from] Sandstorm
|-heal|p2a: Snorlax|100/100 slp|[from] item: Leftovers
|upkeep
|turn|59
|
|t:|1729970112
|move|p1a: Ptaeroptdactyl|Rock Slide|p2a: Snorlax
|-damage|p2a: Snorlax|75/100 slp
|cant|p2a: Snorlax|slp
|
|-weather|Sandstorm|[upkeep]
|-damage|p2a: Snorlax|69/100 slp|[from] Sandstorm
|-heal|p2a: Snorlax|75/100 slp|[from] item: Leftovers
|upkeep
|turn|60
|
|t:|1729970116
|switch|p1a: Better Call Sal|Salamence, M|15/100 par
|-ability|p1a: Better Call Sal|Intimidate|boost
|-unboost|p2a: Snorlax|atk|1
|-curestatus|p2a: Snorlax|slp|[msg]
|move|p2a: Snorlax|Body Slam|p1a: Better Call Sal
|-damage|p1a: Better Call Sal|0 fnt
|faint|p1a: Better Call Sal
|
|t:|1729970123
|switch|p1a: Sponge|Blissey, F|98/100
|
|-weather|Sandstorm|[upkeep]
|-damage|p1a: Sponge|92/100|[from] Sandstorm
|-damage|p2a: Snorlax|69/100|[from] Sandstorm
|-heal|p1a: Sponge|98/100|[from] item: Leftovers
|-heal|p2a: Snorlax|75/100|[from] item: Leftovers
|upkeep
|turn|61
|
|t:|1729970127
|move|p1a: Sponge|Seismic Toss|p2a: Snorlax
|-damage|p2a: Snorlax|55/100
|move|p2a: Snorlax|Curse|p2a: Snorlax
|-unboost|p2a: Snorlax|spe|1
|-boost|p2a: Snorlax|atk|1
|-boost|p2a: Snorlax|def|1
|
|-weather|Sandstorm|[upkeep]
|-damage|p1a: Sponge|92/100|[from] Sandstorm
|-damage|p2a: Snorlax|48/100|[from] Sandstorm
|-heal|p1a: Sponge|98/100|[from] item: Leftovers
|-heal|p2a: Snorlax|55/100|[from] item: Leftovers
|upkeep
|turn|62
|
|t:|1729970131
|move|p2a: Snorlax|Body Slam|p1a: Sponge
|-damage|p1a: Sponge|45/100
|-status|p1a: Sponge|par
|move|p1a: Sponge|Counter|p2a: Snorlax
|-damage|p2a: Snorlax|0 fnt
|faint|p2a: Snorlax
|
|t:|1729970143
|switch|p2a: Suicune|Suicune|100/100
|-damage|p2a: Suicune|84/100|[from] Spikes
|
|-weather|Sandstorm|[upkeep]
|-damage|p2a: Suicune|78/100|[from] Sandstorm
|-damage|p1a: Sponge|39/100 par|[from] Sandstorm
|-heal|p2a: Suicune|84/100|[from] item: Leftovers
|-heal|p1a: Sponge|45/100 par|[from] item: Leftovers
|upkeep
|turn|63
|
|t:|1729970149
|move|p2a: Suicune|Calm Mind|p2a: Suicune
|-boost|p2a: Suicune|spa|1
|-boost|p2a: Suicune|spd|1
|move|p1a: Sponge|Soft-Boiled|p1a: Sponge
|-heal|p1a: Sponge|95/100 par
|
|-weather|Sandstorm|[upkeep]
|-damage|p2a: Suicune|78/100|[from] Sandstorm
|-damage|p1a: Sponge|89/100 par|[from] Sandstorm
|-heal|p2a: Suicune|84/100|[from] item: Leftovers
|-heal|p1a: Sponge|95/100 par|[from] item: Leftovers
|upkeep
|turn|64
|
|t:|1729970155
|move|p2a: Suicune|Calm Mind|p2a: Suicune
|-boost|p2a: Suicune|spa|1
|-boost|p2a: Suicune|spd|1
|move|p1a: Sponge|Thunder Wave|p2a: Suicune
|-status|p2a: Suicune|par
|
|-weather|Sandstorm|[upkeep]
|-damage|p2a: Suicune|78/100 par|[from] Sandstorm
|-damage|p1a: Sponge|89/100 par|[from] Sandstorm
|-heal|p2a: Suicune|84/100 par|[from] item: Leftovers
|-heal|p1a: Sponge|95/100 par|[from] item: Leftovers
|upkeep
|turn|65
|
|t:|1729970158
|move|p2a: Suicune|Calm Mind|p2a: Suicune
|-boost|p2a: Suicune|spa|1
|-boost|p2a: Suicune|spd|1
|move|p1a: Sponge|Seismic Toss|p2a: Suicune
|-damage|p2a: Suicune|59/100 par
|
|-weather|Sandstorm|[upkeep]
|-damage|p2a: Suicune|53/100 par|[from] Sandstorm
|-damage|p1a: Sponge|89/100 par|[from] Sandstorm
|-heal|p2a: Suicune|59/100 par|[from] item: Leftovers
|-heal|p1a: Sponge|95/100 par|[from] item: Leftovers
|upkeep
|turn|66
|
|t:|1729970170
|cant|p2a: Suicune|par
|move|p1a: Sponge|Seismic Toss|p2a: Suicune
|-damage|p2a: Suicune|34/100 par
|
|-weather|Sandstorm|[upkeep]
|-damage|p2a: Suicune|28/100 par|[from] Sandstorm
|-damage|p1a: Sponge|89/100 par|[from] Sandstorm
|-heal|p2a: Suicune|34/100 par|[from] item: Leftovers
|-heal|p1a: Sponge|95/100 par|[from] item: Leftovers
|upkeep
|turn|67
|
|t:|1729970177
|-curestatus|p1a: Sponge|par|[from] ability: Natural Cure
|switch|p1a: Ptaeroptdactyl|Aerodactyl, F|76/100
|move|p2a: Suicune|Rest|p2a: Suicune
|-status|p2a: Suicune|slp|[from] move: Rest
|-heal|p2a: Suicune|100/100 slp|[silent]
|
|-weather|Sandstorm|[upkeep]
|-damage|p2a: Suicune|94/100 slp|[from] Sandstorm
|-heal|p2a: Suicune|100/100 slp|[from] item: Leftovers
|upkeep
|turn|68
|inactive|melee minion has 270 seconds left.
|
|t:|1729970216
|move|p1a: Ptaeroptdactyl|Double-Edge|p2a: Suicune
|-damage|p2a: Suicune|72/100 slp
|cant|p2a: Suicune|slp
|
|-weather|Sandstorm|[upkeep]
|-damage|p2a: Suicune|66/100 slp|[from] Sandstorm
|-heal|p2a: Suicune|72/100 slp|[from] item: Leftovers
|upkeep
|turn|69
|
|t:|1729970227
|switch|p1a: 4 E|Forretress, M|68/100
|cant|p2a: Suicune|slp
|
|-weather|Sandstorm|[upkeep]
|-damage|p2a: Suicune|66/100 slp|[from] Sandstorm
|-heal|p2a: Suicune|72/100 slp|[from] item: Leftovers
|upkeep
|turn|70
|
|t:|1729970234
|switch|p1a: Sponge|Blissey, F|95/100
|-curestatus|p2a: Suicune|slp|[msg]
|move|p2a: Suicune|Surf|p1a: Sponge
|-damage|p1a: Sponge|66/100
|
|-weather|Sandstorm|[upkeep]
|-damage|p2a: Suicune|66/100|[from] Sandstorm
|-damage|p1a: Sponge|60/100|[from] Sandstorm
|-heal|p2a: Suicune|72/100|[from] item: Leftovers
|-heal|p1a: Sponge|66/100|[from] item: Leftovers
|upkeep
|turn|71
|
|t:|1729970244
|move|p2a: Suicune|Surf|p1a: Sponge
|-damage|p1a: Sponge|37/100
|move|p1a: Sponge|Thunder Wave|p2a: Suicune
|-status|p2a: Suicune|par
|
|-weather|Sandstorm|[upkeep]
|-damage|p1a: Sponge|31/100|[from] Sandstorm
|-damage|p2a: Suicune|66/100 par|[from] Sandstorm
|-heal|p1a: Sponge|37/100|[from] item: Leftovers
|-heal|p2a: Suicune|72/100 par|[from] item: Leftovers
|upkeep
|turn|72
|
|t:|1729970252
|move|p1a: Sponge|Soft-Boiled|p1a: Sponge
|-heal|p1a: Sponge|87/100
|cant|p2a: Suicune|par
|
|-weather|Sandstorm|[upkeep]
|-damage|p1a: Sponge|81/100|[from] Sandstorm
|-damage|p2a: Suicune|66/100 par|[from] Sandstorm
|-heal|p1a: Sponge|87/100|[from] item: Leftovers
|-heal|p2a: Suicune|72/100 par|[from] item: Leftovers
|upkeep
|turn|73
|
|t:|1729970256
|move|p1a: Sponge|Seismic Toss|p2a: Suicune
|-damage|p2a: Suicune|47/100 par
|move|p2a: Suicune|Calm Mind|p2a: Suicune
|-boost|p2a: Suicune|spa|1
|-boost|p2a: Suicune|spd|1
|
|-weather|Sandstorm|[upkeep]
|-damage|p1a: Sponge|81/100|[from] Sandstorm
|-damage|p2a: Suicune|41/100 par|[from] Sandstorm
|-heal|p1a: Sponge|87/100|[from] item: Leftovers
|-heal|p2a: Suicune|47/100 par|[from] item: Leftovers
|upkeep
|turn|74
|
|t:|1729970264
|move|p1a: Sponge|Seismic Toss|p2a: Suicune
|-damage|p2a: Suicune|22/100 par
|move|p2a: Suicune|Rest|p2a: Suicune
|-status|p2a: Suicune|slp|[from] move: Rest
|-heal|p2a: Suicune|100/100 slp|[silent]
|
|-weather|Sandstorm|[upkeep]
|-damage|p2a: Suicune|94/100 slp|[from] Sandstorm
|-damage|p1a: Sponge|81/100|[from] Sandstorm
|-heal|p2a: Suicune|100/100 slp|[from] item: Leftovers
|-heal|p1a: Sponge|87/100|[from] item: Leftovers
|upkeep
|turn|75
|
|t:|1729970275
|switch|p1a: 4 E|Forretress, M|68/100
|cant|p2a: Suicune|slp
|
|-weather|Sandstorm|[upkeep]
|-damage|p2a: Suicune|94/100 slp|[from] Sandstorm
|-heal|p2a: Suicune|100/100 slp|[from] item: Leftovers
|upkeep
|turn|76
|
|t:|1729970286
|switch|p2a: Jirachi|Jirachi|40/100
|-damage|p2a: Jirachi|24/100|[from] Spikes
|move|p1a: 4 E|Explosion|p2a: Jirachi
|-resisted|p2a: Jirachi
|-damage|p2a: Jirachi|0 fnt
|faint|p1a: 4 E
|faint|p2a: Jirachi
|
|t:|1729970307
|switch|p2a: Suicune|Suicune|100/100 slp
|switch|p1a: Jiracheese|Jirachi|64/100 par
|-damage|p2a: Suicune|84/100 slp|[from] Spikes
|
|-weather|Sandstorm|[upkeep]
|-damage|p2a: Suicune|78/100 slp|[from] Sandstorm
|-heal|p2a: Suicune|84/100 slp|[from] item: Leftovers
|-heal|p1a: Jiracheese|70/100 par|[from] item: Leftovers
|upkeep
|turn|77
|
|t:|1729970313
|switch|p2a: Celebi|Celebi|67/100
|-damage|p2a: Celebi|50/100|[from] Spikes
|cant|p1a: Jiracheese|par
|
|-weather|Sandstorm|[upkeep]
|-damage|p2a: Celebi|44/100|[from] Sandstorm
|-heal|p2a: Celebi|50/100|[from] item: Leftovers
|-heal|p1a: Jiracheese|76/100 par|[from] item: Leftovers
|upkeep
|turn|78
|
|t:|1729970320
|move|p2a: Celebi|Heal Bell|p2a: Celebi
|-activate|p2a: Celebi|move: Heal Bell
|-curestatus|p2: Suicune|slp|[silent]
|move|p1a: Jiracheese|Fire Punch|p2a: Celebi
|-supereffective|p2a: Celebi
|-damage|p2a: Celebi|26/100
|-status|p2a: Celebi|brn
|
|-weather|Sandstorm|[upkeep]
|-damage|p2a: Celebi|20/100 brn|[from] Sandstorm
|-heal|p2a: Celebi|26/100 brn|[from] item: Leftovers
|-damage|p2a: Celebi|13/100 brn|[from] brn
|-heal|p1a: Jiracheese|82/100 par|[from] item: Leftovers
|upkeep
|turn|79
|
|t:|1729970328
|move|p2a: Celebi|Leech Seed|p1a: Jiracheese
|-start|p1a: Jiracheese|move: Leech Seed
|cant|p1a: Jiracheese|par
|
|-weather|Sandstorm|[upkeep]
|-damage|p2a: Celebi|7/100 brn|[from] Sandstorm
|-heal|p2a: Celebi|13/100 brn|[from] item: Leftovers
|-damage|p2a: Celebi|1/100 brn|[from] brn
|-heal|p1a: Jiracheese|89/100 par|[from] item: Leftovers
|-damage|p1a: Jiracheese|76/100 par|[from] Leech Seed|[of] p2a: Celebi
|-heal|p2a: Celebi|13/100 brn|[silent]
|upkeep
|turn|80
|
|t:|1729970334
|switch|p1a: Sponge|Blissey, F|87/100
|move|p2a: Celebi|Psychic|p1a: Sponge
|-damage|p1a: Sponge|75/100
|
|-weather|Sandstorm|[upkeep]
|-damage|p2a: Celebi|7/100 brn|[from] Sandstorm
|-damage|p1a: Sponge|69/100|[from] Sandstorm
|-heal|p2a: Celebi|13/100 brn|[from] item: Leftovers
|-damage|p2a: Celebi|1/100 brn|[from] brn
|-heal|p1a: Sponge|75/100|[from] item: Leftovers
|upkeep
|turn|81
|
|t:|1729970341
|switch|p1a: Jiracheese|Jirachi|76/100 par
|move|p2a: Celebi|Leech Seed|p1a: Jiracheese
|-start|p1a: Jiracheese|move: Leech Seed
|
|-weather|Sandstorm|[upkeep]
|-damage|p2a: Celebi|0 fnt|[from] Sandstorm
|faint|p2a: Celebi
|-heal|p1a: Jiracheese|82/100 par|[from] item: Leftovers
|upkeep
|
|t:|1729970344
|switch|p2a: Suicune|Suicune|84/100
|-damage|p2a: Suicune|67/100|[from] Spikes
|turn|82
|
|t:|1729970347
|move|p2a: Suicune|Calm Mind|p2a: Suicune
|-boost|p2a: Suicune|spa|1
|-boost|p2a: Suicune|spd|1
|move|p1a: Jiracheese|Toxic|p2a: Suicune
|-status|p2a: Suicune|tox
|
|-weather|Sandstorm|[upkeep]
|-damage|p2a: Suicune|61/100 tox|[from] Sandstorm
|-heal|p2a: Suicune|67/100 tox|[from] item: Leftovers
|-damage|p2a: Suicune|61/100 tox|[from] psn
|-heal|p1a: Jiracheese|89/100 par|[from] item: Leftovers
|-damage|p1a: Jiracheese|76/100 par|[from] Leech Seed|[of] p2a: Suicune
|-heal|p2a: Suicune|74/100 tox|[silent]
|upkeep
|turn|83
|
|t:|1729970355
|switch|p1a: Sponge|Blissey, F|75/100
|move|p2a: Suicune|Surf|p1a: Sponge
|-damage|p1a: Sponge|58/100
|
|-weather|Sandstorm|[upkeep]
|-damage|p2a: Suicune|67/100 tox|[from] Sandstorm
|-damage|p1a: Sponge|52/100|[from] Sandstorm
|-heal|p2a: Suicune|74/100 tox|[from] item: Leftovers
|-damage|p2a: Suicune|61/100 tox|[from] psn
|-heal|p1a: Sponge|58/100|[from] item: Leftovers
|upkeep
|turn|84
|
|t:|1729970360
|move|p2a: Suicune|Calm Mind|p2a: Suicune
|-boost|p2a: Suicune|spa|1
|-boost|p2a: Suicune|spd|1
|move|p1a: Sponge|Seismic Toss|p2a: Suicune
|-damage|p2a: Suicune|36/100 tox
|
|-weather|Sandstorm|[upkeep]
|-damage|p2a: Suicune|30/100 tox|[from] Sandstorm
|-damage|p1a: Sponge|52/100|[from] Sandstorm
|-heal|p2a: Suicune|36/100 tox|[from] item: Leftovers
|-damage|p2a: Suicune|17/100 tox|[from] psn
|-heal|p1a: Sponge|58/100|[from] item: Leftovers
|upkeep
|turn|85
|
|t:|1729970369
|switch|p1a: Ptaeroptdactyl|Aerodactyl, F|76/100
|move|p2a: Suicune|Rest|p2a: Suicune
|-status|p2a: Suicune|slp|[from] move: Rest
|-heal|p2a: Suicune|100/100 slp|[silent]
|
|-weather|Sandstorm|[upkeep]
|-damage|p2a: Suicune|94/100 slp|[from] Sandstorm
|-heal|p2a: Suicune|100/100 slp|[from] item: Leftovers
|upkeep
|turn|86
|
|t:|1729970372
|move|p1a: Ptaeroptdactyl|Rock Slide|p2a: Suicune
|-crit|p2a: Suicune
|-damage|p2a: Suicune|43/100 slp
|cant|p2a: Suicune|slp
|
|-weather|Sandstorm|[upkeep]
|-damage|p2a: Suicune|37/100 slp|[from] Sandstorm
|-heal|p2a: Suicune|43/100 slp|[from] item: Leftovers
|upkeep
|turn|87
|
|t:|1729970376
|move|p1a: Ptaeroptdactyl|Rock Slide|p2a: Suicune
|-damage|p2a: Suicune|13/100 slp
|cant|p2a: Suicune|slp
|
|-weather|Sandstorm|[upkeep]
|-damage|p2a: Suicune|7/100 slp|[from] Sandstorm
|-heal|p2a: Suicune|13/100 slp|[from] item: Leftovers
|upkeep
|turn|88
|
|t:|1729970380
|move|p1a: Ptaeroptdactyl|Rock Slide|p2a: Suicune|[miss]
|-miss|p1a: Ptaeroptdactyl|p2a: Suicune
|-curestatus|p2a: Suicune|slp|[msg]
|move|p2a: Suicune|Surf|p1a: Ptaeroptdactyl
|-supereffective|p1a: Ptaeroptdactyl
|-damage|p1a: Ptaeroptdactyl|0 fnt
|faint|p1a: Ptaeroptdactyl
|c|☆Yoink 0|well
|
|t:|1729970404
|switch|p1a: Darth Tyranitar|Tyranitar, F|54/100
|
|-weather|Sandstorm|[upkeep]
|-damage|p2a: Suicune|7/100|[from] Sandstorm
|-heal|p2a: Suicune|13/100|[from] item: Leftovers
|-heal|p1a: Darth Tyranitar|60/100|[from] item: Leftovers
|upkeep
|turn|89
|
|t:|1729970411
|move|p2a: Suicune|Surf|p1a: Darth Tyranitar
|-supereffective|p1a: Darth Tyranitar
|-damage|p1a: Darth Tyranitar|0 fnt
|faint|p1a: Darth Tyranitar
|
|t:|1729970413
|switch|p1a: Sponge|Blissey, F|58/100
|
|-weather|Sandstorm|[upkeep]
|-damage|p2a: Suicune|7/100|[from] Sandstorm
|-damage|p1a: Sponge|52/100|[from] Sandstorm
|-heal|p2a: Suicune|13/100|[from] item: Leftovers
|-heal|p1a: Sponge|58/100|[from] item: Leftovers
|upkeep
|turn|90
|
|t:|1729970417
|move|p2a: Suicune|Rest|p2a: Suicune
|-status|p2a: Suicune|slp|[from] move: Rest
|-heal|p2a: Suicune|100/100 slp|[silent]
|move|p1a: Sponge|Seismic Toss|p2a: Suicune
|-damage|p2a: Suicune|75/100 slp
|
|-weather|Sandstorm|[upkeep]
|-damage|p2a: Suicune|69/100 slp|[from] Sandstorm
|-damage|p1a: Sponge|52/100|[from] Sandstorm
|-heal|p2a: Suicune|75/100 slp|[from] item: Leftovers
|-heal|p1a: Sponge|58/100|[from] item: Leftovers
|upkeep
|turn|91
|
|t:|1729970423
|cant|p2a: Suicune|slp
|move|p1a: Sponge|Seismic Toss|p2a: Suicune
|-damage|p2a: Suicune|50/100 slp
|
|-weather|Sandstorm|[upkeep]
|-damage|p2a: Suicune|44/100 slp|[from] Sandstorm
|-damage|p1a: Sponge|52/100|[from] Sandstorm
|-heal|p2a: Suicune|50/100 slp|[from] item: Leftovers
|-heal|p1a: Sponge|58/100|[from] item: Leftovers
|upkeep
|turn|92
|
|t:|1729970431
|cant|p2a: Suicune|slp
|move|p1a: Sponge|Seismic Toss|p2a: Suicune
|-damage|p2a: Suicune|25/100 slp
|
|-weather|Sandstorm|[upkeep]
|-damage|p2a: Suicune|19/100 slp|[from] Sandstorm
|-damage|p1a: Sponge|52/100|[from] Sandstorm
|-heal|p2a: Suicune|25/100 slp|[from] item: Leftovers
|-heal|p1a: Sponge|58/100|[from] item: Leftovers
|upkeep
|turn|93
|
|t:|1729970437
|-curestatus|p2a: Suicune|slp|[msg]
|move|p2a: Suicune|Rest|p2a: Suicune
|-status|p2a: Suicune|slp|[from] move: Rest
|-heal|p2a: Suicune|100/100 slp|[silent]
|move|p1a: Sponge|Seismic Toss|p2a: Suicune
|-damage|p2a: Suicune|75/100 slp
|
|-weather|Sandstorm|[upkeep]
|-damage|p2a: Suicune|69/100 slp|[from] Sandstorm
|-damage|p1a: Sponge|52/100|[from] Sandstorm
|-heal|p2a: Suicune|75/100 slp|[from] item: Leftovers
|-heal|p1a: Sponge|58/100|[from] item: Leftovers
|upkeep
|turn|94
|
|t:|1729970445
|cant|p2a: Suicune|slp
|move|p1a: Sponge|Soft-Boiled|p1a: Sponge
|-heal|p1a: Sponge|100/100
|
|-weather|Sandstorm|[upkeep]
|-damage|p2a: Suicune|69/100 slp|[from] Sandstorm
|-damage|p1a: Sponge|94/100|[from] Sandstorm
|-heal|p2a: Suicune|75/100 slp|[from] item: Leftovers
|-heal|p1a: Sponge|100/100|[from] item: Leftovers
|upkeep
|turn|95
|
|t:|1729970449
|switch|p1a: Jiracheese|Jirachi|76/100 par
|cant|p2a: Suicune|slp
|
|-weather|Sandstorm|[upkeep]
|-damage|p2a: Suicune|69/100 slp|[from] Sandstorm
|-heal|p2a: Suicune|75/100 slp|[from] item: Leftovers
|-heal|p1a: Jiracheese|82/100 par|[from] item: Leftovers
|upkeep
|turn|96
|
|t:|1729970453
|-curestatus|p2a: Suicune|slp|[msg]
|move|p2a: Suicune|Surf|p1a: Jiracheese
|-damage|p1a: Jiracheese|30/100 par
|cant|p1a: Jiracheese|par
|
|-weather|Sandstorm|[upkeep]
|-damage|p2a: Suicune|69/100|[from] Sandstorm
|-heal|p2a: Suicune|75/100|[from] item: Leftovers
|-heal|p1a: Jiracheese|36/100 par|[from] item: Leftovers
|upkeep
|turn|97
|
|t:|1729970458
|move|p1a: Jiracheese|Protect|p1a: Jiracheese
|-singleturn|p1a: Jiracheese|Protect
|move|p2a: Suicune|Surf|p1a: Jiracheese
|-activate|p1a: Jiracheese|Protect
|
|-weather|Sandstorm|[upkeep]
|-damage|p2a: Suicune|69/100|[from] Sandstorm
|-heal|p2a: Suicune|75/100|[from] item: Leftovers
|-heal|p1a: Jiracheese|42/100 par|[from] item: Leftovers
|upkeep
|turn|98
|
|t:|1729970465
|switch|p1a: Sponge|Blissey, F|100/100
|move|p2a: Suicune|Calm Mind|p2a: Suicune
|-boost|p2a: Suicune|spa|1
|-boost|p2a: Suicune|spd|1
|
|-weather|Sandstorm|[upkeep]
|-damage|p2a: Suicune|69/100|[from] Sandstorm
|-damage|p1a: Sponge|94/100|[from] Sandstorm
|-heal|p2a: Suicune|75/100|[from] item: Leftovers
|-heal|p1a: Sponge|100/100|[from] item: Leftovers
|upkeep
|turn|99
|
|t:|1729970469
|move|p2a: Suicune|Calm Mind|p2a: Suicune
|-boost|p2a: Suicune|spa|1
|-boost|p2a: Suicune|spd|1
|move|p1a: Sponge|Thunder Wave|p2a: Suicune
|-status|p2a: Suicune|par
|
|-weather|Sandstorm|[upkeep]
|-damage|p1a: Sponge|94/100|[from] Sandstorm
|-damage|p2a: Suicune|69/100 par|[from] Sandstorm
|-heal|p1a: Sponge|100/100|[from] item: Leftovers
|-heal|p2a: Suicune|75/100 par|[from] item: Leftovers
|upkeep
|turn|100
|
|t:|1729970474
|move|p1a: Sponge|Seismic Toss|p2a: Suicune
|-damage|p2a: Suicune|50/100 par
|cant|p2a: Suicune|par
|
|-weather|Sandstorm|[upkeep]
|-damage|p1a: Sponge|94/100|[from] Sandstorm
|-damage|p2a: Suicune|44/100 par|[from] Sandstorm
|-heal|p1a: Sponge|100/100|[from] item: Leftovers
|-heal|p2a: Suicune|50/100 par|[from] item: Leftovers
|upkeep
|turn|101
|
|t:|1729970477
|move|p1a: Sponge|Seismic Toss|p2a: Suicune
|-damage|p2a: Suicune|25/100 par
|cant|p2a: Suicune|par
|
|-weather|Sandstorm|[upkeep]
|-damage|p1a: Sponge|94/100|[from] Sandstorm
|-damage|p2a: Suicune|19/100 par|[from] Sandstorm
|-heal|p1a: Sponge|100/100|[from] item: Leftovers
|-heal|p2a: Suicune|25/100 par|[from] item: Leftovers
|upkeep
|turn|102
|
|t:|1729970481
|move|p1a: Sponge|Seismic Toss|p2a: Suicune
|-damage|p2a: Suicune|0 fnt
|faint|p2a: Suicune
|
|win|melee minion
|c|☆Yoink 0|gg
|c|☆melee minion|gg
|player|p1|

</script>
<script type="application/json" class="data" id="replaydata-smogtours-gen3ou-802231">
{"id":"smogtours-gen3ou-802231","format":"[Gen 3] OU","players":["melee minion","Yoink 0"],"uploadtime":1729970481,"views":102,"formatid":"gen3ou","rating":null,"private":0,"password":null}
</script>

<script defer src="js/replays.js?9d40a366"></script>
