<!DOCTYPE html>
<meta charset="utf-8" />
<meta name="viewport" content="width=device-width" />

<title>[Gen 3] OU: Alecss vs. Dhgss - Replays - Pok&eacute;mon Showdown!</title>

<meta name="description" content="Watch a replay of a Pok&eacute;mon battle between Alecss and Dhgss! Format: [Gen 3] OU; Date: Nov 2, 2024" />
<!--

Hey, you! Looking in the source for the replay log?

You can find them in JSON format, just add `.json` at the end of a replay URL.

https://replay.pokemonshowdown.com/gen7randomdoublesbattle-865046831.json

Or, if you only need the log itself, add `.log` instead:

https://replay.pokemonshowdown.com/gen7randomdoublesbattle-865046831.log

-->

<link rel="stylesheet" href="//pokemonshowdown.com/style/global.css?0.023195364461161105" />
<link rel="stylesheet" href="//play.pokemonshowdown.com/style/font-awesome.css?0.13261647063804238" />
<link rel="stylesheet" href="//play.pokemonshowdown.com/style/battle.css?0.8753245789963631" />
<link rel="stylesheet" href="//play.pokemonshowdown.com/style/utilichart.css?0.8627959624976733" />

<!-- Global site tag (gtag.js) - Google Analytics -->
<script async src="https://www.googletagmanager.com/gtag/js?id=UA-26211653-1"></script>
<script>
  window.dataLayer = window.dataLayer || [];
  function gtag(){dataLayer.push(arguments);}
  gtag('js', new Date());

  gtag('config', 'UA-26211653-1');
</script>
<!-- End Google Analytics -->
<!-- Venatus Ad Manager - Install in <HEAD> of page -->
	<script src="https://hb.vntsm.com/v3/live/ad-manager.min.js" type="text/javascript" data-site-id="642aba63ec9a7b11c3c9c1be" data-mode="scan" async></script>
<!-- / Venatus Ad Manager -->

<style>
	@media (max-width:820px) {
		.battle {
			margin: 0 auto;
		}
		.battle-log {
			margin: 7px auto 0;
			max-width: 640px;
			height: 300px;
			position: static;
		}
	}
	.optgroup {
		display: inline-block;
		line-height: 22px;
		font-size: 10pt;
	}
	.optgroup .button {
		height: 25px;
		padding-top: 0;
		padding-bottom: 0;
	}
	.optgroup button.button {
		padding-left: 12px;
		padding-right: 12px;
	}
	.linklist {
		list-style: none;
		margin: 0.5em 0;
		padding: 0;
	}
	.linklist li {
		padding: 2px 0;
	}
	.sidebar {
		float: left;
		width: 320px;
	}
	.bar-wrapper {
		max-width: 1100px;
		margin: 0 auto;
	}
	.bar-wrapper.has-sidebar {
		max-width: 1430px;
	}
	.mainbar {
		margin: 0;
		padding-right: 1px;
	}
	.mainbar.has-sidebar {
		margin-left: 330px;
	}
	@media (min-width: 1511px) {
		.sidebar {
			width: 400px;
		}
		.bar-wrapper.has-sidebar {
			max-width: 1510px;
		}
		.mainbar.has-sidebar {
			margin-left: 410px;
		}
	}
	.section.first-section {
		margin-top: 9px;
	}
	.blocklink small {
		white-space: normal;
	}
	.button {
		vertical-align: middle;
	}
	.replay-controls {
		padding-top: 10px;
	}
	.replay-controls h1 {
		font-size: 16pt;
		font-weight: normal;
		color: #CCC;
	}
	.pagelink {
		text-align: center;
	}
	.pagelink a {
		width: 150px;
	}
	.textbox, .button {
		font-size: 11pt;
		vertical-align: middle;
	}
	@media (max-width: 450px) {
		.button {
			font-size: 9pt;
		}
	}
</style>

<div>

	<header>
		<div class="nav-wrapper"><ul class="nav">
			<li><a class="button nav-first" href="//pokemonshowdown.com/"><img src="//pokemonshowdown.com/images/pokemonshowdownbeta.png" srcset="//pokemonshowdown.com/images/pokemonshowdownbeta.png 1x, //pokemonshowdown.com/images/pokemonshowdownbeta@2x.png 2x" alt="Pok&eacute;mon Showdown" width="146" height="44" /> Home</a></li>
			<li><a class="button" href="//pokemonshowdown.com/dex/">Pok&eacute;dex</a></li>
			<li><a class="button cur" href="/">Replays</a></li>
			<li><a class="button" href="//pokemonshowdown.com/ladder/">Ladder</a></li>
			<li><a class="button nav-last" href="//pokemonshowdown.com/forums/">Forum</a></li>
			<li><a class="button greenbutton nav-first nav-last" href="//play.pokemonshowdown.com/">Play</a></li>
		</ul></div>
	</header>

	<div class="main" id="main">

		<noscript><section class="section">You need to enable JavaScript to use this page; sorry!</section></noscript>

	</div>

</div>

<script defer nomodule src="//play.pokemonshowdown.com/js/lib/ps-polyfill.js"></script>
<script defer src="//play.pokemonshowdown.com/js/lib/preact.min.js"></script>

<script defer src="//play.pokemonshowdown.com/config/config.js?2bddbc15"></script>
<script defer src="//play.pokemonshowdown.com/js/lib/jquery-1.11.0.min.js"></script>
<script defer src="//play.pokemonshowdown.com/js/lib/html-sanitizer-minified.js"></script>
<script defer src="//play.pokemonshowdown.com/js/battle-sound.js"></script>
<script defer src="//play.pokemonshowdown.com/js/battledata.js?0.7209276989879541"></script>
<script defer src="//play.pokemonshowdown.com/data/pokedex-mini.js?0.6111056340867951"></script>
<script defer src="//play.pokemonshowdown.com/data/pokedex-mini-bw.js?0.3532142036491459"></script>
<script defer src="//play.pokemonshowdown.com/data/graphics.js?0.24223875632456182"></script>
<script defer src="//play.pokemonshowdown.com/data/pokedex.js?0.38839984266356864"></script>
<script defer src="//play.pokemonshowdown.com/data/moves.js?0.21866028504024015"></script>
<script defer src="//play.pokemonshowdown.com/data/abilities.js?0.2005157953846628"></script>
<script defer src="//play.pokemonshowdown.com/data/items.js?0.9894211263848525"></script>
<script defer src="//play.pokemonshowdown.com/data/teambuilder-tables.js?0.6008791140282215"></script>
<script defer src="//play.pokemonshowdown.com/js/battle-tooltips.js?0.7580118955022959"></script>
<script defer src="//play.pokemonshowdown.com/js/battle.js?0.6057722274234274"></script>

<script defer src="js/utils.js?e31f9a17"></script>
<script defer src="js/replays-battle.js?7008c182"></script>

<!-- don't scrape this data! just add .json or .log after the URL!
Full API docs: https://github.com/smogon/pokemon-showdown-client/blob/master/WEB-API.md -->
<script type="text/plain" class="log" id="replaylog-smogtours-gen3ou-803913">
|inactive|Battle timer is ON: inactive players will automatically lose when time's up.
|t:|1730553440
|gametype|singles
|player|p1|Alecss|red-gen1|
|player|p2|Dhgss|ethan|
|teamsize|p1|6
|teamsize|p2|6
|gen|3
|tier|[Gen 3] OU
|rule|Sleep Clause Mod: Limit one foe put to sleep
|rule|Switch Priority Clause Mod: Faster Pokémon switch first
|rule|Species Clause: Limit one of each Pokémon
|rule|OHKO Clause: OHKO moves are banned
|rule|Evasion Items Clause: Evasion items are banned
|rule|Evasion Moves Clause: Evasion moves are banned
|rule|Endless Battle Clause: Forcing endless battles is banned
|rule|HP Percentage Mod: HP is shown in percentages
|rule|One Boost Passer Clause: Limit one Baton Passer that has a way to boost its stats
|rule|Freeze Clause Mod: Limit one foe frozen
|
|t:|1730553440
|start
|switch|p1a: Tyranitar|Tyranitar, M|100/100
|switch|p2a: Jolteon|Jolteon, F|100/100
|-weather|Sandstorm|[from] ability: Sand Stream|[of] p1a: Tyranitar
|turn|1
|inactive|Alecss has 270 seconds left.
|c|☆Alecss|hf!
|c|☆Dhgss|hf!
|
|t:|1730553490
|move|p2a: Jolteon|Baton Pass|p2a: Jolteon
|
|t:|1730553493
|switch|p2a: Milotic|Milotic, M|100/100|[from] Baton Pass
|move|p1a: Tyranitar|Rock Slide|p2a: Milotic
|-crit|p2a: Milotic
|-damage|p2a: Milotic|41/100
|
|-weather|Sandstorm|[upkeep]
|-damage|p2a: Milotic|35/100|[from] Sandstorm
|-heal|p2a: Milotic|41/100|[from] item: Leftovers
|upkeep
|turn|2
|c|☆Alecss|mb
|c|☆Dhgss|cosas que pasan
|inactive|Alecss has 270 seconds left.
|inactive|Alecss has 240 seconds left.
|
|t:|1730553575
|switch|p1a: Celebi|Celebi|100/100
|move|p2a: Milotic|Recover|p2a: Milotic
|-heal|p2a: Milotic|91/100
|
|-weather|Sandstorm|[upkeep]
|-damage|p1a: Celebi|94/100|[from] Sandstorm
|-damage|p2a: Milotic|85/100|[from] Sandstorm
|-heal|p1a: Celebi|100/100|[from] item: Leftovers
|-heal|p2a: Milotic|91/100|[from] item: Leftovers
|upkeep
|turn|3
|
|t:|1730553588
|switch|p2a: Salamence|Salamence, M|100/100
|-ability|p2a: Salamence|Intimidate|boost
|-unboost|p1a: Celebi|atk|1
|move|p1a: Celebi|Giga Drain|p2a: Salamence
|-resisted|p2a: Salamence
|-damage|p2a: Salamence|93/100
|
|-weather|Sandstorm|[upkeep]
|-damage|p1a: Celebi|94/100|[from] Sandstorm
|-damage|p2a: Salamence|87/100|[from] Sandstorm
|-heal|p1a: Celebi|100/100|[from] item: Leftovers
|upkeep
|turn|4
|
|t:|1730553600
|switch|p1a: Skarmory|Skarmory, F|100/100
|move|p2a: Salamence|Hidden Power|p1a: Skarmory
|-resisted|p1a: Skarmory
|-damage|p1a: Skarmory|76/100
|
|-weather|Sandstorm|[upkeep]
|-damage|p2a: Salamence|81/100|[from] Sandstorm
|-heal|p1a: Skarmory|82/100|[from] item: Leftovers
|upkeep
|turn|5
|inactive|Alecss has 240 seconds left.
|
|t:|1730553608
|switch|p2a: Forretress|Forretress, M|100/100
|move|p1a: Skarmory|Spikes|p2a: Forretress
|-sidestart|p2: Dhgss|Spikes
|
|-weather|Sandstorm|[upkeep]
|-heal|p1a: Skarmory|88/100|[from] item: Leftovers
|upkeep
|turn|6
|
|t:|1730553615
|switch|p1a: Celebi|Celebi|100/100
|move|p2a: Forretress|Rapid Spin|p1a: Celebi
|-damage|p1a: Celebi|96/100
|-sideend|p2: Dhgss|Spikes|[from] move: Rapid Spin|[of] p2a: Forretress
|
|-weather|Sandstorm|[upkeep]
|-damage|p1a: Celebi|90/100|[from] Sandstorm
|-heal|p1a: Celebi|96/100|[from] item: Leftovers
|upkeep
|turn|7
|inactive|Dhgss has 270 seconds left.
|
|t:|1730553647
|switch|p2a: Jirachi|Jirachi|100/100
|move|p1a: Celebi|Hidden Power|p2a: Jirachi
|-supereffective|p2a: Jirachi
|-damage|p2a: Jirachi|74/100
|
|-weather|Sandstorm|[upkeep]
|-damage|p1a: Celebi|90/100|[from] Sandstorm
|-heal|p1a: Celebi|96/100|[from] item: Leftovers
|-heal|p2a: Jirachi|80/100|[from] item: Leftovers
|upkeep
|turn|8
|inactive|Dhgss has 270 seconds left.
|
|t:|1730553657
|switch|p1a: Tyranitar|Tyranitar, M|100/100
|move|p2a: Jirachi|Fire Punch|p1a: Tyranitar
|-resisted|p1a: Tyranitar
|-damage|p1a: Tyranitar|93/100
|
|-weather|Sandstorm|[upkeep]
|-heal|p2a: Jirachi|87/100|[from] item: Leftovers
|-heal|p1a: Tyranitar|99/100|[from] item: Leftovers
|upkeep
|turn|9
|
|t:|1730553666
|switch|p2a: Milotic|Milotic, M|91/100
|switch|p1a: Celebi|Celebi|96/100
|
|-weather|Sandstorm|[upkeep]
|-damage|p1a: Celebi|90/100|[from] Sandstorm
|-damage|p2a: Milotic|85/100|[from] Sandstorm
|-heal|p1a: Celebi|96/100|[from] item: Leftovers
|-heal|p2a: Milotic|91/100|[from] item: Leftovers
|upkeep
|turn|10
|inactive|Dhgss has 270 seconds left.
|
|t:|1730553684
|switch|p2a: Salamence|Salamence, M|81/100
|-ability|p2a: Salamence|Intimidate|boost
|-unboost|p1a: Celebi|atk|1
|move|p1a: Celebi|Psychic|p2a: Salamence
|-damage|p2a: Salamence|30/100
|-unboost|p2a: Salamence|spd|1
|
|-weather|Sandstorm|[upkeep]
|-damage|p1a: Celebi|90/100|[from] Sandstorm
|-damage|p2a: Salamence|24/100|[from] Sandstorm
|-heal|p1a: Celebi|96/100|[from] item: Leftovers
|upkeep
|turn|11
|inactive|Dhgss has 270 seconds left.
|inactive|Alecss has 270 seconds left.
|
|t:|1730553724
|switch|p1a: Metagross|Metagross|100/100
|switch|p2a: Forretress|Forretress, M|100/100
|
|-weather|Sandstorm|[upkeep]
|upkeep
|turn|12
|inactive|Alecss has 270 seconds left.
|
|t:|1730553732
|move|p1a: Metagross|Rock Slide|p2a: Forretress
|-damage|p2a: Forretress|70/100
|move|p2a: Forretress|Spikes|p1a: Metagross
|-sidestart|p1: Alecss|Spikes
|
|-weather|Sandstorm|[upkeep]
|-heal|p2a: Forretress|76/100|[from] item: Leftovers
|upkeep
|turn|13
|
|t:|1730553741
|switch|p1a: Celebi|Celebi|96/100
|-damage|p1a: Celebi|84/100|[from] Spikes
|move|p2a: Forretress|Earthquake|p1a: Celebi
|-resisted|p1a: Celebi
|-damage|p1a: Celebi|73/100
|
|-weather|Sandstorm|[upkeep]
|-damage|p1a: Celebi|67/100|[from] Sandstorm
|-heal|p1a: Celebi|73/100|[from] item: Leftovers
|-heal|p2a: Forretress|82/100|[from] item: Leftovers
|upkeep
|turn|14
|
|t:|1730553761
|move|p1a: Celebi|Hidden Power|p2a: Forretress
|-supereffective|p2a: Forretress
|-damage|p2a: Forretress|9/100
|move|p2a: Forretress|Hidden Power|p1a: Celebi
|-supereffective|p1a: Celebi
|-damage|p1a: Celebi|0 fnt
|faint|p1a: Celebi
|
|t:|1730553770
|switch|p1a: Gengar|Gengar, M|100/100
|
|-weather|Sandstorm|[upkeep]
|-damage|p1a: Gengar|95/100|[from] Sandstorm
|-heal|p1a: Gengar|100/100|[from] item: Leftovers
|-heal|p2a: Forretress|15/100|[from] item: Leftovers
|upkeep
|turn|15
|
|t:|1730553795
|switch|p2a: Jolteon|Jolteon, F|100/100
|move|p1a: Gengar|Thunderbolt|p2a: Jolteon
|-immune|p2a: Jolteon|[from] ability: Volt Absorb
|
|-weather|Sandstorm|[upkeep]
|-damage|p2a: Jolteon|94/100|[from] Sandstorm
|-damage|p1a: Gengar|95/100|[from] Sandstorm
|-heal|p2a: Jolteon|100/100|[from] item: Leftovers
|-heal|p1a: Gengar|100/100|[from] item: Leftovers
|upkeep
|turn|16
|
|t:|1730553807
|switch|p1a: Skarmory|Skarmory, F|88/100
|move|p2a: Jolteon|Substitute|p2a: Jolteon
|-start|p2a: Jolteon|Substitute
|-damage|p2a: Jolteon|76/100
|
|-weather|Sandstorm|[upkeep]
|-damage|p2a: Jolteon|69/100|[from] Sandstorm
|-heal|p2a: Jolteon|76/100|[from] item: Leftovers
|-heal|p1a: Skarmory|94/100|[from] item: Leftovers
|upkeep
|turn|17
|
|t:|1730553816
|move|p2a: Jolteon|Thunderbolt|p1a: Skarmory
|-supereffective|p1a: Skarmory
|-damage|p1a: Skarmory|15/100
|move|p1a: Skarmory|Roar|p2a: Jolteon
|drag|p2a: Milotic|Milotic, M|91/100
|
|-weather|Sandstorm|[upkeep]
|-damage|p2a: Milotic|85/100|[from] Sandstorm
|-heal|p2a: Milotic|91/100|[from] item: Leftovers
|-heal|p1a: Skarmory|21/100|[from] item: Leftovers
|upkeep
|turn|18
|
|t:|1730553826
|move|p2a: Milotic|Surf|p1a: Skarmory
|-damage|p1a: Skarmory|0 fnt
|faint|p1a: Skarmory
|
|t:|1730553831
|switch|p1a: Gengar|Gengar, M|100/100
|
|-weather|Sandstorm|[upkeep]
|-damage|p1a: Gengar|95/100|[from] Sandstorm
|-damage|p2a: Milotic|85/100|[from] Sandstorm
|-heal|p1a: Gengar|100/100|[from] item: Leftovers
|-heal|p2a: Milotic|91/100|[from] item: Leftovers
|upkeep
|turn|19
|
|t:|1730553840
|move|p1a: Gengar|Hidden Power|p2a: Milotic
|-supereffective|p2a: Milotic
|-damage|p2a: Milotic|62/100
|move|p2a: Milotic|Surf|p1a: Gengar
|-damage|p1a: Gengar|65/100
|
|-weather|Sandstorm|[upkeep]
|-damage|p1a: Gengar|59/100|[from] Sandstorm
|-damage|p2a: Milotic|56/100|[from] Sandstorm
|-heal|p1a: Gengar|65/100|[from] item: Leftovers
|-heal|p2a: Milotic|62/100|[from] item: Leftovers
|upkeep
|turn|20
|inactive|Dhgss has 270 seconds left.
|
|t:|1730553851
|switch|p2a: Jirachi|Jirachi|87/100
|move|p1a: Gengar|Thunderbolt|p2a: Jirachi
|-damage|p2a: Jirachi|69/100
|
|-weather|Sandstorm|[upkeep]
|-damage|p1a: Gengar|59/100|[from] Sandstorm
|-heal|p1a: Gengar|65/100|[from] item: Leftovers
|-heal|p2a: Jirachi|75/100|[from] item: Leftovers
|upkeep
|turn|21
|inactive|Dhgss has 270 seconds left.
|
|t:|1730553862
|switch|p1a: Tyranitar|Tyranitar, M|99/100
|-damage|p1a: Tyranitar|87/100|[from] Spikes
|move|p2a: Jirachi|Fire Punch|p1a: Tyranitar
|-resisted|p1a: Tyranitar
|-damage|p1a: Tyranitar|80/100
|
|-weather|Sandstorm|[upkeep]
|-heal|p2a: Jirachi|81/100|[from] item: Leftovers
|-heal|p1a: Tyranitar|86/100|[from] item: Leftovers
|upkeep
|turn|22
|inactive|Dhgss has 270 seconds left.
|
|t:|1730553880
|switch|p2a: Salamence|Salamence, M|24/100
|-ability|p2a: Salamence|Intimidate|boost
|-unboost|p1a: Tyranitar|atk|1
|move|p1a: Tyranitar|Dragon Dance|p1a: Tyranitar
|-boost|p1a: Tyranitar|atk|1
|-boost|p1a: Tyranitar|spe|1
|
|-weather|Sandstorm|[upkeep]
|-damage|p2a: Salamence|18/100|[from] Sandstorm
|-heal|p1a: Tyranitar|92/100|[from] item: Leftovers
|upkeep
|turn|23
|inactive|Alecss has 270 seconds left.
|
|t:|1730553916
|move|p1a: Tyranitar|Dragon Dance|p1a: Tyranitar
|-boost|p1a: Tyranitar|atk|1
|-boost|p1a: Tyranitar|spe|1
|move|p2a: Salamence|Brick Break|p1a: Tyranitar
|-supereffective|p1a: Tyranitar
|-damage|p1a: Tyranitar|0 fnt
|faint|p1a: Tyranitar
|
|t:|1730553925
|switch|p1a: Aerodactyl|Aerodactyl, M|100/100
|
|-weather|Sandstorm|[upkeep]
|-damage|p2a: Salamence|12/100|[from] Sandstorm
|upkeep
|turn|24
|
|t:|1730553936
|move|p1a: Aerodactyl|Earthquake|p2a: Salamence
|-immune|p2a: Salamence
|move|p2a: Salamence|Brick Break|p1a: Aerodactyl
|-damage|p1a: Aerodactyl|29/100
|
|-weather|Sandstorm|[upkeep]
|-damage|p2a: Salamence|6/100|[from] Sandstorm
|upkeep
|turn|25
|inactive|Dhgss has 240 seconds left.
|
|t:|1730553978
|switch|p1a: Gengar|Gengar, M|65/100
|move|p2a: Salamence|Brick Break|p1a: Gengar
|-immune|p1a: Gengar
|
|-weather|Sandstorm|[upkeep]
|-damage|p1a: Gengar|59/100|[from] Sandstorm
|-damage|p2a: Salamence|0 fnt|[from] Sandstorm
|faint|p2a: Salamence
|-heal|p1a: Gengar|65/100|[from] item: Leftovers
|upkeep
|
|t:|1730553997
|switch|p2a: Jirachi|Jirachi|81/100
|turn|26
|
|t:|1730554005
|move|p1a: Gengar|Explosion|p2a: Jirachi
|-resisted|p2a: Jirachi
|-damage|p2a: Jirachi|50/100
|faint|p1a: Gengar
|
|t:|1730554009
|switch|p1a: Aerodactyl|Aerodactyl, M|29/100
|
|-weather|Sandstorm|[upkeep]
|-heal|p2a: Jirachi|56/100|[from] item: Leftovers
|upkeep
|turn|27
|
|t:|1730554014
|move|p2a: Jirachi|Protect|p2a: Jirachi
|-singleturn|p2a: Jirachi|Protect
|move|p1a: Aerodactyl|Earthquake|p2a: Jirachi
|-activate|p2a: Jirachi|Protect
|
|-weather|Sandstorm|[upkeep]
|-heal|p2a: Jirachi|63/100|[from] item: Leftovers
|upkeep
|turn|28
|
|t:|1730554027
|switch|p2a: Forretress|Forretress, M|15/100
|move|p1a: Aerodactyl|Earthquake|p2a: Forretress
|-damage|p2a: Forretress|0 fnt
|faint|p2a: Forretress
|inactive|Dhgss has 240 seconds left.
|
|t:|1730554045
|switch|p2a: Milotic|Milotic, M|62/100
|
|-weather|Sandstorm|[upkeep]
|-damage|p2a: Milotic|56/100|[from] Sandstorm
|-heal|p2a: Milotic|62/100|[from] item: Leftovers
|upkeep
|turn|29
|inactive|Dhgss has 240 seconds left.
|
|t:|1730554054
|move|p1a: Aerodactyl|Earthquake|p2a: Milotic
|-crit|p2a: Milotic
|-damage|p2a: Milotic|1/100
|move|p2a: Milotic|Recover|p2a: Milotic
|-heal|p2a: Milotic|51/100
|
|-weather|Sandstorm|[upkeep]
|-damage|p2a: Milotic|45/100|[from] Sandstorm
|-heal|p2a: Milotic|51/100|[from] item: Leftovers
|upkeep
|turn|30
|c|☆Alecss|mb
|
|t:|1730554064
|move|p1a: Aerodactyl|Earthquake|p2a: Milotic
|-damage|p2a: Milotic|17/100
|move|p2a: Milotic|Recover|p2a: Milotic
|-heal|p2a: Milotic|67/100
|
|-weather|Sandstorm|[upkeep]
|-damage|p2a: Milotic|61/100|[from] Sandstorm
|-heal|p2a: Milotic|67/100|[from] item: Leftovers
|upkeep
|turn|31
|
|t:|1730554079
|switch|p1a: Metagross|Metagross|100/100
|-damage|p1a: Metagross|88/100|[from] Spikes
|move|p2a: Milotic|Recover|p2a: Milotic
|-heal|p2a: Milotic|100/100
|
|-weather|Sandstorm|[upkeep]
|-damage|p2a: Milotic|94/100|[from] Sandstorm
|-heal|p2a: Milotic|100/100|[from] item: Leftovers
|upkeep
|turn|32
|
|t:|1730554088
|move|p1a: Metagross|Explosion|p2a: Milotic
|-damage|p2a: Milotic|0 fnt
|faint|p1a: Metagross
|faint|p2a: Milotic
|
|t:|1730554104
|switch|p1a: Aerodactyl|Aerodactyl, M|29/100
|switch|p2a: Jolteon|Jolteon, F|76/100
|
|-weather|Sandstorm|[upkeep]
|-damage|p2a: Jolteon|69/100|[from] Sandstorm
|-heal|p2a: Jolteon|76/100|[from] item: Leftovers
|upkeep
|turn|33
|
|t:|1730554111
|move|p1a: Aerodactyl|Earthquake|p2a: Jolteon
|-supereffective|p2a: Jolteon
|-damage|p2a: Jolteon|0 fnt
|faint|p2a: Jolteon
|c|☆Dhgss|no he tenido nada de suerte hoy :(
|inactive|Dhgss has 240 seconds left.
|
|t:|1730554135
|switch|p2a: Jirachi|Jirachi|63/100
|
|-weather|Sandstorm|[upkeep]
|-heal|p2a: Jirachi|69/100|[from] item: Leftovers
|upkeep
|turn|34
|inactive|Dhgss has 240 seconds left.
|c|☆Alecss|:( perdón.
|
|t:|1730554150
|move|p2a: Jirachi|Protect|p2a: Jirachi
|-singleturn|p2a: Jirachi|Protect
|move|p1a: Aerodactyl|Earthquake|p2a: Jirachi
|-activate|p2a: Jirachi|Protect
|
|-weather|Sandstorm|[upkeep]
|-heal|p2a: Jirachi|75/100|[from] item: Leftovers
|upkeep
|turn|35
|c|☆Dhgss|no es tu culpa jaja
|inactive|Dhgss has 240 seconds left.
|
|t:|1730554162
|move|p1a: Aerodactyl|Earthquake|p2a: Jirachi
|-supereffective|p2a: Jirachi
|-damage|p2a: Jirachi|6/100
|move|p2a: Jirachi|Body Slam|p1a: Aerodactyl
|-resisted|p1a: Aerodactyl
|-damage|p1a: Aerodactyl|14/100
|
|-weather|Sandstorm|[upkeep]
|-heal|p2a: Jirachi|12/100|[from] item: Leftovers
|upkeep
|turn|36
|inactive|Dhgss has 240 seconds left.
|
|t:|1730554171
|move|p2a: Jirachi|Protect|p2a: Jirachi
|-singleturn|p2a: Jirachi|Protect
|move|p1a: Aerodactyl|Earthquake|p2a: Jirachi
|-activate|p2a: Jirachi|Protect
|
|-weather|Sandstorm|[upkeep]
|-heal|p2a: Jirachi|18/100|[from] item: Leftovers
|upkeep
|turn|37
|
|t:|1730554180
|move|p1a: Aerodactyl|Earthquake|p2a: Jirachi
|-supereffective|p2a: Jirachi
|-damage|p2a: Jirachi|0 fnt
|faint|p2a: Jirachi
|
|t:|1730554189
|switch|p2a: Tyranitar|Tyranitar, M|100/100
|
|-weather|Sandstorm|[upkeep]
|upkeep
|turn|38
|
|t:|1730554195
|move|p1a: Aerodactyl|Earthquake|p2a: Tyranitar
|-supereffective|p2a: Tyranitar
|-damage|p2a: Tyranitar|34/100
|move|p2a: Tyranitar|Rock Slide|p1a: Aerodactyl
|-supereffective|p1a: Aerodactyl
|-damage|p1a: Aerodactyl|0 fnt
|faint|p1a: Aerodactyl
|
|win|Dhgss
|c|☆Dhgss|uuf
|c|☆Alecss|ggs
|c|☆Dhgss|llegaba a fallar eso...
|c|☆Dhgss|GG
|c|☆Alecss|Sí, era gg.

</script>
<script type="application/json" class="data" id="replaydata-smogtours-gen3ou-803913">
{"id":"smogtours-gen3ou-803913","format":"[Gen 3] OU","players":["Alecss","Dhgss"],"uploadtime":1730554195,"views":66,"formatid":"gen3ou","rating":null,"private":0,"password":null}
</script>

<script defer src="js/replays.js?9d40a366"></script>
