<!DOCTYPE html>
<meta charset="utf-8" />
<meta name="viewport" content="width=device-width" />

<title>[Gen 3] OU: Schmohg vs. EpiclyEpicGamerW - Replays - Pok&eacute;mon Showdown!</title>

<meta name="description" content="Watch a replay of a Pok&eacute;mon battle between Schmohg and EpiclyEpicGamerW! Format: [Gen 3] OU; Date: Oct 10, 2024" />
<!--

Hey, you! Looking in the source for the replay log?

You can find them in JSON format, just add `.json` at the end of a replay URL.

https://replay.pokemonshowdown.com/gen7randomdoublesbattle-865046831.json

Or, if you only need the log itself, add `.log` instead:

https://replay.pokemonshowdown.com/gen7randomdoublesbattle-865046831.log

-->

<link rel="stylesheet" href="//pokemonshowdown.com/style/global.css?0.767286132409787" />
<link rel="stylesheet" href="//play.pokemonshowdown.com/style/font-awesome.css?0.9266228007934947" />
<link rel="stylesheet" href="//play.pokemonshowdown.com/style/battle.css?0.7924700842790926" />
<link rel="stylesheet" href="//play.pokemonshowdown.com/style/utilichart.css?0.8777417872839479" />

<!-- Global site tag (gtag.js) - Google Analytics -->
<script async src="https://www.googletagmanager.com/gtag/js?id=UA-26211653-1"></script>
<script>
  window.dataLayer = window.dataLayer || [];
  function gtag(){dataLayer.push(arguments);}
  gtag('js', new Date());

  gtag('config', 'UA-26211653-1');
</script>
<!-- End Google Analytics -->
<!-- Venatus Ad Manager - Install in <HEAD> of page -->
	<script src="https://hb.vntsm.com/v3/live/ad-manager.min.js" type="text/javascript" data-site-id="642aba63ec9a7b11c3c9c1be" data-mode="scan" async></script>
<!-- / Venatus Ad Manager -->

<style>
	@media (max-width:820px) {
		.battle {
			margin: 0 auto;
		}
		.battle-log {
			margin: 7px auto 0;
			max-width: 640px;
			height: 300px;
			position: static;
		}
	}
	.optgroup {
		display: inline-block;
		line-height: 22px;
		font-size: 10pt;
	}
	.optgroup .button {
		height: 25px;
		padding-top: 0;
		padding-bottom: 0;
	}
	.optgroup button.button {
		padding-left: 12px;
		padding-right: 12px;
	}
	.linklist {
		list-style: none;
		margin: 0.5em 0;
		padding: 0;
	}
	.linklist li {
		padding: 2px 0;
	}
	.sidebar {
		float: left;
		width: 320px;
	}
	.bar-wrapper {
		max-width: 1100px;
		margin: 0 auto;
	}
	.bar-wrapper.has-sidebar {
		max-width: 1430px;
	}
	.mainbar {
		margin: 0;
		padding-right: 1px;
	}
	.mainbar.has-sidebar {
		margin-left: 330px;
	}
	@media (min-width: 1511px) {
		.sidebar {
			width: 400px;
		}
		.bar-wrapper.has-sidebar {
			max-width: 1510px;
		}
		.mainbar.has-sidebar {
			margin-left: 410px;
		}
	}
	.section.first-section {
		margin-top: 9px;
	}
	.blocklink small {
		white-space: normal;
	}
	.button {
		vertical-align: middle;
	}
	.replay-controls {
		padding-top: 10px;
	}
	.replay-controls h1 {
		font-size: 16pt;
		font-weight: normal;
		color: #CCC;
	}
	.pagelink {
		text-align: center;
	}
	.pagelink a {
		width: 150px;
	}
	.textbox, .button {
		font-size: 11pt;
		vertical-align: middle;
	}
	@media (max-width: 450px) {
		.button {
			font-size: 9pt;
		}
	}
</style>

<div>

	<header>
		<div class="nav-wrapper"><ul class="nav">
			<li><a class="button nav-first" href="//pokemonshowdown.com/"><img src="//pokemonshowdown.com/images/pokemonshowdownbeta.png" srcset="//pokemonshowdown.com/images/pokemonshowdownbeta.png 1x, //pokemonshowdown.com/images/pokemonshowdownbeta@2x.png 2x" alt="Pok&eacute;mon Showdown" width="146" height="44" /> Home</a></li>
			<li><a class="button" href="//pokemonshowdown.com/dex/">Pok&eacute;dex</a></li>
			<li><a class="button cur" href="/">Replays</a></li>
			<li><a class="button" href="//pokemonshowdown.com/ladder/">Ladder</a></li>
			<li><a class="button nav-last" href="//pokemonshowdown.com/forums/">Forum</a></li>
			<li><a class="button greenbutton nav-first nav-last" href="//play.pokemonshowdown.com/">Play</a></li>
		</ul></div>
	</header>

	<div class="main" id="main">

		<noscript><section class="section">You need to enable JavaScript to use this page; sorry!</section></noscript>

	</div>

</div>

<script defer nomodule src="//play.pokemonshowdown.com/js/lib/ps-polyfill.js"></script>
<script defer src="//play.pokemonshowdown.com/js/lib/preact.min.js"></script>

<script defer src="//play.pokemonshowdown.com/config/config.js?6dec07f6"></script>
<script defer src="//play.pokemonshowdown.com/js/lib/jquery-1.11.0.min.js"></script>
<script defer src="//play.pokemonshowdown.com/js/lib/html-sanitizer-minified.js"></script>
<script defer src="//play.pokemonshowdown.com/js/battle-sound.js"></script>
<script defer src="//play.pokemonshowdown.com/js/battledata.js?0.6315294753075389"></script>
<script defer src="//play.pokemonshowdown.com/data/pokedex-mini.js?0.7603743185311358"></script>
<script defer src="//play.pokemonshowdown.com/data/pokedex-mini-bw.js?0.030888842834281283"></script>
<script defer src="//play.pokemonshowdown.com/data/graphics.js?0.05593094747507488"></script>
<script defer src="//play.pokemonshowdown.com/data/pokedex.js?0.47064822249611904"></script>
<script defer src="//play.pokemonshowdown.com/data/moves.js?0.8583693120512459"></script>
<script defer src="//play.pokemonshowdown.com/data/abilities.js?0.16017181182386842"></script>
<script defer src="//play.pokemonshowdown.com/data/items.js?0.4163379185673943"></script>
<script defer src="//play.pokemonshowdown.com/data/teambuilder-tables.js?0.31075597372830477"></script>
<script defer src="//play.pokemonshowdown.com/js/battle-tooltips.js?0.6536193500708172"></script>
<script defer src="//play.pokemonshowdown.com/js/battle.js?0.1916591943277901"></script>

<script defer src="js/utils.js?e31f9a17"></script>
<script defer src="js/replays-battle.js?7008c182"></script>

<!-- don't scrape this data! just add .json or .log after the URL!
Full API docs: https://github.com/smogon/pokemon-showdown-client/blob/master/WEB-API.md -->
<script type="text/plain" class="log" id="replaylog-smogtours-gen3ou-797032">
|inactive|Battle timer is ON: inactive players will automatically lose when time's up.
|t:|1728596076
|gametype|singles
|player|p1|Schmohg|musician|
|player|p2|EpiclyEpicGamerW|red-masters|
|teamsize|p1|6
|teamsize|p2|6
|gen|3
|tier|[Gen 3] OU
|rule|Sleep Clause Mod: Limit one foe put to sleep
|rule|Switch Priority Clause Mod: Faster Pokémon switch first
|rule|Species Clause: Limit one of each Pokémon
|rule|OHKO Clause: OHKO moves are banned
|rule|Evasion Items Clause: Evasion items are banned
|rule|Evasion Moves Clause: Evasion moves are banned
|rule|Endless Battle Clause: Forcing endless battles is banned
|rule|HP Percentage Mod: HP is shown in percentages
|rule|One Boost Passer Clause: Limit one Baton Passer that has a way to boost its stats
|rule|Freeze Clause Mod: Limit one foe frozen
|
|t:|1728596076
|start
|switch|p1a: Skarmory|Skarmory, M|100/100
|switch|p2a: Zapdos|Zapdos|100/100
|turn|1
|
|t:|1728596083
|move|p1a: Skarmory|Protect|p1a: Skarmory
|-singleturn|p1a: Skarmory|Protect
|move|p2a: Zapdos|Thunderbolt|p1a: Skarmory
|-activate|p1a: Skarmory|Protect
|
|upkeep
|turn|2
|
|t:|1728596092
|switch|p1a: Flygon|Flygon, M|100/100
|move|p2a: Zapdos|Thunderbolt|p1a: Flygon
|-immune|p1a: Flygon
|
|upkeep
|turn|3
|
|t:|1728596102
|move|p2a: Zapdos|Baton Pass|p2a: Zapdos
|
|t:|1728596110
|switch|p2a: Starmie|Starmie|100/100|[from] Baton Pass
|move|p1a: Flygon|Toxic|p2a: Starmie
|-status|p2a: Starmie|tox
|
|-damage|p2a: Starmie|94/100 tox|[from] psn
|upkeep
|turn|4
|
|t:|1728596127
|move|p1a: Flygon|Protect|p1a: Flygon
|-singleturn|p1a: Flygon|Protect
|move|p2a: Starmie|Thunderbolt|p1a: Flygon
|-activate|p1a: Flygon|Protect
|
|-heal|p2a: Starmie|100/100 tox|[from] item: Leftovers
|-damage|p2a: Starmie|88/100 tox|[from] psn
|upkeep
|turn|5
|
|t:|1728596144
|switch|p1a: Blissey|Blissey, F|100/100
|move|p2a: Starmie|Ice Beam|p1a: Blissey
|-damage|p1a: Blissey|89/100
|
|-heal|p2a: Starmie|94/100 tox|[from] item: Leftovers
|-damage|p2a: Starmie|76/100 tox|[from] psn
|-heal|p1a: Blissey|95/100|[from] item: Leftovers
|upkeep
|turn|6
|
|t:|1728596156
|-curestatus|p2a: Starmie|tox|[from] ability: Natural Cure
|switch|p2a: Tyranitar|Tyranitar, M|100/100
|-weather|Sandstorm|[from] ability: Sand Stream|[of] p2a: Tyranitar
|move|p1a: Blissey|Seismic Toss|p2a: Tyranitar
|-damage|p2a: Tyranitar|76/100
|
|-weather|Sandstorm|[upkeep]
|-damage|p1a: Blissey|89/100|[from] Sandstorm
|-heal|p2a: Tyranitar|82/100|[from] item: Leftovers
|-heal|p1a: Blissey|95/100|[from] item: Leftovers
|upkeep
|turn|7
|
|t:|1728596171
|-singleturn|p2a: Tyranitar|move: Focus Punch
|switch|p1a: Skarmory|Skarmory, M|100/100
|move|p2a: Tyranitar|Focus Punch|p1a: Skarmory
|-damage|p1a: Skarmory|52/100
|
|-weather|Sandstorm|[upkeep]
|-heal|p1a: Skarmory|58/100|[from] item: Leftovers
|-heal|p2a: Tyranitar|88/100|[from] item: Leftovers
|upkeep
|turn|8
|
|t:|1728596184
|switch|p2a: Zapdos|Zapdos|100/100
|move|p1a: Skarmory|Protect||[still]
|-fail|p1a: Skarmory
|
|-weather|Sandstorm|[upkeep]
|-damage|p2a: Zapdos|94/100|[from] Sandstorm
|-heal|p2a: Zapdos|100/100|[from] item: Leftovers
|-heal|p1a: Skarmory|64/100|[from] item: Leftovers
|upkeep
|turn|9
|
|t:|1728596192
|move|p2a: Zapdos|Thunderbolt|p1a: Skarmory
|-supereffective|p1a: Skarmory
|-damage|p1a: Skarmory|0 fnt
|faint|p1a: Skarmory
|
|t:|1728596199
|switch|p1a: Flygon|Flygon, M|100/100
|
|-weather|Sandstorm|[upkeep]
|-damage|p2a: Zapdos|94/100|[from] Sandstorm
|-heal|p2a: Zapdos|100/100|[from] item: Leftovers
|upkeep
|turn|10
|
|t:|1728596215
|move|p2a: Zapdos|Baton Pass|p2a: Zapdos
|
|t:|1728596219
|switch|p2a: Starmie|Starmie|76/100|[from] Baton Pass
|move|p1a: Flygon|Rock Slide|p2a: Starmie
|-damage|p2a: Starmie|48/100
|
|-weather|Sandstorm|[upkeep]
|-damage|p2a: Starmie|42/100|[from] Sandstorm
|-heal|p2a: Starmie|48/100|[from] item: Leftovers
|upkeep
|turn|11
|
|t:|1728596227
|switch|p2a: Dugtrio|Dugtrio, M|100/100
|move|p1a: Flygon|Protect||[still]
|-fail|p1a: Flygon
|
|-weather|Sandstorm|[upkeep]
|upkeep
|turn|12
|
|t:|1728596245
|switch|p2a: Celebi|Celebi|100/100
|move|p1a: Flygon|Earthquake|p2a: Celebi
|-resisted|p2a: Celebi
|-damage|p2a: Celebi|86/100
|
|-weather|Sandstorm|[upkeep]
|-damage|p2a: Celebi|80/100|[from] Sandstorm
|-heal|p2a: Celebi|86/100|[from] item: Leftovers
|upkeep
|turn|13
|
|t:|1728596252
|move|p2a: Celebi|Calm Mind|p2a: Celebi
|-boost|p2a: Celebi|spa|1
|-boost|p2a: Celebi|spd|1
|move|p1a: Flygon|Toxic|p2a: Celebi
|-status|p2a: Celebi|tox
|
|-weather|Sandstorm|[upkeep]
|-damage|p2a: Celebi|80/100 tox|[from] Sandstorm
|-heal|p2a: Celebi|86/100 tox|[from] item: Leftovers
|-damage|p2a: Celebi|80/100 tox|[from] psn
|upkeep
|turn|14
|
|t:|1728596258
|move|p1a: Flygon|Protect|p1a: Flygon
|-singleturn|p1a: Flygon|Protect
|move|p2a: Celebi|Calm Mind|p2a: Celebi
|-boost|p2a: Celebi|spa|1
|-boost|p2a: Celebi|spd|1
|
|-weather|Sandstorm|[upkeep]
|-damage|p2a: Celebi|74/100 tox|[from] Sandstorm
|-heal|p2a: Celebi|80/100 tox|[from] item: Leftovers
|-damage|p2a: Celebi|68/100 tox|[from] psn
|upkeep
|turn|15
|
|t:|1728596267
|switch|p1a: Blissey|Blissey, F|95/100
|move|p2a: Celebi|Baton Pass|p2a: Celebi
|
|t:|1728596270
|-curestatus|p2a: Celebi|tox|[from] ability: Natural Cure
|switch|p2a: Dugtrio|Dugtrio, M|100/100|[from] Baton Pass
|
|-weather|Sandstorm|[upkeep]
|-damage|p1a: Blissey|89/100|[from] Sandstorm
|-heal|p1a: Blissey|95/100|[from] item: Leftovers
|upkeep
|turn|16
|
|t:|1728596276
|move|p2a: Dugtrio|Beat Up|p1a: Blissey
|-damage|p1a: Blissey|86/100
|-damage|p1a: Blissey|77/100
|-damage|p1a: Blissey|64/100
|-damage|p1a: Blissey|52/100
|-damage|p1a: Blissey|40/100
|-damage|p1a: Blissey|23/100
|-hitcount|p1a: Blissey|6
|move|p1a: Blissey|Ice Beam|p2a: Dugtrio
|-supereffective|p2a: Dugtrio
|-damage|p2a: Dugtrio|52/100
|
|-weather|Sandstorm|[upkeep]
|-damage|p1a: Blissey|17/100|[from] Sandstorm
|-heal|p1a: Blissey|23/100|[from] item: Leftovers
|upkeep
|turn|17
|
|t:|1728596287
|move|p2a: Dugtrio|Beat Up|p1a: Blissey
|-crit|p1a: Blissey
|-damage|p1a: Blissey|2/100
|-damage|p1a: Blissey|0 fnt
|-hitcount|p1a: Blissey|2
|faint|p1a: Blissey
|
|t:|1728596292
|switch|p1a: Flygon|Flygon, M|100/100
|
|-weather|Sandstorm|[upkeep]
|upkeep
|turn|18
|
|t:|1728596303
|switch|p2a: Celebi|Celebi|68/100
|move|p1a: Flygon|Earthquake|p2a: Celebi
|-resisted|p2a: Celebi
|-damage|p2a: Celebi|53/100
|
|-weather|Sandstorm|[upkeep]
|-damage|p2a: Celebi|47/100|[from] Sandstorm
|-heal|p2a: Celebi|53/100|[from] item: Leftovers
|upkeep
|turn|19
|
|t:|1728596307
|move|p2a: Celebi|Calm Mind|p2a: Celebi
|-boost|p2a: Celebi|spa|1
|-boost|p2a: Celebi|spd|1
|move|p1a: Flygon|Toxic|p2a: Celebi
|-status|p2a: Celebi|tox
|
|-weather|Sandstorm|[upkeep]
|-damage|p2a: Celebi|47/100 tox|[from] Sandstorm
|-heal|p2a: Celebi|53/100 tox|[from] item: Leftovers
|-damage|p2a: Celebi|47/100 tox|[from] psn
|upkeep
|turn|20
|
|t:|1728596311
|move|p2a: Celebi|Calm Mind|p2a: Celebi
|-boost|p2a: Celebi|spa|1
|-boost|p2a: Celebi|spd|1
|move|p1a: Flygon|Rock Slide|p2a: Celebi
|-crit|p2a: Celebi
|-damage|p2a: Celebi|19/100 tox
|
|-weather|Sandstorm|[upkeep]
|-damage|p2a: Celebi|13/100 tox|[from] Sandstorm
|-heal|p2a: Celebi|19/100 tox|[from] item: Leftovers
|-damage|p2a: Celebi|7/100 tox|[from] psn
|upkeep
|turn|21
|
|t:|1728596316
|move|p2a: Celebi|Baton Pass|p2a: Celebi
|
|t:|1728596336
|-curestatus|p2a: Celebi|tox|[from] ability: Natural Cure
|switch|p2a: Starmie|Starmie|48/100|[from] Baton Pass
|move|p1a: Flygon|Rock Slide|p2a: Starmie
|-crit|p2a: Starmie
|-damage|p2a: Starmie|0 fnt
|faint|p2a: Starmie
|
|t:|1728596345
|switch|p2a: Swampert|Swampert, F|100/100
|
|-weather|Sandstorm|[upkeep]
|upkeep
|turn|22
|
|t:|1728596353
|move|p1a: Flygon|Protect|p1a: Flygon
|-singleturn|p1a: Flygon|Protect
|move|p2a: Swampert|Ice Beam|p1a: Flygon
|-activate|p1a: Flygon|Protect
|
|-weather|Sandstorm|[upkeep]
|upkeep
|turn|23
|
|t:|1728596358
|switch|p1a: Misdreavus|Misdreavus, F|100/100
|move|p2a: Swampert|Ice Beam|p1a: Misdreavus
|-damage|p1a: Misdreavus|84/100
|
|-weather|Sandstorm|[upkeep]
|-damage|p1a: Misdreavus|78/100|[from] Sandstorm
|-heal|p1a: Misdreavus|84/100|[from] item: Leftovers
|upkeep
|turn|24
|
|t:|1728596368
|switch|p2a: Tyranitar|Tyranitar, M|88/100
|move|p1a: Misdreavus|Perish Song|p1a: Misdreavus
|-start|p1a: Misdreavus|perish3|[silent]
|-start|p2a: Tyranitar|perish3|[silent]
|-fieldactivate|move: Perish Song
|
|-weather|Sandstorm|[upkeep]
|-damage|p1a: Misdreavus|78/100|[from] Sandstorm
|-heal|p1a: Misdreavus|84/100|[from] item: Leftovers
|-heal|p2a: Tyranitar|94/100|[from] item: Leftovers
|-start|p1a: Misdreavus|perish3
|-start|p2a: Tyranitar|perish3
|upkeep
|turn|25
|inactive|Schmohg has 270 seconds left.
|
|t:|1728596400
|switch|p2a: Zapdos|Zapdos|100/100
|move|p1a: Misdreavus|Rest|p1a: Misdreavus
|-status|p1a: Misdreavus|slp|[from] move: Rest
|-heal|p1a: Misdreavus|100/100 slp|[silent]
|
|-weather|Sandstorm|[upkeep]
|-damage|p2a: Zapdos|94/100|[from] Sandstorm
|-damage|p1a: Misdreavus|94/100 slp|[from] Sandstorm
|-heal|p2a: Zapdos|100/100|[from] item: Leftovers
|-heal|p1a: Misdreavus|100/100 slp|[from] item: Leftovers
|-start|p1a: Misdreavus|perish2
|upkeep
|turn|26
|inactive|Schmohg has 270 seconds left.
|
|t:|1728596424
|switch|p1a: Zapdos|Zapdos|100/100
|move|p2a: Zapdos|Baton Pass|p2a: Zapdos
|
|t:|1728596430
|switch|p2a: Tyranitar|Tyranitar, M|94/100|[from] Baton Pass
|
|-weather|Sandstorm|[upkeep]
|-damage|p1a: Zapdos|94/100|[from] Sandstorm
|-heal|p1a: Zapdos|100/100|[from] item: Leftovers
|-heal|p2a: Tyranitar|100/100|[from] item: Leftovers
|upkeep
|turn|27
|inactive|Schmohg has 270 seconds left.
|inactive|Schmohg has 240 seconds left.
|
|t:|1728596487
|move|p1a: Zapdos|Thunderbolt|p2a: Tyranitar
|-damage|p2a: Tyranitar|68/100
|move|p2a: Tyranitar|Rock Slide|p1a: Zapdos|[miss]
|-miss|p2a: Tyranitar|p1a: Zapdos
|
|-weather|Sandstorm|[upkeep]
|-damage|p1a: Zapdos|94/100|[from] Sandstorm
|-heal|p1a: Zapdos|100/100|[from] item: Leftovers
|-heal|p2a: Tyranitar|75/100|[from] item: Leftovers
|upkeep
|turn|28
|
|t:|1728596495
|-singleturn|p2a: Tyranitar|move: Focus Punch
|switch|p1a: Flygon|Flygon, M|100/100
|move|p2a: Tyranitar|Focus Punch|p1a: Flygon
|-damage|p1a: Flygon|54/100
|
|-weather|Sandstorm|[upkeep]
|-heal|p1a: Flygon|61/100|[from] item: Leftovers
|-heal|p2a: Tyranitar|81/100|[from] item: Leftovers
|upkeep
|turn|29
|
|t:|1728596513
|switch|p2a: Celebi|Celebi|7/100
|move|p1a: Flygon|Protect||[still]
|-fail|p1a: Flygon
|
|-weather|Sandstorm|[upkeep]
|-damage|p2a: Celebi|0 fnt|[from] Sandstorm
|faint|p2a: Celebi
|-heal|p1a: Flygon|67/100|[from] item: Leftovers
|upkeep
|
|t:|1728596520
|switch|p2a: Swampert|Swampert, F|100/100
|turn|30
|
|t:|1728596530
|move|p1a: Flygon|Protect|p1a: Flygon
|-singleturn|p1a: Flygon|Protect
|move|p2a: Swampert|Ice Beam|p1a: Flygon
|-activate|p1a: Flygon|Protect
|
|-weather|Sandstorm|[upkeep]
|-heal|p1a: Flygon|73/100|[from] item: Leftovers
|upkeep
|turn|31
|
|t:|1728596540
|switch|p1a: Misdreavus|Misdreavus, F|100/100 slp
|move|p2a: Swampert|Ice Beam|p1a: Misdreavus
|-damage|p1a: Misdreavus|85/100 slp
|
|-weather|Sandstorm|[upkeep]
|-damage|p1a: Misdreavus|79/100 slp|[from] Sandstorm
|-heal|p1a: Misdreavus|85/100 slp|[from] item: Leftovers
|upkeep
|turn|32
|inactive|Schmohg has 240 seconds left.
|
|t:|1728596557
|switch|p2a: Tyranitar|Tyranitar, M|81/100
|cant|p1a: Misdreavus|slp
|
|-weather|Sandstorm|[upkeep]
|-damage|p1a: Misdreavus|79/100 slp|[from] Sandstorm
|-heal|p1a: Misdreavus|85/100 slp|[from] item: Leftovers
|-heal|p2a: Tyranitar|87/100|[from] item: Leftovers
|upkeep
|turn|33
|
|t:|1728596567
|cant|p1a: Misdreavus|slp
|move|p2a: Tyranitar|Rock Slide|p1a: Misdreavus
|-damage|p1a: Misdreavus|11/100 slp
|
|-weather|Sandstorm|[upkeep]
|-damage|p1a: Misdreavus|5/100 slp|[from] Sandstorm
|-heal|p1a: Misdreavus|11/100 slp|[from] item: Leftovers
|-heal|p2a: Tyranitar|93/100|[from] item: Leftovers
|upkeep
|turn|34
|
|t:|1728596574
|-curestatus|p1a: Misdreavus|slp|[msg]
|move|p1a: Misdreavus|Thunderbolt|p2a: Tyranitar
|-damage|p2a: Tyranitar|77/100
|move|p2a: Tyranitar|Hidden Power|p1a: Misdreavus
|-resisted|p1a: Misdreavus
|-damage|p1a: Misdreavus|0 fnt
|faint|p1a: Misdreavus
|
|t:|1728596581
|switch|p1a: Flygon|Flygon, M|73/100
|
|-weather|Sandstorm|[upkeep]
|-heal|p1a: Flygon|79/100|[from] item: Leftovers
|-heal|p2a: Tyranitar|83/100|[from] item: Leftovers
|upkeep
|turn|35
|inactive|EpiclyEpicGamerW has 270 seconds left.
|
|t:|1728596622
|switch|p2a: Dugtrio|Dugtrio, M|52/100
|move|p1a: Flygon|Toxic|p2a: Dugtrio
|-status|p2a: Dugtrio|tox
|
|-weather|Sandstorm|[upkeep]
|-damage|p2a: Dugtrio|46/100 tox|[from] psn
|-heal|p1a: Flygon|85/100|[from] item: Leftovers
|upkeep
|turn|36
|
|t:|1728596627
|move|p1a: Flygon|Protect|p1a: Flygon
|-singleturn|p1a: Flygon|Protect
|move|p2a: Dugtrio|Aerial Ace|p1a: Flygon
|-activate|p1a: Flygon|Protect
|
|-weather|Sandstorm|[upkeep]
|-damage|p2a: Dugtrio|34/100 tox|[from] psn
|-heal|p1a: Flygon|91/100|[from] item: Leftovers
|upkeep
|turn|37
|inactive|Schmohg has 270 seconds left.
|
|t:|1728596634
|move|p2a: Dugtrio|Aerial Ace|p1a: Flygon
|-damage|p1a: Flygon|71/100
|move|p1a: Flygon|Earthquake|p2a: Dugtrio
|-damage|p2a: Dugtrio|0 fnt
|faint|p2a: Dugtrio
|
|t:|1728596638
|switch|p2a: Swampert|Swampert, F|100/100
|
|-weather|Sandstorm|[upkeep]
|-heal|p1a: Flygon|77/100|[from] item: Leftovers
|upkeep
|turn|38
|
|t:|1728596643
|switch|p1a: Moltres|Moltres|100/100
|move|p2a: Swampert|Ice Beam|p1a: Moltres
|-crit|p1a: Moltres
|-damage|p1a: Moltres|53/100
|
|-weather|Sandstorm|[upkeep]
|-damage|p1a: Moltres|47/100|[from] Sandstorm
|-heal|p1a: Moltres|53/100|[from] item: Leftovers
|upkeep
|turn|39
|
|t:|1728596659
|switch|p2a: Zapdos|Zapdos|100/100
|move|p1a: Moltres|Hidden Power|p2a: Zapdos
|-resisted|p2a: Zapdos
|-damage|p2a: Zapdos|87/100
|
|-weather|Sandstorm|[upkeep]
|-damage|p2a: Zapdos|80/100|[from] Sandstorm
|-damage|p1a: Moltres|47/100|[from] Sandstorm
|-heal|p2a: Zapdos|87/100|[from] item: Leftovers
|-heal|p1a: Moltres|53/100|[from] item: Leftovers
|upkeep
|turn|40
|inactive|EpiclyEpicGamerW has 270 seconds left.
|
|t:|1728596687
|switch|p1a: Flygon|Flygon, M|77/100
|move|p2a: Zapdos|Hidden Power|p1a: Flygon
|-damage|p1a: Flygon|48/100
|
|-weather|Sandstorm|[upkeep]
|-damage|p2a: Zapdos|80/100|[from] Sandstorm
|-heal|p2a: Zapdos|87/100|[from] item: Leftovers
|-heal|p1a: Flygon|54/100|[from] item: Leftovers
|upkeep
|turn|41
|inactive|EpiclyEpicGamerW has 270 seconds left.
|
|t:|1728596699
|move|p2a: Zapdos|Hidden Power|p1a: Flygon
|-damage|p1a: Flygon|27/100
|move|p1a: Flygon|Rock Slide|p2a: Zapdos
|-supereffective|p2a: Zapdos
|-damage|p2a: Zapdos|41/100
|
|-weather|Sandstorm|[upkeep]
|-damage|p2a: Zapdos|34/100|[from] Sandstorm
|-heal|p2a: Zapdos|41/100|[from] item: Leftovers
|-heal|p1a: Flygon|33/100|[from] item: Leftovers
|upkeep
|turn|42
|inactive|EpiclyEpicGamerW has 270 seconds left.
|
|t:|1728596711
|move|p1a: Flygon|Protect|p1a: Flygon
|-singleturn|p1a: Flygon|Protect
|move|p2a: Zapdos|Baton Pass|p2a: Zapdos
|
|t:|1728596714
|switch|p2a: Swampert|Swampert, F|100/100|[from] Baton Pass
|
|-weather|Sandstorm|[upkeep]
|-heal|p1a: Flygon|39/100|[from] item: Leftovers
|upkeep
|turn|43
|
|t:|1728596736
|switch|p1a: Zapdos|Zapdos|100/100
|move|p2a: Swampert|Hydro Pump|p1a: Zapdos|[miss]
|-miss|p2a: Swampert|p1a: Zapdos
|
|-weather|Sandstorm|[upkeep]
|-damage|p1a: Zapdos|94/100|[from] Sandstorm
|-heal|p1a: Zapdos|100/100|[from] item: Leftovers
|upkeep
|turn|44
|
|t:|1728596745
|move|p2a: Swampert|Protect|p2a: Swampert
|-singleturn|p2a: Swampert|Protect
|move|p1a: Zapdos|Roar|p2a: Swampert
|-activate|p2a: Swampert|Protect
|
|-weather|Sandstorm|[upkeep]
|-damage|p1a: Zapdos|94/100|[from] Sandstorm
|-heal|p1a: Zapdos|100/100|[from] item: Leftovers
|upkeep
|turn|45
|
|t:|1728596749
|move|p2a: Swampert|Ice Beam|p1a: Zapdos
|-supereffective|p1a: Zapdos
|-damage|p1a: Zapdos|72/100
|move|p1a: Zapdos|Roar|p2a: Swampert
|drag|p2a: Tyranitar|Tyranitar, M|83/100
|
|-weather|Sandstorm|[upkeep]
|-damage|p1a: Zapdos|66/100|[from] Sandstorm
|-heal|p1a: Zapdos|72/100|[from] item: Leftovers
|-heal|p2a: Tyranitar|90/100|[from] item: Leftovers
|upkeep
|turn|46
|inactive|EpiclyEpicGamerW has 270 seconds left.
|
|t:|1728596808
|-singleturn|p2a: Tyranitar|move: Focus Punch
|move|p1a: Zapdos|Thunderbolt|p2a: Tyranitar
|-damage|p2a: Tyranitar|53/100
|move|p2a: Tyranitar|Focus Punch||[still]
|cant|p2a: Tyranitar|Focus Punch|Focus Punch
|
|-weather|Sandstorm|[upkeep]
|-damage|p1a: Zapdos|66/100|[from] Sandstorm
|-heal|p1a: Zapdos|72/100|[from] item: Leftovers
|-heal|p2a: Tyranitar|59/100|[from] item: Leftovers
|upkeep
|turn|47
|
|t:|1728596821
|-singleturn|p2a: Tyranitar|move: Focus Punch
|move|p1a: Zapdos|Thunderbolt|p2a: Tyranitar
|-damage|p2a: Tyranitar|25/100
|move|p2a: Tyranitar|Focus Punch||[still]
|cant|p2a: Tyranitar|Focus Punch|Focus Punch
|
|-weather|Sandstorm|[upkeep]
|-damage|p1a: Zapdos|66/100|[from] Sandstorm
|-heal|p1a: Zapdos|72/100|[from] item: Leftovers
|-heal|p2a: Tyranitar|31/100|[from] item: Leftovers
|upkeep
|turn|48
|
|t:|1728596828
|move|p1a: Zapdos|Thunderbolt|p2a: Tyranitar
|-damage|p2a: Tyranitar|0 fnt
|faint|p2a: Tyranitar
|
|t:|1728596831
|switch|p2a: Swampert|Swampert, F|100/100
|
|-weather|Sandstorm|[upkeep]
|-damage|p1a: Zapdos|66/100|[from] Sandstorm
|-heal|p1a: Zapdos|72/100|[from] item: Leftovers
|upkeep
|turn|49
|
|t:|1728596839
|move|p1a: Zapdos|Rest|p1a: Zapdos
|-status|p1a: Zapdos|slp|[from] move: Rest
|-heal|p1a: Zapdos|100/100 slp|[silent]
|move|p2a: Swampert|Ice Beam|p1a: Zapdos
|-supereffective|p1a: Zapdos
|-damage|p1a: Zapdos|76/100 slp
|
|-weather|Sandstorm|[upkeep]
|-damage|p1a: Zapdos|70/100 slp|[from] Sandstorm
|-heal|p1a: Zapdos|76/100 slp|[from] item: Leftovers
|upkeep
|turn|50
|inactive|EpiclyEpicGamerW has 270 seconds left.
|
|t:|1728596850
|switch|p2a: Zapdos|Zapdos|41/100
|cant|p1a: Zapdos|slp
|move|p1a: Zapdos|Sleep Talk|p1a: Zapdos
|move|p1a: Zapdos|Roar|p2a: Zapdos|[from]Sleep Talk
|drag|p2a: Swampert|Swampert, F|100/100
|
|-weather|Sandstorm|[upkeep]
|-damage|p1a: Zapdos|70/100 slp|[from] Sandstorm
|-heal|p1a: Zapdos|76/100 slp|[from] item: Leftovers
|upkeep
|turn|51
|
|t:|1728596855
|cant|p1a: Zapdos|slp
|move|p1a: Zapdos|Sleep Talk|p1a: Zapdos
|move|p1a: Zapdos|Thunderbolt|p2a: Swampert|[from]Sleep Talk
|-immune|p2a: Swampert
|move|p2a: Swampert|Ice Beam|p1a: Zapdos
|-supereffective|p1a: Zapdos
|-damage|p1a: Zapdos|51/100 slp
|
|-weather|Sandstorm|[upkeep]
|-damage|p1a: Zapdos|45/100 slp|[from] Sandstorm
|-heal|p1a: Zapdos|51/100 slp|[from] item: Leftovers
|upkeep
|turn|52
|
|t:|1728596862
|switch|p2a: Zapdos|Zapdos|41/100
|-curestatus|p1a: Zapdos|slp|[msg]
|move|p1a: Zapdos|Rest|p1a: Zapdos
|-status|p1a: Zapdos|slp|[from] move: Rest
|-heal|p1a: Zapdos|100/100 slp|[silent]
|
|-weather|Sandstorm|[upkeep]
|-damage|p2a: Zapdos|34/100|[from] Sandstorm
|-damage|p1a: Zapdos|94/100 slp|[from] Sandstorm
|-heal|p2a: Zapdos|41/100|[from] item: Leftovers
|-heal|p1a: Zapdos|100/100 slp|[from] item: Leftovers
|upkeep
|turn|53
|
|t:|1728596867
|move|p2a: Zapdos|Thunderbolt|p1a: Zapdos
|-damage|p1a: Zapdos|66/100 slp
|cant|p1a: Zapdos|slp
|move|p1a: Zapdos|Sleep Talk|p1a: Zapdos
|move|p1a: Zapdos|Thunderbolt|p2a: Zapdos|[from]Sleep Talk
|-damage|p2a: Zapdos|0 fnt
|faint|p2a: Zapdos
|
|t:|1728596874
|switch|p2a: Swampert|Swampert, F|100/100
|
|-weather|Sandstorm|[upkeep]
|-damage|p1a: Zapdos|60/100 slp|[from] Sandstorm
|-heal|p1a: Zapdos|66/100 slp|[from] item: Leftovers
|upkeep
|turn|54
|
|t:|1728596878
|cant|p1a: Zapdos|slp
|move|p1a: Zapdos|Sleep Talk|p1a: Zapdos
|move|p1a: Zapdos|Roar||[from]Sleep Talk|[still]
|-fail|p1a: Zapdos
|move|p2a: Swampert|Ice Beam|p1a: Zapdos
|-supereffective|p1a: Zapdos
|-damage|p1a: Zapdos|39/100 slp
|
|-weather|Sandstorm|[upkeep]
|-damage|p1a: Zapdos|33/100 slp|[from] Sandstorm
|-heal|p1a: Zapdos|39/100 slp|[from] item: Leftovers
|upkeep
|turn|55
|
|t:|1728596885
|-curestatus|p1a: Zapdos|slp|[msg]
|move|p1a: Zapdos|Rest|p1a: Zapdos
|-status|p1a: Zapdos|slp|[from] move: Rest
|-heal|p1a: Zapdos|100/100 slp|[silent]
|move|p2a: Swampert|Ice Beam|p1a: Zapdos
|-supereffective|p1a: Zapdos
|-damage|p1a: Zapdos|74/100 slp
|
|-weather|Sandstorm|[upkeep]
|-damage|p1a: Zapdos|68/100 slp|[from] Sandstorm
|-heal|p1a: Zapdos|74/100 slp|[from] item: Leftovers
|upkeep
|turn|56
|
|t:|1728596888
|cant|p1a: Zapdos|slp
|move|p1a: Zapdos|Sleep Talk|p1a: Zapdos
|move|p1a: Zapdos|Rest|p1a: Zapdos|[from]Sleep Talk
|move|p2a: Swampert|Hydro Pump|p1a: Zapdos|[miss]
|-miss|p2a: Swampert|p1a: Zapdos
|
|-weather|Sandstorm|[upkeep]
|-damage|p1a: Zapdos|68/100 slp|[from] Sandstorm
|-heal|p1a: Zapdos|74/100 slp|[from] item: Leftovers
|upkeep
|turn|57
|
|t:|1728596892
|cant|p1a: Zapdos|slp
|move|p1a: Zapdos|Sleep Talk|p1a: Zapdos
|move|p1a: Zapdos|Roar||[from]Sleep Talk|[still]
|-fail|p1a: Zapdos
|move|p2a: Swampert|Hydro Pump|p1a: Zapdos
|-damage|p1a: Zapdos|49/100 slp
|
|-weather|Sandstorm|[upkeep]
|-damage|p1a: Zapdos|42/100 slp|[from] Sandstorm
|-heal|p1a: Zapdos|49/100 slp|[from] item: Leftovers
|upkeep
|turn|58
|
|t:|1728596902
|-curestatus|p1a: Zapdos|slp|[msg]
|move|p1a: Zapdos|Rest|p1a: Zapdos
|-status|p1a: Zapdos|slp|[from] move: Rest
|-heal|p1a: Zapdos|100/100 slp|[silent]
|move|p2a: Swampert|Hydro Pump|p1a: Zapdos|[miss]
|-miss|p2a: Swampert|p1a: Zapdos
|
|-weather|Sandstorm|[upkeep]
|-damage|p1a: Zapdos|94/100 slp|[from] Sandstorm
|-heal|p1a: Zapdos|100/100 slp|[from] item: Leftovers
|upkeep
|turn|59
|-message|EpiclyEpicGamerW forfeited.
|
|win|Schmohg
|player|p2|
|c|☆Schmohg|gg

</script>
<script type="application/json" class="data" id="replaydata-smogtours-gen3ou-797032">
{"id":"smogtours-gen3ou-797032","format":"[Gen 3] OU","players":["Schmohg","EpiclyEpicGamerW"],"uploadtime":1728596908,"views":92,"formatid":"gen3ou","rating":null,"private":0,"password":null}
</script>

<script defer src="js/replays.js?9d40a366"></script>
