<!DOCTYPE html>
<meta charset="utf-8" />
<meta name="viewport" content="width=device-width" />

<title>[Gen 3] OU: MintChocolateGuy vs. celdanami - Replays - Pok&eacute;mon Showdown!</title>

<meta name="description" content="Watch a replay of a Pok&eacute;mon battle between MintChocolateGuy and celdanami! Format: [Gen 3] OU; Date: Oct 9, 2024" />
<!--

Hey, you! Looking in the source for the replay log?

You can find them in JSON format, just add `.json` at the end of a replay URL.

https://replay.pokemonshowdown.com/gen7randomdoublesbattle-865046831.json

Or, if you only need the log itself, add `.log` instead:

https://replay.pokemonshowdown.com/gen7randomdoublesbattle-865046831.log

-->

<link rel="stylesheet" href="//pokemonshowdown.com/style/global.css?0.023195364461161105" />
<link rel="stylesheet" href="//play.pokemonshowdown.com/style/font-awesome.css?0.13261647063804238" />
<link rel="stylesheet" href="//play.pokemonshowdown.com/style/battle.css?0.8753245789963631" />
<link rel="stylesheet" href="//play.pokemonshowdown.com/style/utilichart.css?0.8627959624976733" />

<!-- Global site tag (gtag.js) - Google Analytics -->
<script async src="https://www.googletagmanager.com/gtag/js?id=UA-26211653-1"></script>
<script>
  window.dataLayer = window.dataLayer || [];
  function gtag(){dataLayer.push(arguments);}
  gtag('js', new Date());

  gtag('config', 'UA-26211653-1');
</script>
<!-- End Google Analytics -->
<!-- Venatus Ad Manager - Install in <HEAD> of page -->
	<script src="https://hb.vntsm.com/v3/live/ad-manager.min.js" type="text/javascript" data-site-id="642aba63ec9a7b11c3c9c1be" data-mode="scan" async></script>
<!-- / Venatus Ad Manager -->

<style>
	@media (max-width:820px) {
		.battle {
			margin: 0 auto;
		}
		.battle-log {
			margin: 7px auto 0;
			max-width: 640px;
			height: 300px;
			position: static;
		}
	}
	.optgroup {
		display: inline-block;
		line-height: 22px;
		font-size: 10pt;
	}
	.optgroup .button {
		height: 25px;
		padding-top: 0;
		padding-bottom: 0;
	}
	.optgroup button.button {
		padding-left: 12px;
		padding-right: 12px;
	}
	.linklist {
		list-style: none;
		margin: 0.5em 0;
		padding: 0;
	}
	.linklist li {
		padding: 2px 0;
	}
	.sidebar {
		float: left;
		width: 320px;
	}
	.bar-wrapper {
		max-width: 1100px;
		margin: 0 auto;
	}
	.bar-wrapper.has-sidebar {
		max-width: 1430px;
	}
	.mainbar {
		margin: 0;
		padding-right: 1px;
	}
	.mainbar.has-sidebar {
		margin-left: 330px;
	}
	@media (min-width: 1511px) {
		.sidebar {
			width: 400px;
		}
		.bar-wrapper.has-sidebar {
			max-width: 1510px;
		}
		.mainbar.has-sidebar {
			margin-left: 410px;
		}
	}
	.section.first-section {
		margin-top: 9px;
	}
	.blocklink small {
		white-space: normal;
	}
	.button {
		vertical-align: middle;
	}
	.replay-controls {
		padding-top: 10px;
	}
	.replay-controls h1 {
		font-size: 16pt;
		font-weight: normal;
		color: #CCC;
	}
	.pagelink {
		text-align: center;
	}
	.pagelink a {
		width: 150px;
	}
	.textbox, .button {
		font-size: 11pt;
		vertical-align: middle;
	}
	@media (max-width: 450px) {
		.button {
			font-size: 9pt;
		}
	}
</style>

<div>

	<header>
		<div class="nav-wrapper"><ul class="nav">
			<li><a class="button nav-first" href="//pokemonshowdown.com/"><img src="//pokemonshowdown.com/images/pokemonshowdownbeta.png" srcset="//pokemonshowdown.com/images/pokemonshowdownbeta.png 1x, //pokemonshowdown.com/images/pokemonshowdownbeta@2x.png 2x" alt="Pok&eacute;mon Showdown" width="146" height="44" /> Home</a></li>
			<li><a class="button" href="//pokemonshowdown.com/dex/">Pok&eacute;dex</a></li>
			<li><a class="button cur" href="/">Replays</a></li>
			<li><a class="button" href="//pokemonshowdown.com/ladder/">Ladder</a></li>
			<li><a class="button nav-last" href="//pokemonshowdown.com/forums/">Forum</a></li>
			<li><a class="button greenbutton nav-first nav-last" href="//play.pokemonshowdown.com/">Play</a></li>
		</ul></div>
	</header>

	<div class="main" id="main">

		<noscript><section class="section">You need to enable JavaScript to use this page; sorry!</section></noscript>

	</div>

</div>

<script defer nomodule src="//play.pokemonshowdown.com/js/lib/ps-polyfill.js"></script>
<script defer src="//play.pokemonshowdown.com/js/lib/preact.min.js"></script>

<script defer src="//play.pokemonshowdown.com/config/config.js?2bddbc15"></script>
<script defer src="//play.pokemonshowdown.com/js/lib/jquery-1.11.0.min.js"></script>
<script defer src="//play.pokemonshowdown.com/js/lib/html-sanitizer-minified.js"></script>
<script defer src="//play.pokemonshowdown.com/js/battle-sound.js"></script>
<script defer src="//play.pokemonshowdown.com/js/battledata.js?0.7209276989879541"></script>
<script defer src="//play.pokemonshowdown.com/data/pokedex-mini.js?0.6111056340867951"></script>
<script defer src="//play.pokemonshowdown.com/data/pokedex-mini-bw.js?0.3532142036491459"></script>
<script defer src="//play.pokemonshowdown.com/data/graphics.js?0.24223875632456182"></script>
<script defer src="//play.pokemonshowdown.com/data/pokedex.js?0.38839984266356864"></script>
<script defer src="//play.pokemonshowdown.com/data/moves.js?0.21866028504024015"></script>
<script defer src="//play.pokemonshowdown.com/data/abilities.js?0.2005157953846628"></script>
<script defer src="//play.pokemonshowdown.com/data/items.js?0.9894211263848525"></script>
<script defer src="//play.pokemonshowdown.com/data/teambuilder-tables.js?0.6008791140282215"></script>
<script defer src="//play.pokemonshowdown.com/js/battle-tooltips.js?0.7580118955022959"></script>
<script defer src="//play.pokemonshowdown.com/js/battle.js?0.6057722274234274"></script>

<script defer src="js/utils.js?e31f9a17"></script>
<script defer src="js/replays-battle.js?7008c182"></script>

<!-- don't scrape this data! just add .json or .log after the URL!
Full API docs: https://github.com/smogon/pokemon-showdown-client/blob/master/WEB-API.md -->
<script type="text/plain" class="log" id="replaylog-smogtours-gen3ou-796746">
|inactive|Battle timer is ON: inactive players will automatically lose when time's up.
|t:|1728505419
|gametype|singles
|player|p1|MintChocolateGuy|gambler|
|player|p2|celdanami|1|
|teamsize|p1|6
|teamsize|p2|6
|gen|3
|tier|[Gen 3] OU
|rule|Sleep Clause Mod: Limit one foe put to sleep
|rule|Switch Priority Clause Mod: Faster Pokémon switch first
|rule|Species Clause: Limit one of each Pokémon
|rule|OHKO Clause: OHKO moves are banned
|rule|Evasion Items Clause: Evasion items are banned
|rule|Evasion Moves Clause: Evasion moves are banned
|rule|Endless Battle Clause: Forcing endless battles is banned
|rule|HP Percentage Mod: HP is shown in percentages
|rule|One Boost Passer Clause: Limit one Baton Passer that has a way to boost its stats
|rule|Freeze Clause Mod: Limit one foe frozen
|
|t:|1728505419
|start
|switch|p1a: Suicune|Suicune|100/100
|switch|p2a: Zapdos|Zapdos|100/100
|turn|1
|
|t:|1728505431
|switch|p1a: Celebi|Celebi|100/100
|move|p2a: Zapdos|Substitute|p2a: Zapdos
|-start|p2a: Zapdos|Substitute
|-damage|p2a: Zapdos|76/100
|
|-heal|p2a: Zapdos|82/100|[from] item: Leftovers
|upkeep
|turn|2
|
|t:|1728505434
|move|p2a: Zapdos|Hidden Power|p1a: Celebi
|-supereffective|p1a: Celebi
|-damage|p1a: Celebi|60/100
|move|p1a: Celebi|Psychic|p2a: Zapdos
|-end|p2a: Zapdos|Substitute
|
|-heal|p2a: Zapdos|88/100|[from] item: Leftovers
|-heal|p1a: Celebi|66/100|[from] item: Leftovers
|upkeep
|turn|3
|inactive|MintChocolateGuy has 270 seconds left.
|
|t:|1728505494
|switch|p2a: Metagross|Metagross|100/100
|move|p1a: Celebi|Recover|p1a: Celebi
|-heal|p1a: Celebi|100/100
|
|upkeep
|turn|4
|
|t:|1728505523
|switch|p1a: Forretress|Forretress, M|100/100
|move|p2a: Metagross|Meteor Mash|p1a: Forretress|[miss]
|-miss|p2a: Metagross|p1a: Forretress
|
|upkeep
|turn|5
|
|t:|1728505528
|switch|p2a: Zapdos|Zapdos|88/100
|move|p1a: Forretress|Spikes|p2a: Zapdos
|-sidestart|p2: celdanami|Spikes
|
|-heal|p2a: Zapdos|94/100|[from] item: Leftovers
|upkeep
|turn|6
|
|t:|1728505535
|switch|p1a: Celebi|Celebi|100/100
|move|p2a: Zapdos|Substitute|p2a: Zapdos
|-start|p2a: Zapdos|Substitute
|-damage|p2a: Zapdos|69/100
|
|-heal|p2a: Zapdos|76/100|[from] item: Leftovers
|upkeep
|turn|7
|inactive|MintChocolateGuy has 270 seconds left.
|
|t:|1728505551
|move|p2a: Zapdos|Hidden Power|p1a: Celebi
|-supereffective|p1a: Celebi
|-damage|p1a: Celebi|60/100
|move|p1a: Celebi|Psychic|p2a: Zapdos
|-end|p2a: Zapdos|Substitute
|
|-heal|p2a: Zapdos|82/100|[from] item: Leftovers
|-heal|p1a: Celebi|66/100|[from] item: Leftovers
|upkeep
|turn|8
|
|t:|1728505558
|switch|p1a: Tyranitar|Tyranitar, M|100/100
|-weather|Sandstorm|[from] ability: Sand Stream|[of] p1a: Tyranitar
|move|p2a: Zapdos|Hidden Power|p1a: Tyranitar
|-damage|p1a: Tyranitar|77/100
|
|-weather|Sandstorm|[upkeep]
|-damage|p2a: Zapdos|76/100|[from] Sandstorm
|-heal|p2a: Zapdos|82/100|[from] item: Leftovers
|-heal|p1a: Tyranitar|83/100|[from] item: Leftovers
|upkeep
|turn|9
|
|t:|1728505567
|move|p2a: Zapdos|Baton Pass|p2a: Zapdos
|
|t:|1728505574
|switch|p2a: Metagross|Metagross|100/100|[from] Baton Pass
|-damage|p2a: Metagross|88/100|[from] Spikes
|move|p1a: Tyranitar|Rock Slide|p2a: Metagross
|-resisted|p2a: Metagross
|-damage|p2a: Metagross|74/100
|
|-weather|Sandstorm|[upkeep]
|-heal|p1a: Tyranitar|90/100|[from] item: Leftovers
|-heal|p2a: Metagross|80/100|[from] item: Leftovers
|upkeep
|turn|10
|
|t:|1728505589
|switch|p1a: Forretress|Forretress, M|100/100
|switch|p2a: Zapdos|Zapdos|82/100
|
|-weather|Sandstorm|[upkeep]
|-damage|p2a: Zapdos|76/100|[from] Sandstorm
|-heal|p2a: Zapdos|82/100|[from] item: Leftovers
|upkeep
|turn|11
|
|t:|1728505596
|move|p2a: Zapdos|Substitute|p2a: Zapdos
|-start|p2a: Zapdos|Substitute
|-damage|p2a: Zapdos|57/100
|move|p1a: Forretress|Spikes|p2a: Zapdos
|-sidestart|p2: celdanami|Spikes
|
|-weather|Sandstorm|[upkeep]
|-damage|p2a: Zapdos|51/100|[from] Sandstorm
|-heal|p2a: Zapdos|57/100|[from] item: Leftovers
|upkeep
|turn|12
|
|t:|1728505604
|move|p2a: Zapdos|Thunderbolt|p1a: Forretress
|-damage|p1a: Forretress|50/100
|move|p1a: Forretress|Spikes|p2a: Zapdos
|-sidestart|p2: celdanami|Spikes
|
|-weather|Sandstorm|[upkeep]
|-damage|p2a: Zapdos|51/100|[from] Sandstorm
|-heal|p2a: Zapdos|57/100|[from] item: Leftovers
|-heal|p1a: Forretress|56/100|[from] item: Leftovers
|upkeep
|turn|13
|
|t:|1728505609
|move|p2a: Zapdos|Thunderbolt|p1a: Forretress
|-damage|p1a: Forretress|7/100
|move|p1a: Forretress|Explosion|p2a: Zapdos
|-end|p2a: Zapdos|Substitute
|faint|p1a: Forretress
|
|t:|1728505616
|switch|p1a: Aerodactyl|Aerodactyl, F|100/100
|
|-weather|Sandstorm|[upkeep]
|-damage|p2a: Zapdos|51/100|[from] Sandstorm
|-heal|p2a: Zapdos|57/100|[from] item: Leftovers
|upkeep
|turn|14
|
|t:|1728505630
|move|p1a: Aerodactyl|Rock Slide|p2a: Zapdos
|-supereffective|p2a: Zapdos
|-crit|p2a: Zapdos
|-damage|p2a: Zapdos|0 fnt
|faint|p2a: Zapdos
|
|t:|1728505632
|switch|p2a: Metagross|Metagross|80/100
|-damage|p2a: Metagross|56/100|[from] Spikes
|
|-weather|Sandstorm|[upkeep]
|-heal|p2a: Metagross|62/100|[from] item: Leftovers
|upkeep
|turn|15
|
|t:|1728505641
|switch|p1a: Suicune|Suicune|100/100
|switch|p2a: Raikou|Raikou|100/100
|-damage|p2a: Raikou|76/100|[from] Spikes
|
|-weather|Sandstorm|[upkeep]
|-damage|p2a: Raikou|69/100|[from] Sandstorm
|-damage|p1a: Suicune|94/100|[from] Sandstorm
|-heal|p2a: Raikou|76/100|[from] item: Leftovers
|-heal|p1a: Suicune|100/100|[from] item: Leftovers
|upkeep
|turn|16
|
|t:|1728505656
|switch|p1a: Tyranitar|Tyranitar, M|90/100
|move|p2a: Raikou|Substitute|p2a: Raikou
|-start|p2a: Raikou|Substitute
|-damage|p2a: Raikou|51/100
|
|-weather|Sandstorm|[upkeep]
|-damage|p2a: Raikou|44/100|[from] Sandstorm
|-heal|p2a: Raikou|51/100|[from] item: Leftovers
|-heal|p1a: Tyranitar|96/100|[from] item: Leftovers
|upkeep
|turn|17
|
|t:|1728505660
|move|p2a: Raikou|Thunderbolt|p1a: Tyranitar
|-damage|p1a: Tyranitar|56/100
|move|p1a: Tyranitar|Earthquake|p2a: Raikou
|-supereffective|p2a: Raikou
|-end|p2a: Raikou|Substitute
|
|-weather|Sandstorm|[upkeep]
|-damage|p2a: Raikou|44/100|[from] Sandstorm
|-heal|p2a: Raikou|51/100|[from] item: Leftovers
|-heal|p1a: Tyranitar|63/100|[from] item: Leftovers
|upkeep
|turn|18
|
|t:|1728505671
|move|p2a: Raikou|Thunderbolt|p1a: Tyranitar
|-damage|p1a: Tyranitar|19/100
|move|p1a: Tyranitar|Earthquake|p2a: Raikou
|-supereffective|p2a: Raikou
|-damage|p2a: Raikou|0 fnt
|faint|p2a: Raikou
|
|t:|1728505694
|switch|p2a: Suicune|Suicune|100/100
|-damage|p2a: Suicune|75/100|[from] Spikes
|
|-weather|Sandstorm|[upkeep]
|-damage|p2a: Suicune|69/100|[from] Sandstorm
|-heal|p2a: Suicune|75/100|[from] item: Leftovers
|-heal|p1a: Tyranitar|26/100|[from] item: Leftovers
|upkeep
|turn|19
|
|t:|1728505714
|move|p2a: Suicune|Surf|p1a: Tyranitar
|-supereffective|p1a: Tyranitar
|-damage|p1a: Tyranitar|0 fnt
|faint|p1a: Tyranitar
|
|t:|1728505724
|switch|p1a: Celebi|Celebi|66/100
|
|-weather|Sandstorm|[upkeep]
|-damage|p2a: Suicune|69/100|[from] Sandstorm
|-damage|p1a: Celebi|60/100|[from] Sandstorm
|-heal|p2a: Suicune|75/100|[from] item: Leftovers
|-heal|p1a: Celebi|66/100|[from] item: Leftovers
|upkeep
|turn|20
|
|t:|1728505732
|move|p2a: Suicune|Substitute|p2a: Suicune
|-start|p2a: Suicune|Substitute
|-damage|p2a: Suicune|50/100
|move|p1a: Celebi|Hidden Power|p2a: Suicune
|-supereffective|p2a: Suicune
|-end|p2a: Suicune|Substitute
|
|-weather|Sandstorm|[upkeep]
|-damage|p2a: Suicune|44/100|[from] Sandstorm
|-damage|p1a: Celebi|60/100|[from] Sandstorm
|-heal|p2a: Suicune|50/100|[from] item: Leftovers
|-heal|p1a: Celebi|66/100|[from] item: Leftovers
|upkeep
|turn|21
|
|t:|1728505738
|move|p2a: Suicune|Ice Beam|p1a: Celebi
|-supereffective|p1a: Celebi
|-damage|p1a: Celebi|26/100
|move|p1a: Celebi|Recover|p1a: Celebi
|-heal|p1a: Celebi|76/100
|
|-weather|Sandstorm|[upkeep]
|-damage|p2a: Suicune|44/100|[from] Sandstorm
|-damage|p1a: Celebi|70/100|[from] Sandstorm
|-heal|p2a: Suicune|50/100|[from] item: Leftovers
|-heal|p1a: Celebi|76/100|[from] item: Leftovers
|upkeep
|turn|22
|
|t:|1728505749
|move|p2a: Suicune|Ice Beam|p1a: Celebi
|-supereffective|p1a: Celebi
|-damage|p1a: Celebi|38/100
|move|p1a: Celebi|Recover|p1a: Celebi
|-heal|p1a: Celebi|88/100
|
|-weather|Sandstorm|[upkeep]
|-damage|p2a: Suicune|44/100|[from] Sandstorm
|-damage|p1a: Celebi|82/100|[from] Sandstorm
|-heal|p2a: Suicune|50/100|[from] item: Leftovers
|-heal|p1a: Celebi|88/100|[from] item: Leftovers
|upkeep
|turn|23
|
|t:|1728505756
|move|p2a: Suicune|Ice Beam|p1a: Celebi
|-supereffective|p1a: Celebi
|-damage|p1a: Celebi|50/100
|move|p1a: Celebi|Hidden Power|p2a: Suicune
|-supereffective|p2a: Suicune
|-damage|p2a: Suicune|11/100
|
|-weather|Sandstorm|[upkeep]
|-damage|p2a: Suicune|4/100|[from] Sandstorm
|-damage|p1a: Celebi|44/100|[from] Sandstorm
|-heal|p2a: Suicune|11/100|[from] item: Leftovers
|-heal|p1a: Celebi|50/100|[from] item: Leftovers
|upkeep
|turn|24
|
|t:|1728505764
|move|p2a: Suicune|Calm Mind|p2a: Suicune
|-boost|p2a: Suicune|spa|1
|-boost|p2a: Suicune|spd|1
|move|p1a: Celebi|Recover|p1a: Celebi
|-heal|p1a: Celebi|99/100
|
|-weather|Sandstorm|[upkeep]
|-damage|p2a: Suicune|4/100|[from] Sandstorm
|-damage|p1a: Celebi|94/100|[from] Sandstorm
|-heal|p2a: Suicune|11/100|[from] item: Leftovers
|-heal|p1a: Celebi|99/100|[from] item: Leftovers
|upkeep
|turn|25
|
|t:|1728505771
|switch|p1a: Suicune|Suicune|100/100
|move|p2a: Suicune|Ice Beam|p1a: Suicune
|-resisted|p1a: Suicune
|-damage|p1a: Suicune|86/100
|
|-weather|Sandstorm|[upkeep]
|-damage|p1a: Suicune|80/100|[from] Sandstorm
|-damage|p2a: Suicune|4/100|[from] Sandstorm
|-heal|p1a: Suicune|86/100|[from] item: Leftovers
|-heal|p2a: Suicune|11/100|[from] item: Leftovers
|upkeep
|turn|26
|
|t:|1728505775
|move|p1a: Suicune|Hydro Pump|p2a: Suicune
|-resisted|p2a: Suicune
|-damage|p2a: Suicune|0 fnt
|faint|p2a: Suicune
|
|t:|1728505778
|switch|p2a: Gengar|Gengar, M|100/100
|
|-weather|Sandstorm|[upkeep]
|-damage|p2a: Gengar|94/100|[from] Sandstorm
|-damage|p1a: Suicune|80/100|[from] Sandstorm
|-heal|p2a: Gengar|100/100|[from] item: Leftovers
|-heal|p1a: Suicune|86/100|[from] item: Leftovers
|upkeep
|turn|27
|
|t:|1728505785
|switch|p1a: Celebi|Celebi|99/100
|move|p2a: Gengar|Ice Punch|p1a: Celebi
|-supereffective|p1a: Celebi
|-damage|p1a: Celebi|64/100
|
|-weather|Sandstorm|[upkeep]
|-damage|p2a: Gengar|94/100|[from] Sandstorm
|-damage|p1a: Celebi|58/100|[from] Sandstorm
|-heal|p2a: Gengar|100/100|[from] item: Leftovers
|-heal|p1a: Celebi|64/100|[from] item: Leftovers
|upkeep
|turn|28
|
|t:|1728505795
|switch|p2a: Dugtrio|Dugtrio, F|100/100
|-damage|p2a: Dugtrio|76/100|[from] Spikes
|move|p1a: Celebi|Psychic|p2a: Dugtrio
|-damage|p2a: Dugtrio|12/100
|
|-weather|Sandstorm|[upkeep]
|-damage|p1a: Celebi|58/100|[from] Sandstorm
|-heal|p1a: Celebi|64/100|[from] item: Leftovers
|upkeep
|turn|29
|
|t:|1728505807
|move|p2a: Dugtrio|Hidden Power|p1a: Celebi
|-supereffective|p1a: Celebi
|-damage|p1a: Celebi|0 fnt
|faint|p1a: Celebi
|
|t:|1728505818
|switch|p1a: Metagross|Metagross|100/100
|
|-weather|Sandstorm|[upkeep]
|upkeep
|turn|30
|
|t:|1728505823
|switch|p2a: Gengar|Gengar, M|100/100
|move|p1a: Metagross|Agility|p1a: Metagross
|-boost|p1a: Metagross|spe|2
|
|-weather|Sandstorm|[upkeep]
|-damage|p2a: Gengar|94/100|[from] Sandstorm
|-heal|p2a: Gengar|100/100|[from] item: Leftovers
|upkeep
|turn|31
|
|t:|1728505831
|move|p1a: Metagross|Meteor Mash|p2a: Gengar
|-damage|p2a: Gengar|18/100
|-boost|p1a: Metagross|atk|1
|move|p2a: Gengar|Will-O-Wisp|p1a: Metagross
|-status|p1a: Metagross|brn
|-enditem|p1a: Metagross|Lum Berry|[eat]
|-curestatus|p1a: Metagross|brn|[msg]
|
|-weather|Sandstorm|[upkeep]
|-damage|p2a: Gengar|12/100|[from] Sandstorm
|-heal|p2a: Gengar|18/100|[from] item: Leftovers
|upkeep
|turn|32
|c|☆celdanami|gg
|
|t:|1728505843
|move|p1a: Metagross|Meteor Mash|p2a: Gengar
|-damage|p2a: Gengar|0 fnt
|faint|p2a: Gengar
|-message|celdanami forfeited.
|
|win|MintChocolateGuy
|c|☆MintChocolateGuy|gg

</script>
<script type="application/json" class="data" id="replaydata-smogtours-gen3ou-796746">
{"id":"smogtours-gen3ou-796746","format":"[Gen 3] OU","players":["MintChocolateGuy","celdanami"],"uploadtime":1728505845,"views":154,"formatid":"gen3ou","rating":null,"private":0,"password":null}
</script>

<script defer src="js/replays.js?9d40a366"></script>
