<!DOCTYPE html>
<meta charset="utf-8" />
<meta name="viewport" content="width=device-width" />

<title>[Gen 3] OU: dadaasdcfaw vs. Girls See Ghosts - Replays - Pok&eacute;mon Showdown!</title>

<meta name="description" content="Watch a replay of a Pok&eacute;mon battle between dadaasdcfaw and Girls See Ghosts! Format: [Gen 3] OU; Date: Oct 24, 2024" />
<!--

Hey, you! Looking in the source for the replay log?

You can find them in JSON format, just add `.json` at the end of a replay URL.

https://replay.pokemonshowdown.com/gen7randomdoublesbattle-865046831.json

Or, if you only need the log itself, add `.log` instead:

https://replay.pokemonshowdown.com/gen7randomdoublesbattle-865046831.log

-->

<link rel="stylesheet" href="//pokemonshowdown.com/style/global.css?0.023195364461161105" />
<link rel="stylesheet" href="//play.pokemonshowdown.com/style/font-awesome.css?0.13261647063804238" />
<link rel="stylesheet" href="//play.pokemonshowdown.com/style/battle.css?0.8753245789963631" />
<link rel="stylesheet" href="//play.pokemonshowdown.com/style/utilichart.css?0.8627959624976733" />

<!-- Global site tag (gtag.js) - Google Analytics -->
<script async src="https://www.googletagmanager.com/gtag/js?id=UA-26211653-1"></script>
<script>
  window.dataLayer = window.dataLayer || [];
  function gtag(){dataLayer.push(arguments);}
  gtag('js', new Date());

  gtag('config', 'UA-26211653-1');
</script>
<!-- End Google Analytics -->
<!-- Venatus Ad Manager - Install in <HEAD> of page -->
	<script src="https://hb.vntsm.com/v3/live/ad-manager.min.js" type="text/javascript" data-site-id="642aba63ec9a7b11c3c9c1be" data-mode="scan" async></script>
<!-- / Venatus Ad Manager -->

<style>
	@media (max-width:820px) {
		.battle {
			margin: 0 auto;
		}
		.battle-log {
			margin: 7px auto 0;
			max-width: 640px;
			height: 300px;
			position: static;
		}
	}
	.optgroup {
		display: inline-block;
		line-height: 22px;
		font-size: 10pt;
	}
	.optgroup .button {
		height: 25px;
		padding-top: 0;
		padding-bottom: 0;
	}
	.optgroup button.button {
		padding-left: 12px;
		padding-right: 12px;
	}
	.linklist {
		list-style: none;
		margin: 0.5em 0;
		padding: 0;
	}
	.linklist li {
		padding: 2px 0;
	}
	.sidebar {
		float: left;
		width: 320px;
	}
	.bar-wrapper {
		max-width: 1100px;
		margin: 0 auto;
	}
	.bar-wrapper.has-sidebar {
		max-width: 1430px;
	}
	.mainbar {
		margin: 0;
		padding-right: 1px;
	}
	.mainbar.has-sidebar {
		margin-left: 330px;
	}
	@media (min-width: 1511px) {
		.sidebar {
			width: 400px;
		}
		.bar-wrapper.has-sidebar {
			max-width: 1510px;
		}
		.mainbar.has-sidebar {
			margin-left: 410px;
		}
	}
	.section.first-section {
		margin-top: 9px;
	}
	.blocklink small {
		white-space: normal;
	}
	.button {
		vertical-align: middle;
	}
	.replay-controls {
		padding-top: 10px;
	}
	.replay-controls h1 {
		font-size: 16pt;
		font-weight: normal;
		color: #CCC;
	}
	.pagelink {
		text-align: center;
	}
	.pagelink a {
		width: 150px;
	}
	.textbox, .button {
		font-size: 11pt;
		vertical-align: middle;
	}
	@media (max-width: 450px) {
		.button {
			font-size: 9pt;
		}
	}
</style>

<div>

	<header>
		<div class="nav-wrapper"><ul class="nav">
			<li><a class="button nav-first" href="//pokemonshowdown.com/"><img src="//pokemonshowdown.com/images/pokemonshowdownbeta.png" srcset="//pokemonshowdown.com/images/pokemonshowdownbeta.png 1x, //pokemonshowdown.com/images/pokemonshowdownbeta@2x.png 2x" alt="Pok&eacute;mon Showdown" width="146" height="44" /> Home</a></li>
			<li><a class="button" href="//pokemonshowdown.com/dex/">Pok&eacute;dex</a></li>
			<li><a class="button cur" href="/">Replays</a></li>
			<li><a class="button" href="//pokemonshowdown.com/ladder/">Ladder</a></li>
			<li><a class="button nav-last" href="//pokemonshowdown.com/forums/">Forum</a></li>
			<li><a class="button greenbutton nav-first nav-last" href="//play.pokemonshowdown.com/">Play</a></li>
		</ul></div>
	</header>

	<div class="main" id="main">

		<noscript><section class="section">You need to enable JavaScript to use this page; sorry!</section></noscript>

	</div>

</div>

<script defer nomodule src="//play.pokemonshowdown.com/js/lib/ps-polyfill.js"></script>
<script defer src="//play.pokemonshowdown.com/js/lib/preact.min.js"></script>

<script defer src="//play.pokemonshowdown.com/config/config.js?2bddbc15"></script>
<script defer src="//play.pokemonshowdown.com/js/lib/jquery-1.11.0.min.js"></script>
<script defer src="//play.pokemonshowdown.com/js/lib/html-sanitizer-minified.js"></script>
<script defer src="//play.pokemonshowdown.com/js/battle-sound.js"></script>
<script defer src="//play.pokemonshowdown.com/js/battledata.js?0.7209276989879541"></script>
<script defer src="//play.pokemonshowdown.com/data/pokedex-mini.js?0.6111056340867951"></script>
<script defer src="//play.pokemonshowdown.com/data/pokedex-mini-bw.js?0.3532142036491459"></script>
<script defer src="//play.pokemonshowdown.com/data/graphics.js?0.24223875632456182"></script>
<script defer src="//play.pokemonshowdown.com/data/pokedex.js?0.38839984266356864"></script>
<script defer src="//play.pokemonshowdown.com/data/moves.js?0.21866028504024015"></script>
<script defer src="//play.pokemonshowdown.com/data/abilities.js?0.2005157953846628"></script>
<script defer src="//play.pokemonshowdown.com/data/items.js?0.9894211263848525"></script>
<script defer src="//play.pokemonshowdown.com/data/teambuilder-tables.js?0.6008791140282215"></script>
<script defer src="//play.pokemonshowdown.com/js/battle-tooltips.js?0.7580118955022959"></script>
<script defer src="//play.pokemonshowdown.com/js/battle.js?0.6057722274234274"></script>

<script defer src="js/utils.js?e31f9a17"></script>
<script defer src="js/replays-battle.js?7008c182"></script>

<!-- don't scrape this data! just add .json or .log after the URL!
Full API docs: https://github.com/smogon/pokemon-showdown-client/blob/master/WEB-API.md -->
<script type="text/plain" class="log" id="replaylog-smogtours-gen3ou-801558">
|inactive|Battle timer is ON: inactive players will automatically lose when time's up.
|t:|1729786055
|gametype|singles
|player|p1|dadaasdcfaw|169|
|player|p2|Girls See Ghosts|phoebe-gen6|
|teamsize|p1|6
|teamsize|p2|6
|gen|3
|tier|[Gen 3] OU
|rule|Sleep Clause Mod: Limit one foe put to sleep
|rule|Switch Priority Clause Mod: Faster Pokémon switch first
|rule|Species Clause: Limit one of each Pokémon
|rule|OHKO Clause: OHKO moves are banned
|rule|Evasion Items Clause: Evasion items are banned
|rule|Evasion Moves Clause: Evasion moves are banned
|rule|Endless Battle Clause: Forcing endless battles is banned
|rule|HP Percentage Mod: HP is shown in percentages
|rule|One Boost Passer Clause: Limit one Baton Passer that has a way to boost its stats
|rule|Freeze Clause Mod: Limit one foe frozen
|
|t:|1729786055
|start
|switch|p1a: Skarmory|Skarmory, M|100/100
|switch|p2a: Suicune|Suicune|100/100
|turn|1
|c|☆Girls See Ghosts|glhf
|inactive|dadaasdcfaw has 270 seconds left.
|inactive|dadaasdcfaw has 240 seconds left.
|c|☆dadaasdcfaw|same
|
|t:|1729786130
|move|p2a: Suicune|Hydro Pump|p1a: Skarmory
|-damage|p1a: Skarmory|48/100
|move|p1a: Skarmory|Spikes|p2a: Suicune
|-sidestart|p2: Girls See Ghosts|Spikes
|
|-heal|p1a: Skarmory|54/100|[from] item: Leftovers
|upkeep
|turn|2
|
|t:|1729786141
|move|p1a: Skarmory|Protect|p1a: Skarmory
|-singleturn|p1a: Skarmory|Protect
|move|p2a: Suicune|Calm Mind|p2a: Suicune
|-boost|p2a: Suicune|spa|1
|-boost|p2a: Suicune|spd|1
|
|-heal|p1a: Skarmory|60/100|[from] item: Leftovers
|upkeep
|turn|3
|inactive|dadaasdcfaw has 270 seconds left.
|
|t:|1729786172
|move|p2a: Suicune|Hydro Pump|p1a: Skarmory
|-damage|p1a: Skarmory|0 fnt
|faint|p1a: Skarmory
|
|t:|1729786174
|switch|p1a: Metagross|Metagross|100/100
|
|upkeep
|turn|4
|
|t:|1729786189
|switch|p1a: Starmie|Starmie|100/100
|move|p2a: Suicune|Hydro Pump|p1a: Starmie
|-resisted|p1a: Starmie
|-damage|p1a: Starmie|39/100
|
|-heal|p1a: Starmie|45/100|[from] item: Leftovers
|upkeep
|turn|5
|
|t:|1729786209
|move|p1a: Starmie|Thunderbolt|p2a: Suicune
|-supereffective|p2a: Suicune
|-damage|p2a: Suicune|69/100
|move|p2a: Suicune|Hydro Pump|p1a: Starmie
|-resisted|p1a: Starmie
|-damage|p1a: Starmie|0 fnt
|faint|p1a: Starmie
|inactive|dadaasdcfaw has 270 seconds left.
|
|t:|1729786235
|switch|p1a: Jolteon|Jolteon, F|100/100
|
|-heal|p2a: Suicune|75/100|[from] item: Leftovers
|upkeep
|turn|6
|
|t:|1729786252
|switch|p2a: Celebi|Celebi|100/100
|-damage|p2a: Celebi|88/100|[from] Spikes
|move|p1a: Jolteon|Thunderbolt|p2a: Celebi
|-resisted|p2a: Celebi
|-damage|p2a: Celebi|68/100
|
|-heal|p2a: Celebi|74/100|[from] item: Leftovers
|upkeep
|turn|7
|inactive|dadaasdcfaw has 270 seconds left.
|
|t:|1729786276
|move|p1a: Jolteon|Baton Pass|p1a: Jolteon
|
|t:|1729786277
|switch|p1a: Metagross|Metagross|100/100|[from] Baton Pass
|move|p2a: Celebi|Baton Pass|p2a: Celebi
|
|t:|1729786287
|switch|p2a: Dugtrio|Dugtrio, F|100/100|[from] Baton Pass
|-damage|p2a: Dugtrio|88/100|[from] Spikes
|
|upkeep
|turn|8
|inactive|dadaasdcfaw has 270 seconds left.
|inactive|dadaasdcfaw has 240 seconds left.
|
|t:|1729786334
|move|p2a: Dugtrio|Earthquake|p1a: Metagross
|-supereffective|p1a: Metagross
|-damage|p1a: Metagross|3/100
|move|p1a: Metagross|Earthquake|p2a: Dugtrio
|-damage|p2a: Dugtrio|0 fnt
|faint|p2a: Dugtrio
|
|t:|1729786349
|switch|p2a: Celebi|Celebi|74/100
|-damage|p2a: Celebi|62/100|[from] Spikes
|
|-heal|p2a: Celebi|68/100|[from] item: Leftovers
|upkeep
|turn|9
|inactive|dadaasdcfaw has 240 seconds left.
|
|t:|1729786368
|switch|p1a: Gengar|Gengar, M|100/100
|move|p2a: Celebi|Giga Drain|p1a: Gengar
|-resisted|p1a: Gengar
|-damage|p1a: Gengar|78/100
|-heal|p2a: Celebi|76/100|[from] drain|[of] p1a: Gengar
|
|-heal|p1a: Gengar|84/100|[from] item: Leftovers
|-heal|p2a: Celebi|82/100|[from] item: Leftovers
|upkeep
|turn|10
|inactive|dadaasdcfaw has 240 seconds left.
|
|t:|1729786397
|switch|p2a: Porygon2|Porygon2|100/100
|-damage|p2a: Porygon2|88/100|[from] Spikes
|-ability|p2a: Porygon2|Levitate|[from] ability: Trace|[of] p1a: Gengar
|move|p1a: Gengar|Hidden Power|p2a: Porygon2
|-damage|p2a: Porygon2|65/100
|
|-heal|p1a: Gengar|90/100|[from] item: Leftovers
|-heal|p2a: Porygon2|71/100|[from] item: Leftovers
|upkeep
|turn|11
|
|t:|1729786409
|switch|p1a: Tyranitar|Tyranitar, F|100/100
|-weather|Sandstorm|[from] ability: Sand Stream|[of] p1a: Tyranitar
|move|p2a: Porygon2|Ice Beam|p1a: Tyranitar
|-damage|p1a: Tyranitar|79/100
|
|-weather|Sandstorm|[upkeep]
|-damage|p2a: Porygon2|65/100|[from] Sandstorm
|-heal|p1a: Tyranitar|85/100|[from] item: Leftovers
|-heal|p2a: Porygon2|71/100|[from] item: Leftovers
|upkeep
|turn|12
|
|t:|1729786433
|-singleturn|p1a: Tyranitar|move: Focus Punch
|move|p2a: Porygon2|Toxic|p1a: Tyranitar
|-status|p1a: Tyranitar|tox
|move|p1a: Tyranitar|Focus Punch|p2a: Porygon2
|-supereffective|p2a: Porygon2
|-damage|p2a: Porygon2|0 fnt
|faint|p2a: Porygon2
|
|t:|1729786448
|switch|p2a: Suicune|Suicune|75/100
|-damage|p2a: Suicune|63/100|[from] Spikes
|
|-weather|Sandstorm|[upkeep]
|-damage|p2a: Suicune|57/100|[from] Sandstorm
|-heal|p2a: Suicune|63/100|[from] item: Leftovers
|-heal|p1a: Tyranitar|91/100 tox|[from] item: Leftovers
|-damage|p1a: Tyranitar|85/100 tox|[from] psn
|upkeep
|turn|13
|inactive|dadaasdcfaw has 210 seconds left.
|
|t:|1729786481
|switch|p1a: Gengar|Gengar, M|90/100
|move|p2a: Suicune|Hydro Pump|p1a: Gengar
|-damage|p1a: Gengar|3/100
|
|-weather|Sandstorm|[upkeep]
|-damage|p1a: Gengar|0 fnt|[from] Sandstorm
|-damage|p2a: Suicune|57/100|[from] Sandstorm
|faint|p1a: Gengar
|-heal|p2a: Suicune|63/100|[from] item: Leftovers
|upkeep
|
|t:|1729786488
|switch|p1a: Jolteon|Jolteon, F|100/100
|turn|14
|
|t:|1729786496
|switch|p2a: Raikou|Raikou|100/100
|-damage|p2a: Raikou|88/100|[from] Spikes
|move|p1a: Jolteon|Baton Pass|p1a: Jolteon
|
|t:|1729786505
|switch|p1a: Tyranitar|Tyranitar, F|85/100 tox|[from] Baton Pass
|
|-weather|Sandstorm|[upkeep]
|-damage|p2a: Raikou|82/100|[from] Sandstorm
|-heal|p2a: Raikou|88/100|[from] item: Leftovers
|-heal|p1a: Tyranitar|91/100 tox|[from] item: Leftovers
|-damage|p1a: Tyranitar|85/100 tox|[from] psn
|upkeep
|turn|15
|inactive|dadaasdcfaw has 210 seconds left.
|
|t:|1729786521
|move|p2a: Raikou|Thunderbolt|p1a: Tyranitar
|-damage|p1a: Tyranitar|46/100 tox
|move|p1a: Tyranitar|Earthquake|p2a: Raikou
|-supereffective|p2a: Raikou
|-damage|p2a: Raikou|0 fnt
|faint|p2a: Raikou
|
|t:|1729786540
|switch|p2a: Suicune|Suicune|63/100
|-damage|p2a: Suicune|51/100|[from] Spikes
|
|-weather|Sandstorm|[upkeep]
|-damage|p2a: Suicune|45/100|[from] Sandstorm
|-heal|p2a: Suicune|51/100|[from] item: Leftovers
|-heal|p1a: Tyranitar|52/100 tox|[from] item: Leftovers
|-damage|p1a: Tyranitar|40/100 tox|[from] psn
|upkeep
|turn|16
|inactive|dadaasdcfaw has 210 seconds left.
|
|t:|1729786549
|move|p2a: Suicune|Hydro Pump|p1a: Tyranitar|[miss]
|-miss|p2a: Suicune|p1a: Tyranitar
|move|p1a: Tyranitar|Rock Slide|p2a: Suicune
|-damage|p2a: Suicune|11/100
|
|-weather|Sandstorm|[upkeep]
|-damage|p2a: Suicune|5/100|[from] Sandstorm
|-heal|p2a: Suicune|11/100|[from] item: Leftovers
|-heal|p1a: Tyranitar|46/100 tox|[from] item: Leftovers
|-damage|p1a: Tyranitar|27/100 tox|[from] psn
|upkeep
|turn|17
|inactive|dadaasdcfaw has 210 seconds left.
|
|t:|1729786560
|move|p2a: Suicune|Ice Beam|p1a: Tyranitar
|-damage|p1a: Tyranitar|5/100 tox
|move|p1a: Tyranitar|Hidden Power|p2a: Suicune
|-damage|p2a: Suicune|0 fnt
|faint|p2a: Suicune
|
|t:|1729786588
|switch|p2a: Celebi|Celebi|82/100
|-damage|p2a: Celebi|70/100|[from] Spikes
|
|-weather|Sandstorm|[upkeep]
|-damage|p2a: Celebi|64/100|[from] Sandstorm
|-heal|p2a: Celebi|70/100|[from] item: Leftovers
|-heal|p1a: Tyranitar|11/100 tox|[from] item: Leftovers
|-damage|p1a: Tyranitar|0 fnt|[from] psn
|faint|p1a: Tyranitar
|upkeep
|
|t:|1729786596
|switch|p1a: Metagross|Metagross|3/100
|turn|18
|
|t:|1729786603
|move|p2a: Celebi|Giga Drain|p1a: Metagross
|-resisted|p1a: Metagross
|-damage|p1a: Metagross|0 fnt
|-heal|p2a: Celebi|71/100|[from] drain|[of] p1a: Metagross
|faint|p1a: Metagross
|
|t:|1729786605
|switch|p1a: Jolteon|Jolteon, F|100/100
|
|-weather|Sandstorm|[upkeep]
|-damage|p1a: Jolteon|94/100|[from] Sandstorm
|-damage|p2a: Celebi|65/100|[from] Sandstorm
|-heal|p1a: Jolteon|100/100|[from] item: Leftovers
|-heal|p2a: Celebi|71/100|[from] item: Leftovers
|upkeep
|turn|19
|
|t:|1729786609
|move|p1a: Jolteon|Thunder Wave|p2a: Celebi
|-status|p2a: Celebi|par
|cant|p2a: Celebi|par
|
|-weather|Sandstorm|[upkeep]
|-damage|p1a: Jolteon|94/100|[from] Sandstorm
|-damage|p2a: Celebi|65/100 par|[from] Sandstorm
|-heal|p1a: Jolteon|100/100|[from] item: Leftovers
|-heal|p2a: Celebi|71/100 par|[from] item: Leftovers
|upkeep
|turn|20
|
|t:|1729786612
|move|p1a: Jolteon|Thunderbolt|p2a: Celebi
|-resisted|p2a: Celebi
|-damage|p2a: Celebi|52/100 par
|cant|p2a: Celebi|par
|
|-weather|Sandstorm|[upkeep]
|-damage|p1a: Jolteon|94/100|[from] Sandstorm
|-damage|p2a: Celebi|46/100 par|[from] Sandstorm
|-heal|p1a: Jolteon|100/100|[from] item: Leftovers
|-heal|p2a: Celebi|52/100 par|[from] item: Leftovers
|upkeep
|turn|21
|
|t:|1729786617
|move|p1a: Jolteon|Thunderbolt|p2a: Celebi
|-resisted|p2a: Celebi
|-damage|p2a: Celebi|32/100 par
|cant|p2a: Celebi|par
|
|-weather|Sandstorm|[upkeep]
|-damage|p1a: Jolteon|94/100|[from] Sandstorm
|-damage|p2a: Celebi|26/100 par|[from] Sandstorm
|-heal|p1a: Jolteon|100/100|[from] item: Leftovers
|-heal|p2a: Celebi|32/100 par|[from] item: Leftovers
|upkeep
|turn|22
|
|t:|1729786621
|move|p1a: Jolteon|Thunderbolt|p2a: Celebi
|-resisted|p2a: Celebi
|-damage|p2a: Celebi|13/100 par
|move|p2a: Celebi|Giga Drain|p1a: Jolteon
|-damage|p1a: Jolteon|67/100
|-heal|p2a: Celebi|26/100 par|[from] drain|[of] p1a: Jolteon
|
|-weather|Sandstorm|[upkeep]
|-damage|p1a: Jolteon|60/100|[from] Sandstorm
|-damage|p2a: Celebi|20/100 par|[from] Sandstorm
|-heal|p1a: Jolteon|67/100|[from] item: Leftovers
|-heal|p2a: Celebi|26/100 par|[from] item: Leftovers
|upkeep
|turn|23
|
|t:|1729786625
|move|p1a: Jolteon|Thunderbolt|p2a: Celebi
|-resisted|p2a: Celebi
|-damage|p2a: Celebi|5/100 par
|cant|p2a: Celebi|par
|
|-weather|Sandstorm|[upkeep]
|-damage|p1a: Jolteon|60/100|[from] Sandstorm
|-damage|p2a: Celebi|0 fnt|[from] Sandstorm
|faint|p2a: Celebi
|-heal|p1a: Jolteon|67/100|[from] item: Leftovers
|upkeep
|
|t:|1729786629
|switch|p2a: Jirachi|Jirachi|100/100
|-damage|p2a: Jirachi|88/100|[from] Spikes
|turn|24
|inactive|dadaasdcfaw has 270 seconds left.
|inactive|dadaasdcfaw has 240 seconds left.
|
|t:|1729786702
|move|p1a: Jolteon|Thunder Wave|p2a: Jirachi
|-status|p2a: Jirachi|par
|move|p2a: Jirachi|Calm Mind|p2a: Jirachi
|-boost|p2a: Jirachi|spa|1
|-boost|p2a: Jirachi|spd|1
|
|-weather|Sandstorm|[upkeep]
|-damage|p1a: Jolteon|60/100|[from] Sandstorm
|-heal|p1a: Jolteon|67/100|[from] item: Leftovers
|-heal|p2a: Jirachi|94/100 par|[from] item: Leftovers
|upkeep
|turn|25
|
|t:|1729786706
|move|p1a: Jolteon|Thunderbolt|p2a: Jirachi
|-damage|p2a: Jirachi|62/100 par
|move|p2a: Jirachi|Psychic|p1a: Jolteon
|-damage|p1a: Jolteon|0 fnt
|faint|p1a: Jolteon
|
|win|Girls See Ghosts
|c|☆Girls See Ghosts|gg
|c|☆dadaasdcfaw|gg
|player|p1|
|player|p2|
|player|p1|dadaasdcfaw|169|

</script>
<script type="application/json" class="data" id="replaydata-smogtours-gen3ou-801558">
{"id":"smogtours-gen3ou-801558","format":"[Gen 3] OU","players":["dadaasdcfaw","Girls See Ghosts"],"uploadtime":1729786706,"views":87,"formatid":"gen3ou","rating":null,"private":0,"password":null}
</script>

<script defer src="js/replays.js?9d40a366"></script>
