<!DOCTYPE html>
<meta charset="utf-8" />
<meta name="viewport" content="width=device-width" />

<title>[Gen 3] OU: ilikeeatingcrayons vs. WombatBaby - Replays - Pok&eacute;mon Showdown!</title>

<meta name="description" content="Watch a replay of a Pok&eacute;mon battle between ilikeeatingcrayons and WombatBaby! Format: [Gen 3] OU; Date: Oct 8, 2024" />
<!--

Hey, you! Looking in the source for the replay log?

You can find them in JSON format, just add `.json` at the end of a replay URL.

https://replay.pokemonshowdown.com/gen7randomdoublesbattle-865046831.json

Or, if you only need the log itself, add `.log` instead:

https://replay.pokemonshowdown.com/gen7randomdoublesbattle-865046831.log

-->

<link rel="stylesheet" href="//pokemonshowdown.com/style/global.css?0.023195364461161105" />
<link rel="stylesheet" href="//play.pokemonshowdown.com/style/font-awesome.css?0.13261647063804238" />
<link rel="stylesheet" href="//play.pokemonshowdown.com/style/battle.css?0.8753245789963631" />
<link rel="stylesheet" href="//play.pokemonshowdown.com/style/utilichart.css?0.8627959624976733" />

<!-- Global site tag (gtag.js) - Google Analytics -->
<script async src="https://www.googletagmanager.com/gtag/js?id=UA-26211653-1"></script>
<script>
  window.dataLayer = window.dataLayer || [];
  function gtag(){dataLayer.push(arguments);}
  gtag('js', new Date());

  gtag('config', 'UA-26211653-1');
</script>
<!-- End Google Analytics -->
<!-- Venatus Ad Manager - Install in <HEAD> of page -->
	<script src="https://hb.vntsm.com/v3/live/ad-manager.min.js" type="text/javascript" data-site-id="642aba63ec9a7b11c3c9c1be" data-mode="scan" async></script>
<!-- / Venatus Ad Manager -->

<style>
	@media (max-width:820px) {
		.battle {
			margin: 0 auto;
		}
		.battle-log {
			margin: 7px auto 0;
			max-width: 640px;
			height: 300px;
			position: static;
		}
	}
	.optgroup {
		display: inline-block;
		line-height: 22px;
		font-size: 10pt;
	}
	.optgroup .button {
		height: 25px;
		padding-top: 0;
		padding-bottom: 0;
	}
	.optgroup button.button {
		padding-left: 12px;
		padding-right: 12px;
	}
	.linklist {
		list-style: none;
		margin: 0.5em 0;
		padding: 0;
	}
	.linklist li {
		padding: 2px 0;
	}
	.sidebar {
		float: left;
		width: 320px;
	}
	.bar-wrapper {
		max-width: 1100px;
		margin: 0 auto;
	}
	.bar-wrapper.has-sidebar {
		max-width: 1430px;
	}
	.mainbar {
		margin: 0;
		padding-right: 1px;
	}
	.mainbar.has-sidebar {
		margin-left: 330px;
	}
	@media (min-width: 1511px) {
		.sidebar {
			width: 400px;
		}
		.bar-wrapper.has-sidebar {
			max-width: 1510px;
		}
		.mainbar.has-sidebar {
			margin-left: 410px;
		}
	}
	.section.first-section {
		margin-top: 9px;
	}
	.blocklink small {
		white-space: normal;
	}
	.button {
		vertical-align: middle;
	}
	.replay-controls {
		padding-top: 10px;
	}
	.replay-controls h1 {
		font-size: 16pt;
		font-weight: normal;
		color: #CCC;
	}
	.pagelink {
		text-align: center;
	}
	.pagelink a {
		width: 150px;
	}
	.textbox, .button {
		font-size: 11pt;
		vertical-align: middle;
	}
	@media (max-width: 450px) {
		.button {
			font-size: 9pt;
		}
	}
</style>

<div>

	<header>
		<div class="nav-wrapper"><ul class="nav">
			<li><a class="button nav-first" href="//pokemonshowdown.com/"><img src="//pokemonshowdown.com/images/pokemonshowdownbeta.png" srcset="//pokemonshowdown.com/images/pokemonshowdownbeta.png 1x, //pokemonshowdown.com/images/pokemonshowdownbeta@2x.png 2x" alt="Pok&eacute;mon Showdown" width="146" height="44" /> Home</a></li>
			<li><a class="button" href="//pokemonshowdown.com/dex/">Pok&eacute;dex</a></li>
			<li><a class="button cur" href="/">Replays</a></li>
			<li><a class="button" href="//pokemonshowdown.com/ladder/">Ladder</a></li>
			<li><a class="button nav-last" href="//pokemonshowdown.com/forums/">Forum</a></li>
			<li><a class="button greenbutton nav-first nav-last" href="//play.pokemonshowdown.com/">Play</a></li>
		</ul></div>
	</header>

	<div class="main" id="main">

		<noscript><section class="section">You need to enable JavaScript to use this page; sorry!</section></noscript>

	</div>

</div>

<script defer nomodule src="//play.pokemonshowdown.com/js/lib/ps-polyfill.js"></script>
<script defer src="//play.pokemonshowdown.com/js/lib/preact.min.js"></script>

<script defer src="//play.pokemonshowdown.com/config/config.js?2bddbc15"></script>
<script defer src="//play.pokemonshowdown.com/js/lib/jquery-1.11.0.min.js"></script>
<script defer src="//play.pokemonshowdown.com/js/lib/html-sanitizer-minified.js"></script>
<script defer src="//play.pokemonshowdown.com/js/battle-sound.js"></script>
<script defer src="//play.pokemonshowdown.com/js/battledata.js?0.7209276989879541"></script>
<script defer src="//play.pokemonshowdown.com/data/pokedex-mini.js?0.6111056340867951"></script>
<script defer src="//play.pokemonshowdown.com/data/pokedex-mini-bw.js?0.3532142036491459"></script>
<script defer src="//play.pokemonshowdown.com/data/graphics.js?0.24223875632456182"></script>
<script defer src="//play.pokemonshowdown.com/data/pokedex.js?0.38839984266356864"></script>
<script defer src="//play.pokemonshowdown.com/data/moves.js?0.21866028504024015"></script>
<script defer src="//play.pokemonshowdown.com/data/abilities.js?0.2005157953846628"></script>
<script defer src="//play.pokemonshowdown.com/data/items.js?0.9894211263848525"></script>
<script defer src="//play.pokemonshowdown.com/data/teambuilder-tables.js?0.6008791140282215"></script>
<script defer src="//play.pokemonshowdown.com/js/battle-tooltips.js?0.7580118955022959"></script>
<script defer src="//play.pokemonshowdown.com/js/battle.js?0.6057722274234274"></script>

<script defer src="js/utils.js?e31f9a17"></script>
<script defer src="js/replays-battle.js?7008c182"></script>

<!-- don't scrape this data! just add .json or .log after the URL!
Full API docs: https://github.com/smogon/pokemon-showdown-client/blob/master/WEB-API.md -->
<script type="text/plain" class="log" id="replaylog-smogtours-gen3ou-796304">
|inactive|Battle timer is ON: inactive players will automatically lose when time's up.
|t:|1728349832
|gametype|singles
|player|p1|ilikeeatingcrayons|youngster-gen4dp|
|player|p2|WombatBaby|2|
|teamsize|p1|6
|teamsize|p2|6
|gen|3
|tier|[Gen 3] OU
|rule|Sleep Clause Mod: Limit one foe put to sleep
|rule|Switch Priority Clause Mod: Faster Pokémon switch first
|rule|Species Clause: Limit one of each Pokémon
|rule|OHKO Clause: OHKO moves are banned
|rule|Evasion Items Clause: Evasion items are banned
|rule|Evasion Moves Clause: Evasion moves are banned
|rule|Endless Battle Clause: Forcing endless battles is banned
|rule|HP Percentage Mod: HP is shown in percentages
|rule|One Boost Passer Clause: Limit one Baton Passer that has a way to boost its stats
|rule|Freeze Clause Mod: Limit one foe frozen
|
|t:|1728349832
|start
|switch|p1a: Africa|Salamence, F|100/100
|switch|p2a: Tyranitar|Tyranitar, M|100/100
|-ability|p1a: Africa|Intimidate|boost
|-unboost|p2a: Tyranitar|atk|1
|-weather|Sandstorm|[from] ability: Sand Stream|[of] p2a: Tyranitar
|turn|1
|inactive|WombatBaby has 270 seconds left.
|
|t:|1728349864
|switch|p2a: Moltres|Moltres|100/100
|move|p1a: Africa|Brick Break|p2a: Moltres
|-resisted|p2a: Moltres
|-damage|p2a: Moltres|88/100
|
|-weather|Sandstorm|[upkeep]
|-damage|p2a: Moltres|82/100|[from] Sandstorm
|-damage|p1a: Africa|95/100|[from] Sandstorm
|-heal|p2a: Moltres|88/100|[from] item: Leftovers
|-heal|p1a: Africa|100/100|[from] item: Leftovers
|upkeep
|turn|2
|
|t:|1728349872
|switch|p1a: Antartica|Blissey, F|100/100
|move|p2a: Moltres|Will-O-Wisp|p1a: Antartica
|-status|p1a: Antartica|brn
|
|-weather|Sandstorm|[upkeep]
|-damage|p2a: Moltres|82/100|[from] Sandstorm
|-damage|p1a: Antartica|94/100 brn|[from] Sandstorm
|-heal|p2a: Moltres|88/100|[from] item: Leftovers
|-heal|p1a: Antartica|100/100 brn|[from] item: Leftovers
|-damage|p1a: Antartica|88/100 brn|[from] brn
|upkeep
|turn|3
|
|t:|1728349878
|move|p2a: Moltres|Protect|p2a: Moltres
|-singleturn|p2a: Moltres|Protect
|move|p1a: Antartica|Thunder Wave|p2a: Moltres
|-activate|p2a: Moltres|Protect
|
|-weather|Sandstorm|[upkeep]
|-damage|p2a: Moltres|82/100|[from] Sandstorm
|-damage|p1a: Antartica|82/100 brn|[from] Sandstorm
|-heal|p2a: Moltres|88/100|[from] item: Leftovers
|-heal|p1a: Antartica|88/100 brn|[from] item: Leftovers
|-damage|p1a: Antartica|76/100 brn|[from] brn
|upkeep
|turn|4
|
|t:|1728349890
|switch|p2a: Skarmory|Skarmory, M|100/100
|move|p1a: Antartica|Thunder Wave|p2a: Skarmory
|-status|p2a: Skarmory|par
|
|-weather|Sandstorm|[upkeep]
|-damage|p1a: Antartica|69/100 brn|[from] Sandstorm
|-heal|p1a: Antartica|76/100 brn|[from] item: Leftovers
|-damage|p1a: Antartica|63/100 brn|[from] brn
|upkeep
|turn|5
|
|t:|1728349895
|-curestatus|p1a: Antartica|brn|[from] ability: Natural Cure
|switch|p1a: Africa|Salamence, F|100/100
|-ability|p1a: Africa|Intimidate|boost
|-unboost|p2a: Skarmory|atk|1
|cant|p2a: Skarmory|par
|
|-weather|Sandstorm|[upkeep]
|-damage|p1a: Africa|95/100|[from] Sandstorm
|-heal|p1a: Africa|100/100|[from] item: Leftovers
|upkeep
|turn|6
|
|t:|1728349911
|switch|p2a: Moltres|Moltres|88/100
|move|p1a: Africa|Fire Blast|p2a: Moltres|[miss]
|-miss|p1a: Africa|p2a: Moltres
|
|-weather|Sandstorm|[upkeep]
|-damage|p2a: Moltres|82/100|[from] Sandstorm
|-damage|p1a: Africa|95/100|[from] Sandstorm
|-heal|p2a: Moltres|88/100|[from] item: Leftovers
|-heal|p1a: Africa|100/100|[from] item: Leftovers
|upkeep
|turn|7
|
|t:|1728349917
|switch|p1a: Antartica|Blissey, F|63/100
|move|p2a: Moltres|Will-O-Wisp|p1a: Antartica
|-status|p1a: Antartica|brn
|
|-weather|Sandstorm|[upkeep]
|-damage|p2a: Moltres|82/100|[from] Sandstorm
|-damage|p1a: Antartica|57/100 brn|[from] Sandstorm
|-heal|p2a: Moltres|88/100|[from] item: Leftovers
|-heal|p1a: Antartica|63/100 brn|[from] item: Leftovers
|-damage|p1a: Antartica|51/100 brn|[from] brn
|upkeep
|turn|8
|
|t:|1728349920
|switch|p2a: Skarmory|Skarmory, M|100/100 par
|-curestatus|p1a: Antartica|brn|[from] ability: Natural Cure
|switch|p1a: Oceania|Aerodactyl, F|100/100
|
|-weather|Sandstorm|[upkeep]
|upkeep
|turn|9
|
|t:|1728349924
|move|p1a: Oceania|Rock Slide|p2a: Skarmory
|-damage|p2a: Skarmory|59/100 par
|cant|p2a: Skarmory|flinch
|
|-weather|Sandstorm|[upkeep]
|-heal|p2a: Skarmory|65/100 par|[from] item: Leftovers
|upkeep
|turn|10
|
|t:|1728349928
|switch|p2a: Flygon|Flygon, M|100/100
|move|p1a: Oceania|Rock Slide|p2a: Flygon|[miss]
|-miss|p1a: Oceania|p2a: Flygon
|
|-weather|Sandstorm|[upkeep]
|upkeep
|turn|11
|
|t:|1728349934
|switch|p1a: Americas|Forretress, F|100/100
|move|p2a: Flygon|Toxic|p1a: Americas|[miss]
|-miss|p2a: Flygon|p1a: Americas
|
|-weather|Sandstorm|[upkeep]
|upkeep
|turn|12
|inactive|ilikeeatingcrayons has 270 seconds left.
|
|t:|1728349964
|switch|p2a: Moltres|Moltres|88/100
|move|p1a: Americas|Spikes|p2a: Moltres
|-sidestart|p2: WombatBaby|Spikes
|
|-weather|Sandstorm|[upkeep]
|-damage|p2a: Moltres|82/100|[from] Sandstorm
|-heal|p2a: Moltres|88/100|[from] item: Leftovers
|upkeep
|turn|13
|
|t:|1728349973
|switch|p1a: Antartica|Blissey, F|51/100
|move|p2a: Moltres|Fire Blast|p1a: Antartica
|-damage|p1a: Antartica|28/100
|
|-weather|Sandstorm|[upkeep]
|-damage|p2a: Moltres|82/100|[from] Sandstorm
|-damage|p1a: Antartica|21/100|[from] Sandstorm
|-heal|p2a: Moltres|88/100|[from] item: Leftovers
|-heal|p1a: Antartica|28/100|[from] item: Leftovers
|upkeep
|turn|14
|
|t:|1728349979
|move|p2a: Moltres|Will-O-Wisp|p1a: Antartica
|-status|p1a: Antartica|brn
|move|p1a: Antartica|Soft-Boiled|p1a: Antartica
|-heal|p1a: Antartica|78/100 brn
|
|-weather|Sandstorm|[upkeep]
|-damage|p2a: Moltres|82/100|[from] Sandstorm
|-damage|p1a: Antartica|71/100 brn|[from] Sandstorm
|-heal|p2a: Moltres|88/100|[from] item: Leftovers
|-heal|p1a: Antartica|78/100 brn|[from] item: Leftovers
|-damage|p1a: Antartica|65/100 brn|[from] brn
|upkeep
|turn|15
|
|t:|1728349987
|switch|p2a: Skarmory|Skarmory, M|65/100 par
|move|p1a: Antartica|Thunder Wave|p2a: Skarmory
|-fail|p2a: Skarmory|par
|
|-weather|Sandstorm|[upkeep]
|-damage|p1a: Antartica|59/100 brn|[from] Sandstorm
|-heal|p1a: Antartica|65/100 brn|[from] item: Leftovers
|-damage|p1a: Antartica|53/100 brn|[from] brn
|-heal|p2a: Skarmory|71/100 par|[from] item: Leftovers
|upkeep
|turn|16
|
|t:|1728349993
|-curestatus|p1a: Antartica|brn|[from] ability: Natural Cure
|switch|p1a: Africa|Salamence, F|100/100
|-ability|p1a: Africa|Intimidate|boost
|-unboost|p2a: Skarmory|atk|1
|move|p2a: Skarmory|Spikes|p1a: Africa
|-sidestart|p1: ilikeeatingcrayons|Spikes
|
|-weather|Sandstorm|[upkeep]
|-damage|p1a: Africa|95/100|[from] Sandstorm
|-heal|p1a: Africa|100/100|[from] item: Leftovers
|-heal|p2a: Skarmory|77/100 par|[from] item: Leftovers
|upkeep
|turn|17
|
|t:|1728350001
|switch|p2a: Flygon|Flygon, M|100/100
|move|p1a: Africa|Dragon Claw|p2a: Flygon
|-supereffective|p2a: Flygon
|-damage|p2a: Flygon|10/100
|
|-weather|Sandstorm|[upkeep]
|-damage|p1a: Africa|95/100|[from] Sandstorm
|-heal|p1a: Africa|100/100|[from] item: Leftovers
|-heal|p2a: Flygon|16/100|[from] item: Leftovers
|upkeep
|turn|18
|
|t:|1728350011
|switch|p1a: Americas|Forretress, F|100/100
|-damage|p1a: Americas|88/100|[from] Spikes
|move|p2a: Flygon|Protect||[still]
|-fail|p2a: Flygon
|
|-weather|Sandstorm|[upkeep]
|-heal|p2a: Flygon|22/100|[from] item: Leftovers
|-heal|p1a: Americas|94/100|[from] item: Leftovers
|upkeep
|turn|19
|
|t:|1728350018
|switch|p2a: Gengar|Gengar, M|100/100
|move|p1a: Americas|Rapid Spin|p2a: Gengar
|-immune|p2a: Gengar
|
|-weather|Sandstorm|[upkeep]
|-damage|p2a: Gengar|94/100|[from] Sandstorm
|-heal|p2a: Gengar|100/100|[from] item: Leftovers
|-heal|p1a: Americas|100/100|[from] item: Leftovers
|upkeep
|turn|20
|
|t:|1728350023
|switch|p1a: Europe|Tyranitar, F|100/100
|-damage|p1a: Europe|88/100|[from] Spikes
|move|p2a: Gengar|Will-O-Wisp|p1a: Europe|[miss]
|-miss|p2a: Gengar|p1a: Europe
|
|-weather|Sandstorm|[upkeep]
|-damage|p2a: Gengar|94/100|[from] Sandstorm
|-heal|p2a: Gengar|100/100|[from] item: Leftovers
|-heal|p1a: Europe|94/100|[from] item: Leftovers
|upkeep
|turn|21
|
|t:|1728350032
|-activate|p2a: Gengar|move: Pursuit
|move|p1a: Europe|Pursuit|p2a: Gengar|[from]Pursuit
|-supereffective|p2a: Gengar
|-damage|p2a: Gengar|13/100
|switch|p2a: Tyranitar|Tyranitar, M|100/100
|-damage|p2a: Tyranitar|88/100|[from] Spikes
|
|-weather|Sandstorm|[upkeep]
|-heal|p2a: Tyranitar|94/100|[from] item: Leftovers
|-heal|p1a: Europe|99/100|[from] item: Leftovers
|upkeep
|turn|22
|
|t:|1728350041
|move|p2a: Tyranitar|Earthquake|p1a: Europe
|-supereffective|p1a: Europe
|-damage|p1a: Europe|58/100
|move|p1a: Europe|Counter|p2a: Tyranitar
|-damage|p2a: Tyranitar|11/100
|
|-weather|Sandstorm|[upkeep]
|-heal|p1a: Europe|64/100|[from] item: Leftovers
|-heal|p2a: Tyranitar|17/100|[from] item: Leftovers
|upkeep
|turn|23
|
|t:|1728350054
|move|p2a: Tyranitar|Earthquake|p1a: Europe
|-supereffective|p1a: Europe
|-damage|p1a: Europe|23/100
|move|p1a: Europe|Pursuit|p2a: Tyranitar
|-resisted|p2a: Tyranitar
|-damage|p2a: Tyranitar|9/100
|
|-weather|Sandstorm|[upkeep]
|-heal|p2a: Tyranitar|16/100|[from] item: Leftovers
|-heal|p1a: Europe|29/100|[from] item: Leftovers
|upkeep
|turn|24
|
|t:|1728350058
|switch|p1a: Oceania|Aerodactyl, F|100/100
|move|p2a: Tyranitar|Earthquake|p1a: Oceania
|-immune|p1a: Oceania
|
|-weather|Sandstorm|[upkeep]
|-heal|p2a: Tyranitar|22/100|[from] item: Leftovers
|upkeep
|turn|25
|
|t:|1728350061
|move|p1a: Oceania|Rock Slide|p2a: Tyranitar
|-crit|p2a: Tyranitar
|-damage|p2a: Tyranitar|0 fnt
|faint|p2a: Tyranitar
|
|t:|1728350064
|switch|p2a: Jirachi|Jirachi|100/100
|-damage|p2a: Jirachi|88/100|[from] Spikes
|
|-weather|Sandstorm|[upkeep]
|-heal|p2a: Jirachi|94/100|[from] item: Leftovers
|upkeep
|turn|26
|
|t:|1728350071
|switch|p1a: Africa|Salamence, F|100/100
|-ability|p1a: Africa|Intimidate|boost
|-unboost|p2a: Jirachi|atk|1
|move|p2a: Jirachi|Body Slam|p1a: Africa
|-damage|p1a: Africa|87/100
|-status|p1a: Africa|par
|
|-weather|Sandstorm|[upkeep]
|-damage|p1a: Africa|81/100 par|[from] Sandstorm
|-heal|p2a: Jirachi|100/100|[from] item: Leftovers
|-heal|p1a: Africa|87/100 par|[from] item: Leftovers
|upkeep
|turn|27
|
|t:|1728350081
|switch|p2a: Moltres|Moltres|88/100
|move|p1a: Africa|Fire Blast|p2a: Moltres
|-resisted|p2a: Moltres
|-damage|p2a: Moltres|65/100
|
|-weather|Sandstorm|[upkeep]
|-damage|p2a: Moltres|59/100|[from] Sandstorm
|-damage|p1a: Africa|81/100 par|[from] Sandstorm
|-heal|p2a: Moltres|65/100|[from] item: Leftovers
|-heal|p1a: Africa|87/100 par|[from] item: Leftovers
|upkeep
|turn|28
|
|t:|1728350090
|move|p2a: Moltres|Fire Blast|p1a: Africa
|-resisted|p1a: Africa
|-damage|p1a: Africa|46/100 par
|move|p1a: Africa|Dragon Claw|p2a: Moltres
|-damage|p2a: Moltres|13/100
|
|-weather|Sandstorm|[upkeep]
|-damage|p2a: Moltres|7/100|[from] Sandstorm
|-damage|p1a: Africa|40/100 par|[from] Sandstorm
|-heal|p2a: Moltres|13/100|[from] item: Leftovers
|-heal|p1a: Africa|46/100 par|[from] item: Leftovers
|upkeep
|turn|29
|
|t:|1728350098
|move|p2a: Moltres|Fire Blast|p1a: Africa
|-resisted|p1a: Africa
|-damage|p1a: Africa|3/100 par
|move|p1a: Africa|Dragon Claw|p2a: Moltres
|-damage|p2a: Moltres|0 fnt
|faint|p2a: Moltres
|
|t:|1728350105
|switch|p2a: Gengar|Gengar, M|13/100
|
|-weather|Sandstorm|[upkeep]
|-damage|p2a: Gengar|7/100|[from] Sandstorm
|-damage|p1a: Africa|0 fnt|[from] Sandstorm
|faint|p1a: Africa
|-heal|p2a: Gengar|13/100|[from] item: Leftovers
|upkeep
|
|t:|1728350116
|switch|p1a: Oceania|Aerodactyl, F|100/100
|turn|30
|
|t:|1728350120
|switch|p2a: Jirachi|Jirachi|100/100
|-damage|p2a: Jirachi|88/100|[from] Spikes
|move|p1a: Oceania|Rock Slide|p2a: Jirachi
|-resisted|p2a: Jirachi
|-damage|p2a: Jirachi|68/100
|
|-weather|Sandstorm|[upkeep]
|-heal|p2a: Jirachi|74/100|[from] item: Leftovers
|upkeep
|turn|31
|
|t:|1728350125
|switch|p1a: Asia|Jirachi|100/100
|-damage|p1a: Asia|88/100|[from] Spikes
|move|p2a: Jirachi|Body Slam|p1a: Asia
|-resisted|p1a: Asia
|-damage|p1a: Asia|82/100
|-status|p1a: Asia|par
|
|-weather|Sandstorm|[upkeep]
|-heal|p2a: Jirachi|80/100|[from] item: Leftovers
|-heal|p1a: Asia|88/100 par|[from] item: Leftovers
|upkeep
|turn|32
|
|t:|1728350128
|move|p2a: Jirachi|Fire Punch|p1a: Asia
|-supereffective|p1a: Asia
|-damage|p1a: Asia|58/100 par
|cant|p1a: Asia|par
|
|-weather|Sandstorm|[upkeep]
|-heal|p2a: Jirachi|87/100|[from] item: Leftovers
|-heal|p1a: Asia|64/100 par|[from] item: Leftovers
|upkeep
|turn|33
|
|t:|1728350134
|move|p2a: Jirachi|Fire Punch|p1a: Asia
|-supereffective|p1a: Asia
|-damage|p1a: Asia|34/100 par
|move|p1a: Asia|Fire Punch|p2a: Jirachi
|-supereffective|p2a: Jirachi
|-damage|p2a: Jirachi|61/100
|-status|p2a: Jirachi|brn
|
|-weather|Sandstorm|[upkeep]
|-heal|p2a: Jirachi|67/100 brn|[from] item: Leftovers
|-damage|p2a: Jirachi|55/100 brn|[from] brn
|-heal|p1a: Asia|40/100 par|[from] item: Leftovers
|upkeep
|turn|34
|
|t:|1728350138
|move|p1a: Asia|Protect|p1a: Asia
|-singleturn|p1a: Asia|Protect
|move|p2a: Jirachi|Wish|p2a: Jirachi
|
|-weather|Sandstorm|[upkeep]
|-heal|p2a: Jirachi|61/100 brn|[from] item: Leftovers
|-damage|p2a: Jirachi|48/100 brn|[from] brn
|-heal|p1a: Asia|47/100 par|[from] item: Leftovers
|upkeep
|turn|35
|
|t:|1728350144
|move|p2a: Jirachi|Fire Punch|p1a: Asia
|-supereffective|p1a: Asia
|-damage|p1a: Asia|15/100 par
|move|p1a: Asia|Wish|p1a: Asia
|
|-heal|p2a: Jirachi|98/100 brn|[from] move: Wish|[wisher] Jirachi
|-weather|Sandstorm|[upkeep]
|-heal|p2a: Jirachi|100/100 brn|[from] item: Leftovers
|-damage|p2a: Jirachi|88/100 brn|[from] brn
|-heal|p1a: Asia|21/100 par|[from] item: Leftovers
|upkeep
|turn|36
|
|t:|1728350148
|move|p1a: Asia|Protect|p1a: Asia
|-singleturn|p1a: Asia|Protect
|move|p2a: Jirachi|Fire Punch|p1a: Asia
|-activate|p1a: Asia|Protect
|
|-heal|p1a: Asia|71/100 par|[from] move: Wish|[wisher] Asia
|-weather|Sandstorm|[upkeep]
|-heal|p2a: Jirachi|94/100 brn|[from] item: Leftovers
|-damage|p2a: Jirachi|82/100 brn|[from] brn
|-heal|p1a: Asia|77/100 par|[from] item: Leftovers
|upkeep
|turn|37
|
|t:|1728350153
|move|p2a: Jirachi|Fire Punch|p1a: Asia
|-supereffective|p1a: Asia
|-damage|p1a: Asia|47/100 par
|move|p1a: Asia|Fire Punch|p2a: Jirachi
|-supereffective|p2a: Jirachi
|-damage|p2a: Jirachi|56/100 brn
|
|-weather|Sandstorm|[upkeep]
|-heal|p2a: Jirachi|62/100 brn|[from] item: Leftovers
|-damage|p2a: Jirachi|50/100 brn|[from] brn
|-heal|p1a: Asia|53/100 par|[from] item: Leftovers
|upkeep
|turn|38
|
|t:|1728350157
|move|p2a: Jirachi|Fire Punch|p1a: Asia
|-supereffective|p1a: Asia
|-damage|p1a: Asia|25/100 par
|cant|p1a: Asia|par
|
|-weather|Sandstorm|[upkeep]
|-heal|p2a: Jirachi|56/100 brn|[from] item: Leftovers
|-damage|p2a: Jirachi|44/100 brn|[from] brn
|-heal|p1a: Asia|31/100 par|[from] item: Leftovers
|upkeep
|turn|39
|
|t:|1728350161
|move|p2a: Jirachi|Wish|p2a: Jirachi
|move|p1a: Asia|Wish|p1a: Asia
|
|-weather|Sandstorm|[upkeep]
|-heal|p2a: Jirachi|50/100 brn|[from] item: Leftovers
|-damage|p2a: Jirachi|37/100 brn|[from] brn
|-heal|p1a: Asia|38/100 par|[from] item: Leftovers
|upkeep
|turn|40
|
|t:|1728350164
|move|p2a: Jirachi|Fire Punch|p1a: Asia
|-supereffective|p1a: Asia
|-damage|p1a: Asia|7/100 par
|move|p1a: Asia|Fire Punch|p2a: Jirachi
|-supereffective|p2a: Jirachi
|-damage|p2a: Jirachi|12/100 brn
|
|-heal|p1a: Asia|57/100 par|[from] move: Wish|[wisher] Asia
|-heal|p2a: Jirachi|62/100 brn|[from] move: Wish|[wisher] Jirachi
|-weather|Sandstorm|[upkeep]
|-heal|p2a: Jirachi|68/100 brn|[from] item: Leftovers
|-damage|p2a: Jirachi|56/100 brn|[from] brn
|-heal|p1a: Asia|63/100 par|[from] item: Leftovers
|upkeep
|turn|41
|
|t:|1728350169
|move|p2a: Jirachi|Wish|p2a: Jirachi
|move|p1a: Asia|Wish|p1a: Asia
|
|-weather|Sandstorm|[upkeep]
|-heal|p2a: Jirachi|62/100 brn|[from] item: Leftovers
|-damage|p2a: Jirachi|49/100 brn|[from] brn
|-heal|p1a: Asia|69/100 par|[from] item: Leftovers
|upkeep
|turn|42
|
|t:|1728350175
|move|p2a: Jirachi|Fire Punch|p1a: Asia
|-supereffective|p1a: Asia
|-damage|p1a: Asia|40/100 par
|cant|p1a: Asia|par
|
|-heal|p2a: Jirachi|99/100 brn|[from] move: Wish|[wisher] Jirachi
|-heal|p1a: Asia|90/100 par|[from] move: Wish|[wisher] Asia
|-weather|Sandstorm|[upkeep]
|-heal|p2a: Jirachi|100/100 brn|[from] item: Leftovers
|-damage|p2a: Jirachi|88/100 brn|[from] brn
|-heal|p1a: Asia|96/100 par|[from] item: Leftovers
|upkeep
|turn|43
|
|t:|1728350190
|move|p2a: Jirachi|Fire Punch|p1a: Asia
|-supereffective|p1a: Asia
|-damage|p1a: Asia|68/100 par
|move|p1a: Asia|Fire Punch|p2a: Jirachi
|-supereffective|p2a: Jirachi
|-damage|p2a: Jirachi|63/100 brn
|
|-weather|Sandstorm|[upkeep]
|-heal|p2a: Jirachi|69/100 brn|[from] item: Leftovers
|-damage|p2a: Jirachi|56/100 brn|[from] brn
|-heal|p1a: Asia|74/100 par|[from] item: Leftovers
|upkeep
|turn|44
|
|t:|1728350200
|move|p2a: Jirachi|Wish|p2a: Jirachi
|move|p1a: Asia|Fire Punch|p2a: Jirachi
|-supereffective|p2a: Jirachi
|-damage|p2a: Jirachi|32/100 brn
|
|-weather|Sandstorm|[upkeep]
|-heal|p2a: Jirachi|38/100 brn|[from] item: Leftovers
|-damage|p2a: Jirachi|26/100 brn|[from] brn
|-heal|p1a: Asia|80/100 par|[from] item: Leftovers
|upkeep
|turn|45
|
|t:|1728350208
|move|p2a: Jirachi|Wish||[still]
|-fail|p2a: Jirachi
|move|p1a: Asia|Fire Punch|p2a: Jirachi
|-supereffective|p2a: Jirachi
|-damage|p2a: Jirachi|2/100 brn
|
|-heal|p2a: Jirachi|52/100 brn|[from] move: Wish|[wisher] Jirachi
|-weather|Sandstorm|[upkeep]
|-heal|p2a: Jirachi|59/100 brn|[from] item: Leftovers
|-damage|p2a: Jirachi|46/100 brn|[from] brn
|-heal|p1a: Asia|86/100 par|[from] item: Leftovers
|upkeep
|turn|46
|c|☆WombatBaby|misclick oops
|
|t:|1728350221
|move|p2a: Jirachi|Wish|p2a: Jirachi
|cant|p1a: Asia|par
|
|-weather|Sandstorm|[upkeep]
|-heal|p2a: Jirachi|52/100 brn|[from] item: Leftovers
|-damage|p2a: Jirachi|40/100 brn|[from] brn
|-heal|p1a: Asia|93/100 par|[from] item: Leftovers
|upkeep
|turn|47
|
|t:|1728350227
|move|p2a: Jirachi|Protect|p2a: Jirachi
|-singleturn|p2a: Jirachi|Protect
|move|p1a: Asia|Fire Punch|p2a: Jirachi
|-activate|p2a: Jirachi|Protect
|
|-heal|p2a: Jirachi|90/100 brn|[from] move: Wish|[wisher] Jirachi
|-weather|Sandstorm|[upkeep]
|-heal|p2a: Jirachi|96/100 brn|[from] item: Leftovers
|-damage|p2a: Jirachi|84/100 brn|[from] brn
|-heal|p1a: Asia|99/100 par|[from] item: Leftovers
|upkeep
|turn|48
|
|t:|1728350233
|move|p2a: Jirachi|Wish|p2a: Jirachi
|move|p1a: Asia|Fire Punch|p2a: Jirachi
|-supereffective|p2a: Jirachi
|-damage|p2a: Jirachi|59/100 brn
|
|-weather|Sandstorm|[upkeep]
|-heal|p2a: Jirachi|65/100 brn|[from] item: Leftovers
|-damage|p2a: Jirachi|53/100 brn|[from] brn
|-heal|p1a: Asia|100/100 par|[from] item: Leftovers
|upkeep
|turn|49
|
|t:|1728350236
|move|p2a: Jirachi|Fire Punch|p1a: Asia
|-supereffective|p1a: Asia
|-damage|p1a: Asia|69/100 par
|move|p1a: Asia|Fire Punch|p2a: Jirachi
|-supereffective|p2a: Jirachi
|-damage|p2a: Jirachi|29/100 brn
|
|-heal|p2a: Jirachi|79/100 brn|[from] move: Wish|[wisher] Jirachi
|-weather|Sandstorm|[upkeep]
|-heal|p2a: Jirachi|85/100 brn|[from] item: Leftovers
|-damage|p2a: Jirachi|73/100 brn|[from] brn
|-heal|p1a: Asia|75/100 par|[from] item: Leftovers
|upkeep
|turn|50
|
|t:|1728350242
|move|p2a: Jirachi|Wish|p2a: Jirachi
|move|p1a: Asia|Fire Punch|p2a: Jirachi
|-supereffective|p2a: Jirachi
|-damage|p2a: Jirachi|48/100 brn
|
|-weather|Sandstorm|[upkeep]
|-heal|p2a: Jirachi|54/100 brn|[from] item: Leftovers
|-damage|p2a: Jirachi|42/100 brn|[from] brn
|-heal|p1a: Asia|81/100 par|[from] item: Leftovers
|upkeep
|turn|51
|
|t:|1728350248
|move|p2a: Jirachi|Protect|p2a: Jirachi
|-singleturn|p2a: Jirachi|Protect
|move|p1a: Asia|Fire Punch|p2a: Jirachi
|-activate|p2a: Jirachi|Protect
|
|-heal|p2a: Jirachi|92/100 brn|[from] move: Wish|[wisher] Jirachi
|-weather|Sandstorm|[upkeep]
|-heal|p2a: Jirachi|98/100 brn|[from] item: Leftovers
|-damage|p2a: Jirachi|85/100 brn|[from] brn
|-heal|p1a: Asia|87/100 par|[from] item: Leftovers
|upkeep
|turn|52
|
|t:|1728350252
|move|p2a: Jirachi|Wish|p2a: Jirachi
|move|p1a: Asia|Fire Punch|p2a: Jirachi
|-supereffective|p2a: Jirachi
|-damage|p2a: Jirachi|62/100 brn
|
|-weather|Sandstorm|[upkeep]
|-heal|p2a: Jirachi|68/100 brn|[from] item: Leftovers
|-damage|p2a: Jirachi|55/100 brn|[from] brn
|-heal|p1a: Asia|94/100 par|[from] item: Leftovers
|upkeep
|turn|53
|
|t:|1728350256
|move|p2a: Jirachi|Protect|p2a: Jirachi
|-singleturn|p2a: Jirachi|Protect
|move|p1a: Asia|Wish|p1a: Asia
|
|-heal|p2a: Jirachi|100/100 brn|[from] move: Wish|[wisher] Jirachi
|-weather|Sandstorm|[upkeep]
|-damage|p2a: Jirachi|88/100 brn|[from] brn
|-heal|p1a: Asia|99/100 par|[from] item: Leftovers
|upkeep
|turn|54
|
|t:|1728350258
|move|p2a: Jirachi|Wish|p2a: Jirachi
|move|p1a: Asia|Fire Punch|p2a: Jirachi
|-supereffective|p2a: Jirachi
|-damage|p2a: Jirachi|65/100 brn
|
|-heal|p1a: Asia|100/100 par|[from] move: Wish|[wisher] Asia
|-weather|Sandstorm|[upkeep]
|-heal|p2a: Jirachi|71/100 brn|[from] item: Leftovers
|-damage|p2a: Jirachi|59/100 brn|[from] brn
|upkeep
|turn|55
|
|t:|1728350261
|move|p2a: Jirachi|Protect|p2a: Jirachi
|-singleturn|p2a: Jirachi|Protect
|move|p1a: Asia|Wish|p1a: Asia
|
|-heal|p2a: Jirachi|100/100 brn|[from] move: Wish|[wisher] Jirachi
|-weather|Sandstorm|[upkeep]
|-damage|p2a: Jirachi|88/100 brn|[from] brn
|upkeep
|turn|56
|
|t:|1728350263
|switch|p1a: Europe|Tyranitar, F|29/100
|-damage|p1a: Europe|17/100|[from] Spikes
|move|p2a: Jirachi|Wish|p2a: Jirachi
|
|-heal|p1a: Europe|67/100|[from] move: Wish|[wisher] Asia
|-weather|Sandstorm|[upkeep]
|-heal|p2a: Jirachi|94/100 brn|[from] item: Leftovers
|-damage|p2a: Jirachi|82/100 brn|[from] brn
|-heal|p1a: Europe|73/100|[from] item: Leftovers
|upkeep
|turn|57
|
|t:|1728350267
|switch|p2a: Flygon|Flygon, M|22/100
|move|p1a: Europe|Fire Blast|p2a: Flygon
|-resisted|p2a: Flygon
|-damage|p2a: Flygon|1/100
|
|-heal|p2a: Flygon|51/100|[from] move: Wish|[wisher] Jirachi
|-weather|Sandstorm|[upkeep]
|-heal|p2a: Flygon|57/100|[from] item: Leftovers
|-heal|p1a: Europe|79/100|[from] item: Leftovers
|upkeep
|turn|58
|
|t:|1728350271
|move|p2a: Flygon|Earthquake|p1a: Europe
|-supereffective|p1a: Europe
|-damage|p1a: Europe|31/100
|move|p1a: Europe|Counter|p2a: Flygon
|-damage|p2a: Flygon|0 fnt
|faint|p2a: Flygon
|
|t:|1728350283
|switch|p2a: Skarmory|Skarmory, M|77/100 par
|
|-weather|Sandstorm|[upkeep]
|-heal|p1a: Europe|37/100|[from] item: Leftovers
|-heal|p2a: Skarmory|83/100 par|[from] item: Leftovers
|upkeep
|turn|59
|
|t:|1728350288
|move|p1a: Europe|Fire Blast|p2a: Skarmory
|-supereffective|p2a: Skarmory
|-damage|p2a: Skarmory|12/100 par
|move|p2a: Skarmory|Spikes|p1a: Europe
|-sidestart|p1: ilikeeatingcrayons|Spikes
|
|-weather|Sandstorm|[upkeep]
|-heal|p1a: Europe|43/100|[from] item: Leftovers
|-heal|p2a: Skarmory|18/100 par|[from] item: Leftovers
|upkeep
|turn|60
|
|t:|1728350292
|move|p1a: Europe|Crunch|p2a: Skarmory
|-resisted|p2a: Skarmory
|-crit|p2a: Skarmory
|-damage|p2a: Skarmory|0 fnt
|faint|p2a: Skarmory
|c|☆WombatBaby|gg
|c|☆ilikeeatingcrayons|gg
|-message|WombatBaby forfeited.
|
|win|ilikeeatingcrayons
|player|p2|

</script>
<script type="application/json" class="data" id="replaydata-smogtours-gen3ou-796304">
{"id":"smogtours-gen3ou-796304","format":"[Gen 3] OU","players":["ilikeeatingcrayons","WombatBaby"],"uploadtime":1728350298,"views":100,"formatid":"gen3ou","rating":null,"private":0,"password":null}
</script>

<script defer src="js/replays.js?9d40a366"></script>
