<!DOCTYPE html>
<meta charset="utf-8" />
<meta name="viewport" content="width=device-width" />

<title>[Gen 3] OU: zinc3 vs. lexitg - Replays - Pok&eacute;mon Showdown!</title>

<meta name="description" content="Watch a replay of a Pok&eacute;mon battle between zinc3 and lexitg! Format: [Gen 3] OU; Date: Oct 25, 2024" />
<!--

Hey, you! Looking in the source for the replay log?

You can find them in JSON format, just add `.json` at the end of a replay URL.

https://replay.pokemonshowdown.com/gen7randomdoublesbattle-865046831.json

Or, if you only need the log itself, add `.log` instead:

https://replay.pokemonshowdown.com/gen7randomdoublesbattle-865046831.log

-->

<link rel="stylesheet" href="//pokemonshowdown.com/style/global.css?0.023195364461161105" />
<link rel="stylesheet" href="//play.pokemonshowdown.com/style/font-awesome.css?0.13261647063804238" />
<link rel="stylesheet" href="//play.pokemonshowdown.com/style/battle.css?0.8753245789963631" />
<link rel="stylesheet" href="//play.pokemonshowdown.com/style/utilichart.css?0.8627959624976733" />

<!-- Global site tag (gtag.js) - Google Analytics -->
<script async src="https://www.googletagmanager.com/gtag/js?id=UA-26211653-1"></script>
<script>
  window.dataLayer = window.dataLayer || [];
  function gtag(){dataLayer.push(arguments);}
  gtag('js', new Date());

  gtag('config', 'UA-26211653-1');
</script>
<!-- End Google Analytics -->
<!-- Venatus Ad Manager - Install in <HEAD> of page -->
	<script src="https://hb.vntsm.com/v3/live/ad-manager.min.js" type="text/javascript" data-site-id="642aba63ec9a7b11c3c9c1be" data-mode="scan" async></script>
<!-- / Venatus Ad Manager -->

<style>
	@media (max-width:820px) {
		.battle {
			margin: 0 auto;
		}
		.battle-log {
			margin: 7px auto 0;
			max-width: 640px;
			height: 300px;
			position: static;
		}
	}
	.optgroup {
		display: inline-block;
		line-height: 22px;
		font-size: 10pt;
	}
	.optgroup .button {
		height: 25px;
		padding-top: 0;
		padding-bottom: 0;
	}
	.optgroup button.button {
		padding-left: 12px;
		padding-right: 12px;
	}
	.linklist {
		list-style: none;
		margin: 0.5em 0;
		padding: 0;
	}
	.linklist li {
		padding: 2px 0;
	}
	.sidebar {
		float: left;
		width: 320px;
	}
	.bar-wrapper {
		max-width: 1100px;
		margin: 0 auto;
	}
	.bar-wrapper.has-sidebar {
		max-width: 1430px;
	}
	.mainbar {
		margin: 0;
		padding-right: 1px;
	}
	.mainbar.has-sidebar {
		margin-left: 330px;
	}
	@media (min-width: 1511px) {
		.sidebar {
			width: 400px;
		}
		.bar-wrapper.has-sidebar {
			max-width: 1510px;
		}
		.mainbar.has-sidebar {
			margin-left: 410px;
		}
	}
	.section.first-section {
		margin-top: 9px;
	}
	.blocklink small {
		white-space: normal;
	}
	.button {
		vertical-align: middle;
	}
	.replay-controls {
		padding-top: 10px;
	}
	.replay-controls h1 {
		font-size: 16pt;
		font-weight: normal;
		color: #CCC;
	}
	.pagelink {
		text-align: center;
	}
	.pagelink a {
		width: 150px;
	}
	.textbox, .button {
		font-size: 11pt;
		vertical-align: middle;
	}
	@media (max-width: 450px) {
		.button {
			font-size: 9pt;
		}
	}
</style>

<div>

	<header>
		<div class="nav-wrapper"><ul class="nav">
			<li><a class="button nav-first" href="//pokemonshowdown.com/"><img src="//pokemonshowdown.com/images/pokemonshowdownbeta.png" srcset="//pokemonshowdown.com/images/pokemonshowdownbeta.png 1x, //pokemonshowdown.com/images/pokemonshowdownbeta@2x.png 2x" alt="Pok&eacute;mon Showdown" width="146" height="44" /> Home</a></li>
			<li><a class="button" href="//pokemonshowdown.com/dex/">Pok&eacute;dex</a></li>
			<li><a class="button cur" href="/">Replays</a></li>
			<li><a class="button" href="//pokemonshowdown.com/ladder/">Ladder</a></li>
			<li><a class="button nav-last" href="//pokemonshowdown.com/forums/">Forum</a></li>
			<li><a class="button greenbutton nav-first nav-last" href="//play.pokemonshowdown.com/">Play</a></li>
		</ul></div>
	</header>

	<div class="main" id="main">

		<noscript><section class="section">You need to enable JavaScript to use this page; sorry!</section></noscript>

	</div>

</div>

<script defer nomodule src="//play.pokemonshowdown.com/js/lib/ps-polyfill.js"></script>
<script defer src="//play.pokemonshowdown.com/js/lib/preact.min.js"></script>

<script defer src="//play.pokemonshowdown.com/config/config.js?2bddbc15"></script>
<script defer src="//play.pokemonshowdown.com/js/lib/jquery-1.11.0.min.js"></script>
<script defer src="//play.pokemonshowdown.com/js/lib/html-sanitizer-minified.js"></script>
<script defer src="//play.pokemonshowdown.com/js/battle-sound.js"></script>
<script defer src="//play.pokemonshowdown.com/js/battledata.js?0.7209276989879541"></script>
<script defer src="//play.pokemonshowdown.com/data/pokedex-mini.js?0.6111056340867951"></script>
<script defer src="//play.pokemonshowdown.com/data/pokedex-mini-bw.js?0.3532142036491459"></script>
<script defer src="//play.pokemonshowdown.com/data/graphics.js?0.24223875632456182"></script>
<script defer src="//play.pokemonshowdown.com/data/pokedex.js?0.38839984266356864"></script>
<script defer src="//play.pokemonshowdown.com/data/moves.js?0.21866028504024015"></script>
<script defer src="//play.pokemonshowdown.com/data/abilities.js?0.2005157953846628"></script>
<script defer src="//play.pokemonshowdown.com/data/items.js?0.9894211263848525"></script>
<script defer src="//play.pokemonshowdown.com/data/teambuilder-tables.js?0.6008791140282215"></script>
<script defer src="//play.pokemonshowdown.com/js/battle-tooltips.js?0.7580118955022959"></script>
<script defer src="//play.pokemonshowdown.com/js/battle.js?0.6057722274234274"></script>

<script defer src="js/utils.js?e31f9a17"></script>
<script defer src="js/replays-battle.js?7008c182"></script>

<!-- don't scrape this data! just add .json or .log after the URL!
Full API docs: https://github.com/smogon/pokemon-showdown-client/blob/master/WEB-API.md -->
<script type="text/plain" class="log" id="replaylog-smogtours-gen3ou-801754">
|inactive|Battle timer is ON: inactive players will automatically lose when time's up.
|t:|1729823257
|gametype|singles
|player|p1|zinc3|touristf|
|player|p2|lexitg|101|
|teamsize|p1|6
|teamsize|p2|6
|gen|3
|tier|[Gen 3] OU
|rule|Sleep Clause Mod: Limit one foe put to sleep
|rule|Switch Priority Clause Mod: Faster Pokémon switch first
|rule|Species Clause: Limit one of each Pokémon
|rule|OHKO Clause: OHKO moves are banned
|rule|Evasion Items Clause: Evasion items are banned
|rule|Evasion Moves Clause: Evasion moves are banned
|rule|Endless Battle Clause: Forcing endless battles is banned
|rule|HP Percentage Mod: HP is shown in percentages
|rule|One Boost Passer Clause: Limit one Baton Passer that has a way to boost its stats
|rule|Freeze Clause Mod: Limit one foe frozen
|
|t:|1729823257
|start
|switch|p1a: Skarmory|Skarmory, M|100/100
|switch|p2a: Salamence|Salamence, F|100/100
|-ability|p2a: Salamence|Intimidate|boost
|-unboost|p1a: Skarmory|atk|1
|turn|1
|
|t:|1729823268
|switch|p2a: Magneton|Magneton|100/100
|move|p1a: Skarmory|Spikes|p2a: Magneton
|-sidestart|p2: lexitg|Spikes
|
|upkeep
|turn|2
|
|t:|1729823272
|move|p2a: Magneton|Thunderbolt|p1a: Skarmory
|-supereffective|p1a: Skarmory
|-damage|p1a: Skarmory|0 fnt
|faint|p1a: Skarmory
|
|t:|1729823288
|switch|p1a: Tyranitar|Tyranitar, M|100/100
|-weather|Sandstorm|[from] ability: Sand Stream|[of] p1a: Tyranitar
|
|-weather|Sandstorm|[upkeep]
|upkeep
|turn|3
|
|t:|1729823304
|switch|p2a: Skarmory|Skarmory, M|100/100
|move|p1a: Tyranitar|Fire Blast|p2a: Skarmory
|-supereffective|p2a: Skarmory
|-damage|p2a: Skarmory|44/100
|
|-weather|Sandstorm|[upkeep]
|-heal|p2a: Skarmory|50/100|[from] item: Leftovers
|upkeep
|turn|4
|
|t:|1729823310
|move|p2a: Skarmory|Protect|p2a: Skarmory
|-singleturn|p2a: Skarmory|Protect
|move|p1a: Tyranitar|Fire Blast|p2a: Skarmory
|-activate|p2a: Skarmory|Protect
|
|-weather|Sandstorm|[upkeep]
|-heal|p2a: Skarmory|56/100|[from] item: Leftovers
|upkeep
|turn|5
|
|t:|1729823314
|switch|p2a: Blissey|Blissey, F|100/100
|-damage|p2a: Blissey|88/100|[from] Spikes
|move|p1a: Tyranitar|Fire Blast|p2a: Blissey|[miss]
|-miss|p1a: Tyranitar|p2a: Blissey
|
|-weather|Sandstorm|[upkeep]
|-damage|p2a: Blissey|82/100|[from] Sandstorm
|-heal|p2a: Blissey|88/100|[from] item: Leftovers
|upkeep
|turn|6
|
|t:|1729823319
|move|p1a: Tyranitar|Brick Break|p2a: Blissey
|-supereffective|p2a: Blissey
|-damage|p2a: Blissey|40/100
|move|p2a: Blissey|Seismic Toss|p1a: Tyranitar
|-damage|p1a: Tyranitar|71/100
|
|-weather|Sandstorm|[upkeep]
|-damage|p2a: Blissey|33/100|[from] Sandstorm
|-heal|p1a: Tyranitar|77/100|[from] item: Leftovers
|-heal|p2a: Blissey|40/100|[from] item: Leftovers
|upkeep
|turn|7
|
|t:|1729823329
|switch|p2a: Salamence|Salamence, F|100/100
|-ability|p2a: Salamence|Intimidate|boost
|-unboost|p1a: Tyranitar|atk|1
|move|p1a: Tyranitar|Rock Slide|p2a: Salamence
|-supereffective|p2a: Salamence
|-damage|p2a: Salamence|48/100
|
|-weather|Sandstorm|[upkeep]
|-damage|p2a: Salamence|42/100|[from] Sandstorm
|-heal|p1a: Tyranitar|83/100|[from] item: Leftovers
|upkeep
|turn|8
|
|t:|1729823338
|switch|p1a: Gengar|Gengar, M|100/100
|move|p2a: Salamence|Earthquake|p1a: Gengar
|-immune|p1a: Gengar
|
|-weather|Sandstorm|[upkeep]
|-damage|p1a: Gengar|95/100|[from] Sandstorm
|-damage|p2a: Salamence|36/100|[from] Sandstorm
|-heal|p1a: Gengar|100/100|[from] item: Leftovers
|upkeep
|turn|9
|
|t:|1729823351
|switch|p2a: Blissey|Blissey, F|40/100
|-damage|p2a: Blissey|27/100|[from] Spikes
|move|p1a: Gengar|Fire Punch|p2a: Blissey
|-damage|p2a: Blissey|16/100
|
|-weather|Sandstorm|[upkeep]
|-damage|p1a: Gengar|95/100|[from] Sandstorm
|-damage|p2a: Blissey|10/100|[from] Sandstorm
|-heal|p1a: Gengar|100/100|[from] item: Leftovers
|-heal|p2a: Blissey|16/100|[from] item: Leftovers
|upkeep
|turn|10
|
|t:|1729823357
|switch|p1a: Tyranitar|Tyranitar, M|83/100
|move|p2a: Blissey|Soft-Boiled|p2a: Blissey
|-heal|p2a: Blissey|66/100
|
|-weather|Sandstorm|[upkeep]
|-damage|p2a: Blissey|60/100|[from] Sandstorm
|-heal|p1a: Tyranitar|90/100|[from] item: Leftovers
|-heal|p2a: Blissey|66/100|[from] item: Leftovers
|upkeep
|turn|11
|
|t:|1729823361
|switch|p2a: Salamence|Salamence, F|36/100
|-ability|p2a: Salamence|Intimidate|boost
|-unboost|p1a: Tyranitar|atk|1
|move|p1a: Tyranitar|Rock Slide|p2a: Salamence
|-supereffective|p2a: Salamence
|-damage|p2a: Salamence|0 fnt
|faint|p2a: Salamence
|
|t:|1729823371
|switch|p2a: Zapdos|Zapdos|100/100
|
|-weather|Sandstorm|[upkeep]
|-damage|p2a: Zapdos|94/100|[from] Sandstorm
|-heal|p2a: Zapdos|100/100|[from] item: Leftovers
|-heal|p1a: Tyranitar|96/100|[from] item: Leftovers
|upkeep
|turn|12
|
|t:|1729823379
|switch|p1a: Jolteon|Jolteon, F|100/100
|move|p2a: Zapdos|Toxic|p1a: Jolteon
|-status|p1a: Jolteon|tox
|-enditem|p1a: Jolteon|Lum Berry|[eat]
|-curestatus|p1a: Jolteon|tox|[msg]
|
|-weather|Sandstorm|[upkeep]
|-damage|p1a: Jolteon|95/100|[from] Sandstorm
|-damage|p2a: Zapdos|94/100|[from] Sandstorm
|-heal|p2a: Zapdos|100/100|[from] item: Leftovers
|upkeep
|turn|13
|
|t:|1729823398
|move|p1a: Jolteon|Thunder Wave|p2a: Zapdos
|-status|p2a: Zapdos|par
|move|p2a: Zapdos|Toxic|p1a: Jolteon
|-status|p1a: Jolteon|tox
|
|-weather|Sandstorm|[upkeep]
|-damage|p1a: Jolteon|89/100 tox|[from] Sandstorm
|-damage|p2a: Zapdos|94/100 par|[from] Sandstorm
|-damage|p1a: Jolteon|83/100 tox|[from] psn
|-heal|p2a: Zapdos|100/100 par|[from] item: Leftovers
|upkeep
|turn|14
|
|t:|1729823403
|move|p1a: Jolteon|Thunderbolt|p2a: Zapdos
|-damage|p2a: Zapdos|68/100 par
|cant|p2a: Zapdos|par
|
|-weather|Sandstorm|[upkeep]
|-damage|p1a: Jolteon|77/100 tox|[from] Sandstorm
|-damage|p2a: Zapdos|62/100 par|[from] Sandstorm
|-damage|p1a: Jolteon|65/100 tox|[from] psn
|-heal|p2a: Zapdos|68/100 par|[from] item: Leftovers
|upkeep
|turn|15
|
|t:|1729823424
|move|p1a: Jolteon|Thunderbolt|p2a: Zapdos
|-damage|p2a: Zapdos|39/100 par
|move|p2a: Zapdos|Rest|p2a: Zapdos
|-status|p2a: Zapdos|slp|[from] move: Rest
|-heal|p2a: Zapdos|100/100 slp|[silent]
|
|-weather|Sandstorm|[upkeep]
|-damage|p1a: Jolteon|59/100 tox|[from] Sandstorm
|-damage|p2a: Zapdos|94/100 slp|[from] Sandstorm
|-damage|p1a: Jolteon|41/100 tox|[from] psn
|-heal|p2a: Zapdos|100/100 slp|[from] item: Leftovers
|upkeep
|turn|16
|
|t:|1729823439
|switch|p2a: Swampert|Swampert, M|100/100
|-damage|p2a: Swampert|88/100|[from] Spikes
|move|p1a: Jolteon|Baton Pass|p1a: Jolteon
|
|t:|1729823445
|switch|p1a: Gengar|Gengar, M|100/100|[from] Baton Pass
|
|-weather|Sandstorm|[upkeep]
|-damage|p1a: Gengar|95/100|[from] Sandstorm
|-heal|p1a: Gengar|100/100|[from] item: Leftovers
|-heal|p2a: Swampert|94/100|[from] item: Leftovers
|upkeep
|turn|17
|
|t:|1729823455
|switch|p2a: Blissey|Blissey, F|66/100
|-damage|p2a: Blissey|54/100|[from] Spikes
|move|p1a: Gengar|Hidden Power|p2a: Blissey
|-damage|p2a: Blissey|44/100
|
|-weather|Sandstorm|[upkeep]
|-damage|p1a: Gengar|95/100|[from] Sandstorm
|-damage|p2a: Blissey|38/100|[from] Sandstorm
|-heal|p1a: Gengar|100/100|[from] item: Leftovers
|-heal|p2a: Blissey|44/100|[from] item: Leftovers
|upkeep
|turn|18
|
|t:|1729823466
|switch|p1a: Metagross|Metagross|100/100
|move|p2a: Blissey|Soft-Boiled|p2a: Blissey
|-heal|p2a: Blissey|94/100
|
|-weather|Sandstorm|[upkeep]
|-damage|p2a: Blissey|88/100|[from] Sandstorm
|-heal|p2a: Blissey|94/100|[from] item: Leftovers
|upkeep
|turn|19
|
|t:|1729823501
|switch|p2a: Swampert|Swampert, M|94/100
|-damage|p2a: Swampert|82/100|[from] Spikes
|move|p1a: Metagross|Meteor Mash|p2a: Swampert
|-resisted|p2a: Swampert
|-damage|p2a: Swampert|52/100
|
|-weather|Sandstorm|[upkeep]
|-heal|p2a: Swampert|58/100|[from] item: Leftovers
|upkeep
|turn|20
|inactive|zinc3 has 270 seconds left.
|
|t:|1729823518
|switch|p1a: Jolteon|Jolteon, F|41/100 tox
|move|p2a: Swampert|Curse|p2a: Swampert
|-unboost|p2a: Swampert|spe|1
|-boost|p2a: Swampert|atk|1
|-boost|p2a: Swampert|def|1
|
|-weather|Sandstorm|[upkeep]
|-damage|p1a: Jolteon|36/100 tox|[from] Sandstorm
|-damage|p1a: Jolteon|30/100 tox|[from] psn
|-heal|p2a: Swampert|65/100|[from] item: Leftovers
|upkeep
|turn|21
|
|t:|1729823525
|move|p2a: Swampert|Protect|p2a: Swampert
|-singleturn|p2a: Swampert|Protect
|move|p1a: Jolteon|Hidden Power|p2a: Swampert
|-activate|p2a: Swampert|Protect
|
|-weather|Sandstorm|[upkeep]
|-damage|p1a: Jolteon|24/100 tox|[from] Sandstorm
|-damage|p1a: Jolteon|12/100 tox|[from] psn
|-heal|p2a: Swampert|71/100|[from] item: Leftovers
|upkeep
|turn|22
|
|t:|1729823536
|switch|p2a: Blissey|Blissey, F|94/100
|-damage|p2a: Blissey|81/100|[from] Spikes
|move|p1a: Jolteon|Hidden Power|p2a: Blissey
|-damage|p2a: Blissey|72/100
|
|-weather|Sandstorm|[upkeep]
|-damage|p1a: Jolteon|6/100 tox|[from] Sandstorm
|-damage|p2a: Blissey|66/100|[from] Sandstorm
|-damage|p1a: Jolteon|0 fnt|[from] psn
|faint|p1a: Jolteon
|-heal|p2a: Blissey|72/100|[from] item: Leftovers
|upkeep
|
|t:|1729823539
|switch|p1a: Metagross|Metagross|100/100
|turn|23
|inactive|lexitg has 270 seconds left.
|
|t:|1729823586
|switch|p2a: Swampert|Swampert, M|71/100
|-damage|p2a: Swampert|58/100|[from] Spikes
|move|p1a: Metagross|Earthquake|p2a: Swampert
|-damage|p2a: Swampert|19/100
|
|-weather|Sandstorm|[upkeep]
|-heal|p2a: Swampert|25/100|[from] item: Leftovers
|upkeep
|turn|24
|
|t:|1729823592
|move|p2a: Swampert|Protect|p2a: Swampert
|-singleturn|p2a: Swampert|Protect
|move|p1a: Metagross|Earthquake|p2a: Swampert
|-activate|p2a: Swampert|Protect
|
|-weather|Sandstorm|[upkeep]
|-heal|p2a: Swampert|31/100|[from] item: Leftovers
|upkeep
|turn|25
|
|t:|1729823595
|switch|p2a: Skarmory|Skarmory, M|56/100
|move|p1a: Metagross|Earthquake|p2a: Skarmory
|-immune|p2a: Skarmory
|
|-weather|Sandstorm|[upkeep]
|-heal|p2a: Skarmory|62/100|[from] item: Leftovers
|upkeep
|turn|26
|
|t:|1729823605
|switch|p1a: Tyranitar|Tyranitar, M|96/100
|move|p2a: Skarmory|Spikes|p1a: Tyranitar
|-sidestart|p1: zinc3|Spikes
|
|-weather|Sandstorm|[upkeep]
|-heal|p1a: Tyranitar|100/100|[from] item: Leftovers
|-heal|p2a: Skarmory|68/100|[from] item: Leftovers
|upkeep
|turn|27
|
|t:|1729823608
|move|p2a: Skarmory|Protect|p2a: Skarmory
|-singleturn|p2a: Skarmory|Protect
|move|p1a: Tyranitar|Fire Blast|p2a: Skarmory
|-activate|p2a: Skarmory|Protect
|
|-weather|Sandstorm|[upkeep]
|-heal|p2a: Skarmory|74/100|[from] item: Leftovers
|upkeep
|turn|28
|
|t:|1729823613
|move|p1a: Tyranitar|Fire Blast|p2a: Skarmory
|-supereffective|p2a: Skarmory
|-damage|p2a: Skarmory|13/100
|move|p2a: Skarmory|Spikes|p1a: Tyranitar
|-sidestart|p1: zinc3|Spikes
|
|-weather|Sandstorm|[upkeep]
|-heal|p2a: Skarmory|19/100|[from] item: Leftovers
|upkeep
|turn|29
|
|t:|1729823616
|move|p2a: Skarmory|Protect|p2a: Skarmory
|-singleturn|p2a: Skarmory|Protect
|move|p1a: Tyranitar|Rock Slide|p2a: Skarmory
|-activate|p2a: Skarmory|Protect
|
|-weather|Sandstorm|[upkeep]
|-heal|p2a: Skarmory|25/100|[from] item: Leftovers
|upkeep
|turn|30
|
|t:|1729823634
|switch|p2a: Swampert|Swampert, M|31/100
|-damage|p2a: Swampert|19/100|[from] Spikes
|move|p1a: Tyranitar|Fire Blast|p2a: Swampert
|-resisted|p2a: Swampert
|-damage|p2a: Swampert|4/100
|
|-weather|Sandstorm|[upkeep]
|-heal|p2a: Swampert|11/100|[from] item: Leftovers
|upkeep
|turn|31
|
|t:|1729823639
|move|p2a: Swampert|Protect|p2a: Swampert
|-singleturn|p2a: Swampert|Protect
|move|p1a: Tyranitar|Crunch|p2a: Swampert
|-activate|p2a: Swampert|Protect
|
|-weather|Sandstorm|[upkeep]
|-heal|p2a: Swampert|17/100|[from] item: Leftovers
|upkeep
|turn|32
|
|t:|1729823649
|move|p1a: Tyranitar|Crunch|p2a: Swampert
|-crit|p2a: Swampert
|-damage|p2a: Swampert|0 fnt
|faint|p2a: Swampert
|
|t:|1729823672
|switch|p2a: Blissey|Blissey, F|72/100
|-damage|p2a: Blissey|60/100|[from] Spikes
|
|-weather|Sandstorm|[upkeep]
|-damage|p2a: Blissey|54/100|[from] Sandstorm
|-heal|p2a: Blissey|60/100|[from] item: Leftovers
|upkeep
|turn|33
|
|t:|1729823679
|move|p1a: Tyranitar|Brick Break|p2a: Blissey
|-supereffective|p2a: Blissey
|-damage|p2a: Blissey|12/100
|move|p2a: Blissey|Wish|p2a: Blissey
|
|-weather|Sandstorm|[upkeep]
|-damage|p2a: Blissey|6/100|[from] Sandstorm
|-heal|p2a: Blissey|12/100|[from] item: Leftovers
|upkeep
|turn|34
|
|t:|1729823691
|move|p1a: Tyranitar|Fire Blast|p2a: Blissey
|-damage|p2a: Blissey|0 fnt
|faint|p2a: Blissey
|
|t:|1729823693
|switch|p2a: Skarmory|Skarmory, M|25/100
|
|-heal|p2a: Skarmory|75/100|[from] move: Wish|[wisher] Blissey
|-weather|Sandstorm|[upkeep]
|-heal|p2a: Skarmory|81/100|[from] item: Leftovers
|upkeep
|turn|35
|
|t:|1729823707
|switch|p1a: Gengar|Gengar, M|100/100
|move|p2a: Skarmory|Toxic|p1a: Gengar
|-immune|p1a: Gengar
|
|-weather|Sandstorm|[upkeep]
|-damage|p1a: Gengar|95/100|[from] Sandstorm
|-heal|p1a: Gengar|100/100|[from] item: Leftovers
|-heal|p2a: Skarmory|87/100|[from] item: Leftovers
|upkeep
|turn|36
|
|t:|1729823712
|move|p2a: Skarmory|Protect|p2a: Skarmory
|-singleturn|p2a: Skarmory|Protect
|move|p1a: Gengar|Fire Punch|p2a: Skarmory
|-activate|p2a: Skarmory|Protect
|
|-weather|Sandstorm|[upkeep]
|-damage|p1a: Gengar|95/100|[from] Sandstorm
|-heal|p1a: Gengar|100/100|[from] item: Leftovers
|-heal|p2a: Skarmory|93/100|[from] item: Leftovers
|upkeep
|turn|37
|
|t:|1729823723
|switch|p2a: Zapdos|Zapdos|100/100 slp
|move|p1a: Gengar|Fire Punch|p2a: Zapdos
|-damage|p2a: Zapdos|81/100 slp
|
|-weather|Sandstorm|[upkeep]
|-damage|p1a: Gengar|95/100|[from] Sandstorm
|-damage|p2a: Zapdos|75/100 slp|[from] Sandstorm
|-heal|p1a: Gengar|100/100|[from] item: Leftovers
|-heal|p2a: Zapdos|81/100 slp|[from] item: Leftovers
|upkeep
|turn|38
|
|t:|1729823727
|move|p1a: Gengar|Ice Punch|p2a: Zapdos
|-supereffective|p2a: Zapdos
|-damage|p2a: Zapdos|44/100 slp
|cant|p2a: Zapdos|slp
|
|-weather|Sandstorm|[upkeep]
|-damage|p1a: Gengar|95/100|[from] Sandstorm
|-damage|p2a: Zapdos|38/100 slp|[from] Sandstorm
|-heal|p1a: Gengar|100/100|[from] item: Leftovers
|-heal|p2a: Zapdos|44/100 slp|[from] item: Leftovers
|upkeep
|turn|39
|
|t:|1729823733
|move|p1a: Gengar|Ice Punch|p2a: Zapdos
|-supereffective|p2a: Zapdos
|-damage|p2a: Zapdos|7/100 slp
|cant|p2a: Zapdos|slp
|
|-weather|Sandstorm|[upkeep]
|-damage|p1a: Gengar|95/100|[from] Sandstorm
|-damage|p2a: Zapdos|1/100 slp|[from] Sandstorm
|-heal|p1a: Gengar|100/100|[from] item: Leftovers
|-heal|p2a: Zapdos|7/100 slp|[from] item: Leftovers
|upkeep
|turn|40
|
|t:|1729823735
|move|p1a: Gengar|Fire Punch|p2a: Zapdos
|-damage|p2a: Zapdos|0 fnt
|faint|p2a: Zapdos
|
|t:|1729823742
|switch|p2a: Magneton|Magneton|100/100
|-damage|p2a: Magneton|88/100|[from] Spikes
|
|-weather|Sandstorm|[upkeep]
|-damage|p1a: Gengar|95/100|[from] Sandstorm
|-heal|p1a: Gengar|100/100|[from] item: Leftovers
|upkeep
|turn|41
|
|t:|1729823755
|move|p1a: Gengar|Fire Punch|p2a: Magneton
|-supereffective|p2a: Magneton
|-damage|p2a: Magneton|0 fnt
|faint|p2a: Magneton
|
|t:|1729823757
|switch|p2a: Skarmory|Skarmory, M|93/100
|
|-weather|Sandstorm|[upkeep]
|-damage|p1a: Gengar|95/100|[from] Sandstorm
|-heal|p1a: Gengar|100/100|[from] item: Leftovers
|-heal|p2a: Skarmory|99/100|[from] item: Leftovers
|upkeep
|turn|42
|c|☆lexitg|gg
|c|☆zinc3|gg
|
|t:|1729823762
|move|p1a: Gengar|Fire Punch|p2a: Skarmory
|-supereffective|p2a: Skarmory
|-damage|p2a: Skarmory|51/100
|move|p2a: Skarmory|Toxic|p1a: Gengar|[miss]
|-miss|p2a: Skarmory|p1a: Gengar
|
|-weather|Sandstorm|[upkeep]
|-damage|p1a: Gengar|95/100|[from] Sandstorm
|-heal|p1a: Gengar|100/100|[from] item: Leftovers
|-heal|p2a: Skarmory|57/100|[from] item: Leftovers
|upkeep
|turn|43
|
|t:|1729823766
|move|p1a: Gengar|Fire Punch|p2a: Skarmory
|-supereffective|p2a: Skarmory
|-damage|p2a: Skarmory|9/100
|move|p2a: Skarmory|Toxic|p1a: Gengar
|-immune|p1a: Gengar
|
|-weather|Sandstorm|[upkeep]
|-damage|p1a: Gengar|95/100|[from] Sandstorm
|-heal|p1a: Gengar|100/100|[from] item: Leftovers
|-heal|p2a: Skarmory|15/100|[from] item: Leftovers
|upkeep
|turn|44
|
|t:|1729823769
|move|p1a: Gengar|Fire Punch|p2a: Skarmory
|-supereffective|p2a: Skarmory
|-damage|p2a: Skarmory|0 fnt
|faint|p2a: Skarmory
|
|win|zinc3

</script>
<script type="application/json" class="data" id="replaydata-smogtours-gen3ou-801754">
{"id":"smogtours-gen3ou-801754","format":"[Gen 3] OU","players":["zinc3","lexitg"],"uploadtime":1729823769,"views":81,"formatid":"gen3ou","rating":null,"private":0,"password":null}
</script>

<script defer src="js/replays.js?9d40a366"></script>
