<!DOCTYPE html>
<meta charset="utf-8" />
<meta name="viewport" content="width=device-width" />

<title>[Gen 3] OU: Pak vs. aldrich_unfaithful - Replays - Pok&eacute;mon Showdown!</title>

<meta name="description" content="Watch a replay of a Pok&eacute;mon battle between Pak and aldrich_unfaithful! Format: [Gen 3] OU; Date: Oct 1, 2024" />
<!--

Hey, you! Looking in the source for the replay log?

You can find them in JSON format, just add `.json` at the end of a replay URL.

https://replay.pokemonshowdown.com/gen7randomdoublesbattle-865046831.json

Or, if you only need the log itself, add `.log` instead:

https://replay.pokemonshowdown.com/gen7randomdoublesbattle-865046831.log

-->

<link rel="stylesheet" href="//pokemonshowdown.com/style/global.css?0.023195364461161105" />
<link rel="stylesheet" href="//play.pokemonshowdown.com/style/font-awesome.css?0.13261647063804238" />
<link rel="stylesheet" href="//play.pokemonshowdown.com/style/battle.css?0.8753245789963631" />
<link rel="stylesheet" href="//play.pokemonshowdown.com/style/utilichart.css?0.8627959624976733" />

<!-- Global site tag (gtag.js) - Google Analytics -->
<script async src="https://www.googletagmanager.com/gtag/js?id=UA-26211653-1"></script>
<script>
  window.dataLayer = window.dataLayer || [];
  function gtag(){dataLayer.push(arguments);}
  gtag('js', new Date());

  gtag('config', 'UA-26211653-1');
</script>
<!-- End Google Analytics -->
<!-- Venatus Ad Manager - Install in <HEAD> of page -->
	<script src="https://hb.vntsm.com/v3/live/ad-manager.min.js" type="text/javascript" data-site-id="642aba63ec9a7b11c3c9c1be" data-mode="scan" async></script>
<!-- / Venatus Ad Manager -->

<style>
	@media (max-width:820px) {
		.battle {
			margin: 0 auto;
		}
		.battle-log {
			margin: 7px auto 0;
			max-width: 640px;
			height: 300px;
			position: static;
		}
	}
	.optgroup {
		display: inline-block;
		line-height: 22px;
		font-size: 10pt;
	}
	.optgroup .button {
		height: 25px;
		padding-top: 0;
		padding-bottom: 0;
	}
	.optgroup button.button {
		padding-left: 12px;
		padding-right: 12px;
	}
	.linklist {
		list-style: none;
		margin: 0.5em 0;
		padding: 0;
	}
	.linklist li {
		padding: 2px 0;
	}
	.sidebar {
		float: left;
		width: 320px;
	}
	.bar-wrapper {
		max-width: 1100px;
		margin: 0 auto;
	}
	.bar-wrapper.has-sidebar {
		max-width: 1430px;
	}
	.mainbar {
		margin: 0;
		padding-right: 1px;
	}
	.mainbar.has-sidebar {
		margin-left: 330px;
	}
	@media (min-width: 1511px) {
		.sidebar {
			width: 400px;
		}
		.bar-wrapper.has-sidebar {
			max-width: 1510px;
		}
		.mainbar.has-sidebar {
			margin-left: 410px;
		}
	}
	.section.first-section {
		margin-top: 9px;
	}
	.blocklink small {
		white-space: normal;
	}
	.button {
		vertical-align: middle;
	}
	.replay-controls {
		padding-top: 10px;
	}
	.replay-controls h1 {
		font-size: 16pt;
		font-weight: normal;
		color: #CCC;
	}
	.pagelink {
		text-align: center;
	}
	.pagelink a {
		width: 150px;
	}
	.textbox, .button {
		font-size: 11pt;
		vertical-align: middle;
	}
	@media (max-width: 450px) {
		.button {
			font-size: 9pt;
		}
	}
</style>

<div>

	<header>
		<div class="nav-wrapper"><ul class="nav">
			<li><a class="button nav-first" href="//pokemonshowdown.com/"><img src="//pokemonshowdown.com/images/pokemonshowdownbeta.png" srcset="//pokemonshowdown.com/images/pokemonshowdownbeta.png 1x, //pokemonshowdown.com/images/pokemonshowdownbeta@2x.png 2x" alt="Pok&eacute;mon Showdown" width="146" height="44" /> Home</a></li>
			<li><a class="button" href="//pokemonshowdown.com/dex/">Pok&eacute;dex</a></li>
			<li><a class="button cur" href="/">Replays</a></li>
			<li><a class="button" href="//pokemonshowdown.com/ladder/">Ladder</a></li>
			<li><a class="button nav-last" href="//pokemonshowdown.com/forums/">Forum</a></li>
			<li><a class="button greenbutton nav-first nav-last" href="//play.pokemonshowdown.com/">Play</a></li>
		</ul></div>
	</header>

	<div class="main" id="main">

		<noscript><section class="section">You need to enable JavaScript to use this page; sorry!</section></noscript>

	</div>

</div>

<script defer nomodule src="//play.pokemonshowdown.com/js/lib/ps-polyfill.js"></script>
<script defer src="//play.pokemonshowdown.com/js/lib/preact.min.js"></script>

<script defer src="//play.pokemonshowdown.com/config/config.js?2bddbc15"></script>
<script defer src="//play.pokemonshowdown.com/js/lib/jquery-1.11.0.min.js"></script>
<script defer src="//play.pokemonshowdown.com/js/lib/html-sanitizer-minified.js"></script>
<script defer src="//play.pokemonshowdown.com/js/battle-sound.js"></script>
<script defer src="//play.pokemonshowdown.com/js/battledata.js?0.7209276989879541"></script>
<script defer src="//play.pokemonshowdown.com/data/pokedex-mini.js?0.6111056340867951"></script>
<script defer src="//play.pokemonshowdown.com/data/pokedex-mini-bw.js?0.3532142036491459"></script>
<script defer src="//play.pokemonshowdown.com/data/graphics.js?0.24223875632456182"></script>
<script defer src="//play.pokemonshowdown.com/data/pokedex.js?0.38839984266356864"></script>
<script defer src="//play.pokemonshowdown.com/data/moves.js?0.21866028504024015"></script>
<script defer src="//play.pokemonshowdown.com/data/abilities.js?0.2005157953846628"></script>
<script defer src="//play.pokemonshowdown.com/data/items.js?0.9894211263848525"></script>
<script defer src="//play.pokemonshowdown.com/data/teambuilder-tables.js?0.6008791140282215"></script>
<script defer src="//play.pokemonshowdown.com/js/battle-tooltips.js?0.7580118955022959"></script>
<script defer src="//play.pokemonshowdown.com/js/battle.js?0.6057722274234274"></script>

<script defer src="js/utils.js?e31f9a17"></script>
<script defer src="js/replays-battle.js?7008c182"></script>

<!-- don't scrape this data! just add .json or .log after the URL!
Full API docs: https://github.com/smogon/pokemon-showdown-client/blob/master/WEB-API.md -->
<script type="text/plain" class="log" id="replaylog-smogtours-gen3ou-793858">
|inactive|Battle timer is ON: inactive players will automatically lose when time's up.
|t:|1727825136
|gametype|singles
|player|p1|Pak|#pak|
|player|p2|aldrich_unfaithful|veteranf|
|teamsize|p1|6
|teamsize|p2|6
|gen|3
|tier|[Gen 3] OU
|rule|Sleep Clause Mod: Limit one foe put to sleep
|rule|Switch Priority Clause Mod: Faster Pokémon switch first
|rule|Species Clause: Limit one of each Pokémon
|rule|OHKO Clause: OHKO moves are banned
|rule|Evasion Items Clause: Evasion items are banned
|rule|Evasion Moves Clause: Evasion moves are banned
|rule|Endless Battle Clause: Forcing endless battles is banned
|rule|HP Percentage Mod: HP is shown in percentages
|rule|One Boost Passer Clause: Limit one Baton Passer that has a way to boost its stats
|rule|Freeze Clause Mod: Limit one foe frozen
|
|t:|1727825136
|start
|switch|p1a: Salamence|Salamence, F|100/100
|switch|p2a: Tyranitar|Tyranitar, M|100/100
|-ability|p1a: Salamence|Intimidate|boost
|-unboost|p2a: Tyranitar|atk|1
|-weather|Sandstorm|[from] ability: Sand Stream|[of] p2a: Tyranitar
|turn|1
|c|☆Pak|hf
|c|☆aldrich_unfaithful|glhf
|
|t:|1727825147
|switch|p1a: Skarmory|Skarmory, M|100/100
|move|p2a: Tyranitar|Ice Beam|p1a: Skarmory
|-damage|p1a: Skarmory|77/100
|
|-weather|Sandstorm|[upkeep]
|-heal|p1a: Skarmory|83/100|[from] item: Leftovers
|upkeep
|turn|2
|
|t:|1727825164
|switch|p1a: Blissey|Blissey, F|100/100
|move|p2a: Tyranitar|Fire Blast|p1a: Blissey
|-damage|p1a: Blissey|88/100
|
|-weather|Sandstorm|[upkeep]
|-damage|p1a: Blissey|82/100|[from] Sandstorm
|-heal|p1a: Blissey|88/100|[from] item: Leftovers
|upkeep
|turn|3
|inactive|Pak has 270 seconds left.
|inactive|aldrich_unfaithful has 270 seconds left.
|
|t:|1727825204
|switch|p2a: Swampert|Swampert, M|100/100
|move|p1a: Blissey|Soft-Boiled|p1a: Blissey
|-heal|p1a: Blissey|100/100
|
|-weather|Sandstorm|[upkeep]
|-damage|p1a: Blissey|94/100|[from] Sandstorm
|-heal|p1a: Blissey|100/100|[from] item: Leftovers
|upkeep
|turn|4
|
|t:|1727825212
|switch|p1a: Skarmory|Skarmory, M|83/100
|move|p2a: Swampert|Earthquake|p1a: Skarmory
|-immune|p1a: Skarmory
|
|-weather|Sandstorm|[upkeep]
|-heal|p1a: Skarmory|89/100|[from] item: Leftovers
|upkeep
|turn|5
|inactive|aldrich_unfaithful has 270 seconds left.
|
|t:|1727825219
|move|p2a: Swampert|Hydro Pump|p1a: Skarmory
|-damage|p1a: Skarmory|35/100
|move|p1a: Skarmory|Spikes|p2a: Swampert
|-sidestart|p2: aldrich_unfaithful|Spikes
|
|-weather|Sandstorm|[upkeep]
|-heal|p1a: Skarmory|41/100|[from] item: Leftovers
|upkeep
|turn|6
|inactive|aldrich_unfaithful has 270 seconds left.
|
|t:|1727825233
|switch|p1a: Blissey|Blissey, F|100/100
|move|p2a: Swampert|Hydro Pump|p1a: Blissey
|-damage|p1a: Blissey|80/100
|
|-weather|Sandstorm|[upkeep]
|-damage|p1a: Blissey|74/100|[from] Sandstorm
|-heal|p1a: Blissey|80/100|[from] item: Leftovers
|upkeep
|turn|7
|
|t:|1727825239
|switch|p1a: Salamence|Salamence, F|100/100
|-ability|p1a: Salamence|Intimidate|boost
|-unboost|p2a: Swampert|atk|1
|move|p2a: Swampert|Earthquake|p1a: Salamence
|-immune|p1a: Salamence
|
|-weather|Sandstorm|[upkeep]
|-damage|p1a: Salamence|94/100|[from] Sandstorm
|-heal|p1a: Salamence|100/100|[from] item: Leftovers
|upkeep
|turn|8
|inactive|aldrich_unfaithful has 270 seconds left.
|
|t:|1727825272
|switch|p1a: Blissey|Blissey, F|80/100
|switch|p2a: Aerodactyl|Aerodactyl, F|100/100
|
|-weather|Sandstorm|[upkeep]
|-damage|p1a: Blissey|74/100|[from] Sandstorm
|-heal|p1a: Blissey|80/100|[from] item: Leftovers
|upkeep
|turn|9
|
|t:|1727825282
|switch|p2a: Tyranitar|Tyranitar, M|100/100
|-damage|p2a: Tyranitar|88/100|[from] Spikes
|move|p1a: Blissey|Thunder Wave|p2a: Tyranitar
|-status|p2a: Tyranitar|par
|-enditem|p2a: Tyranitar|Lum Berry|[eat]
|-curestatus|p2a: Tyranitar|par|[msg]
|
|-weather|Sandstorm|[upkeep]
|-damage|p1a: Blissey|74/100|[from] Sandstorm
|-heal|p1a: Blissey|80/100|[from] item: Leftovers
|upkeep
|turn|10
|
|t:|1727825290
|move|p2a: Tyranitar|Ice Beam|p1a: Blissey
|-damage|p1a: Blissey|69/100
|move|p1a: Blissey|Soft-Boiled|p1a: Blissey
|-heal|p1a: Blissey|100/100
|
|-weather|Sandstorm|[upkeep]
|-damage|p1a: Blissey|94/100|[from] Sandstorm
|-heal|p1a: Blissey|100/100|[from] item: Leftovers
|upkeep
|turn|11
|
|t:|1727825294
|move|p2a: Tyranitar|Brick Break|p1a: Blissey
|-supereffective|p1a: Blissey
|-damage|p1a: Blissey|61/100
|move|p1a: Blissey|Thunder Wave|p2a: Tyranitar
|-status|p2a: Tyranitar|par
|
|-weather|Sandstorm|[upkeep]
|-damage|p1a: Blissey|55/100|[from] Sandstorm
|-heal|p1a: Blissey|61/100|[from] item: Leftovers
|upkeep
|turn|12
|
|t:|1727825298
|move|p1a: Blissey|Soft-Boiled|p1a: Blissey
|-heal|p1a: Blissey|100/100
|move|p2a: Tyranitar|Brick Break|p1a: Blissey
|-supereffective|p1a: Blissey
|-damage|p1a: Blissey|59/100
|
|-weather|Sandstorm|[upkeep]
|-damage|p1a: Blissey|53/100|[from] Sandstorm
|-heal|p1a: Blissey|59/100|[from] item: Leftovers
|upkeep
|turn|13
|
|t:|1727825308
|move|p1a: Blissey|Soft-Boiled|p1a: Blissey
|-heal|p1a: Blissey|100/100
|move|p2a: Tyranitar|Brick Break|p1a: Blissey
|-supereffective|p1a: Blissey
|-damage|p1a: Blissey|62/100
|
|-weather|Sandstorm|[upkeep]
|-damage|p1a: Blissey|56/100|[from] Sandstorm
|-heal|p1a: Blissey|62/100|[from] item: Leftovers
|upkeep
|turn|14
|
|t:|1727825315
|switch|p2a: Swampert|Swampert, M|100/100
|-damage|p2a: Swampert|88/100|[from] Spikes
|move|p1a: Blissey|Soft-Boiled|p1a: Blissey
|-heal|p1a: Blissey|100/100
|
|-weather|Sandstorm|[upkeep]
|-damage|p1a: Blissey|94/100|[from] Sandstorm
|-heal|p2a: Swampert|94/100|[from] item: Leftovers
|-heal|p1a: Blissey|100/100|[from] item: Leftovers
|upkeep
|turn|15
|
|t:|1727825320
|move|p2a: Swampert|Earthquake|p1a: Blissey
|-damage|p1a: Blissey|68/100
|move|p1a: Blissey|Seismic Toss|p2a: Swampert
|-damage|p2a: Swampert|65/100
|
|-weather|Sandstorm|[upkeep]
|-damage|p1a: Blissey|62/100|[from] Sandstorm
|-heal|p2a: Swampert|71/100|[from] item: Leftovers
|-heal|p1a: Blissey|68/100|[from] item: Leftovers
|upkeep
|turn|16
|
|t:|1727825330
|-singleturn|p2a: Swampert|move: Focus Punch
|switch|p1a: Gengar|Gengar, M|100/100
|move|p2a: Swampert|Focus Punch|p1a: Gengar
|-immune|p1a: Gengar
|
|-weather|Sandstorm|[upkeep]
|-damage|p1a: Gengar|95/100|[from] Sandstorm
|-heal|p1a: Gengar|100/100|[from] item: Leftovers
|-heal|p2a: Swampert|77/100|[from] item: Leftovers
|upkeep
|turn|17
|
|t:|1727825346
|switch|p2a: Tyranitar|Tyranitar, M|88/100 par
|-damage|p2a: Tyranitar|76/100 par|[from] Spikes
|move|p1a: Gengar|Will-O-Wisp||[still]
|-fail|p1a: Gengar
|
|-weather|Sandstorm|[upkeep]
|-damage|p1a: Gengar|95/100|[from] Sandstorm
|-heal|p1a: Gengar|100/100|[from] item: Leftovers
|upkeep
|turn|18
|
|t:|1727825352
|switch|p1a: Blissey|Blissey, F|68/100
|move|p2a: Tyranitar|Ice Beam|p1a: Blissey
|-damage|p1a: Blissey|58/100
|
|-weather|Sandstorm|[upkeep]
|-damage|p1a: Blissey|52/100|[from] Sandstorm
|-heal|p1a: Blissey|58/100|[from] item: Leftovers
|upkeep
|turn|19
|
|t:|1727825360
|move|p1a: Blissey|Soft-Boiled|p1a: Blissey
|-heal|p1a: Blissey|100/100
|move|p2a: Tyranitar|Brick Break|p1a: Blissey
|-supereffective|p1a: Blissey
|-damage|p1a: Blissey|59/100
|
|-weather|Sandstorm|[upkeep]
|-damage|p1a: Blissey|52/100|[from] Sandstorm
|-heal|p1a: Blissey|59/100|[from] item: Leftovers
|upkeep
|turn|20
|
|t:|1727825375
|move|p1a: Blissey|Soft-Boiled|p1a: Blissey
|-heal|p1a: Blissey|100/100
|move|p2a: Tyranitar|Brick Break|p1a: Blissey
|-supereffective|p1a: Blissey
|-damage|p1a: Blissey|56/100
|
|-weather|Sandstorm|[upkeep]
|-damage|p1a: Blissey|50/100|[from] Sandstorm
|-heal|p1a: Blissey|56/100|[from] item: Leftovers
|upkeep
|turn|21
|
|t:|1727825393
|move|p1a: Blissey|Soft-Boiled|p1a: Blissey
|-heal|p1a: Blissey|100/100
|move|p2a: Tyranitar|Brick Break|p1a: Blissey
|-supereffective|p1a: Blissey
|-damage|p1a: Blissey|60/100
|
|-weather|Sandstorm|[upkeep]
|-damage|p1a: Blissey|54/100|[from] Sandstorm
|-heal|p1a: Blissey|60/100|[from] item: Leftovers
|upkeep
|turn|22
|
|t:|1727825407
|switch|p2a: Swampert|Swampert, M|77/100
|-damage|p2a: Swampert|65/100|[from] Spikes
|move|p1a: Blissey|Seismic Toss|p2a: Swampert
|-damage|p2a: Swampert|36/100
|
|-weather|Sandstorm|[upkeep]
|-damage|p1a: Blissey|54/100|[from] Sandstorm
|-heal|p2a: Swampert|42/100|[from] item: Leftovers
|-heal|p1a: Blissey|60/100|[from] item: Leftovers
|upkeep
|turn|23
|
|t:|1727825419
|move|p2a: Swampert|Hydro Pump|p1a: Blissey
|-damage|p1a: Blissey|39/100
|move|p1a: Blissey|Soft-Boiled|p1a: Blissey
|-heal|p1a: Blissey|89/100
|
|-weather|Sandstorm|[upkeep]
|-damage|p1a: Blissey|83/100|[from] Sandstorm
|-heal|p2a: Swampert|48/100|[from] item: Leftovers
|-heal|p1a: Blissey|89/100|[from] item: Leftovers
|upkeep
|turn|24
|
|t:|1727825423
|move|p2a: Swampert|Earthquake|p1a: Blissey
|-damage|p1a: Blissey|52/100
|move|p1a: Blissey|Seismic Toss|p2a: Swampert
|-damage|p2a: Swampert|19/100
|
|-weather|Sandstorm|[upkeep]
|-damage|p1a: Blissey|46/100|[from] Sandstorm
|-heal|p2a: Swampert|25/100|[from] item: Leftovers
|-heal|p1a: Blissey|52/100|[from] item: Leftovers
|upkeep
|turn|25
|inactive|aldrich_unfaithful has 270 seconds left.
|
|t:|1727825456
|move|p2a: Swampert|Hydro Pump|p1a: Blissey
|-crit|p1a: Blissey
|-damage|p1a: Blissey|0 fnt
|faint|p1a: Blissey
|
|t:|1727825465
|switch|p1a: Salamence|Salamence, F|100/100
|-ability|p1a: Salamence|Intimidate|boost
|-unboost|p2a: Swampert|atk|1
|
|-weather|Sandstorm|[upkeep]
|-damage|p1a: Salamence|94/100|[from] Sandstorm
|-heal|p1a: Salamence|100/100|[from] item: Leftovers
|-heal|p2a: Swampert|31/100|[from] item: Leftovers
|upkeep
|turn|26
|
|t:|1727825471
|move|p1a: Salamence|Hidden Power|p2a: Swampert
|-supereffective|p2a: Swampert
|-damage|p2a: Swampert|0 fnt
|faint|p2a: Swampert
|
|t:|1727825482
|switch|p2a: Jolteon|Jolteon, F|100/100
|-damage|p2a: Jolteon|88/100|[from] Spikes
|
|-weather|Sandstorm|[upkeep]
|-damage|p2a: Jolteon|82/100|[from] Sandstorm
|-damage|p1a: Salamence|94/100|[from] Sandstorm
|-heal|p2a: Jolteon|88/100|[from] item: Leftovers
|-heal|p1a: Salamence|100/100|[from] item: Leftovers
|upkeep
|turn|27
|inactive|Pak has 270 seconds left.
|inactive|aldrich_unfaithful has 270 seconds left.
|
|t:|1727825546
|switch|p1a: Swampert|Swampert, M|100/100
|move|p2a: Jolteon|Hidden Power|p1a: Swampert
|-damage|p1a: Swampert|82/100
|
|-weather|Sandstorm|[upkeep]
|-damage|p2a: Jolteon|82/100|[from] Sandstorm
|-heal|p2a: Jolteon|88/100|[from] item: Leftovers
|-heal|p1a: Swampert|88/100|[from] item: Leftovers
|upkeep
|turn|28
|
|t:|1727825560
|switch|p2a: Tyranitar|Tyranitar, M|76/100 par
|-damage|p2a: Tyranitar|64/100 par|[from] Spikes
|move|p1a: Swampert|Surf|p2a: Tyranitar
|-supereffective|p2a: Tyranitar
|-damage|p2a: Tyranitar|0 fnt
|faint|p2a: Tyranitar
|
|t:|1727825571
|switch|p2a: Venusaur|Venusaur, F|100/100
|-damage|p2a: Venusaur|88/100|[from] Spikes
|
|-weather|Sandstorm|[upkeep]
|-damage|p2a: Venusaur|82/100|[from] Sandstorm
|-heal|p2a: Venusaur|88/100|[from] item: Leftovers
|-heal|p1a: Swampert|95/100|[from] item: Leftovers
|upkeep
|turn|29
|
|t:|1727825575
|move|p1a: Swampert|Protect|p1a: Swampert
|-singleturn|p1a: Swampert|Protect
|move|p2a: Venusaur|Sleep Powder|p1a: Swampert
|-activate|p1a: Swampert|Protect
|
|-weather|Sandstorm|[upkeep]
|-damage|p2a: Venusaur|82/100|[from] Sandstorm
|-heal|p2a: Venusaur|88/100|[from] item: Leftovers
|-heal|p1a: Swampert|100/100|[from] item: Leftovers
|upkeep
|turn|30
|
|t:|1727825578
|switch|p1a: Skarmory|Skarmory, M|41/100
|move|p2a: Venusaur|Sleep Powder|p1a: Skarmory
|-status|p1a: Skarmory|slp|[from] move: Sleep Powder
|
|-weather|Sandstorm|[upkeep]
|-damage|p2a: Venusaur|82/100|[from] Sandstorm
|-heal|p2a: Venusaur|88/100|[from] item: Leftovers
|-heal|p1a: Skarmory|47/100 slp|[from] item: Leftovers
|upkeep
|turn|31
|
|t:|1727825582
|move|p2a: Venusaur|Leech Seed|p1a: Skarmory
|-start|p1a: Skarmory|move: Leech Seed
|cant|p1a: Skarmory|slp
|
|-weather|Sandstorm|[upkeep]
|-damage|p2a: Venusaur|82/100|[from] Sandstorm
|-heal|p2a: Venusaur|88/100|[from] item: Leftovers
|-heal|p1a: Skarmory|53/100 slp|[from] item: Leftovers
|-damage|p1a: Skarmory|41/100 slp|[from] Leech Seed|[of] p2a: Venusaur
|-heal|p2a: Venusaur|100/100|[silent]
|upkeep
|turn|32
|
|t:|1727825586
|switch|p1a: Gengar|Gengar, M|100/100
|move|p2a: Venusaur|Hidden Power|p1a: Gengar
|-damage|p1a: Gengar|77/100
|
|-weather|Sandstorm|[upkeep]
|-damage|p1a: Gengar|71/100|[from] Sandstorm
|-damage|p2a: Venusaur|95/100|[from] Sandstorm
|-heal|p1a: Gengar|77/100|[from] item: Leftovers
|-heal|p2a: Venusaur|100/100|[from] item: Leftovers
|upkeep
|turn|33
|
|t:|1727825608
|move|p1a: Gengar|Will-O-Wisp|p2a: Venusaur|[miss]
|-miss|p1a: Gengar|p2a: Venusaur
|move|p2a: Venusaur|Leech Seed|p1a: Gengar
|-start|p1a: Gengar|move: Leech Seed
|
|-weather|Sandstorm|[upkeep]
|-damage|p1a: Gengar|71/100|[from] Sandstorm
|-damage|p2a: Venusaur|95/100|[from] Sandstorm
|-heal|p1a: Gengar|77/100|[from] item: Leftovers
|-damage|p1a: Gengar|65/100|[from] Leech Seed|[of] p2a: Venusaur
|-heal|p2a: Venusaur|100/100|[silent]
|upkeep
|turn|34
|inactive|aldrich_unfaithful has 270 seconds left.
|
|t:|1727825635
|switch|p2a: Jolteon|Jolteon, F|88/100
|-damage|p2a: Jolteon|75/100|[from] Spikes
|move|p1a: Gengar|Will-O-Wisp|p2a: Jolteon
|-status|p2a: Jolteon|brn
|
|-weather|Sandstorm|[upkeep]
|-damage|p2a: Jolteon|69/100 brn|[from] Sandstorm
|-damage|p1a: Gengar|59/100|[from] Sandstorm
|-heal|p2a: Jolteon|75/100 brn|[from] item: Leftovers
|-damage|p2a: Jolteon|63/100 brn|[from] brn
|-heal|p1a: Gengar|65/100|[from] item: Leftovers
|-damage|p1a: Gengar|53/100|[from] Leech Seed|[of] p2a: Jolteon
|-heal|p2a: Jolteon|77/100 brn|[silent]
|upkeep
|turn|35
|
|t:|1727825642
|switch|p1a: Swampert|Swampert, M|100/100
|move|p2a: Jolteon|Baton Pass|p2a: Jolteon
|
|t:|1727825646
|switch|p2a: Venusaur|Venusaur, F|100/100|[from] Baton Pass
|-damage|p2a: Venusaur|88/100|[from] Spikes
|
|-weather|Sandstorm|[upkeep]
|-damage|p2a: Venusaur|82/100|[from] Sandstorm
|-heal|p2a: Venusaur|88/100|[from] item: Leftovers
|upkeep
|turn|36
|
|t:|1727825654
|move|p1a: Swampert|Protect|p1a: Swampert
|-singleturn|p1a: Swampert|Protect
|move|p2a: Venusaur|Leech Seed|p1a: Swampert
|-activate|p1a: Swampert|Protect
|
|-weather|Sandstorm|[upkeep]
|-damage|p2a: Venusaur|82/100|[from] Sandstorm
|-heal|p2a: Venusaur|88/100|[from] item: Leftovers
|upkeep
|turn|37
|inactive|aldrich_unfaithful has 270 seconds left.
|
|t:|1727825681
|switch|p2a: Aerodactyl|Aerodactyl, F|100/100
|switch|p1a: Gengar|Gengar, M|53/100
|
|-weather|Sandstorm|[upkeep]
|-damage|p1a: Gengar|47/100|[from] Sandstorm
|-heal|p1a: Gengar|53/100|[from] item: Leftovers
|upkeep
|turn|38
|
|t:|1727825689
|switch|p1a: Swampert|Swampert, M|100/100
|move|p2a: Aerodactyl|Hidden Power|p1a: Swampert
|-damage|p1a: Swampert|65/100
|
|-weather|Sandstorm|[upkeep]
|-heal|p1a: Swampert|72/100|[from] item: Leftovers
|upkeep
|turn|39
|
|t:|1727825698
|switch|p2a: Venusaur|Venusaur, F|88/100
|-damage|p2a: Venusaur|76/100|[from] Spikes
|switch|p1a: Salamence|Salamence, F|100/100
|-ability|p1a: Salamence|Intimidate|boost
|-unboost|p2a: Venusaur|atk|1
|
|-weather|Sandstorm|[upkeep]
|-damage|p2a: Venusaur|70/100|[from] Sandstorm
|-damage|p1a: Salamence|94/100|[from] Sandstorm
|-heal|p2a: Venusaur|76/100|[from] item: Leftovers
|-heal|p1a: Salamence|100/100|[from] item: Leftovers
|upkeep
|turn|40
|
|t:|1727825704
|switch|p2a: Aerodactyl|Aerodactyl, F|100/100
|move|p1a: Salamence|Rock Slide|p2a: Aerodactyl
|-supereffective|p2a: Aerodactyl
|-damage|p2a: Aerodactyl|15/100
|
|-weather|Sandstorm|[upkeep]
|-damage|p1a: Salamence|94/100|[from] Sandstorm
|-heal|p1a: Salamence|100/100|[from] item: Leftovers
|upkeep
|turn|41
|inactive|aldrich_unfaithful has 270 seconds left.
|inactive|Pak has 270 seconds left.
|
|t:|1727825760
|switch|p2a: Venusaur|Venusaur, F|76/100
|-damage|p2a: Venusaur|64/100|[from] Spikes
|switch|p1a: Skarmory|Skarmory, M|41/100 slp
|
|-weather|Sandstorm|[upkeep]
|-damage|p2a: Venusaur|58/100|[from] Sandstorm
|-heal|p2a: Venusaur|64/100|[from] item: Leftovers
|-heal|p1a: Skarmory|47/100 slp|[from] item: Leftovers
|upkeep
|turn|42
|inactive|Pak has 270 seconds left.
|
|t:|1727825771
|move|p2a: Venusaur|Leech Seed|p1a: Skarmory
|-start|p1a: Skarmory|move: Leech Seed
|cant|p1a: Skarmory|slp
|
|-weather|Sandstorm|[upkeep]
|-damage|p2a: Venusaur|58/100|[from] Sandstorm
|-heal|p2a: Venusaur|64/100|[from] item: Leftovers
|-heal|p1a: Skarmory|53/100 slp|[from] item: Leftovers
|-damage|p1a: Skarmory|41/100 slp|[from] Leech Seed|[of] p2a: Venusaur
|-heal|p2a: Venusaur|77/100|[silent]
|upkeep
|turn|43
|inactive|Pak has 270 seconds left.
|
|t:|1727825778
|switch|p1a: Gengar|Gengar, M|53/100
|move|p2a: Venusaur|Hidden Power|p1a: Gengar
|-damage|p1a: Gengar|30/100
|
|-weather|Sandstorm|[upkeep]
|-damage|p1a: Gengar|24/100|[from] Sandstorm
|-damage|p2a: Venusaur|71/100|[from] Sandstorm
|-heal|p1a: Gengar|30/100|[from] item: Leftovers
|-heal|p2a: Venusaur|77/100|[from] item: Leftovers
|upkeep
|turn|44
|inactive|aldrich_unfaithful has 270 seconds left.
|inactive|aldrich_unfaithful has 240 seconds left.
|
|t:|1727825839
|switch|p2a: Charizard|Charizard, M|100/100
|move|p1a: Gengar|Ice Punch|p2a: Charizard
|-damage|p2a: Charizard|72/100
|-status|p2a: Charizard|frz
|
|-weather|Sandstorm|[upkeep]
|-damage|p1a: Gengar|24/100|[from] Sandstorm
|-damage|p2a: Charizard|65/100 frz|[from] Sandstorm
|-heal|p1a: Gengar|30/100|[from] item: Leftovers
|upkeep
|turn|45
|
|t:|1727825852
|switch|p1a: Tyranitar|Tyranitar, M|100/100
|switch|p2a: Jolteon|Jolteon, F|77/100 brn
|-damage|p2a: Jolteon|64/100 brn|[from] Spikes
|
|-weather|Sandstorm|[upkeep]
|-damage|p2a: Jolteon|58/100 brn|[from] Sandstorm
|-heal|p2a: Jolteon|64/100 brn|[from] item: Leftovers
|-damage|p2a: Jolteon|52/100 brn|[from] brn
|upkeep
|turn|46
|
|t:|1727825863
|move|p2a: Jolteon|Thunderbolt|p1a: Tyranitar
|-damage|p1a: Tyranitar|60/100
|move|p1a: Tyranitar|Crunch|p2a: Jolteon
|-damage|p2a: Jolteon|6/100 brn
|
|-weather|Sandstorm|[upkeep]
|-damage|p2a: Jolteon|0 fnt|[from] Sandstorm
|faint|p2a: Jolteon
|-heal|p1a: Tyranitar|66/100|[from] item: Leftovers
|upkeep
|inactive|aldrich_unfaithful has 210 seconds left.
|
|t:|1727825881
|switch|p2a: Aerodactyl|Aerodactyl, F|15/100
|turn|47
|
|t:|1727825894
|switch|p1a: Skarmory|Skarmory, M|41/100 slp
|move|p2a: Aerodactyl|Rock Slide|p1a: Skarmory
|-damage|p1a: Skarmory|0 fnt
|faint|p1a: Skarmory
|
|t:|1727825904
|switch|p1a: Tyranitar|Tyranitar, M|66/100
|
|-weather|Sandstorm|[upkeep]
|-heal|p1a: Tyranitar|72/100|[from] item: Leftovers
|upkeep
|turn|48
|
|t:|1727825908
|move|p2a: Aerodactyl|Rock Slide|p1a: Tyranitar|[miss]
|-miss|p2a: Aerodactyl|p1a: Tyranitar
|move|p1a: Tyranitar|Pursuit|p2a: Aerodactyl
|-damage|p2a: Aerodactyl|0 fnt
|faint|p2a: Aerodactyl
|
|t:|1727825910
|switch|p2a: Venusaur|Venusaur, F|77/100
|-damage|p2a: Venusaur|65/100|[from] Spikes
|
|-weather|Sandstorm|[upkeep]
|-damage|p2a: Venusaur|59/100|[from] Sandstorm
|-heal|p2a: Venusaur|65/100|[from] item: Leftovers
|-heal|p1a: Tyranitar|79/100|[from] item: Leftovers
|upkeep
|turn|49
|inactive|aldrich_unfaithful has 240 seconds left.
|
|t:|1727825916
|move|p2a: Venusaur|Sleep Powder|p1a: Tyranitar
|-status|p1a: Tyranitar|slp|[from] move: Sleep Powder
|cant|p1a: Tyranitar|slp
|
|-weather|Sandstorm|[upkeep]
|-damage|p2a: Venusaur|59/100|[from] Sandstorm
|-heal|p2a: Venusaur|65/100|[from] item: Leftovers
|-heal|p1a: Tyranitar|85/100 slp|[from] item: Leftovers
|upkeep
|turn|50
|
|t:|1727825925
|move|p2a: Venusaur|Leech Seed|p1a: Tyranitar
|-start|p1a: Tyranitar|move: Leech Seed
|cant|p1a: Tyranitar|slp
|
|-weather|Sandstorm|[upkeep]
|-damage|p2a: Venusaur|59/100|[from] Sandstorm
|-heal|p2a: Venusaur|65/100|[from] item: Leftovers
|-heal|p1a: Tyranitar|91/100 slp|[from] item: Leftovers
|-damage|p1a: Tyranitar|79/100 slp|[from] Leech Seed|[of] p2a: Venusaur
|-heal|p2a: Venusaur|81/100|[silent]
|upkeep
|turn|51
|
|t:|1727825929
|switch|p2a: Charizard|Charizard, M|65/100 frz
|switch|p1a: Salamence|Salamence, F|100/100
|-ability|p1a: Salamence|Intimidate|boost
|-unboost|p2a: Charizard|atk|1
|
|-weather|Sandstorm|[upkeep]
|-damage|p2a: Charizard|59/100 frz|[from] Sandstorm
|-damage|p1a: Salamence|94/100|[from] Sandstorm
|-heal|p1a: Salamence|100/100|[from] item: Leftovers
|upkeep
|turn|52
|
|t:|1727825939
|cant|p2a: Charizard|frz
|move|p1a: Salamence|Rock Slide|p2a: Charizard|[miss]
|-miss|p1a: Salamence|p2a: Charizard
|
|-weather|Sandstorm|[upkeep]
|-damage|p2a: Charizard|53/100 frz|[from] Sandstorm
|-damage|p1a: Salamence|94/100|[from] Sandstorm
|-heal|p1a: Salamence|100/100|[from] item: Leftovers
|upkeep
|turn|53
|inactive|aldrich_unfaithful has 270 seconds left.
|
|t:|1727825945
|cant|p2a: Charizard|frz
|move|p1a: Salamence|Rock Slide|p2a: Charizard
|-supereffective|p2a: Charizard
|-damage|p2a: Charizard|0 fnt
|faint|p2a: Charizard
|
|t:|1727825947
|switch|p2a: Venusaur|Venusaur, F|81/100
|-damage|p2a: Venusaur|69/100|[from] Spikes
|
|-weather|Sandstorm|[upkeep]
|-damage|p2a: Venusaur|63/100|[from] Sandstorm
|-damage|p1a: Salamence|94/100|[from] Sandstorm
|-heal|p2a: Venusaur|69/100|[from] item: Leftovers
|-heal|p1a: Salamence|100/100|[from] item: Leftovers
|upkeep
|turn|54
|
|t:|1727825950
|move|p2a: Venusaur|Sleep Powder|p1a: Salamence
|-message|Sleep Clause Mod activated.
|-hint|Sleep Clause Mod prevents players from putting more than one of their opponent's Pokémon to sleep at a time
|move|p1a: Salamence|Fire Blast|p2a: Venusaur
|-supereffective|p2a: Venusaur
|-damage|p2a: Venusaur|4/100
|
|-weather|Sandstorm|[upkeep]
|-damage|p2a: Venusaur|0 fnt|[from] Sandstorm
|-damage|p1a: Salamence|94/100|[from] Sandstorm
|faint|p2a: Venusaur
|
|win|Pak
|upkeep
|c|☆aldrich_unfaithful|gg
|c|☆Pak|gg
|c|☆Pak|/log Pak made the replay of this battle unlisted.
|player|p1|

</script>
<script type="application/json" class="data" id="replaydata-smogtours-gen3ou-793858">
{"id":"smogtours-gen3ou-793858","format":"[Gen 3] OU","players":["Pak","aldrich_unfaithful"],"uploadtime":1727825950,"views":168,"formatid":"gen3ou","rating":null,"private":1,"password":null}
</script>

<script defer src="js/replays.js?9d40a366"></script>
