<!DOCTYPE html>
<meta charset="utf-8" />
<meta name="viewport" content="width=device-width" />

<title>[Gen 3] OU: Kollin7 vs. RedCrimp - Replays - Pok&eacute;mon Showdown!</title>

<meta name="description" content="Watch a replay of a Pok&eacute;mon battle between Kollin7 and RedCrimp! Format: [Gen 3] OU; Date: Oct 29, 2024" />
<!--

Hey, you! Looking in the source for the replay log?

You can find them in JSON format, just add `.json` at the end of a replay URL.

https://replay.pokemonshowdown.com/gen7randomdoublesbattle-865046831.json

Or, if you only need the log itself, add `.log` instead:

https://replay.pokemonshowdown.com/gen7randomdoublesbattle-865046831.log

-->

<link rel="stylesheet" href="//pokemonshowdown.com/style/global.css?0.023195364461161105" />
<link rel="stylesheet" href="//play.pokemonshowdown.com/style/font-awesome.css?0.13261647063804238" />
<link rel="stylesheet" href="//play.pokemonshowdown.com/style/battle.css?0.8753245789963631" />
<link rel="stylesheet" href="//play.pokemonshowdown.com/style/utilichart.css?0.8627959624976733" />

<!-- Global site tag (gtag.js) - Google Analytics -->
<script async src="https://www.googletagmanager.com/gtag/js?id=UA-26211653-1"></script>
<script>
  window.dataLayer = window.dataLayer || [];
  function gtag(){dataLayer.push(arguments);}
  gtag('js', new Date());

  gtag('config', 'UA-26211653-1');
</script>
<!-- End Google Analytics -->
<!-- Venatus Ad Manager - Install in <HEAD> of page -->
	<script src="https://hb.vntsm.com/v3/live/ad-manager.min.js" type="text/javascript" data-site-id="642aba63ec9a7b11c3c9c1be" data-mode="scan" async></script>
<!-- / Venatus Ad Manager -->

<style>
	@media (max-width:820px) {
		.battle {
			margin: 0 auto;
		}
		.battle-log {
			margin: 7px auto 0;
			max-width: 640px;
			height: 300px;
			position: static;
		}
	}
	.optgroup {
		display: inline-block;
		line-height: 22px;
		font-size: 10pt;
	}
	.optgroup .button {
		height: 25px;
		padding-top: 0;
		padding-bottom: 0;
	}
	.optgroup button.button {
		padding-left: 12px;
		padding-right: 12px;
	}
	.linklist {
		list-style: none;
		margin: 0.5em 0;
		padding: 0;
	}
	.linklist li {
		padding: 2px 0;
	}
	.sidebar {
		float: left;
		width: 320px;
	}
	.bar-wrapper {
		max-width: 1100px;
		margin: 0 auto;
	}
	.bar-wrapper.has-sidebar {
		max-width: 1430px;
	}
	.mainbar {
		margin: 0;
		padding-right: 1px;
	}
	.mainbar.has-sidebar {
		margin-left: 330px;
	}
	@media (min-width: 1511px) {
		.sidebar {
			width: 400px;
		}
		.bar-wrapper.has-sidebar {
			max-width: 1510px;
		}
		.mainbar.has-sidebar {
			margin-left: 410px;
		}
	}
	.section.first-section {
		margin-top: 9px;
	}
	.blocklink small {
		white-space: normal;
	}
	.button {
		vertical-align: middle;
	}
	.replay-controls {
		padding-top: 10px;
	}
	.replay-controls h1 {
		font-size: 16pt;
		font-weight: normal;
		color: #CCC;
	}
	.pagelink {
		text-align: center;
	}
	.pagelink a {
		width: 150px;
	}
	.textbox, .button {
		font-size: 11pt;
		vertical-align: middle;
	}
	@media (max-width: 450px) {
		.button {
			font-size: 9pt;
		}
	}
</style>

<div>

	<header>
		<div class="nav-wrapper"><ul class="nav">
			<li><a class="button nav-first" href="//pokemonshowdown.com/"><img src="//pokemonshowdown.com/images/pokemonshowdownbeta.png" srcset="//pokemonshowdown.com/images/pokemonshowdownbeta.png 1x, //pokemonshowdown.com/images/pokemonshowdownbeta@2x.png 2x" alt="Pok&eacute;mon Showdown" width="146" height="44" /> Home</a></li>
			<li><a class="button" href="//pokemonshowdown.com/dex/">Pok&eacute;dex</a></li>
			<li><a class="button cur" href="/">Replays</a></li>
			<li><a class="button" href="//pokemonshowdown.com/ladder/">Ladder</a></li>
			<li><a class="button nav-last" href="//pokemonshowdown.com/forums/">Forum</a></li>
			<li><a class="button greenbutton nav-first nav-last" href="//play.pokemonshowdown.com/">Play</a></li>
		</ul></div>
	</header>

	<div class="main" id="main">

		<noscript><section class="section">You need to enable JavaScript to use this page; sorry!</section></noscript>

	</div>

</div>

<script defer nomodule src="//play.pokemonshowdown.com/js/lib/ps-polyfill.js"></script>
<script defer src="//play.pokemonshowdown.com/js/lib/preact.min.js"></script>

<script defer src="//play.pokemonshowdown.com/config/config.js?2bddbc15"></script>
<script defer src="//play.pokemonshowdown.com/js/lib/jquery-1.11.0.min.js"></script>
<script defer src="//play.pokemonshowdown.com/js/lib/html-sanitizer-minified.js"></script>
<script defer src="//play.pokemonshowdown.com/js/battle-sound.js"></script>
<script defer src="//play.pokemonshowdown.com/js/battledata.js?0.7209276989879541"></script>
<script defer src="//play.pokemonshowdown.com/data/pokedex-mini.js?0.6111056340867951"></script>
<script defer src="//play.pokemonshowdown.com/data/pokedex-mini-bw.js?0.3532142036491459"></script>
<script defer src="//play.pokemonshowdown.com/data/graphics.js?0.24223875632456182"></script>
<script defer src="//play.pokemonshowdown.com/data/pokedex.js?0.38839984266356864"></script>
<script defer src="//play.pokemonshowdown.com/data/moves.js?0.21866028504024015"></script>
<script defer src="//play.pokemonshowdown.com/data/abilities.js?0.2005157953846628"></script>
<script defer src="//play.pokemonshowdown.com/data/items.js?0.9894211263848525"></script>
<script defer src="//play.pokemonshowdown.com/data/teambuilder-tables.js?0.6008791140282215"></script>
<script defer src="//play.pokemonshowdown.com/js/battle-tooltips.js?0.7580118955022959"></script>
<script defer src="//play.pokemonshowdown.com/js/battle.js?0.6057722274234274"></script>

<script defer src="js/utils.js?e31f9a17"></script>
<script defer src="js/replays-battle.js?7008c182"></script>

<!-- don't scrape this data! just add .json or .log after the URL!
Full API docs: https://github.com/smogon/pokemon-showdown-client/blob/master/WEB-API.md -->
<script type="text/plain" class="log" id="replaylog-smogtours-gen3ou-803330">
|inactive|Battle timer is ON: inactive players will automatically lose when time's up.
|t:|1730234579
|gametype|singles
|player|p1|Kollin7|hiker-gen2|
|player|p2|RedCrimp|2|
|teamsize|p1|6
|teamsize|p2|6
|gen|3
|tier|[Gen 3] OU
|rule|Sleep Clause Mod: Limit one foe put to sleep
|rule|Switch Priority Clause Mod: Faster Pokémon switch first
|rule|Species Clause: Limit one of each Pokémon
|rule|OHKO Clause: OHKO moves are banned
|rule|Evasion Items Clause: Evasion items are banned
|rule|Evasion Moves Clause: Evasion moves are banned
|rule|Endless Battle Clause: Forcing endless battles is banned
|rule|HP Percentage Mod: HP is shown in percentages
|rule|One Boost Passer Clause: Limit one Baton Passer that has a way to boost its stats
|rule|Freeze Clause Mod: Limit one foe frozen
|
|t:|1730234579
|start
|switch|p1a: Tyranitar|Tyranitar, M|100/100
|switch|p2a: Salamence|Salamence, M|100/100
|-ability|p2a: Salamence|Intimidate|boost
|-unboost|p1a: Tyranitar|atk|1
|-weather|Sandstorm|[from] ability: Sand Stream|[of] p1a: Tyranitar
|turn|1
|inactive|Kollin7 also wants the timer to be on.
|c|☆RedCrimp|hf
|
|t:|1730234607
|switch|p2a: Forretress|Forretress, F|100/100
|move|p1a: Tyranitar|Ice Beam|p2a: Forretress
|-resisted|p2a: Forretress
|-damage|p2a: Forretress|88/100
|
|-weather|Sandstorm|[upkeep]
|-heal|p2a: Forretress|94/100|[from] item: Leftovers
|upkeep
|turn|2
|
|t:|1730234633
|switch|p2a: Blissey|Blissey, F|100/100
|move|p1a: Tyranitar|Crunch|p2a: Blissey
|-damage|p2a: Blissey|86/100
|
|-weather|Sandstorm|[upkeep]
|-damage|p2a: Blissey|80/100|[from] Sandstorm
|-heal|p2a: Blissey|86/100|[from] item: Leftovers
|upkeep
|turn|3
|inactive|Kollin7 has 270 seconds left.
|
|t:|1730234666
|switch|p1a: Skarmory|Skarmory, M|100/100
|move|p2a: Blissey|Ice Beam|p1a: Skarmory
|-damage|p1a: Skarmory|75/100
|
|-weather|Sandstorm|[upkeep]
|-damage|p2a: Blissey|80/100|[from] Sandstorm
|-heal|p1a: Skarmory|81/100|[from] item: Leftovers
|-heal|p2a: Blissey|86/100|[from] item: Leftovers
|upkeep
|turn|4
|inactive|Kollin7 has 270 seconds left.
|
|t:|1730234679
|switch|p1a: Celebi|Celebi|100/100
|switch|p2a: Forretress|Forretress, F|94/100
|
|-weather|Sandstorm|[upkeep]
|-damage|p1a: Celebi|94/100|[from] Sandstorm
|-heal|p1a: Celebi|100/100|[from] item: Leftovers
|-heal|p2a: Forretress|99/100|[from] item: Leftovers
|upkeep
|turn|5
|inactive|Kollin7 has 270 seconds left.
|
|t:|1730234691
|switch|p1a: Charizard|Charizard, M|100/100
|switch|p2a: Tyranitar|Tyranitar, F|100/100
|
|-weather|Sandstorm|[upkeep]
|-damage|p1a: Charizard|94/100|[from] Sandstorm
|-heal|p1a: Charizard|100/100|[from] item: Leftovers
|upkeep
|turn|6
|inactive|Kollin7 has 270 seconds left.
|inactive|RedCrimp has 270 seconds left.
|
|t:|1730234715
|-activate|p1a: Charizard|move: Pursuit
|move|p2a: Tyranitar|Pursuit|p1a: Charizard|[from]Pursuit
|-damage|p1a: Charizard|51/100
|switch|p1a: Flygon|Flygon, F|100/100
|
|-weather|Sandstorm|[upkeep]
|upkeep
|turn|7
|inactive|Kollin7 has 270 seconds left.
|inactive|RedCrimp has 270 seconds left.
|
|t:|1730234750
|switch|p1a: Skarmory|Skarmory, M|81/100
|switch|p2a: Forretress|Forretress, F|99/100
|
|-weather|Sandstorm|[upkeep]
|-heal|p1a: Skarmory|87/100|[from] item: Leftovers
|-heal|p2a: Forretress|100/100|[from] item: Leftovers
|upkeep
|turn|8
|
|t:|1730234754
|switch|p1a: Charizard|Charizard, M|51/100
|move|p2a: Forretress|Spikes|p1a: Charizard
|-sidestart|p1: Kollin7|Spikes
|
|-weather|Sandstorm|[upkeep]
|-damage|p1a: Charizard|45/100|[from] Sandstorm
|-heal|p1a: Charizard|51/100|[from] item: Leftovers
|upkeep
|turn|9
|inactive|Kollin7 has 270 seconds left.
|inactive|RedCrimp has 240 seconds left.
|
|t:|1730234786
|switch|p2a: Salamence|Salamence, M|100/100
|-ability|p2a: Salamence|Intimidate|boost
|-unboost|p1a: Charizard|atk|1
|move|p1a: Charizard|Substitute|p1a: Charizard
|-start|p1a: Charizard|Substitute
|-damage|p1a: Charizard|26/100
|
|-weather|Sandstorm|[upkeep]
|-damage|p1a: Charizard|20/100|[from] Sandstorm
|-damage|p2a: Salamence|94/100|[from] Sandstorm
|-heal|p1a: Charizard|26/100|[from] item: Leftovers
|-heal|p2a: Salamence|100/100|[from] item: Leftovers
|upkeep
|turn|10
|inactive|RedCrimp has 240 seconds left.
|
|t:|1730234812
|switch|p2a: Swampert|Swampert, F|100/100
|move|p1a: Charizard|Flamethrower|p2a: Swampert
|-resisted|p2a: Swampert
|-damage|p2a: Swampert|73/100
|
|-weather|Sandstorm|[upkeep]
|-damage|p1a: Charizard|20/100|[from] Sandstorm
|-heal|p1a: Charizard|26/100|[from] item: Leftovers
|-heal|p2a: Swampert|79/100|[from] item: Leftovers
|upkeep
|turn|11
|inactive|Kollin7 has 270 seconds left.
|
|t:|1730234835
|move|p2a: Swampert|Protect|p2a: Swampert
|-singleturn|p2a: Swampert|Protect
|move|p1a: Charizard|Hidden Power|p2a: Swampert
|-activate|p2a: Swampert|Protect
|
|-weather|Sandstorm|[upkeep]
|-damage|p1a: Charizard|20/100|[from] Sandstorm
|-heal|p1a: Charizard|26/100|[from] item: Leftovers
|-heal|p2a: Swampert|86/100|[from] item: Leftovers
|upkeep
|turn|12
|
|t:|1730234853
|-singleturn|p1a: Charizard|move: Focus Punch
|switch|p2a: Salamence|Salamence, M|100/100
|move|p1a: Charizard|Focus Punch|p2a: Salamence
|-resisted|p2a: Salamence
|-damage|p2a: Salamence|89/100
|
|-weather|Sandstorm|[upkeep]
|-damage|p2a: Salamence|83/100|[from] Sandstorm
|-damage|p1a: Charizard|20/100|[from] Sandstorm
|-heal|p2a: Salamence|89/100|[from] item: Leftovers
|-heal|p1a: Charizard|26/100|[from] item: Leftovers
|upkeep
|turn|13
|
|t:|1730234862
|move|p1a: Charizard|Flamethrower|p2a: Salamence
|-resisted|p2a: Salamence
|-damage|p2a: Salamence|40/100
|move|p2a: Salamence|Dragon Claw|p1a: Charizard
|-end|p1a: Charizard|Substitute
|
|-weather|Sandstorm|[upkeep]
|-damage|p1a: Charizard|20/100|[from] Sandstorm
|-damage|p2a: Salamence|34/100|[from] Sandstorm
|-heal|p2a: Salamence|40/100|[from] item: Leftovers
|-heal|p1a: Charizard|26/100|[from] item: Leftovers
|upkeep
|turn|14
|inactive|Kollin7 has 270 seconds left.
|inactive|RedCrimp has 210 seconds left.
|inactive|Kollin7 has 240 seconds left.
|inactive|RedCrimp has 180 seconds left.
|
|t:|1730234937
|move|p1a: Charizard|Flamethrower|p2a: Salamence
|-resisted|p2a: Salamence
|-damage|p2a: Salamence|0 fnt
|faint|p2a: Salamence
|
|t:|1730234940
|switch|p2a: Tyranitar|Tyranitar, F|100/100
|
|-weather|Sandstorm|[upkeep]
|-damage|p1a: Charizard|20/100|[from] Sandstorm
|-heal|p1a: Charizard|26/100|[from] item: Leftovers
|upkeep
|turn|15
|
|t:|1730234949
|move|p1a: Charizard|Hidden Power|p2a: Tyranitar
|-supereffective|p2a: Tyranitar
|-damage|p2a: Tyranitar|69/100
|move|p2a: Tyranitar|Pursuit|p1a: Charizard
|-damage|p1a: Charizard|2/100
|
|-weather|Sandstorm|[upkeep]
|-damage|p1a: Charizard|0 fnt|[from] Sandstorm
|faint|p1a: Charizard
|-heal|p2a: Tyranitar|75/100|[from] item: Leftovers
|upkeep
|
|t:|1730234953
|switch|p1a: Flygon|Flygon, F|100/100
|turn|16
|
|t:|1730234964
|switch|p2a: Swampert|Swampert, F|86/100
|move|p1a: Flygon|Earthquake|p2a: Swampert
|-crit|p2a: Swampert
|-damage|p2a: Swampert|30/100
|
|-weather|Sandstorm|[upkeep]
|-heal|p2a: Swampert|37/100|[from] item: Leftovers
|upkeep
|turn|17
|inactive|RedCrimp has 180 seconds left.
|inactive|Kollin7 has 240 seconds left.
|inactive|Kollin7 has 210 seconds left.
|
|t:|1730235019
|switch|p1a: Skarmory|Skarmory, M|87/100
|move|p2a: Swampert|Protect||[still]
|-fail|p2a: Swampert
|
|-weather|Sandstorm|[upkeep]
|-heal|p1a: Skarmory|93/100|[from] item: Leftovers
|-heal|p2a: Swampert|43/100|[from] item: Leftovers
|upkeep
|turn|18
|inactive|Kollin7 has 210 seconds left.
|inactive|RedCrimp has 180 seconds left.
|
|t:|1730235024
|switch|p2a: Forretress|Forretress, F|100/100
|move|p1a: Skarmory|Spikes|p2a: Forretress
|-sidestart|p2: RedCrimp|Spikes
|
|-weather|Sandstorm|[upkeep]
|-heal|p1a: Skarmory|99/100|[from] item: Leftovers
|upkeep
|turn|19
|
|t:|1730235029
|move|p1a: Skarmory|Drill Peck|p2a: Forretress
|-damage|p2a: Forretress|84/100
|move|p2a: Forretress|Rapid Spin|p1a: Skarmory
|-resisted|p1a: Skarmory
|-damage|p1a: Skarmory|98/100
|-sideend|p2: RedCrimp|Spikes|[from] move: Rapid Spin|[of] p2a: Forretress
|
|-weather|Sandstorm|[upkeep]
|-heal|p1a: Skarmory|100/100|[from] item: Leftovers
|-heal|p2a: Forretress|91/100|[from] item: Leftovers
|upkeep
|turn|20
|
|t:|1730235037
|move|p1a: Skarmory|Drill Peck|p2a: Forretress
|-damage|p2a: Forretress|75/100
|move|p2a: Forretress|Spikes|p1a: Skarmory
|-sidestart|p1: Kollin7|Spikes
|
|-weather|Sandstorm|[upkeep]
|-heal|p2a: Forretress|81/100|[from] item: Leftovers
|upkeep
|turn|21
|
|t:|1730235043
|move|p1a: Skarmory|Drill Peck|p2a: Forretress
|-damage|p2a: Forretress|64/100
|move|p2a: Forretress|Spikes|p1a: Skarmory
|-sidestart|p1: Kollin7|Spikes
|
|-weather|Sandstorm|[upkeep]
|-heal|p2a: Forretress|70/100|[from] item: Leftovers
|upkeep
|turn|22
|inactive|Kollin7 has 240 seconds left.
|
|t:|1730235048
|move|p1a: Skarmory|Drill Peck|p2a: Forretress
|-damage|p2a: Forretress|52/100
|move|p2a: Forretress|Rapid Spin|p1a: Skarmory
|-resisted|p1a: Skarmory
|-damage|p1a: Skarmory|99/100
|
|-weather|Sandstorm|[upkeep]
|-heal|p1a: Skarmory|100/100|[from] item: Leftovers
|-heal|p2a: Forretress|59/100|[from] item: Leftovers
|upkeep
|turn|23
|
|t:|1730235051
|switch|p2a: Jirachi|Jirachi|100/100
|move|p1a: Skarmory|Spikes|p2a: Jirachi
|-sidestart|p2: RedCrimp|Spikes
|
|-weather|Sandstorm|[upkeep]
|upkeep
|turn|24
|
|t:|1730235058
|switch|p1a: Celebi|Celebi|100/100
|-damage|p1a: Celebi|75/100|[from] Spikes
|move|p2a: Jirachi|Wish|p2a: Jirachi
|
|-weather|Sandstorm|[upkeep]
|-damage|p1a: Celebi|69/100|[from] Sandstorm
|-heal|p1a: Celebi|75/100|[from] item: Leftovers
|upkeep
|turn|25
|
|t:|1730235066
|move|p1a: Celebi|Leech Seed|p2a: Jirachi
|-start|p2a: Jirachi|move: Leech Seed
|move|p2a: Jirachi|Fire Punch|p1a: Celebi
|-supereffective|p1a: Celebi
|-damage|p1a: Celebi|53/100
|
|-weather|Sandstorm|[upkeep]
|-damage|p1a: Celebi|47/100|[from] Sandstorm
|-heal|p1a: Celebi|53/100|[from] item: Leftovers
|-damage|p2a: Jirachi|88/100|[from] Leech Seed|[of] p1a: Celebi
|-heal|p1a: Celebi|65/100|[silent]
|upkeep
|turn|26
|inactive|Kollin7 has 270 seconds left.
|inactive|RedCrimp has 240 seconds left.
|
|t:|1730235080
|switch|p2a: Blissey|Blissey, F|86/100
|-damage|p2a: Blissey|74/100|[from] Spikes
|move|p1a: Celebi|Leech Seed|p2a: Blissey
|-start|p2a: Blissey|move: Leech Seed
|
|-weather|Sandstorm|[upkeep]
|-damage|p1a: Celebi|59/100|[from] Sandstorm
|-damage|p2a: Blissey|68/100|[from] Sandstorm
|-heal|p1a: Celebi|65/100|[from] item: Leftovers
|-heal|p2a: Blissey|74/100|[from] item: Leftovers
|-damage|p2a: Blissey|61/100|[from] Leech Seed|[of] p1a: Celebi
|-heal|p1a: Celebi|85/100|[silent]
|upkeep
|turn|27
|inactive|Kollin7 has 270 seconds left.
|inactive|RedCrimp has 240 seconds left.
|
|t:|1730235105
|switch|p1a: Tyranitar|Tyranitar, M|100/100
|-damage|p1a: Tyranitar|75/100|[from] Spikes
|move|p2a: Blissey|Soft-Boiled|p2a: Blissey
|-heal|p2a: Blissey|100/100
|
|-weather|Sandstorm|[upkeep]
|-damage|p2a: Blissey|94/100|[from] Sandstorm
|-heal|p2a: Blissey|100/100|[from] item: Leftovers
|-damage|p2a: Blissey|88/100|[from] Leech Seed|[of] p1a: Tyranitar
|-heal|p1a: Tyranitar|96/100|[silent]
|-heal|p1a: Tyranitar|100/100|[from] item: Leftovers
|upkeep
|turn|28
|inactive|RedCrimp has 240 seconds left.
|inactive|Kollin7 has 240 seconds left.
|
|t:|1730235145
|switch|p2a: Jirachi|Jirachi|88/100
|-damage|p2a: Jirachi|76/100|[from] Spikes
|move|p1a: Tyranitar|Crunch|p2a: Jirachi
|-damage|p2a: Jirachi|55/100
|
|-weather|Sandstorm|[upkeep]
|-heal|p2a: Jirachi|61/100|[from] item: Leftovers
|upkeep
|turn|29
|inactive|Kollin7 has 210 seconds left.
|
|t:|1730235185
|switch|p1a: Celebi|Celebi|85/100
|-damage|p1a: Celebi|60/100|[from] Spikes
|move|p2a: Jirachi|Protect||[still]
|-fail|p2a: Jirachi
|
|-weather|Sandstorm|[upkeep]
|-damage|p1a: Celebi|54/100|[from] Sandstorm
|-heal|p1a: Celebi|60/100|[from] item: Leftovers
|-heal|p2a: Jirachi|67/100|[from] item: Leftovers
|upkeep
|turn|30
|
|t:|1730235204
|move|p1a: Celebi|Leech Seed|p2a: Jirachi
|-start|p2a: Jirachi|move: Leech Seed
|move|p2a: Jirachi|Wish|p2a: Jirachi
|
|-weather|Sandstorm|[upkeep]
|-damage|p1a: Celebi|54/100|[from] Sandstorm
|-heal|p1a: Celebi|60/100|[from] item: Leftovers
|-heal|p2a: Jirachi|74/100|[from] item: Leftovers
|-damage|p2a: Jirachi|61/100|[from] Leech Seed|[of] p1a: Celebi
|-heal|p1a: Celebi|73/100|[silent]
|upkeep
|turn|31
|inactive|RedCrimp has 240 seconds left.
|inactive|Kollin7 has 180 seconds left.
|inactive|Kollin7 has 150 seconds left.
|inactive|Kollin7 has 120 seconds left.
|
|t:|1730235292
|move|p1a: Celebi|Leech Seed||[still]
|-fail|p1a: Celebi
|move|p2a: Jirachi|Fire Punch|p1a: Celebi
|-supereffective|p1a: Celebi
|-damage|p1a: Celebi|47/100
|
|-heal|p2a: Jirachi|100/100|[from] move: Wish|[wisher] Jirachi
|-weather|Sandstorm|[upkeep]
|-damage|p1a: Celebi|41/100|[from] Sandstorm
|-heal|p1a: Celebi|47/100|[from] item: Leftovers
|-damage|p2a: Jirachi|88/100|[from] Leech Seed|[of] p1a: Celebi
|-heal|p1a: Celebi|59/100|[silent]
|upkeep
|turn|32
|inactive|RedCrimp has 240 seconds left.
|
|t:|1730235302
|move|p1a: Celebi|Recover|p1a: Celebi
|-heal|p1a: Celebi|100/100
|move|p2a: Jirachi|Wish|p2a: Jirachi
|
|-weather|Sandstorm|[upkeep]
|-damage|p1a: Celebi|94/100|[from] Sandstorm
|-heal|p1a: Celebi|100/100|[from] item: Leftovers
|-heal|p2a: Jirachi|94/100|[from] item: Leftovers
|-damage|p2a: Jirachi|82/100|[from] Leech Seed|[of] p1a: Celebi
|upkeep
|turn|33
|
|t:|1730235307
|move|p1a: Celebi|Leech Seed||[still]
|-fail|p1a: Celebi
|move|p2a: Jirachi|Fire Punch|p1a: Celebi
|-supereffective|p1a: Celebi
|-damage|p1a: Celebi|76/100
|-status|p1a: Celebi|brn
|
|-heal|p2a: Jirachi|100/100|[from] move: Wish|[wisher] Jirachi
|-weather|Sandstorm|[upkeep]
|-damage|p1a: Celebi|70/100 brn|[from] Sandstorm
|-heal|p1a: Celebi|76/100 brn|[from] item: Leftovers
|-damage|p1a: Celebi|64/100 brn|[from] brn
|-damage|p2a: Jirachi|88/100|[from] Leech Seed|[of] p1a: Celebi
|-heal|p1a: Celebi|76/100 brn|[silent]
|upkeep
|turn|34
|inactive|RedCrimp has 240 seconds left.
|
|t:|1730235332
|-curestatus|p1a: Celebi|brn|[from] ability: Natural Cure
|switch|p1a: Skarmory|Skarmory, M|100/100
|move|p2a: Jirachi|Wish|p2a: Jirachi
|
|-weather|Sandstorm|[upkeep]
|-heal|p2a: Jirachi|94/100|[from] item: Leftovers
|-damage|p2a: Jirachi|82/100|[from] Leech Seed|[of] p1a: Skarmory
|upkeep
|turn|35
|inactive|RedCrimp has 240 seconds left.
|
|t:|1730235351
|switch|p2a: Forretress|Forretress, F|59/100
|-damage|p2a: Forretress|46/100|[from] Spikes
|move|p1a: Skarmory|Spikes|p2a: Forretress
|-sidestart|p2: RedCrimp|Spikes
|
|-heal|p2a: Forretress|96/100|[from] move: Wish|[wisher] Jirachi
|-weather|Sandstorm|[upkeep]
|-heal|p2a: Forretress|100/100|[from] item: Leftovers
|upkeep
|turn|36
|
|t:|1730235358
|move|p1a: Skarmory|Drill Peck|p2a: Forretress
|-damage|p2a: Forretress|84/100
|move|p2a: Forretress|Rapid Spin|p1a: Skarmory
|-resisted|p1a: Skarmory
|-damage|p1a: Skarmory|99/100
|-sideend|p2: RedCrimp|Spikes|[from] move: Rapid Spin|[of] p2a: Forretress
|
|-weather|Sandstorm|[upkeep]
|-heal|p1a: Skarmory|100/100|[from] item: Leftovers
|-heal|p2a: Forretress|90/100|[from] item: Leftovers
|upkeep
|turn|37
|
|t:|1730235368
|switch|p2a: Jirachi|Jirachi|82/100
|move|p1a: Skarmory|Spikes|p2a: Jirachi
|-sidestart|p2: RedCrimp|Spikes
|
|-weather|Sandstorm|[upkeep]
|-heal|p2a: Jirachi|88/100|[from] item: Leftovers
|upkeep
|turn|38
|
|t:|1730235381
|switch|p1a: Celebi|Celebi|76/100
|-damage|p1a: Celebi|51/100|[from] Spikes
|move|p2a: Jirachi|Fire Punch|p1a: Celebi
|-supereffective|p1a: Celebi
|-damage|p1a: Celebi|28/100
|
|-weather|Sandstorm|[upkeep]
|-damage|p1a: Celebi|22/100|[from] Sandstorm
|-heal|p1a: Celebi|28/100|[from] item: Leftovers
|-heal|p2a: Jirachi|94/100|[from] item: Leftovers
|upkeep
|turn|39
|
|t:|1730235391
|move|p1a: Celebi|Recover|p1a: Celebi
|-heal|p1a: Celebi|78/100
|move|p2a: Jirachi|Fire Punch|p1a: Celebi
|-supereffective|p1a: Celebi
|-crit|p1a: Celebi
|-damage|p1a: Celebi|32/100
|
|-weather|Sandstorm|[upkeep]
|-damage|p1a: Celebi|26/100|[from] Sandstorm
|-heal|p1a: Celebi|32/100|[from] item: Leftovers
|-heal|p2a: Jirachi|100/100|[from] item: Leftovers
|upkeep
|turn|40
|inactive|RedCrimp has 270 seconds left.
|
|t:|1730235405
|move|p1a: Celebi|Recover|p1a: Celebi
|-heal|p1a: Celebi|82/100
|move|p2a: Jirachi|Fire Punch|p1a: Celebi
|-supereffective|p1a: Celebi
|-damage|p1a: Celebi|58/100
|
|-weather|Sandstorm|[upkeep]
|-damage|p1a: Celebi|52/100|[from] Sandstorm
|-heal|p1a: Celebi|58/100|[from] item: Leftovers
|upkeep
|turn|41
|inactive|RedCrimp has 270 seconds left.
|
|t:|1730235413
|move|p1a: Celebi|Leech Seed|p2a: Jirachi
|-start|p2a: Jirachi|move: Leech Seed
|move|p2a: Jirachi|Fire Punch|p1a: Celebi
|-supereffective|p1a: Celebi
|-damage|p1a: Celebi|32/100
|
|-weather|Sandstorm|[upkeep]
|-damage|p1a: Celebi|26/100|[from] Sandstorm
|-heal|p1a: Celebi|32/100|[from] item: Leftovers
|-damage|p2a: Jirachi|88/100|[from] Leech Seed|[of] p1a: Celebi
|-heal|p1a: Celebi|45/100|[silent]
|upkeep
|turn|42
|
|t:|1730235423
|move|p1a: Celebi|Recover|p1a: Celebi
|-heal|p1a: Celebi|95/100
|move|p2a: Jirachi|Wish|p2a: Jirachi
|
|-weather|Sandstorm|[upkeep]
|-damage|p1a: Celebi|89/100|[from] Sandstorm
|-heal|p1a: Celebi|95/100|[from] item: Leftovers
|-heal|p2a: Jirachi|94/100|[from] item: Leftovers
|-damage|p2a: Jirachi|82/100|[from] Leech Seed|[of] p1a: Celebi
|-heal|p1a: Celebi|100/100|[silent]
|upkeep
|turn|43
|
|t:|1730235430
|switch|p2a: Tyranitar|Tyranitar, F|75/100
|-damage|p2a: Tyranitar|62/100|[from] Spikes
|move|p1a: Celebi|Leech Seed|p2a: Tyranitar
|-start|p2a: Tyranitar|move: Leech Seed
|
|-heal|p2a: Tyranitar|100/100|[from] move: Wish|[wisher] Jirachi
|-weather|Sandstorm|[upkeep]
|-damage|p1a: Celebi|94/100|[from] Sandstorm
|-heal|p1a: Celebi|100/100|[from] item: Leftovers
|-damage|p2a: Tyranitar|88/100|[from] Leech Seed|[of] p1a: Celebi
|upkeep
|turn|44
|
|t:|1730235441
|switch|p2a: Jirachi|Jirachi|82/100
|-damage|p2a: Jirachi|70/100|[from] Spikes
|move|p1a: Celebi|Hidden Power|p2a: Jirachi
|-resisted|p2a: Jirachi
|-damage|p2a: Jirachi|61/100
|
|-weather|Sandstorm|[upkeep]
|-damage|p1a: Celebi|94/100|[from] Sandstorm
|-heal|p1a: Celebi|100/100|[from] item: Leftovers
|-heal|p2a: Jirachi|68/100|[from] item: Leftovers
|upkeep
|turn|45
|
|t:|1730235448
|switch|p1a: Flygon|Flygon, F|100/100
|move|p2a: Jirachi|Protect||[still]
|-fail|p2a: Jirachi
|
|-weather|Sandstorm|[upkeep]
|-heal|p2a: Jirachi|74/100|[from] item: Leftovers
|upkeep
|turn|46
|
|t:|1730235453
|move|p2a: Jirachi|Protect|p2a: Jirachi
|-singleturn|p2a: Jirachi|Protect
|move|p1a: Flygon|Earthquake|p2a: Jirachi
|-activate|p2a: Jirachi|Protect
|
|-weather|Sandstorm|[upkeep]
|-heal|p2a: Jirachi|80/100|[from] item: Leftovers
|upkeep
|turn|47
|inactive|RedCrimp has 270 seconds left.
|
|t:|1730235484
|move|p1a: Flygon|Earthquake|p2a: Jirachi
|-supereffective|p2a: Jirachi
|-damage|p2a: Jirachi|12/100
|move|p2a: Jirachi|Body Slam|p1a: Flygon
|-damage|p1a: Flygon|74/100
|
|-weather|Sandstorm|[upkeep]
|-heal|p1a: Flygon|80/100|[from] item: Leftovers
|-heal|p2a: Jirachi|19/100|[from] item: Leftovers
|upkeep
|turn|48
|
|t:|1730235492
|move|p2a: Jirachi|Protect|p2a: Jirachi
|-singleturn|p2a: Jirachi|Protect
|move|p1a: Flygon|Earthquake|p2a: Jirachi
|-activate|p2a: Jirachi|Protect
|
|-weather|Sandstorm|[upkeep]
|-heal|p1a: Flygon|86/100|[from] item: Leftovers
|-heal|p2a: Jirachi|25/100|[from] item: Leftovers
|upkeep
|turn|49
|
|t:|1730235502
|switch|p2a: Forretress|Forretress, F|90/100
|-damage|p2a: Forretress|77/100|[from] Spikes
|move|p1a: Flygon|Earthquake|p2a: Forretress
|-damage|p2a: Forretress|44/100
|
|-weather|Sandstorm|[upkeep]
|-heal|p1a: Flygon|92/100|[from] item: Leftovers
|-heal|p2a: Forretress|50/100|[from] item: Leftovers
|upkeep
|turn|50
|inactive|Kollin7 has 210 seconds left.
|inactive|Kollin7 has 180 seconds left.
|
|t:|1730235575
|switch|p1a: Skarmory|Skarmory, M|100/100
|move|p2a: Forretress|Rapid Spin|p1a: Skarmory
|-resisted|p1a: Skarmory
|-damage|p1a: Skarmory|99/100
|-sideend|p2: RedCrimp|Spikes|[from] move: Rapid Spin|[of] p2a: Forretress
|
|-weather|Sandstorm|[upkeep]
|-heal|p1a: Skarmory|100/100|[from] item: Leftovers
|-heal|p2a: Forretress|56/100|[from] item: Leftovers
|upkeep
|turn|51
|
|t:|1730235590
|switch|p1a: Flygon|Flygon, F|92/100
|switch|p2a: Jirachi|Jirachi|25/100
|
|-weather|Sandstorm|[upkeep]
|-heal|p1a: Flygon|98/100|[from] item: Leftovers
|-heal|p2a: Jirachi|31/100|[from] item: Leftovers
|upkeep
|turn|52
|
|t:|1730235596
|move|p2a: Jirachi|Protect|p2a: Jirachi
|-singleturn|p2a: Jirachi|Protect
|move|p1a: Flygon|Earthquake|p2a: Jirachi
|-activate|p2a: Jirachi|Protect
|
|-weather|Sandstorm|[upkeep]
|-heal|p1a: Flygon|100/100|[from] item: Leftovers
|-heal|p2a: Jirachi|37/100|[from] item: Leftovers
|upkeep
|turn|53
|inactive|RedCrimp has 270 seconds left.
|
|t:|1730235638
|switch|p2a: Swampert|Swampert, F|43/100
|move|p1a: Flygon|Earthquake|p2a: Swampert
|-damage|p2a: Swampert|12/100
|
|-weather|Sandstorm|[upkeep]
|-heal|p2a: Swampert|19/100|[from] item: Leftovers
|upkeep
|turn|54
|
|t:|1730235649
|move|p2a: Swampert|Protect|p2a: Swampert
|-singleturn|p2a: Swampert|Protect
|move|p1a: Flygon|Earthquake|p2a: Swampert
|-activate|p2a: Swampert|Protect
|
|-weather|Sandstorm|[upkeep]
|-heal|p2a: Swampert|25/100|[from] item: Leftovers
|upkeep
|turn|55
|
|t:|1730235664
|move|p2a: Swampert|Protect|p2a: Swampert
|-singleturn|p2a: Swampert|Protect
|move|p1a: Flygon|Earthquake|p2a: Swampert
|-activate|p2a: Swampert|Protect
|
|-weather|Sandstorm|[upkeep]
|-heal|p2a: Swampert|31/100|[from] item: Leftovers
|upkeep
|turn|56
|inactive|Kollin7 has 210 seconds left.
|inactive|Kollin7 has 180 seconds left.
|
|t:|1730235708
|switch|p1a: Skarmory|Skarmory, M|100/100
|move|p2a: Swampert|Rest|p2a: Swampert
|-status|p2a: Swampert|slp|[from] move: Rest
|-heal|p2a: Swampert|100/100 slp|[silent]
|
|-weather|Sandstorm|[upkeep]
|upkeep
|turn|57
|inactive|Kollin7 has 180 seconds left.
|
|t:|1730235716
|switch|p2a: Jirachi|Jirachi|37/100
|move|p1a: Skarmory|Spikes|p2a: Jirachi
|-sidestart|p2: RedCrimp|Spikes
|
|-weather|Sandstorm|[upkeep]
|-heal|p2a: Jirachi|43/100|[from] item: Leftovers
|upkeep
|turn|58
|inactive|RedCrimp has 270 seconds left.
|inactive|Kollin7 has 180 seconds left.
|
|t:|1730235726
|move|p2a: Jirachi|Wish|p2a: Jirachi
|move|p1a: Skarmory|Spikes|p2a: Jirachi
|-sidestart|p2: RedCrimp|Spikes
|
|-weather|Sandstorm|[upkeep]
|-heal|p2a: Jirachi|50/100|[from] item: Leftovers
|upkeep
|turn|59
|
|t:|1730235733
|move|p2a: Jirachi|Fire Punch|p1a: Skarmory
|-supereffective|p1a: Skarmory
|-damage|p1a: Skarmory|67/100
|move|p1a: Skarmory|Spikes|p2a: Jirachi
|-sidestart|p2: RedCrimp|Spikes
|
|-heal|p2a: Jirachi|99/100|[from] move: Wish|[wisher] Jirachi
|-weather|Sandstorm|[upkeep]
|-heal|p2a: Jirachi|100/100|[from] item: Leftovers
|-heal|p1a: Skarmory|73/100|[from] item: Leftovers
|upkeep
|turn|60
|
|t:|1730235742
|move|p2a: Jirachi|Wish|p2a: Jirachi
|move|p1a: Skarmory|Roar|p2a: Jirachi
|drag|p2a: Blissey|Blissey, F|88/100
|-damage|p2a: Blissey|63/100|[from] Spikes
|
|-weather|Sandstorm|[upkeep]
|-damage|p2a: Blissey|57/100|[from] Sandstorm
|-heal|p1a: Skarmory|79/100|[from] item: Leftovers
|-heal|p2a: Blissey|63/100|[from] item: Leftovers
|upkeep
|turn|61
|inactive|Kollin7 has 180 seconds left.
|
|t:|1730235785
|switch|p1a: Celebi|Celebi|100/100
|-damage|p1a: Celebi|75/100|[from] Spikes
|move|p2a: Blissey|Ice Beam|p1a: Celebi
|-supereffective|p1a: Celebi
|-damage|p1a: Celebi|41/100
|
|-heal|p2a: Blissey|100/100|[from] move: Wish|[wisher] Jirachi
|-weather|Sandstorm|[upkeep]
|-damage|p1a: Celebi|35/100|[from] Sandstorm
|-damage|p2a: Blissey|94/100|[from] Sandstorm
|-heal|p1a: Celebi|41/100|[from] item: Leftovers
|-heal|p2a: Blissey|100/100|[from] item: Leftovers
|upkeep
|turn|62
|inactive|RedCrimp has 270 seconds left.
|
|t:|1730235809
|move|p1a: Celebi|Recover|p1a: Celebi
|-heal|p1a: Celebi|91/100
|move|p2a: Blissey|Ice Beam|p1a: Celebi
|-supereffective|p1a: Celebi
|-damage|p1a: Celebi|54/100
|
|-weather|Sandstorm|[upkeep]
|-damage|p1a: Celebi|48/100|[from] Sandstorm
|-damage|p2a: Blissey|94/100|[from] Sandstorm
|-heal|p1a: Celebi|54/100|[from] item: Leftovers
|-heal|p2a: Blissey|100/100|[from] item: Leftovers
|upkeep
|turn|63
|
|t:|1730235816
|move|p1a: Celebi|Leech Seed|p2a: Blissey
|-start|p2a: Blissey|move: Leech Seed
|move|p2a: Blissey|Ice Beam|p1a: Celebi
|-supereffective|p1a: Celebi
|-damage|p1a: Celebi|19/100
|
|-weather|Sandstorm|[upkeep]
|-damage|p1a: Celebi|13/100|[from] Sandstorm
|-damage|p2a: Blissey|94/100|[from] Sandstorm
|-heal|p1a: Celebi|19/100|[from] item: Leftovers
|-heal|p2a: Blissey|100/100|[from] item: Leftovers
|-damage|p2a: Blissey|88/100|[from] Leech Seed|[of] p1a: Celebi
|-heal|p1a: Celebi|39/100|[silent]
|upkeep
|turn|64
|inactive|Kollin7 has 180 seconds left.
|inactive|Kollin7 has 150 seconds left.
|
|t:|1730235859
|switch|p2a: Jirachi|Jirachi|100/100
|-damage|p2a: Jirachi|75/100|[from] Spikes
|move|p1a: Celebi|Recover|p1a: Celebi
|-heal|p1a: Celebi|89/100
|
|-weather|Sandstorm|[upkeep]
|-damage|p1a: Celebi|83/100|[from] Sandstorm
|-heal|p1a: Celebi|89/100|[from] item: Leftovers
|-heal|p2a: Jirachi|82/100|[from] item: Leftovers
|upkeep
|turn|65
|inactive|Kollin7 has 150 seconds left.
|
|t:|1730235876
|move|p1a: Celebi|Leech Seed|p2a: Jirachi
|-start|p2a: Jirachi|move: Leech Seed
|move|p2a: Jirachi|Wish|p2a: Jirachi
|
|-weather|Sandstorm|[upkeep]
|-damage|p1a: Celebi|83/100|[from] Sandstorm
|-heal|p1a: Celebi|89/100|[from] item: Leftovers
|-heal|p2a: Jirachi|88/100|[from] item: Leftovers
|-damage|p2a: Jirachi|75/100|[from] Leech Seed|[of] p1a: Celebi
|-heal|p1a: Celebi|100/100|[silent]
|upkeep
|turn|66
|inactive|Kollin7 has 150 seconds left.
|
|t:|1730235887
|switch|p1a: Tyranitar|Tyranitar, M|100/100
|-damage|p1a: Tyranitar|75/100|[from] Spikes
|switch|p2a: Forretress|Forretress, F|56/100
|-damage|p2a: Forretress|32/100|[from] Spikes
|
|-heal|p2a: Forretress|82/100|[from] move: Wish|[wisher] Jirachi
|-weather|Sandstorm|[upkeep]
|-heal|p1a: Tyranitar|82/100|[from] item: Leftovers
|-heal|p2a: Forretress|88/100|[from] item: Leftovers
|upkeep
|turn|67
|inactive|Kollin7 has 150 seconds left.
|inactive|RedCrimp has 270 seconds left.
|
|t:|1730235933
|-singleturn|p1a: Tyranitar|move: Focus Punch
|switch|p2a: Tyranitar|Tyranitar, F|88/100
|-damage|p2a: Tyranitar|63/100|[from] Spikes
|move|p1a: Tyranitar|Focus Punch|p2a: Tyranitar
|-supereffective|p2a: Tyranitar
|-damage|p2a: Tyranitar|0 fnt
|faint|p2a: Tyranitar
|c|☆RedCrimp|wp
|
|t:|1730235943
|switch|p2a: Forretress|Forretress, F|88/100
|-damage|p2a: Forretress|63/100|[from] Spikes
|
|-weather|Sandstorm|[upkeep]
|-heal|p1a: Tyranitar|88/100|[from] item: Leftovers
|-heal|p2a: Forretress|69/100|[from] item: Leftovers
|upkeep
|turn|68
|
|t:|1730235954
|move|p1a: Tyranitar|Crunch|p2a: Forretress
|-resisted|p2a: Forretress
|-crit|p2a: Forretress
|-damage|p2a: Forretress|34/100
|-unboost|p2a: Forretress|spd|1
|move|p2a: Forretress|Rapid Spin|p1a: Tyranitar
|-resisted|p1a: Tyranitar
|-damage|p1a: Tyranitar|87/100
|-sideend|p2: RedCrimp|Spikes|[from] move: Rapid Spin|[of] p2a: Forretress
|
|-weather|Sandstorm|[upkeep]
|-heal|p1a: Tyranitar|93/100|[from] item: Leftovers
|-heal|p2a: Forretress|40/100|[from] item: Leftovers
|upkeep
|turn|69
|inactive|Kollin7 has 120 seconds left.
|
|t:|1730235984
|-activate|p2a: Forretress|move: Pursuit
|move|p1a: Tyranitar|Pursuit|p2a: Forretress|[from]Pursuit
|-resisted|p2a: Forretress
|-damage|p2a: Forretress|15/100
|switch|p2a: Jirachi|Jirachi|75/100
|
|-weather|Sandstorm|[upkeep]
|-heal|p2a: Jirachi|82/100|[from] item: Leftovers
|-heal|p1a: Tyranitar|99/100|[from] item: Leftovers
|upkeep
|turn|70
|
|t:|1730236008
|move|p2a: Jirachi|Fire Punch|p1a: Tyranitar
|-resisted|p1a: Tyranitar
|-damage|p1a: Tyranitar|92/100
|move|p1a: Tyranitar|Crunch|p2a: Jirachi
|-damage|p2a: Jirachi|61/100
|
|-weather|Sandstorm|[upkeep]
|-heal|p2a: Jirachi|67/100|[from] item: Leftovers
|-heal|p1a: Tyranitar|98/100|[from] item: Leftovers
|upkeep
|turn|71
|inactive|Kollin7 has 90 seconds left.
|
|t:|1730236046
|move|p2a: Jirachi|Wish|p2a: Jirachi
|move|p1a: Tyranitar|Crunch|p2a: Jirachi
|-crit|p2a: Jirachi
|-damage|p2a: Jirachi|18/100
|
|-weather|Sandstorm|[upkeep]
|-heal|p2a: Jirachi|24/100|[from] item: Leftovers
|-heal|p1a: Tyranitar|100/100|[from] item: Leftovers
|upkeep
|turn|72
|inactive|Kollin7 has 60 seconds left.
|
|t:|1730236080
|switch|p1a: Skarmory|Skarmory, M|79/100
|move|p2a: Jirachi|Protect||[still]
|-fail|p2a: Jirachi
|
|-heal|p2a: Jirachi|74/100|[from] move: Wish|[wisher] Jirachi
|-weather|Sandstorm|[upkeep]
|-heal|p2a: Jirachi|80/100|[from] item: Leftovers
|-heal|p1a: Skarmory|85/100|[from] item: Leftovers
|upkeep
|turn|73
|
|t:|1730236088
|move|p2a: Jirachi|Fire Punch|p1a: Skarmory
|-supereffective|p1a: Skarmory
|-damage|p1a: Skarmory|51/100
|move|p1a: Skarmory|Spikes|p2a: Jirachi
|-sidestart|p2: RedCrimp|Spikes
|
|-weather|Sandstorm|[upkeep]
|-heal|p2a: Jirachi|86/100|[from] item: Leftovers
|-heal|p1a: Skarmory|57/100|[from] item: Leftovers
|upkeep
|turn|74
|
|t:|1730236097
|move|p2a: Jirachi|Fire Punch|p1a: Skarmory
|-supereffective|p1a: Skarmory
|-damage|p1a: Skarmory|25/100
|move|p1a: Skarmory|Spikes|p2a: Jirachi
|-sidestart|p2: RedCrimp|Spikes
|
|-weather|Sandstorm|[upkeep]
|-heal|p2a: Jirachi|93/100|[from] item: Leftovers
|-heal|p1a: Skarmory|31/100|[from] item: Leftovers
|upkeep
|turn|75
|inactive|RedCrimp has 270 seconds left.
|
|t:|1730236104
|move|p1a: Skarmory|Protect|p1a: Skarmory
|-singleturn|p1a: Skarmory|Protect
|move|p2a: Jirachi|Fire Punch|p1a: Skarmory
|-activate|p1a: Skarmory|Protect
|
|-weather|Sandstorm|[upkeep]
|-heal|p2a: Jirachi|99/100|[from] item: Leftovers
|-heal|p1a: Skarmory|37/100|[from] item: Leftovers
|upkeep
|turn|76
|
|t:|1730236123
|switch|p1a: Celebi|Celebi|100/100
|-damage|p1a: Celebi|75/100|[from] Spikes
|move|p2a: Jirachi|Fire Punch|p1a: Celebi
|-supereffective|p1a: Celebi
|-damage|p1a: Celebi|52/100
|
|-weather|Sandstorm|[upkeep]
|-damage|p1a: Celebi|46/100|[from] Sandstorm
|-heal|p1a: Celebi|52/100|[from] item: Leftovers
|-heal|p2a: Jirachi|100/100|[from] item: Leftovers
|upkeep
|turn|77
|
|t:|1730236131
|move|p1a: Celebi|Recover|p1a: Celebi
|-heal|p1a: Celebi|100/100
|move|p2a: Jirachi|Fire Punch|p1a: Celebi
|-supereffective|p1a: Celebi
|-damage|p1a: Celebi|78/100
|
|-weather|Sandstorm|[upkeep]
|-damage|p1a: Celebi|72/100|[from] Sandstorm
|-heal|p1a: Celebi|78/100|[from] item: Leftovers
|upkeep
|turn|78
|
|t:|1730236138
|move|p1a: Celebi|Leech Seed|p2a: Jirachi
|-start|p2a: Jirachi|move: Leech Seed
|move|p2a: Jirachi|Body Slam|p1a: Celebi
|-crit|p1a: Celebi
|-damage|p1a: Celebi|49/100
|-status|p1a: Celebi|par
|
|-weather|Sandstorm|[upkeep]
|-damage|p1a: Celebi|43/100 par|[from] Sandstorm
|-damage|p2a: Jirachi|88/100|[from] Leech Seed|[of] p1a: Celebi
|-heal|p1a: Celebi|55/100 par|[silent]
|-heal|p1a: Celebi|61/100 par|[from] item: Leftovers
|upkeep
|turn|79
|
|t:|1730236147
|switch|p2a: Blissey|Blissey, F|88/100
|-damage|p2a: Blissey|71/100|[from] Spikes
|move|p1a: Celebi|Recover|p1a: Celebi
|-heal|p1a: Celebi|100/100 par
|
|-weather|Sandstorm|[upkeep]
|-damage|p2a: Blissey|65/100|[from] Sandstorm
|-damage|p1a: Celebi|94/100 par|[from] Sandstorm
|-heal|p2a: Blissey|71/100|[from] item: Leftovers
|-heal|p1a: Celebi|100/100 par|[from] item: Leftovers
|upkeep
|turn|80
|
|t:|1730236158
|move|p2a: Blissey|Ice Beam|p1a: Celebi
|-supereffective|p1a: Celebi
|-crit|p1a: Celebi
|-damage|p1a: Celebi|27/100 par
|cant|p1a: Celebi|par
|
|-weather|Sandstorm|[upkeep]
|-damage|p2a: Blissey|65/100|[from] Sandstorm
|-damage|p1a: Celebi|21/100 par|[from] Sandstorm
|-heal|p2a: Blissey|71/100|[from] item: Leftovers
|-heal|p1a: Celebi|27/100 par|[from] item: Leftovers
|upkeep
|turn|81
|c|☆Kollin7|i think i deserve that
|inactive|Kollin7 has 90 seconds left.
|c|☆RedCrimp|mb
|inactive|Kollin7 has 60 seconds left.
|
|t:|1730236220
|move|p2a: Blissey|Ice Beam|p1a: Celebi
|-supereffective|p1a: Celebi
|-damage|p1a: Celebi|0 fnt
|faint|p1a: Celebi
|inactive|Kollin7 has 30 seconds left.
|
|t:|1730236253
|switch|p1a: Jirachi|Jirachi|100/100
|-damage|p1a: Jirachi|76/100|[from] Spikes
|
|-weather|Sandstorm|[upkeep]
|-damage|p2a: Blissey|65/100|[from] Sandstorm
|-heal|p1a: Jirachi|82/100|[from] item: Leftovers
|-heal|p2a: Blissey|71/100|[from] item: Leftovers
|upkeep
|turn|82
|inactive|Kollin7 has 30 seconds left.
|
|t:|1730236266
|move|p1a: Jirachi|Dynamic Punch|p2a: Blissey
|-supereffective|p2a: Blissey
|-damage|p2a: Blissey|16/100
|-start|p2a: Blissey|confusion
|-activate|p2a: Blissey|confusion
|-damage|p2a: Blissey|16/100|[from] confusion
|
|-weather|Sandstorm|[upkeep]
|-damage|p2a: Blissey|9/100|[from] Sandstorm
|-heal|p1a: Jirachi|88/100|[from] item: Leftovers
|-heal|p2a: Blissey|16/100|[from] item: Leftovers
|upkeep
|turn|83
|inactive|Kollin7 has 30 seconds left.
|
|t:|1730236287
|move|p1a: Jirachi|Dynamic Punch|p2a: Blissey|[miss]
|-miss|p1a: Jirachi|p2a: Blissey
|-activate|p2a: Blissey|confusion
|move|p2a: Blissey|Soft-Boiled|p2a: Blissey
|-heal|p2a: Blissey|65/100
|
|-weather|Sandstorm|[upkeep]
|-damage|p2a: Blissey|59/100|[from] Sandstorm
|-heal|p1a: Jirachi|94/100|[from] item: Leftovers
|-heal|p2a: Blissey|65/100|[from] item: Leftovers
|upkeep
|turn|84
|inactive|Kollin7 has 30 seconds left.
|inactive|RedCrimp has 270 seconds left.
|
|t:|1730236318
|switch|p1a: Skarmory|Skarmory, M|37/100
|switch|p2a: Forretress|Forretress, F|15/100
|-damage|p2a: Forretress|0 fnt|[from] Spikes
|faint|p2a: Forretress
|inactive|Kollin7 has 30 seconds left this turn.
|inactive|RedCrimp has 240 seconds left.
|
|t:|1730236356
|switch|p2a: Blissey|Blissey, F|65/100
|-damage|p2a: Blissey|49/100|[from] Spikes
|
|-weather|Sandstorm|[upkeep]
|-damage|p2a: Blissey|43/100|[from] Sandstorm
|-heal|p1a: Skarmory|43/100|[from] item: Leftovers
|-heal|p2a: Blissey|49/100|[from] item: Leftovers
|upkeep
|turn|85
|inactive|Kollin7 has 30 seconds left.
|
|t:|1730236367
|move|p1a: Skarmory|Spikes|p2a: Blissey
|-sidestart|p2: RedCrimp|Spikes
|move|p2a: Blissey|Thunderbolt|p1a: Skarmory
|-supereffective|p1a: Skarmory
|-damage|p1a: Skarmory|0 fnt
|faint|p1a: Skarmory
|inactive|Kollin7 has 30 seconds left.
|inactive|Kollin7 has 20 seconds left.
|inactive|Kollin7 has 15 seconds left.
|inactive|Kollin7 has 10 seconds left.
|
|t:|1730236396
|switch|p1a: Jirachi|Jirachi|94/100
|-damage|p1a: Jirachi|69/100|[from] Spikes
|
|-weather|Sandstorm|[upkeep]
|-damage|p2a: Blissey|43/100|[from] Sandstorm
|-heal|p1a: Jirachi|75/100|[from] item: Leftovers
|-heal|p2a: Blissey|49/100|[from] item: Leftovers
|upkeep
|turn|86
|inactive|Kollin7 has 20 seconds left this turn.
|
|t:|1730236401
|move|p1a: Jirachi|Dynamic Punch|p2a: Blissey
|-supereffective|p2a: Blissey
|-damage|p2a: Blissey|0 fnt
|faint|p2a: Blissey
|inactive|Kollin7 has 25 seconds left this turn.
|
|t:|1730236404
|switch|p2a: Jirachi|Jirachi|88/100
|-damage|p2a: Jirachi|63/100|[from] Spikes
|
|-weather|Sandstorm|[upkeep]
|-heal|p1a: Jirachi|81/100|[from] item: Leftovers
|-heal|p2a: Jirachi|69/100|[from] item: Leftovers
|upkeep
|turn|87
|
|t:|1730236408
|switch|p1a: Tyranitar|Tyranitar, M|100/100
|-damage|p1a: Tyranitar|75/100|[from] Spikes
|move|p2a: Jirachi|Fire Punch|p1a: Tyranitar
|-resisted|p1a: Tyranitar
|-damage|p1a: Tyranitar|68/100
|-status|p1a: Tyranitar|brn
|
|-weather|Sandstorm|[upkeep]
|-heal|p2a: Jirachi|75/100|[from] item: Leftovers
|-heal|p1a: Tyranitar|74/100 brn|[from] item: Leftovers
|-damage|p1a: Tyranitar|61/100 brn|[from] brn
|upkeep
|turn|88
|inactive|RedCrimp has 270 seconds left.
|
|t:|1730236421
|move|p2a: Jirachi|Wish|p2a: Jirachi
|move|p1a: Tyranitar|Crunch|p2a: Jirachi
|-damage|p2a: Jirachi|54/100
|
|-weather|Sandstorm|[upkeep]
|-heal|p2a: Jirachi|60/100|[from] item: Leftovers
|-heal|p1a: Tyranitar|68/100 brn|[from] item: Leftovers
|-damage|p1a: Tyranitar|55/100 brn|[from] brn
|upkeep
|turn|89
|inactive|RedCrimp has 270 seconds left.
|
|t:|1730236435
|move|p2a: Jirachi|Body Slam|p1a: Tyranitar
|-resisted|p1a: Tyranitar
|-damage|p1a: Tyranitar|48/100 brn
|move|p1a: Tyranitar|Crunch|p2a: Jirachi
|-damage|p2a: Jirachi|36/100
|
|-heal|p2a: Jirachi|86/100|[from] move: Wish|[wisher] Jirachi
|-weather|Sandstorm|[upkeep]
|-heal|p2a: Jirachi|92/100|[from] item: Leftovers
|-heal|p1a: Tyranitar|54/100 brn|[from] item: Leftovers
|-damage|p1a: Tyranitar|42/100 brn|[from] brn
|upkeep
|turn|90
|inactive|RedCrimp has 270 seconds left.
|
|t:|1730236456
|move|p2a: Jirachi|Protect|p2a: Jirachi
|-singleturn|p2a: Jirachi|Protect
|move|p1a: Tyranitar|Crunch|p2a: Jirachi
|-activate|p2a: Jirachi|Protect
|
|-weather|Sandstorm|[upkeep]
|-heal|p2a: Jirachi|99/100|[from] item: Leftovers
|-heal|p1a: Tyranitar|48/100 brn|[from] item: Leftovers
|-damage|p1a: Tyranitar|35/100 brn|[from] brn
|upkeep
|turn|91
|
|t:|1730236463
|move|p2a: Jirachi|Wish|p2a: Jirachi
|move|p1a: Tyranitar|Crunch|p2a: Jirachi
|-damage|p2a: Jirachi|75/100
|
|-weather|Sandstorm|[upkeep]
|-heal|p2a: Jirachi|82/100|[from] item: Leftovers
|-heal|p1a: Tyranitar|42/100 brn|[from] item: Leftovers
|-damage|p1a: Tyranitar|29/100 brn|[from] brn
|upkeep
|turn|92
|
|t:|1730236468
|switch|p2a: Swampert|Swampert, F|100/100 slp
|-damage|p2a: Swampert|76/100 slp|[from] Spikes
|move|p1a: Tyranitar|Crunch|p2a: Swampert
|-damage|p2a: Swampert|45/100 slp
|
|-heal|p2a: Swampert|95/100 slp|[from] move: Wish|[wisher] Jirachi
|-weather|Sandstorm|[upkeep]
|-heal|p2a: Swampert|100/100 slp|[from] item: Leftovers
|-heal|p1a: Tyranitar|35/100 brn|[from] item: Leftovers
|-damage|p1a: Tyranitar|23/100 brn|[from] brn
|upkeep
|turn|93
|inactive|Kollin7 has 60 seconds left.
|
|t:|1730236506
|cant|p2a: Swampert|slp
|move|p1a: Tyranitar|Crunch|p2a: Swampert
|-damage|p2a: Swampert|71/100 slp
|-unboost|p2a: Swampert|spd|1
|
|-weather|Sandstorm|[upkeep]
|-heal|p2a: Swampert|78/100 slp|[from] item: Leftovers
|-heal|p1a: Tyranitar|29/100 brn|[from] item: Leftovers
|-damage|p1a: Tyranitar|17/100 brn|[from] brn
|upkeep
|turn|94
|
|t:|1730236518
|cant|p2a: Swampert|slp
|move|p1a: Tyranitar|Crunch|p2a: Swampert
|-damage|p2a: Swampert|32/100 slp
|-unboost|p2a: Swampert|spd|1
|
|-weather|Sandstorm|[upkeep]
|-heal|p2a: Swampert|38/100 slp|[from] item: Leftovers
|-heal|p1a: Tyranitar|23/100 brn|[from] item: Leftovers
|-damage|p1a: Tyranitar|11/100 brn|[from] brn
|upkeep
|turn|95
|inactive|Kollin7 has 60 seconds left.
|
|t:|1730236531
|-curestatus|p2a: Swampert|slp|[msg]
|move|p2a: Swampert|Surf|p1a: Tyranitar
|-supereffective|p1a: Tyranitar
|-damage|p1a: Tyranitar|0 fnt
|faint|p1a: Tyranitar
|
|t:|1730236537
|switch|p1a: Jirachi|Jirachi|81/100
|-damage|p1a: Jirachi|57/100|[from] Spikes
|
|-weather|Sandstorm|[upkeep]
|-heal|p1a: Jirachi|63/100|[from] item: Leftovers
|-heal|p2a: Swampert|45/100|[from] item: Leftovers
|upkeep
|turn|96
|
|t:|1730236549
|switch|p2a: Jirachi|Jirachi|82/100
|-damage|p2a: Jirachi|57/100|[from] Spikes
|move|p1a: Jirachi|Hidden Power|p2a: Jirachi
|-resisted|p2a: Jirachi
|-damage|p2a: Jirachi|50/100
|
|-weather|Sandstorm|[upkeep]
|-heal|p1a: Jirachi|69/100|[from] item: Leftovers
|-heal|p2a: Jirachi|56/100|[from] item: Leftovers
|upkeep
|turn|97
|inactive|Kollin7 has 60 seconds left.
|
|t:|1730236567
|move|p1a: Jirachi|Thunder|p2a: Jirachi
|-damage|p2a: Jirachi|34/100
|-status|p2a: Jirachi|par
|move|p2a: Jirachi|Wish|p2a: Jirachi
|
|-weather|Sandstorm|[upkeep]
|-heal|p1a: Jirachi|75/100|[from] item: Leftovers
|-heal|p2a: Jirachi|41/100 par|[from] item: Leftovers
|upkeep
|turn|98
|inactive|Kollin7 has 60 seconds left.
|
|t:|1730236577
|move|p1a: Jirachi|Dynamic Punch|p2a: Jirachi
|-damage|p2a: Jirachi|23/100 par
|-start|p2a: Jirachi|confusion
|-activate|p2a: Jirachi|confusion
|move|p2a: Jirachi|Fire Punch|p1a: Jirachi
|-supereffective|p1a: Jirachi
|-damage|p1a: Jirachi|39/100
|
|-heal|p2a: Jirachi|73/100 par|[from] move: Wish|[wisher] Jirachi
|-weather|Sandstorm|[upkeep]
|-heal|p1a: Jirachi|45/100|[from] item: Leftovers
|-heal|p2a: Jirachi|79/100 par|[from] item: Leftovers
|upkeep
|turn|99
|inactive|Kollin7 has 60 seconds left.
|
|t:|1730236597
|switch|p1a: Flygon|Flygon, F|100/100
|-end|p2a: Jirachi|confusion
|move|p2a: Jirachi|Wish|p2a: Jirachi
|
|-weather|Sandstorm|[upkeep]
|-heal|p2a: Jirachi|85/100 par|[from] item: Leftovers
|upkeep
|turn|100
|inactive|Kollin7 has 60 seconds left.
|
|t:|1730236610
|move|p1a: Flygon|Protect|p1a: Flygon
|-singleturn|p1a: Flygon|Protect
|cant|p2a: Jirachi|par
|
|-heal|p2a: Jirachi|100/100 par|[from] move: Wish|[wisher] Jirachi
|-weather|Sandstorm|[upkeep]
|upkeep
|turn|101
|inactive|RedCrimp has 270 seconds left.
|inactive|RedCrimp has 240 seconds left.
|
|t:|1730236700
|move|p1a: Flygon|Earthquake|p2a: Jirachi
|-supereffective|p2a: Jirachi
|-damage|p2a: Jirachi|37/100 par
|move|p2a: Jirachi|Wish|p2a: Jirachi
|
|-weather|Sandstorm|[upkeep]
|-heal|p2a: Jirachi|44/100 par|[from] item: Leftovers
|upkeep
|turn|102
|inactive|Kollin7 has 60 seconds left.
|
|t:|1730236741
|move|p2a: Jirachi|Protect|p2a: Jirachi
|-singleturn|p2a: Jirachi|Protect
|move|p1a: Flygon|Earthquake|p2a: Jirachi
|-activate|p2a: Jirachi|Protect
|
|-heal|p2a: Jirachi|94/100 par|[from] move: Wish|[wisher] Jirachi
|-weather|Sandstorm|[upkeep]
|-heal|p2a: Jirachi|99/100 par|[from] item: Leftovers
|upkeep
|turn|103
|
|t:|1730236757
|move|p1a: Flygon|Earthquake|p2a: Jirachi
|-supereffective|p2a: Jirachi
|-crit|p2a: Jirachi
|-damage|p2a: Jirachi|0 fnt
|faint|p2a: Jirachi
|
|t:|1730236761
|switch|p2a: Swampert|Swampert, F|45/100
|-damage|p2a: Swampert|20/100|[from] Spikes
|
|-weather|Sandstorm|[upkeep]
|-heal|p2a: Swampert|26/100|[from] item: Leftovers
|upkeep
|turn|104
|
|t:|1730236775
|move|p1a: Flygon|Earthquake|p2a: Swampert
|-crit|p2a: Swampert
|-damage|p2a: Swampert|0 fnt
|faint|p2a: Swampert
|
|win|Kollin7
|c|☆RedCrimp|gg
|c|☆Kollin7|ggs

</script>
<script type="application/json" class="data" id="replaydata-smogtours-gen3ou-803330">
{"id":"smogtours-gen3ou-803330","format":"[Gen 3] OU","players":["Kollin7","RedCrimp"],"uploadtime":1730236775,"views":128,"formatid":"gen3ou","rating":null,"private":0,"password":null}
</script>

<script defer src="js/replays.js?9d40a366"></script>
