<!DOCTYPE html>
<meta charset="utf-8" />
<meta name="viewport" content="width=device-width" />

<title>[Gen 3] OU: Zoroark Nidoking vs. The_App15 - Replays - Pok&eacute;mon Showdown!</title>

<meta name="description" content="Watch a replay of a Pok&eacute;mon battle between Zoroark Nidoking and The_App15! Format: [Gen 3] OU; Date: Oct 16, 2024" />
<!--

Hey, you! Looking in the source for the replay log?

You can find them in JSON format, just add `.json` at the end of a replay URL.

https://replay.pokemonshowdown.com/gen7randomdoublesbattle-865046831.json

Or, if you only need the log itself, add `.log` instead:

https://replay.pokemonshowdown.com/gen7randomdoublesbattle-865046831.log

-->

<link rel="stylesheet" href="//pokemonshowdown.com/style/global.css?0.023195364461161105" />
<link rel="stylesheet" href="//play.pokemonshowdown.com/style/font-awesome.css?0.13261647063804238" />
<link rel="stylesheet" href="//play.pokemonshowdown.com/style/battle.css?0.8753245789963631" />
<link rel="stylesheet" href="//play.pokemonshowdown.com/style/utilichart.css?0.8627959624976733" />

<!-- Global site tag (gtag.js) - Google Analytics -->
<script async src="https://www.googletagmanager.com/gtag/js?id=UA-26211653-1"></script>
<script>
  window.dataLayer = window.dataLayer || [];
  function gtag(){dataLayer.push(arguments);}
  gtag('js', new Date());

  gtag('config', 'UA-26211653-1');
</script>
<!-- End Google Analytics -->
<!-- Venatus Ad Manager - Install in <HEAD> of page -->
	<script src="https://hb.vntsm.com/v3/live/ad-manager.min.js" type="text/javascript" data-site-id="642aba63ec9a7b11c3c9c1be" data-mode="scan" async></script>
<!-- / Venatus Ad Manager -->

<style>
	@media (max-width:820px) {
		.battle {
			margin: 0 auto;
		}
		.battle-log {
			margin: 7px auto 0;
			max-width: 640px;
			height: 300px;
			position: static;
		}
	}
	.optgroup {
		display: inline-block;
		line-height: 22px;
		font-size: 10pt;
	}
	.optgroup .button {
		height: 25px;
		padding-top: 0;
		padding-bottom: 0;
	}
	.optgroup button.button {
		padding-left: 12px;
		padding-right: 12px;
	}
	.linklist {
		list-style: none;
		margin: 0.5em 0;
		padding: 0;
	}
	.linklist li {
		padding: 2px 0;
	}
	.sidebar {
		float: left;
		width: 320px;
	}
	.bar-wrapper {
		max-width: 1100px;
		margin: 0 auto;
	}
	.bar-wrapper.has-sidebar {
		max-width: 1430px;
	}
	.mainbar {
		margin: 0;
		padding-right: 1px;
	}
	.mainbar.has-sidebar {
		margin-left: 330px;
	}
	@media (min-width: 1511px) {
		.sidebar {
			width: 400px;
		}
		.bar-wrapper.has-sidebar {
			max-width: 1510px;
		}
		.mainbar.has-sidebar {
			margin-left: 410px;
		}
	}
	.section.first-section {
		margin-top: 9px;
	}
	.blocklink small {
		white-space: normal;
	}
	.button {
		vertical-align: middle;
	}
	.replay-controls {
		padding-top: 10px;
	}
	.replay-controls h1 {
		font-size: 16pt;
		font-weight: normal;
		color: #CCC;
	}
	.pagelink {
		text-align: center;
	}
	.pagelink a {
		width: 150px;
	}
	.textbox, .button {
		font-size: 11pt;
		vertical-align: middle;
	}
	@media (max-width: 450px) {
		.button {
			font-size: 9pt;
		}
	}
</style>

<div>

	<header>
		<div class="nav-wrapper"><ul class="nav">
			<li><a class="button nav-first" href="//pokemonshowdown.com/"><img src="//pokemonshowdown.com/images/pokemonshowdownbeta.png" srcset="//pokemonshowdown.com/images/pokemonshowdownbeta.png 1x, //pokemonshowdown.com/images/pokemonshowdownbeta@2x.png 2x" alt="Pok&eacute;mon Showdown" width="146" height="44" /> Home</a></li>
			<li><a class="button" href="//pokemonshowdown.com/dex/">Pok&eacute;dex</a></li>
			<li><a class="button cur" href="/">Replays</a></li>
			<li><a class="button" href="//pokemonshowdown.com/ladder/">Ladder</a></li>
			<li><a class="button nav-last" href="//pokemonshowdown.com/forums/">Forum</a></li>
			<li><a class="button greenbutton nav-first nav-last" href="//play.pokemonshowdown.com/">Play</a></li>
		</ul></div>
	</header>

	<div class="main" id="main">

		<noscript><section class="section">You need to enable JavaScript to use this page; sorry!</section></noscript>

	</div>

</div>

<script defer nomodule src="//play.pokemonshowdown.com/js/lib/ps-polyfill.js"></script>
<script defer src="//play.pokemonshowdown.com/js/lib/preact.min.js"></script>

<script defer src="//play.pokemonshowdown.com/config/config.js?2bddbc15"></script>
<script defer src="//play.pokemonshowdown.com/js/lib/jquery-1.11.0.min.js"></script>
<script defer src="//play.pokemonshowdown.com/js/lib/html-sanitizer-minified.js"></script>
<script defer src="//play.pokemonshowdown.com/js/battle-sound.js"></script>
<script defer src="//play.pokemonshowdown.com/js/battledata.js?0.7209276989879541"></script>
<script defer src="//play.pokemonshowdown.com/data/pokedex-mini.js?0.6111056340867951"></script>
<script defer src="//play.pokemonshowdown.com/data/pokedex-mini-bw.js?0.3532142036491459"></script>
<script defer src="//play.pokemonshowdown.com/data/graphics.js?0.24223875632456182"></script>
<script defer src="//play.pokemonshowdown.com/data/pokedex.js?0.38839984266356864"></script>
<script defer src="//play.pokemonshowdown.com/data/moves.js?0.21866028504024015"></script>
<script defer src="//play.pokemonshowdown.com/data/abilities.js?0.2005157953846628"></script>
<script defer src="//play.pokemonshowdown.com/data/items.js?0.9894211263848525"></script>
<script defer src="//play.pokemonshowdown.com/data/teambuilder-tables.js?0.6008791140282215"></script>
<script defer src="//play.pokemonshowdown.com/js/battle-tooltips.js?0.7580118955022959"></script>
<script defer src="//play.pokemonshowdown.com/js/battle.js?0.6057722274234274"></script>

<script defer src="js/utils.js?e31f9a17"></script>
<script defer src="js/replays-battle.js?7008c182"></script>

<!-- don't scrape this data! just add .json or .log after the URL!
Full API docs: https://github.com/smogon/pokemon-showdown-client/blob/master/WEB-API.md -->
<script type="text/plain" class="log" id="replaylog-smogtours-gen3ou-799129">
|inactive|Battle timer is ON: inactive players will automatically lose when time's up.
|t:|1729102632
|gametype|singles
|player|p1|Zoroark Nidoking|gambler|
|player|p2|The_App15|ethan|
|teamsize|p1|6
|teamsize|p2|6
|gen|3
|tier|[Gen 3] OU
|rule|Sleep Clause Mod: Limit one foe put to sleep
|rule|Switch Priority Clause Mod: Faster Pokémon switch first
|rule|Species Clause: Limit one of each Pokémon
|rule|OHKO Clause: OHKO moves are banned
|rule|Evasion Items Clause: Evasion items are banned
|rule|Evasion Moves Clause: Evasion moves are banned
|rule|Endless Battle Clause: Forcing endless battles is banned
|rule|HP Percentage Mod: HP is shown in percentages
|rule|One Boost Passer Clause: Limit one Baton Passer that has a way to boost its stats
|rule|Freeze Clause Mod: Limit one foe frozen
|
|t:|1729102632
|start
|switch|p1a: Rockzilla|Tyranitar, M, shiny|100/100
|switch|p2a: Skarmory|Skarmory, M|100/100
|-weather|Sandstorm|[from] ability: Sand Stream|[of] p1a: Rockzilla
|turn|1
|
|t:|1729102639
|switch|p1a: Wishman|Jirachi, shiny|100/100
|move|p2a: Skarmory|Spikes|p1a: Wishman
|-sidestart|p1: Zoroark Nidoking|Spikes
|
|-weather|Sandstorm|[upkeep]
|upkeep
|turn|2
|
|t:|1729102661
|switch|p2a: Blissey|Blissey, F|100/100
|move|p1a: Wishman|Calm Mind|p1a: Wishman
|-boost|p1a: Wishman|spa|1
|-boost|p1a: Wishman|spd|1
|
|-weather|Sandstorm|[upkeep]
|-damage|p2a: Blissey|94/100|[from] Sandstorm
|-heal|p2a: Blissey|100/100|[from] item: Leftovers
|upkeep
|turn|3
|
|t:|1729102664
|move|p1a: Wishman|Thunderbolt|p2a: Blissey
|-damage|p2a: Blissey|85/100
|move|p2a: Blissey|Seismic Toss|p1a: Wishman
|-damage|p1a: Wishman|71/100
|
|-weather|Sandstorm|[upkeep]
|-damage|p2a: Blissey|79/100|[from] Sandstorm
|-heal|p2a: Blissey|85/100|[from] item: Leftovers
|upkeep
|turn|4
|
|t:|1729102670
|move|p1a: Wishman|Psychic|p2a: Blissey
|-damage|p2a: Blissey|61/100
|-unboost|p2a: Blissey|spd|1
|move|p2a: Blissey|Seismic Toss|p1a: Wishman
|-damage|p1a: Wishman|42/100
|
|-weather|Sandstorm|[upkeep]
|-damage|p2a: Blissey|55/100|[from] Sandstorm
|-heal|p2a: Blissey|61/100|[from] item: Leftovers
|upkeep
|turn|5
|
|t:|1729102686
|move|p1a: Wishman|Thunderbolt|p2a: Blissey
|-damage|p2a: Blissey|35/100
|move|p2a: Blissey|Soft-Boiled|p2a: Blissey
|-heal|p2a: Blissey|85/100
|
|-weather|Sandstorm|[upkeep]
|-damage|p2a: Blissey|79/100|[from] Sandstorm
|-heal|p2a: Blissey|85/100|[from] item: Leftovers
|upkeep
|turn|6
|
|t:|1729102690
|move|p1a: Wishman|Psychic|p2a: Blissey
|-damage|p2a: Blissey|46/100
|move|p2a: Blissey|Seismic Toss|p1a: Wishman
|-damage|p1a: Wishman|13/100
|
|-weather|Sandstorm|[upkeep]
|-damage|p2a: Blissey|40/100|[from] Sandstorm
|-heal|p2a: Blissey|46/100|[from] item: Leftovers
|upkeep
|turn|7
|
|t:|1729102702
|switch|p2a: Skarmory|Skarmory, M|100/100
|move|p1a: Wishman|Psychic|p2a: Skarmory
|-resisted|p2a: Skarmory
|-damage|p2a: Skarmory|71/100
|
|-weather|Sandstorm|[upkeep]
|-heal|p2a: Skarmory|77/100|[from] item: Leftovers
|upkeep
|turn|8
|
|t:|1729102706
|switch|p2a: Blissey|Blissey, F|46/100
|move|p1a: Wishman|Thunderbolt|p2a: Blissey
|-damage|p2a: Blissey|30/100
|
|-weather|Sandstorm|[upkeep]
|-damage|p2a: Blissey|23/100|[from] Sandstorm
|-heal|p2a: Blissey|30/100|[from] item: Leftovers
|upkeep
|turn|9
|
|t:|1729102709
|move|p1a: Wishman|Thunderbolt|p2a: Blissey
|-damage|p2a: Blissey|13/100
|move|p2a: Blissey|Soft-Boiled|p2a: Blissey
|-heal|p2a: Blissey|63/100
|
|-weather|Sandstorm|[upkeep]
|-damage|p2a: Blissey|57/100|[from] Sandstorm
|-heal|p2a: Blissey|63/100|[from] item: Leftovers
|upkeep
|turn|10
|
|t:|1729102714
|move|p1a: Wishman|Psychic|p2a: Blissey
|-damage|p2a: Blissey|38/100
|-unboost|p2a: Blissey|spd|1
|move|p2a: Blissey|Soft-Boiled|p2a: Blissey
|-heal|p2a: Blissey|88/100
|
|-weather|Sandstorm|[upkeep]
|-damage|p2a: Blissey|82/100|[from] Sandstorm
|-heal|p2a: Blissey|88/100|[from] item: Leftovers
|upkeep
|turn|11
|
|t:|1729102718
|move|p1a: Wishman|Psychic|p2a: Blissey
|-damage|p2a: Blissey|53/100
|move|p2a: Blissey|Seismic Toss|p1a: Wishman
|-damage|p1a: Wishman|0 fnt
|faint|p1a: Wishman
|
|t:|1729102722
|switch|p1a: Trapin' Guy|Dugtrio, M|100/100
|-damage|p1a: Trapin' Guy|88/100|[from] Spikes
|
|-weather|Sandstorm|[upkeep]
|-damage|p2a: Blissey|47/100|[from] Sandstorm
|-heal|p2a: Blissey|53/100|[from] item: Leftovers
|upkeep
|turn|12
|
|t:|1729102725
|move|p1a: Trapin' Guy|Earthquake|p2a: Blissey
|-damage|p2a: Blissey|0 fnt
|faint|p2a: Blissey
|
|t:|1729102752
|switch|p2a: Flygon|Flygon, M|100/100
|
|-weather|Sandstorm|[upkeep]
|upkeep
|turn|13
|
|t:|1729102764
|switch|p1a: What da Duck doin|Golduck, F|100/100
|-damage|p1a: What da Duck doin|88/100|[from] Spikes
|move|p2a: Flygon|Toxic|p1a: What da Duck doin
|-status|p1a: What da Duck doin|tox
|
|-weather|Sandstorm|[upkeep]
|-heal|p1a: What da Duck doin|94/100 tox|[from] item: Leftovers
|-damage|p1a: What da Duck doin|88/100 tox|[from] psn
|upkeep
|turn|14
|
|t:|1729102777
|switch|p2a: Zapdos|Zapdos|100/100
|move|p1a: What da Duck doin|Hypnosis|p2a: Zapdos
|-status|p2a: Zapdos|slp|[from] move: Hypnosis
|
|-weather|Sandstorm|[upkeep]
|-heal|p1a: What da Duck doin|94/100 tox|[from] item: Leftovers
|-damage|p1a: What da Duck doin|82/100 tox|[from] psn
|upkeep
|turn|15
|
|t:|1729102780
|move|p1a: What da Duck doin|Calm Mind|p1a: What da Duck doin
|-boost|p1a: What da Duck doin|spa|1
|-boost|p1a: What da Duck doin|spd|1
|cant|p2a: Zapdos|slp
|move|p2a: Zapdos|Sleep Talk|p2a: Zapdos
|move|p2a: Zapdos|Rest|p2a: Zapdos|[from]Sleep Talk
|
|-weather|Sandstorm|[upkeep]
|-heal|p1a: What da Duck doin|88/100 tox|[from] item: Leftovers
|-damage|p1a: What da Duck doin|70/100 tox|[from] psn
|upkeep
|turn|16
|
|t:|1729102786
|move|p1a: What da Duck doin|Calm Mind|p1a: What da Duck doin
|-boost|p1a: What da Duck doin|spa|1
|-boost|p1a: What da Duck doin|spd|1
|-curestatus|p2a: Zapdos|slp|[msg]
|move|p2a: Zapdos|Sleep Talk|p2a: Zapdos
|
|-weather|Sandstorm|[upkeep]
|-heal|p1a: What da Duck doin|76/100 tox|[from] item: Leftovers
|-damage|p1a: What da Duck doin|52/100 tox|[from] psn
|upkeep
|turn|17
|
|t:|1729102791
|move|p1a: What da Duck doin|Ice Beam|p2a: Zapdos
|-supereffective|p2a: Zapdos
|-damage|p2a: Zapdos|33/100
|move|p2a: Zapdos|Thunderbolt|p1a: What da Duck doin
|-supereffective|p1a: What da Duck doin
|-damage|p1a: What da Duck doin|3/100 tox
|
|-weather|Sandstorm|[upkeep]
|-heal|p1a: What da Duck doin|9/100 tox|[from] item: Leftovers
|-damage|p1a: What da Duck doin|0 fnt|[from] psn
|faint|p1a: What da Duck doin
|-heal|p2a: Zapdos|39/100|[from] item: Leftovers
|upkeep
|
|t:|1729102798
|switch|p1a: Sturdy Bad?|Skarmory, M, shiny|100/100
|turn|18
|
|t:|1729102810
|switch|p1a: Trapin' Guy|Dugtrio, M|88/100
|-damage|p1a: Trapin' Guy|76/100|[from] Spikes
|move|p2a: Zapdos|Thunderbolt|p1a: Trapin' Guy
|-immune|p1a: Trapin' Guy
|
|-weather|Sandstorm|[upkeep]
|-damage|p2a: Zapdos|33/100|[from] Sandstorm
|-heal|p2a: Zapdos|39/100|[from] item: Leftovers
|upkeep
|turn|19
|
|t:|1729102824
|switch|p2a: Flygon|Flygon, M|100/100
|move|p1a: Trapin' Guy|Rock Slide|p2a: Flygon
|-resisted|p2a: Flygon
|-damage|p2a: Flygon|90/100
|
|-weather|Sandstorm|[upkeep]
|-heal|p2a: Flygon|96/100|[from] item: Leftovers
|upkeep
|turn|20
|
|t:|1729102834
|switch|p1a: Sturdy Bad?|Skarmory, M, shiny|100/100
|move|p2a: Flygon|Rock Slide|p1a: Sturdy Bad?
|-crit|p1a: Sturdy Bad?
|-damage|p1a: Sturdy Bad?|75/100
|
|-weather|Sandstorm|[upkeep]
|-heal|p2a: Flygon|100/100|[from] item: Leftovers
|-heal|p1a: Sturdy Bad?|81/100|[from] item: Leftovers
|upkeep
|turn|21
|
|t:|1729102843
|switch|p2a: Skarmory|Skarmory, M|77/100
|move|p1a: Sturdy Bad?|Roar|p2a: Skarmory
|drag|p2a: Misdreavus|Misdreavus, F|100/100
|
|-weather|Sandstorm|[upkeep]
|-damage|p2a: Misdreavus|94/100|[from] Sandstorm
|-heal|p2a: Misdreavus|100/100|[from] item: Leftovers
|-heal|p1a: Sturdy Bad?|87/100|[from] item: Leftovers
|upkeep
|turn|22
|
|t:|1729102856
|move|p2a: Misdreavus|Perish Song|p2a: Misdreavus
|-start|p1a: Sturdy Bad?|perish3|[silent]
|-start|p2a: Misdreavus|perish3|[silent]
|-fieldactivate|move: Perish Song
|move|p1a: Sturdy Bad?|Spikes|p2a: Misdreavus
|-sidestart|p2: The_App15|Spikes
|
|-weather|Sandstorm|[upkeep]
|-damage|p2a: Misdreavus|94/100|[from] Sandstorm
|-heal|p2a: Misdreavus|100/100|[from] item: Leftovers
|-heal|p1a: Sturdy Bad?|93/100|[from] item: Leftovers
|-start|p2a: Misdreavus|perish3
|-start|p1a: Sturdy Bad?|perish3
|upkeep
|turn|23
|
|t:|1729102865
|switch|p1a: Rockzilla|Tyranitar, M, shiny|100/100
|-damage|p1a: Rockzilla|88/100|[from] Spikes
|move|p2a: Misdreavus|Thunderbolt|p1a: Rockzilla
|-damage|p1a: Rockzilla|73/100
|
|-weather|Sandstorm|[upkeep]
|-damage|p2a: Misdreavus|94/100|[from] Sandstorm
|-heal|p2a: Misdreavus|100/100|[from] item: Leftovers
|-start|p2a: Misdreavus|perish2
|upkeep
|turn|24
|
|t:|1729102875
|move|p2a: Misdreavus|Perish Song|p2a: Misdreavus
|-start|p1a: Rockzilla|perish3|[silent]
|-fieldactivate|move: Perish Song
|move|p1a: Rockzilla|Ancient Power|p2a: Misdreavus
|-damage|p2a: Misdreavus|19/100
|
|-weather|Sandstorm|[upkeep]
|-damage|p2a: Misdreavus|13/100|[from] Sandstorm
|-heal|p2a: Misdreavus|19/100|[from] item: Leftovers
|-start|p2a: Misdreavus|perish1
|-start|p1a: Rockzilla|perish3
|upkeep
|turn|25
|
|t:|1729102881
|move|p2a: Misdreavus|Rest|p2a: Misdreavus
|-status|p2a: Misdreavus|slp|[from] move: Rest
|-heal|p2a: Misdreavus|100/100 slp|[silent]
|move|p1a: Rockzilla|Ancient Power|p2a: Misdreavus
|-damage|p2a: Misdreavus|24/100 slp
|
|-weather|Sandstorm|[upkeep]
|-damage|p2a: Misdreavus|18/100 slp|[from] Sandstorm
|-heal|p2a: Misdreavus|24/100 slp|[from] item: Leftovers
|-start|p2a: Misdreavus|perish0
|-start|p1a: Rockzilla|perish2
|faint|p2a: Misdreavus
|upkeep
|
|t:|1729102897
|switch|p2a: Flygon|Flygon, M|100/100
|turn|26
|
|t:|1729102901
|switch|p1a: Trapin' Guy|Dugtrio, M|76/100
|-damage|p1a: Trapin' Guy|64/100|[from] Spikes
|move|p2a: Flygon|Earthquake|p1a: Trapin' Guy
|-damage|p1a: Trapin' Guy|0 fnt
|faint|p1a: Trapin' Guy
|
|t:|1729102907
|switch|p1a: I.... AM STEVE|Metagross, shiny|100/100
|-damage|p1a: I.... AM STEVE|88/100|[from] Spikes
|
|-weather|Sandstorm|[upkeep]
|upkeep
|turn|27
|
|t:|1729102910
|move|p2a: Flygon|Earthquake|p1a: I.... AM STEVE
|-supereffective|p1a: I.... AM STEVE
|-damage|p1a: I.... AM STEVE|36/100
|move|p1a: I.... AM STEVE|Explosion|p2a: Flygon
|-damage|p2a: Flygon|0 fnt
|faint|p1a: I.... AM STEVE
|faint|p2a: Flygon
|inactive|Zoroark Nidoking has 270 seconds left.
|
|t:|1729102941
|switch|p2a: Moltres|Moltres|100/100
|switch|p1a: Sturdy Bad?|Skarmory, M, shiny|93/100
|
|-weather|Sandstorm|[upkeep]
|-damage|p2a: Moltres|94/100|[from] Sandstorm
|-heal|p2a: Moltres|100/100|[from] item: Leftovers
|-heal|p1a: Sturdy Bad?|99/100|[from] item: Leftovers
|upkeep
|turn|28
|
|t:|1729102950
|move|p2a: Moltres|Will-O-Wisp|p1a: Sturdy Bad?
|-status|p1a: Sturdy Bad?|brn
|move|p1a: Sturdy Bad?|Toxic|p2a: Moltres|[miss]
|-miss|p1a: Sturdy Bad?|p2a: Moltres
|
|-weather|Sandstorm|[upkeep]
|-damage|p2a: Moltres|94/100|[from] Sandstorm
|-heal|p2a: Moltres|100/100|[from] item: Leftovers
|-heal|p1a: Sturdy Bad?|100/100 brn|[from] item: Leftovers
|-damage|p1a: Sturdy Bad?|88/100 brn|[from] brn
|upkeep
|turn|29
|
|t:|1729102960
|switch|p1a: Rockzilla|Tyranitar, M, shiny|73/100
|-damage|p1a: Rockzilla|61/100|[from] Spikes
|move|p2a: Moltres|Flamethrower|p1a: Rockzilla
|-resisted|p1a: Rockzilla
|-damage|p1a: Rockzilla|39/100
|
|-weather|Sandstorm|[upkeep]
|-damage|p2a: Moltres|94/100|[from] Sandstorm
|-heal|p2a: Moltres|100/100|[from] item: Leftovers
|upkeep
|turn|30
|
|t:|1729102983
|move|p2a: Moltres|Hidden Power|p1a: Rockzilla
|-supereffective|p1a: Rockzilla
|-damage|p1a: Rockzilla|0 fnt
|faint|p1a: Rockzilla
|
|t:|1729102986
|switch|p1a: Sturdy Bad?|Skarmory, M, shiny|88/100 brn
|
|-weather|Sandstorm|[upkeep]
|-damage|p2a: Moltres|94/100|[from] Sandstorm
|-heal|p2a: Moltres|100/100|[from] item: Leftovers
|-heal|p1a: Sturdy Bad?|94/100 brn|[from] item: Leftovers
|-damage|p1a: Sturdy Bad?|82/100 brn|[from] brn
|upkeep
|turn|31
|c|☆The_App15|gg
|c|☆Zoroark Nidoking|gg
|
|t:|1729102995
|move|p2a: Moltres|Flamethrower|p1a: Sturdy Bad?
|-supereffective|p1a: Sturdy Bad?
|-damage|p1a: Sturdy Bad?|0 fnt
|faint|p1a: Sturdy Bad?
|
|win|The_App15
|player|p1|

</script>
<script type="application/json" class="data" id="replaydata-smogtours-gen3ou-799129">
{"id":"smogtours-gen3ou-799129","format":"[Gen 3] OU","players":["Zoroark Nidoking","The_App15"],"uploadtime":1729102995,"views":84,"formatid":"gen3ou","rating":null,"private":1,"password":null}
</script>

<script defer src="js/replays.js?9d40a366"></script>
