<!DOCTYPE html>
<meta charset="utf-8" />
<meta name="viewport" content="width=device-width" />

<title>[Gen 3] OU: Venik777 vs. LoopingPyre - Replays - Pok&eacute;mon Showdown!</title>

<meta name="description" content="Watch a replay of a Pok&eacute;mon battle between Venik777 and LoopingPyre! Format: [Gen 3] OU; Date: Oct 4, 2024" />
<!--

Hey, you! Looking in the source for the replay log?

You can find them in JSON format, just add `.json` at the end of a replay URL.

https://replay.pokemonshowdown.com/gen7randomdoublesbattle-865046831.json

Or, if you only need the log itself, add `.log` instead:

https://replay.pokemonshowdown.com/gen7randomdoublesbattle-865046831.log

-->

<link rel="stylesheet" href="//pokemonshowdown.com/style/global.css?0.023195364461161105" />
<link rel="stylesheet" href="//play.pokemonshowdown.com/style/font-awesome.css?0.13261647063804238" />
<link rel="stylesheet" href="//play.pokemonshowdown.com/style/battle.css?0.8753245789963631" />
<link rel="stylesheet" href="//play.pokemonshowdown.com/style/utilichart.css?0.8627959624976733" />

<!-- Global site tag (gtag.js) - Google Analytics -->
<script async src="https://www.googletagmanager.com/gtag/js?id=UA-26211653-1"></script>
<script>
  window.dataLayer = window.dataLayer || [];
  function gtag(){dataLayer.push(arguments);}
  gtag('js', new Date());

  gtag('config', 'UA-26211653-1');
</script>
<!-- End Google Analytics -->
<!-- Venatus Ad Manager - Install in <HEAD> of page -->
	<script src="https://hb.vntsm.com/v3/live/ad-manager.min.js" type="text/javascript" data-site-id="642aba63ec9a7b11c3c9c1be" data-mode="scan" async></script>
<!-- / Venatus Ad Manager -->

<style>
	@media (max-width:820px) {
		.battle {
			margin: 0 auto;
		}
		.battle-log {
			margin: 7px auto 0;
			max-width: 640px;
			height: 300px;
			position: static;
		}
	}
	.optgroup {
		display: inline-block;
		line-height: 22px;
		font-size: 10pt;
	}
	.optgroup .button {
		height: 25px;
		padding-top: 0;
		padding-bottom: 0;
	}
	.optgroup button.button {
		padding-left: 12px;
		padding-right: 12px;
	}
	.linklist {
		list-style: none;
		margin: 0.5em 0;
		padding: 0;
	}
	.linklist li {
		padding: 2px 0;
	}
	.sidebar {
		float: left;
		width: 320px;
	}
	.bar-wrapper {
		max-width: 1100px;
		margin: 0 auto;
	}
	.bar-wrapper.has-sidebar {
		max-width: 1430px;
	}
	.mainbar {
		margin: 0;
		padding-right: 1px;
	}
	.mainbar.has-sidebar {
		margin-left: 330px;
	}
	@media (min-width: 1511px) {
		.sidebar {
			width: 400px;
		}
		.bar-wrapper.has-sidebar {
			max-width: 1510px;
		}
		.mainbar.has-sidebar {
			margin-left: 410px;
		}
	}
	.section.first-section {
		margin-top: 9px;
	}
	.blocklink small {
		white-space: normal;
	}
	.button {
		vertical-align: middle;
	}
	.replay-controls {
		padding-top: 10px;
	}
	.replay-controls h1 {
		font-size: 16pt;
		font-weight: normal;
		color: #CCC;
	}
	.pagelink {
		text-align: center;
	}
	.pagelink a {
		width: 150px;
	}
	.textbox, .button {
		font-size: 11pt;
		vertical-align: middle;
	}
	@media (max-width: 450px) {
		.button {
			font-size: 9pt;
		}
	}
</style>

<div>

	<header>
		<div class="nav-wrapper"><ul class="nav">
			<li><a class="button nav-first" href="//pokemonshowdown.com/"><img src="//pokemonshowdown.com/images/pokemonshowdownbeta.png" srcset="//pokemonshowdown.com/images/pokemonshowdownbeta.png 1x, //pokemonshowdown.com/images/pokemonshowdownbeta@2x.png 2x" alt="Pok&eacute;mon Showdown" width="146" height="44" /> Home</a></li>
			<li><a class="button" href="//pokemonshowdown.com/dex/">Pok&eacute;dex</a></li>
			<li><a class="button cur" href="/">Replays</a></li>
			<li><a class="button" href="//pokemonshowdown.com/ladder/">Ladder</a></li>
			<li><a class="button nav-last" href="//pokemonshowdown.com/forums/">Forum</a></li>
			<li><a class="button greenbutton nav-first nav-last" href="//play.pokemonshowdown.com/">Play</a></li>
		</ul></div>
	</header>

	<div class="main" id="main">

		<noscript><section class="section">You need to enable JavaScript to use this page; sorry!</section></noscript>

	</div>

</div>

<script defer nomodule src="//play.pokemonshowdown.com/js/lib/ps-polyfill.js"></script>
<script defer src="//play.pokemonshowdown.com/js/lib/preact.min.js"></script>

<script defer src="//play.pokemonshowdown.com/config/config.js?2bddbc15"></script>
<script defer src="//play.pokemonshowdown.com/js/lib/jquery-1.11.0.min.js"></script>
<script defer src="//play.pokemonshowdown.com/js/lib/html-sanitizer-minified.js"></script>
<script defer src="//play.pokemonshowdown.com/js/battle-sound.js"></script>
<script defer src="//play.pokemonshowdown.com/js/battledata.js?0.7209276989879541"></script>
<script defer src="//play.pokemonshowdown.com/data/pokedex-mini.js?0.6111056340867951"></script>
<script defer src="//play.pokemonshowdown.com/data/pokedex-mini-bw.js?0.3532142036491459"></script>
<script defer src="//play.pokemonshowdown.com/data/graphics.js?0.24223875632456182"></script>
<script defer src="//play.pokemonshowdown.com/data/pokedex.js?0.38839984266356864"></script>
<script defer src="//play.pokemonshowdown.com/data/moves.js?0.21866028504024015"></script>
<script defer src="//play.pokemonshowdown.com/data/abilities.js?0.2005157953846628"></script>
<script defer src="//play.pokemonshowdown.com/data/items.js?0.9894211263848525"></script>
<script defer src="//play.pokemonshowdown.com/data/teambuilder-tables.js?0.6008791140282215"></script>
<script defer src="//play.pokemonshowdown.com/js/battle-tooltips.js?0.7580118955022959"></script>
<script defer src="//play.pokemonshowdown.com/js/battle.js?0.6057722274234274"></script>

<script defer src="js/utils.js?e31f9a17"></script>
<script defer src="js/replays-battle.js?7008c182"></script>

<!-- don't scrape this data! just add .json or .log after the URL!
Full API docs: https://github.com/smogon/pokemon-showdown-client/blob/master/WEB-API.md -->
<script type="text/plain" class="log" id="replaylog-smogtours-gen3ou-794545">
|inactive|Battle timer is ON: inactive players will automatically lose when time's up.
|t:|1728049432
|gametype|singles
|player|p1|Venik777|bellelba|
|player|p2|LoopingPyre|cheryl|
|teamsize|p1|6
|teamsize|p2|6
|gen|3
|tier|[Gen 3] OU
|rule|Sleep Clause Mod: Limit one foe put to sleep
|rule|Switch Priority Clause Mod: Faster Pokémon switch first
|rule|Species Clause: Limit one of each Pokémon
|rule|OHKO Clause: OHKO moves are banned
|rule|Evasion Items Clause: Evasion items are banned
|rule|Evasion Moves Clause: Evasion moves are banned
|rule|Endless Battle Clause: Forcing endless battles is banned
|rule|HP Percentage Mod: HP is shown in percentages
|rule|One Boost Passer Clause: Limit one Baton Passer that has a way to boost its stats
|rule|Freeze Clause Mod: Limit one foe frozen
|
|t:|1728049432
|start
|switch|p1a: Zapdos|Zapdos|100/100
|switch|p2a: Skarmory|Skarmory, M|100/100
|turn|1
|
|t:|1728049454
|switch|p2a: Zapdos|Zapdos|100/100
|move|p1a: Zapdos|Thunderbolt|p2a: Zapdos
|-damage|p2a: Zapdos|65/100
|
|-heal|p2a: Zapdos|71/100|[from] item: Leftovers
|upkeep
|turn|2
|
|t:|1728049469
|switch|p1a: Blissey|Blissey, F|100/100
|move|p2a: Zapdos|Thunder Wave|p1a: Blissey
|-status|p1a: Blissey|par
|
|-heal|p2a: Zapdos|77/100|[from] item: Leftovers
|upkeep
|turn|3
|inactive|Venik777 has 270 seconds left.
|
|t:|1728049498
|switch|p2a: Skarmory|Skarmory, M|100/100
|move|p1a: Blissey|Thunder Wave|p2a: Skarmory
|-status|p2a: Skarmory|par
|
|upkeep
|turn|4
|inactive|Venik777 has 270 seconds left.
|
|t:|1728049509
|-curestatus|p1a: Blissey|par|[from] ability: Natural Cure
|switch|p1a: Zapdos|Zapdos|100/100
|move|p2a: Skarmory|Spikes|p1a: Zapdos
|-sidestart|p1: Venik777|Spikes
|
|upkeep
|turn|5
|
|t:|1728049521
|switch|p2a: Swampert|Swampert, M|100/100
|move|p1a: Zapdos|Thunderbolt|p2a: Swampert
|-immune|p2a: Swampert
|
|upkeep
|turn|6
|
|t:|1728049535
|switch|p2a: Skarmory|Skarmory, M|100/100 par
|move|p1a: Zapdos|Hidden Power|p2a: Skarmory
|-resisted|p2a: Skarmory
|-damage|p2a: Skarmory|95/100 par
|
|-heal|p2a: Skarmory|100/100 par|[from] item: Leftovers
|upkeep
|turn|7
|
|t:|1728049548
|switch|p2a: Zapdos|Zapdos|77/100
|move|p1a: Zapdos|Thunderbolt|p2a: Zapdos
|-damage|p2a: Zapdos|41/100
|
|-heal|p2a: Zapdos|47/100|[from] item: Leftovers
|upkeep
|turn|8
|inactive|Venik777 has 270 seconds left.
|inactive|Venik777 has 240 seconds left.
|
|t:|1728049600
|move|p1a: Zapdos|Thunderbolt|p2a: Zapdos
|-damage|p2a: Zapdos|8/100
|move|p2a: Zapdos|Thunder Wave|p1a: Zapdos
|-status|p1a: Zapdos|par
|
|-heal|p2a: Zapdos|14/100|[from] item: Leftovers
|upkeep
|turn|9
|inactive|Venik777 has 240 seconds left.
|
|t:|1728049621
|move|p2a: Zapdos|Rest|p2a: Zapdos
|-status|p2a: Zapdos|slp|[from] move: Rest
|-heal|p2a: Zapdos|100/100 slp|[silent]
|move|p1a: Zapdos|Thunderbolt|p2a: Zapdos
|-damage|p2a: Zapdos|60/100 slp
|
|-heal|p2a: Zapdos|66/100 slp|[from] item: Leftovers
|upkeep
|turn|10
|
|t:|1728049630
|cant|p2a: Zapdos|slp
|move|p1a: Zapdos|Toxic||[still]
|-fail|p1a: Zapdos
|
|-heal|p2a: Zapdos|72/100 slp|[from] item: Leftovers
|upkeep
|turn|11
|
|t:|1728049650
|cant|p2a: Zapdos|slp
|move|p1a: Zapdos|Thunderbolt|p2a: Zapdos
|-damage|p2a: Zapdos|38/100 slp
|
|-heal|p2a: Zapdos|44/100 slp|[from] item: Leftovers
|upkeep
|turn|12
|
|t:|1728049663
|-curestatus|p2a: Zapdos|slp|[msg]
|move|p2a: Zapdos|Rest|p2a: Zapdos
|-status|p2a: Zapdos|slp|[from] move: Rest
|-heal|p2a: Zapdos|100/100 slp|[silent]
|move|p1a: Zapdos|Thunderbolt|p2a: Zapdos
|-damage|p2a: Zapdos|65/100 slp
|
|-heal|p2a: Zapdos|71/100 slp|[from] item: Leftovers
|upkeep
|turn|13
|
|t:|1728049681
|switch|p2a: Salamence|Salamence, M|100/100
|-ability|p2a: Salamence|Intimidate|boost
|-unboost|p1a: Zapdos|atk|1
|switch|p1a: Tyranitar|Tyranitar, F|100/100
|-damage|p1a: Tyranitar|88/100|[from] Spikes
|-weather|Sandstorm|[from] ability: Sand Stream|[of] p1a: Tyranitar
|
|-weather|Sandstorm|[upkeep]
|-damage|p2a: Salamence|94/100|[from] Sandstorm
|-heal|p2a: Salamence|100/100|[from] item: Leftovers
|-heal|p1a: Tyranitar|94/100|[from] item: Leftovers
|upkeep
|turn|14
|inactive|Venik777 has 210 seconds left.
|
|t:|1728049731
|switch|p2a: Skarmory|Skarmory, M|100/100 par
|switch|p1a: Zapdos|Zapdos|100/100 par
|
|-weather|Sandstorm|[upkeep]
|-damage|p1a: Zapdos|94/100 par|[from] Sandstorm
|-heal|p1a: Zapdos|100/100 par|[from] item: Leftovers
|upkeep
|turn|15
|inactive|Venik777 has 180 seconds left.
|
|t:|1728049755
|switch|p2a: Dusclops|Dusclops, F|100/100
|move|p1a: Zapdos|Thunderbolt|p2a: Dusclops
|-damage|p2a: Dusclops|56/100
|
|-weather|Sandstorm|[upkeep]
|-damage|p2a: Dusclops|50/100|[from] Sandstorm
|-damage|p1a: Zapdos|94/100 par|[from] Sandstorm
|-heal|p2a: Dusclops|56/100|[from] item: Leftovers
|-heal|p1a: Zapdos|100/100 par|[from] item: Leftovers
|upkeep
|turn|16
|inactive|Venik777 has 180 seconds left.
|
|t:|1728049784
|switch|p1a: Skarmory|Skarmory, M|100/100
|move|p2a: Dusclops|Seismic Toss|p1a: Skarmory
|-damage|p1a: Skarmory|71/100
|
|-weather|Sandstorm|[upkeep]
|-damage|p2a: Dusclops|50/100|[from] Sandstorm
|-heal|p1a: Skarmory|77/100|[from] item: Leftovers
|-heal|p2a: Dusclops|56/100|[from] item: Leftovers
|upkeep
|turn|17
|
|t:|1728049796
|switch|p2a: Gardevoir|Gardevoir, F|100/100
|-ability|p2a: Gardevoir|Keen Eye|[from] ability: Trace|[of] p1a: Skarmory
|move|p1a: Skarmory|Spikes|p2a: Gardevoir
|-sidestart|p2: LoopingPyre|Spikes
|
|-weather|Sandstorm|[upkeep]
|-damage|p2a: Gardevoir|94/100|[from] Sandstorm
|-heal|p2a: Gardevoir|100/100|[from] item: Leftovers
|-heal|p1a: Skarmory|83/100|[from] item: Leftovers
|upkeep
|turn|18
|inactive|Venik777 has 150 seconds left.
|
|t:|1728049844
|switch|p1a: Blissey|Blissey, F|100/100
|-damage|p1a: Blissey|88/100|[from] Spikes
|move|p2a: Gardevoir|Fire Punch|p1a: Blissey
|-damage|p1a: Blissey|77/100
|
|-weather|Sandstorm|[upkeep]
|-damage|p2a: Gardevoir|94/100|[from] Sandstorm
|-damage|p1a: Blissey|71/100|[from] Sandstorm
|-heal|p2a: Gardevoir|100/100|[from] item: Leftovers
|-heal|p1a: Blissey|77/100|[from] item: Leftovers
|upkeep
|turn|19
|inactive|Venik777 has 120 seconds left.
|
|t:|1728049875
|switch|p2a: Skarmory|Skarmory, M|100/100 par
|switch|p1a: Tyranitar|Tyranitar, F|94/100
|-damage|p1a: Tyranitar|82/100|[from] Spikes
|
|-weather|Sandstorm|[upkeep]
|-heal|p1a: Tyranitar|88/100|[from] item: Leftovers
|upkeep
|turn|20
|
|t:|1728049883
|move|p1a: Tyranitar|Flamethrower|p2a: Skarmory
|-supereffective|p2a: Skarmory
|-damage|p2a: Skarmory|47/100 par
|cant|p2a: Skarmory|par
|
|-weather|Sandstorm|[upkeep]
|-heal|p1a: Tyranitar|94/100|[from] item: Leftovers
|-heal|p2a: Skarmory|53/100 par|[from] item: Leftovers
|upkeep
|turn|21
|
|t:|1728049894
|move|p1a: Tyranitar|Hidden Power|p2a: Skarmory
|-resisted|p2a: Skarmory
|-damage|p2a: Skarmory|48/100 par
|move|p2a: Skarmory|Spikes|p1a: Tyranitar
|-sidestart|p1: Venik777|Spikes
|
|-weather|Sandstorm|[upkeep]
|-heal|p1a: Tyranitar|100/100|[from] item: Leftovers
|-heal|p2a: Skarmory|54/100 par|[from] item: Leftovers
|upkeep
|turn|22
|inactive|Venik777 has 120 seconds left.
|
|t:|1728049909
|cant|p2a: Skarmory|par
|move|p1a: Tyranitar|Rock Slide|p2a: Skarmory
|-damage|p2a: Skarmory|27/100 par
|
|-weather|Sandstorm|[upkeep]
|-heal|p2a: Skarmory|33/100 par|[from] item: Leftovers
|upkeep
|turn|23
|inactive|Venik777 has 120 seconds left.
|
|t:|1728049924
|move|p2a: Skarmory|Protect|p2a: Skarmory
|-singleturn|p2a: Skarmory|Protect
|move|p1a: Tyranitar|Rock Slide|p2a: Skarmory
|-activate|p2a: Skarmory|Protect
|
|-weather|Sandstorm|[upkeep]
|-heal|p2a: Skarmory|39/100 par|[from] item: Leftovers
|upkeep
|turn|24
|
|t:|1728049942
|move|p1a: Tyranitar|Rock Slide|p2a: Skarmory
|-damage|p2a: Skarmory|9/100 par
|move|p2a: Skarmory|Roar|p1a: Tyranitar
|drag|p1a: Skarmory|Skarmory, M|83/100
|
|-weather|Sandstorm|[upkeep]
|-heal|p1a: Skarmory|89/100|[from] item: Leftovers
|-heal|p2a: Skarmory|15/100 par|[from] item: Leftovers
|upkeep
|turn|25
|
|t:|1728049957
|move|p1a: Skarmory|Spikes|p2a: Skarmory
|-sidestart|p2: LoopingPyre|Spikes
|move|p2a: Skarmory|Spikes|p1a: Skarmory
|-sidestart|p1: Venik777|Spikes
|
|-weather|Sandstorm|[upkeep]
|-heal|p1a: Skarmory|95/100|[from] item: Leftovers
|-heal|p2a: Skarmory|21/100 par|[from] item: Leftovers
|upkeep
|turn|26
|
|t:|1728049968
|switch|p2a: Zapdos|Zapdos|71/100 slp
|move|p1a: Skarmory|Spikes|p2a: Zapdos
|-sidestart|p2: LoopingPyre|Spikes
|
|-weather|Sandstorm|[upkeep]
|-damage|p2a: Zapdos|65/100 slp|[from] Sandstorm
|-heal|p2a: Zapdos|71/100 slp|[from] item: Leftovers
|-heal|p1a: Skarmory|100/100|[from] item: Leftovers
|upkeep
|turn|27
|
|t:|1728049986
|switch|p1a: Blissey|Blissey, F|77/100
|-damage|p1a: Blissey|52/100|[from] Spikes
|cant|p2a: Zapdos|slp
|
|-weather|Sandstorm|[upkeep]
|-damage|p2a: Zapdos|65/100 slp|[from] Sandstorm
|-damage|p1a: Blissey|46/100|[from] Sandstorm
|-heal|p2a: Zapdos|71/100 slp|[from] item: Leftovers
|-heal|p1a: Blissey|52/100|[from] item: Leftovers
|upkeep
|turn|28
|
|t:|1728049996
|cant|p2a: Zapdos|slp
|move|p1a: Blissey|Soft-Boiled|p1a: Blissey
|-heal|p1a: Blissey|100/100
|
|-weather|Sandstorm|[upkeep]
|-damage|p2a: Zapdos|65/100 slp|[from] Sandstorm
|-damage|p1a: Blissey|94/100|[from] Sandstorm
|-heal|p2a: Zapdos|71/100 slp|[from] item: Leftovers
|-heal|p1a: Blissey|100/100|[from] item: Leftovers
|upkeep
|turn|29
|
|t:|1728050024
|-curestatus|p2a: Zapdos|slp|[msg]
|move|p2a: Zapdos|Thunder Wave|p1a: Blissey
|-status|p1a: Blissey|par
|move|p1a: Blissey|Thunder Wave|p2a: Zapdos
|-status|p2a: Zapdos|par
|
|-weather|Sandstorm|[upkeep]
|-damage|p2a: Zapdos|65/100 par|[from] Sandstorm
|-damage|p1a: Blissey|94/100 par|[from] Sandstorm
|-heal|p2a: Zapdos|71/100 par|[from] item: Leftovers
|-heal|p1a: Blissey|100/100 par|[from] item: Leftovers
|upkeep
|turn|30
|inactive|Venik777 has 90 seconds left.
|
|t:|1728050047
|switch|p2a: Salamence|Salamence, M|100/100
|-ability|p2a: Salamence|Intimidate|boost
|-unboost|p1a: Blissey|atk|1
|-curestatus|p1a: Blissey|par|[from] ability: Natural Cure
|switch|p1a: Tyranitar|Tyranitar, F|100/100
|-damage|p1a: Tyranitar|76/100|[from] Spikes
|
|-weather|Sandstorm|[upkeep]
|-damage|p2a: Salamence|94/100|[from] Sandstorm
|-heal|p2a: Salamence|100/100|[from] item: Leftovers
|-heal|p1a: Tyranitar|82/100|[from] item: Leftovers
|upkeep
|turn|31
|inactive|Venik777 has 90 seconds left.
|
|t:|1728050083
|switch|p2a: Swampert|Swampert, M|100/100
|-damage|p2a: Swampert|75/100|[from] Spikes
|switch|p1a: Zapdos|Zapdos|100/100 par
|
|-weather|Sandstorm|[upkeep]
|-damage|p1a: Zapdos|94/100 par|[from] Sandstorm
|-heal|p2a: Swampert|82/100|[from] item: Leftovers
|-heal|p1a: Zapdos|100/100 par|[from] item: Leftovers
|upkeep
|turn|32
|inactive|Venik777 has 60 seconds left.
|inactive|LoopingPyre has 270 seconds left.
|
|t:|1728050112
|switch|p2a: Gardevoir|Gardevoir, F|100/100
|-damage|p2a: Gardevoir|76/100|[from] Spikes
|-ability|p2a: Gardevoir|Pressure|[from] ability: Trace|[of] p1a: Zapdos
|move|p1a: Zapdos|Thunderbolt|p2a: Gardevoir
|-damage|p2a: Gardevoir|19/100
|
|-weather|Sandstorm|[upkeep]
|-damage|p2a: Gardevoir|13/100|[from] Sandstorm
|-damage|p1a: Zapdos|94/100 par|[from] Sandstorm
|-heal|p2a: Gardevoir|19/100|[from] item: Leftovers
|-heal|p1a: Zapdos|100/100 par|[from] item: Leftovers
|upkeep
|turn|33
|inactive|LoopingPyre has 270 seconds left.
|inactive|Venik777 has 60 seconds left.
|
|t:|1728050129
|switch|p1a: Blissey|Blissey, F|100/100
|-damage|p1a: Blissey|76/100|[from] Spikes
|move|p2a: Gardevoir|Wish|p2a: Gardevoir
|
|-weather|Sandstorm|[upkeep]
|-damage|p2a: Gardevoir|13/100|[from] Sandstorm
|-damage|p1a: Blissey|69/100|[from] Sandstorm
|-heal|p2a: Gardevoir|19/100|[from] item: Leftovers
|-heal|p1a: Blissey|76/100|[from] item: Leftovers
|upkeep
|turn|34
|inactive|Venik777 has 60 seconds left.
|
|t:|1728050146
|move|p2a: Gardevoir|Calm Mind|p2a: Gardevoir
|-boost|p2a: Gardevoir|spa|1
|-boost|p2a: Gardevoir|spd|1
|move|p1a: Blissey|Seismic Toss|p2a: Gardevoir
|-damage|p2a: Gardevoir|0 fnt
|faint|p2a: Gardevoir
|
|t:|1728050164
|switch|p2a: Salamence|Salamence, M|100/100
|-ability|p2a: Salamence|Intimidate|boost
|-unboost|p1a: Blissey|atk|1
|
|-weather|Sandstorm|[upkeep]
|-damage|p2a: Salamence|94/100|[from] Sandstorm
|-damage|p1a: Blissey|69/100|[from] Sandstorm
|-heal|p2a: Salamence|100/100|[from] item: Leftovers
|-heal|p1a: Blissey|76/100|[from] item: Leftovers
|upkeep
|turn|35
|inactive|Venik777 has 60 seconds left.
|
|t:|1728050185
|switch|p1a: Flygon|Flygon, F|100/100
|move|p2a: Salamence|Dragon Dance|p2a: Salamence
|-boost|p2a: Salamence|atk|1
|-boost|p2a: Salamence|spe|1
|
|-weather|Sandstorm|[upkeep]
|-damage|p2a: Salamence|94/100|[from] Sandstorm
|-heal|p2a: Salamence|100/100|[from] item: Leftovers
|upkeep
|turn|36
|
|t:|1728050202
|move|p2a: Salamence|Dragon Dance|p2a: Salamence
|-boost|p2a: Salamence|atk|1
|-boost|p2a: Salamence|spe|1
|move|p1a: Flygon|Toxic|p2a: Salamence|[miss]
|-miss|p1a: Flygon|p2a: Salamence
|
|-weather|Sandstorm|[upkeep]
|-damage|p2a: Salamence|94/100|[from] Sandstorm
|-heal|p2a: Salamence|100/100|[from] item: Leftovers
|upkeep
|turn|37
|
|t:|1728050217
|move|p2a: Salamence|Hidden Power|p1a: Flygon
|-damage|p1a: Flygon|34/100
|move|p1a: Flygon|Toxic|p2a: Salamence
|-status|p2a: Salamence|tox
|
|-weather|Sandstorm|[upkeep]
|-damage|p2a: Salamence|94/100 tox|[from] Sandstorm
|-heal|p2a: Salamence|100/100 tox|[from] item: Leftovers
|-damage|p2a: Salamence|94/100 tox|[from] psn
|-heal|p1a: Flygon|40/100|[from] item: Leftovers
|upkeep
|turn|38
|inactive|Venik777 has 30 seconds left.
|
|t:|1728050237
|move|p2a: Salamence|Hidden Power|p1a: Flygon
|-damage|p1a: Flygon|0 fnt
|faint|p1a: Flygon
|
|t:|1728050240
|switch|p1a: Skarmory|Skarmory, M|100/100
|
|-weather|Sandstorm|[upkeep]
|-damage|p2a: Salamence|88/100 tox|[from] Sandstorm
|-heal|p2a: Salamence|94/100 tox|[from] item: Leftovers
|-damage|p2a: Salamence|82/100 tox|[from] psn
|upkeep
|turn|39
|
|t:|1728050248
|move|p2a: Salamence|Rock Slide|p1a: Skarmory
|-damage|p1a: Skarmory|58/100
|cant|p1a: Skarmory|flinch
|
|-weather|Sandstorm|[upkeep]
|-damage|p2a: Salamence|76/100 tox|[from] Sandstorm
|-heal|p2a: Salamence|82/100 tox|[from] item: Leftovers
|-damage|p2a: Salamence|64/100 tox|[from] psn
|-heal|p1a: Skarmory|64/100|[from] item: Leftovers
|upkeep
|turn|40
|inactive|LoopingPyre has 270 seconds left.
|
|t:|1728050267
|move|p2a: Salamence|Rock Slide|p1a: Skarmory
|-damage|p1a: Skarmory|17/100
|cant|p1a: Skarmory|flinch
|
|-weather|Sandstorm|[upkeep]
|-damage|p2a: Salamence|58/100 tox|[from] Sandstorm
|-heal|p2a: Salamence|64/100 tox|[from] item: Leftovers
|-damage|p2a: Salamence|39/100 tox|[from] psn
|-heal|p1a: Skarmory|23/100|[from] item: Leftovers
|upkeep
|turn|41
|inactive|LoopingPyre has 270 seconds left.
|
|t:|1728050278
|move|p1a: Skarmory|Protect|p1a: Skarmory
|-singleturn|p1a: Skarmory|Protect
|move|p2a: Salamence|Rock Slide|p1a: Skarmory
|-activate|p1a: Skarmory|Protect
|
|-weather|Sandstorm|[upkeep]
|-damage|p2a: Salamence|33/100 tox|[from] Sandstorm
|-heal|p2a: Salamence|39/100 tox|[from] item: Leftovers
|-damage|p2a: Salamence|9/100 tox|[from] psn
|-heal|p1a: Skarmory|29/100|[from] item: Leftovers
|upkeep
|turn|42
|inactive|LoopingPyre has 270 seconds left.
|
|t:|1728050295
|switch|p1a: Tyranitar|Tyranitar, F|82/100
|-damage|p1a: Tyranitar|57/100|[from] Spikes
|move|p2a: Salamence|Rock Slide|p1a: Tyranitar
|-damage|p1a: Tyranitar|0 fnt
|faint|p1a: Tyranitar
|inactive|Venik777 has 30 seconds left.
|inactive|Venik777 has 20 seconds left.
|inactive|Venik777 has 15 seconds left.
|
|t:|1728050321
|switch|p1a: Skarmory|Skarmory, M|29/100
|
|-weather|Sandstorm|[upkeep]
|-damage|p2a: Salamence|3/100 tox|[from] Sandstorm
|-heal|p2a: Salamence|9/100 tox|[from] item: Leftovers
|-damage|p2a: Salamence|0 fnt|[from] psn
|faint|p2a: Salamence
|-heal|p1a: Skarmory|35/100|[from] item: Leftovers
|upkeep
|inactive|Venik777 has 20 seconds left this turn.
|inactive|LoopingPyre has 270 seconds left.
|
|t:|1728050340
|switch|p2a: Zapdos|Zapdos|71/100 par
|turn|43
|inactive|Venik777 has 30 seconds left this turn.
|inactive|Venik777 has 20 seconds left.
|
|t:|1728050351
|switch|p1a: Blissey|Blissey, F|76/100
|-damage|p1a: Blissey|51/100|[from] Spikes
|cant|p2a: Zapdos|par
|
|-weather|Sandstorm|[upkeep]
|-damage|p1a: Blissey|45/100|[from] Sandstorm
|-damage|p2a: Zapdos|65/100 par|[from] Sandstorm
|-heal|p1a: Blissey|51/100|[from] item: Leftovers
|-heal|p2a: Zapdos|71/100 par|[from] item: Leftovers
|upkeep
|turn|44
|inactive|Venik777 has 30 seconds left this turn.
|inactive|LoopingPyre has 270 seconds left.
|inactive|Venik777 has 20 seconds left.
|inactive|Venik777 has 15 seconds left.
|
|t:|1728050369
|move|p1a: Blissey|Soft-Boiled|p1a: Blissey
|-heal|p1a: Blissey|100/100
|move|p2a: Zapdos|Thunder Wave|p1a: Blissey
|-status|p1a: Blissey|par
|
|-weather|Sandstorm|[upkeep]
|-damage|p2a: Zapdos|65/100 par|[from] Sandstorm
|-damage|p1a: Blissey|94/100 par|[from] Sandstorm
|-heal|p2a: Zapdos|71/100 par|[from] item: Leftovers
|-heal|p1a: Blissey|100/100 par|[from] item: Leftovers
|upkeep
|turn|45
|inactive|Venik777 has 25 seconds left this turn.
|inactive|Venik777 has 20 seconds left.
|inactive|LoopingPyre has 270 seconds left.
|
|t:|1728050382
|switch|p2a: Swampert|Swampert, M|82/100
|-damage|p2a: Swampert|57/100|[from] Spikes
|cant|p1a: Blissey|par
|
|-weather|Sandstorm|[upkeep]
|-damage|p1a: Blissey|94/100 par|[from] Sandstorm
|-heal|p2a: Swampert|63/100|[from] item: Leftovers
|-heal|p1a: Blissey|100/100 par|[from] item: Leftovers
|upkeep
|turn|46
|inactive|Venik777 has 30 seconds left this turn.
|inactive|Venik777 has 20 seconds left.
|inactive|LoopingPyre has 270 seconds left.
|inactive|Venik777 has 15 seconds left.
|inactive|Venik777 has 10 seconds left.
|
|t:|1728050405
|-curestatus|p1a: Blissey|par|[from] ability: Natural Cure
|switch|p1a: Zapdos|Zapdos|100/100 par
|move|p2a: Swampert|Ice Beam|p1a: Zapdos
|-supereffective|p1a: Zapdos
|-crit|p1a: Zapdos
|-damage|p1a: Zapdos|23/100 par
|
|-weather|Sandstorm|[upkeep]
|-damage|p1a: Zapdos|17/100 par|[from] Sandstorm
|-heal|p2a: Swampert|69/100|[from] item: Leftovers
|-heal|p1a: Zapdos|23/100 par|[from] item: Leftovers
|upkeep
|turn|47
|inactive|Venik777 has 20 seconds left this turn.
|inactive|Venik777 has 15 seconds left.
|inactive|Venik777 has 10 seconds left.
|inactive|LoopingPyre has 270 seconds left.
|
|t:|1728050419
|switch|p1a: Blissey|Blissey, F|100/100
|-damage|p1a: Blissey|76/100|[from] Spikes
|move|p2a: Swampert|Ice Beam|p1a: Blissey
|-damage|p1a: Blissey|68/100
|-status|p1a: Blissey|frz
|
|-weather|Sandstorm|[upkeep]
|-damage|p1a: Blissey|62/100 frz|[from] Sandstorm
|-heal|p1a: Blissey|68/100 frz|[from] item: Leftovers
|-heal|p2a: Swampert|75/100|[from] item: Leftovers
|upkeep
|turn|48
|inactive|Venik777 has 20 seconds left this turn.
|inactive|Venik777 has 15 seconds left.
|inactive|LoopingPyre has 270 seconds left.
|
|t:|1728050431
|cant|p1a: Blissey|frz
|move|p2a: Swampert|Earthquake|p1a: Blissey
|-damage|p1a: Blissey|29/100 frz
|
|-weather|Sandstorm|[upkeep]
|-damage|p1a: Blissey|23/100 frz|[from] Sandstorm
|-heal|p1a: Blissey|29/100 frz|[from] item: Leftovers
|-heal|p2a: Swampert|81/100|[from] item: Leftovers
|upkeep
|turn|49
|inactive|Venik777 has 25 seconds left this turn.
|
|t:|1728050440
|cant|p1a: Blissey|frz
|move|p2a: Swampert|Earthquake|p1a: Blissey
|-damage|p1a: Blissey|0 fnt
|faint|p1a: Blissey
|inactive|Venik777 has 30 seconds left this turn.
|inactive|Venik777 has 20 seconds left.
|inactive|Venik777 has 15 seconds left.
|
|t:|1728050458
|switch|p1a: Gengar|Gengar, F|100/100
|
|-weather|Sandstorm|[upkeep]
|-damage|p1a: Gengar|95/100|[from] Sandstorm
|-heal|p1a: Gengar|100/100|[from] item: Leftovers
|-heal|p2a: Swampert|88/100|[from] item: Leftovers
|upkeep
|turn|50
|inactive|Venik777 has 25 seconds left this turn.
|inactive|LoopingPyre has 270 seconds left.
|
|t:|1728050483
|switch|p2a: Skarmory|Skarmory, M|21/100 par
|move|p1a: Gengar|Will-O-Wisp||[still]
|-fail|p1a: Gengar
|
|-weather|Sandstorm|[upkeep]
|-damage|p1a: Gengar|95/100|[from] Sandstorm
|-heal|p1a: Gengar|100/100|[from] item: Leftovers
|-heal|p2a: Skarmory|27/100 par|[from] item: Leftovers
|upkeep
|turn|51
|inactive|Venik777 has 30 seconds left.
|inactive|LoopingPyre has 270 seconds left.
|
|t:|1728050499
|move|p1a: Gengar|Thunderbolt|p2a: Skarmory
|-supereffective|p2a: Skarmory
|-damage|p2a: Skarmory|0 fnt
|faint|p2a: Skarmory
|
|t:|1728050508
|switch|p2a: Swampert|Swampert, M|88/100
|-damage|p2a: Swampert|63/100|[from] Spikes
|
|-weather|Sandstorm|[upkeep]
|-damage|p1a: Gengar|95/100|[from] Sandstorm
|-heal|p1a: Gengar|100/100|[from] item: Leftovers
|-heal|p2a: Swampert|69/100|[from] item: Leftovers
|upkeep
|turn|52
|inactive|LoopingPyre has 270 seconds left.
|inactive|Venik777 has 30 seconds left.
|inactive|Venik777 has 20 seconds left.
|inactive|Venik777 has 15 seconds left.
|inactive|Venik777 has 10 seconds left.
|inactive|Venik777 has 5 seconds left.
|
|t:|1728050550
|move|p1a: Gengar|Will-O-Wisp|p2a: Swampert
|-status|p2a: Swampert|brn
|move|p2a: Swampert|Ice Beam|p1a: Gengar
|-crit|p1a: Gengar
|-damage|p1a: Gengar|52/100
|
|-weather|Sandstorm|[upkeep]
|-damage|p1a: Gengar|46/100|[from] Sandstorm
|-heal|p1a: Gengar|52/100|[from] item: Leftovers
|-heal|p2a: Swampert|75/100 brn|[from] item: Leftovers
|-damage|p2a: Swampert|63/100 brn|[from] brn
|upkeep
|turn|53
|inactive|Venik777 has 15 seconds left this turn.
|inactive|Venik777 has 10 seconds left.
|inactive|LoopingPyre has 270 seconds left.
|
|t:|1728050559
|switch|p1a: Skarmory|Skarmory, M|35/100
|move|p2a: Swampert|Ice Beam|p1a: Skarmory
|-damage|p1a: Skarmory|18/100
|
|-weather|Sandstorm|[upkeep]
|-heal|p1a: Skarmory|24/100|[from] item: Leftovers
|-heal|p2a: Swampert|69/100 brn|[from] item: Leftovers
|-damage|p2a: Swampert|56/100 brn|[from] brn
|upkeep
|turn|54
|inactive|Venik777 has 20 seconds left this turn.
|
|t:|1728050568
|move|p1a: Skarmory|Protect|p1a: Skarmory
|-singleturn|p1a: Skarmory|Protect
|move|p2a: Swampert|Ice Beam|p1a: Skarmory
|-activate|p1a: Skarmory|Protect
|
|-weather|Sandstorm|[upkeep]
|-heal|p1a: Skarmory|30/100|[from] item: Leftovers
|-heal|p2a: Swampert|63/100 brn|[from] item: Leftovers
|-damage|p2a: Swampert|50/100 brn|[from] brn
|upkeep
|turn|55
|inactive|Venik777 has 30 seconds left this turn.
|
|t:|1728050578
|move|p2a: Swampert|Rest|p2a: Swampert
|-status|p2a: Swampert|slp|[from] move: Rest
|-heal|p2a: Swampert|100/100 slp|[silent]
|move|p1a: Skarmory|Roar|p2a: Swampert
|drag|p2a: Dusclops|Dusclops, F|56/100
|-damage|p2a: Dusclops|31/100|[from] Spikes
|
|-weather|Sandstorm|[upkeep]
|-damage|p2a: Dusclops|25/100|[from] Sandstorm
|-heal|p1a: Skarmory|36/100|[from] item: Leftovers
|-heal|p2a: Dusclops|31/100|[from] item: Leftovers
|upkeep
|turn|56
|
|t:|1728050590
|move|p1a: Skarmory|Drill Peck|p2a: Dusclops
|-damage|p2a: Dusclops|10/100
|move|p2a: Dusclops|Will-O-Wisp|p1a: Skarmory
|-status|p1a: Skarmory|brn
|
|-weather|Sandstorm|[upkeep]
|-damage|p2a: Dusclops|4/100|[from] Sandstorm
|-heal|p1a: Skarmory|42/100 brn|[from] item: Leftovers
|-damage|p1a: Skarmory|30/100 brn|[from] brn
|-heal|p2a: Dusclops|10/100|[from] item: Leftovers
|upkeep
|turn|57
|
|t:|1728050602
|move|p2a: Dusclops|Pain Split|p1a: Skarmory
|-sethp|p1a: Skarmory|19/100 brn|[from] move: Pain Split|[silent]
|-sethp|p2a: Dusclops|22/100|[from] move: Pain Split
|move|p1a: Skarmory|Roar|p2a: Dusclops
|drag|p2a: Zapdos|Zapdos|71/100 par
|
|-weather|Sandstorm|[upkeep]
|-damage|p2a: Zapdos|65/100 par|[from] Sandstorm
|-heal|p1a: Skarmory|25/100 brn|[from] item: Leftovers
|-damage|p1a: Skarmory|13/100 brn|[from] brn
|-heal|p2a: Zapdos|71/100 par|[from] item: Leftovers
|upkeep
|turn|58
|
|t:|1728050623
|move|p1a: Skarmory|Drill Peck|p2a: Zapdos
|-resisted|p2a: Zapdos
|-damage|p2a: Zapdos|66/100 par
|move|p2a: Zapdos|Thunderbolt|p1a: Skarmory
|-supereffective|p1a: Skarmory
|-damage|p1a: Skarmory|0 fnt
|faint|p1a: Skarmory
|
|t:|1728050629
|switch|p1a: Gengar|Gengar, F|52/100
|
|-weather|Sandstorm|[upkeep]
|-damage|p1a: Gengar|46/100|[from] Sandstorm
|-damage|p2a: Zapdos|60/100 par|[from] Sandstorm
|-heal|p1a: Gengar|52/100|[from] item: Leftovers
|-heal|p2a: Zapdos|66/100 par|[from] item: Leftovers
|upkeep
|turn|59
|
|t:|1728050637
|move|p1a: Gengar|Thunderbolt|p2a: Zapdos
|-damage|p2a: Zapdos|47/100 par
|move|p2a: Zapdos|Thunderbolt|p1a: Gengar
|-damage|p1a: Gengar|2/100
|
|-weather|Sandstorm|[upkeep]
|-damage|p1a: Gengar|0 fnt|[from] Sandstorm
|-damage|p2a: Zapdos|41/100 par|[from] Sandstorm
|faint|p1a: Gengar
|-heal|p2a: Zapdos|47/100 par|[from] item: Leftovers
|upkeep
|
|t:|1728050640
|switch|p1a: Zapdos|Zapdos|23/100 par
|turn|60
|
|t:|1728050648
|move|p1a: Zapdos|Protect|p1a: Zapdos
|-singleturn|p1a: Zapdos|Protect
|cant|p2a: Zapdos|par
|
|-weather|Sandstorm|[upkeep]
|-damage|p1a: Zapdos|17/100 par|[from] Sandstorm
|-damage|p2a: Zapdos|41/100 par|[from] Sandstorm
|-heal|p1a: Zapdos|23/100 par|[from] item: Leftovers
|-heal|p2a: Zapdos|47/100 par|[from] item: Leftovers
|upkeep
|turn|61
|
|t:|1728050657
|move|p1a: Zapdos|Thunderbolt|p2a: Zapdos
|-damage|p2a: Zapdos|12/100 par
|move|p2a: Zapdos|Thunderbolt|p1a: Zapdos
|-damage|p1a: Zapdos|0 fnt
|faint|p1a: Zapdos
|
|win|LoopingPyre
|c|☆Venik777|gg
|c|☆LoopingPyre|holy gg

</script>
<script type="application/json" class="data" id="replaydata-smogtours-gen3ou-794545">
{"id":"smogtours-gen3ou-794545","format":"[Gen 3] OU","players":["Venik777","LoopingPyre"],"uploadtime":1728050657,"views":90,"formatid":"gen3ou","rating":null,"private":0,"password":null}
</script>

<script defer src="js/replays.js?9d40a366"></script>
