<!DOCTYPE html>
<meta charset="utf-8" />
<meta name="viewport" content="width=device-width" />

<title>[Gen 3] OU: cow xi vs. james5k0 - Replays - Pok&eacute;mon Showdown!</title>

<meta name="description" content="Watch a replay of a Pok&eacute;mon battle between cow xi and james5k0! Format: [Gen 3] OU; Date: Oct 20, 2024" />
<!--

Hey, you! Looking in the source for the replay log?

You can find them in JSON format, just add `.json` at the end of a replay URL.

https://replay.pokemonshowdown.com/gen7randomdoublesbattle-865046831.json

Or, if you only need the log itself, add `.log` instead:

https://replay.pokemonshowdown.com/gen7randomdoublesbattle-865046831.log

-->

<link rel="stylesheet" href="//pokemonshowdown.com/style/global.css?0.023195364461161105" />
<link rel="stylesheet" href="//play.pokemonshowdown.com/style/font-awesome.css?0.13261647063804238" />
<link rel="stylesheet" href="//play.pokemonshowdown.com/style/battle.css?0.8753245789963631" />
<link rel="stylesheet" href="//play.pokemonshowdown.com/style/utilichart.css?0.8627959624976733" />

<!-- Global site tag (gtag.js) - Google Analytics -->
<script async src="https://www.googletagmanager.com/gtag/js?id=UA-26211653-1"></script>
<script>
  window.dataLayer = window.dataLayer || [];
  function gtag(){dataLayer.push(arguments);}
  gtag('js', new Date());

  gtag('config', 'UA-26211653-1');
</script>
<!-- End Google Analytics -->
<!-- Venatus Ad Manager - Install in <HEAD> of page -->
	<script src="https://hb.vntsm.com/v3/live/ad-manager.min.js" type="text/javascript" data-site-id="642aba63ec9a7b11c3c9c1be" data-mode="scan" async></script>
<!-- / Venatus Ad Manager -->

<style>
	@media (max-width:820px) {
		.battle {
			margin: 0 auto;
		}
		.battle-log {
			margin: 7px auto 0;
			max-width: 640px;
			height: 300px;
			position: static;
		}
	}
	.optgroup {
		display: inline-block;
		line-height: 22px;
		font-size: 10pt;
	}
	.optgroup .button {
		height: 25px;
		padding-top: 0;
		padding-bottom: 0;
	}
	.optgroup button.button {
		padding-left: 12px;
		padding-right: 12px;
	}
	.linklist {
		list-style: none;
		margin: 0.5em 0;
		padding: 0;
	}
	.linklist li {
		padding: 2px 0;
	}
	.sidebar {
		float: left;
		width: 320px;
	}
	.bar-wrapper {
		max-width: 1100px;
		margin: 0 auto;
	}
	.bar-wrapper.has-sidebar {
		max-width: 1430px;
	}
	.mainbar {
		margin: 0;
		padding-right: 1px;
	}
	.mainbar.has-sidebar {
		margin-left: 330px;
	}
	@media (min-width: 1511px) {
		.sidebar {
			width: 400px;
		}
		.bar-wrapper.has-sidebar {
			max-width: 1510px;
		}
		.mainbar.has-sidebar {
			margin-left: 410px;
		}
	}
	.section.first-section {
		margin-top: 9px;
	}
	.blocklink small {
		white-space: normal;
	}
	.button {
		vertical-align: middle;
	}
	.replay-controls {
		padding-top: 10px;
	}
	.replay-controls h1 {
		font-size: 16pt;
		font-weight: normal;
		color: #CCC;
	}
	.pagelink {
		text-align: center;
	}
	.pagelink a {
		width: 150px;
	}
	.textbox, .button {
		font-size: 11pt;
		vertical-align: middle;
	}
	@media (max-width: 450px) {
		.button {
			font-size: 9pt;
		}
	}
</style>

<div>

	<header>
		<div class="nav-wrapper"><ul class="nav">
			<li><a class="button nav-first" href="//pokemonshowdown.com/"><img src="//pokemonshowdown.com/images/pokemonshowdownbeta.png" srcset="//pokemonshowdown.com/images/pokemonshowdownbeta.png 1x, //pokemonshowdown.com/images/pokemonshowdownbeta@2x.png 2x" alt="Pok&eacute;mon Showdown" width="146" height="44" /> Home</a></li>
			<li><a class="button" href="//pokemonshowdown.com/dex/">Pok&eacute;dex</a></li>
			<li><a class="button cur" href="/">Replays</a></li>
			<li><a class="button" href="//pokemonshowdown.com/ladder/">Ladder</a></li>
			<li><a class="button nav-last" href="//pokemonshowdown.com/forums/">Forum</a></li>
			<li><a class="button greenbutton nav-first nav-last" href="//play.pokemonshowdown.com/">Play</a></li>
		</ul></div>
	</header>

	<div class="main" id="main">

		<noscript><section class="section">You need to enable JavaScript to use this page; sorry!</section></noscript>

	</div>

</div>

<script defer nomodule src="//play.pokemonshowdown.com/js/lib/ps-polyfill.js"></script>
<script defer src="//play.pokemonshowdown.com/js/lib/preact.min.js"></script>

<script defer src="//play.pokemonshowdown.com/config/config.js?2bddbc15"></script>
<script defer src="//play.pokemonshowdown.com/js/lib/jquery-1.11.0.min.js"></script>
<script defer src="//play.pokemonshowdown.com/js/lib/html-sanitizer-minified.js"></script>
<script defer src="//play.pokemonshowdown.com/js/battle-sound.js"></script>
<script defer src="//play.pokemonshowdown.com/js/battledata.js?0.7209276989879541"></script>
<script defer src="//play.pokemonshowdown.com/data/pokedex-mini.js?0.6111056340867951"></script>
<script defer src="//play.pokemonshowdown.com/data/pokedex-mini-bw.js?0.3532142036491459"></script>
<script defer src="//play.pokemonshowdown.com/data/graphics.js?0.24223875632456182"></script>
<script defer src="//play.pokemonshowdown.com/data/pokedex.js?0.38839984266356864"></script>
<script defer src="//play.pokemonshowdown.com/data/moves.js?0.21866028504024015"></script>
<script defer src="//play.pokemonshowdown.com/data/abilities.js?0.2005157953846628"></script>
<script defer src="//play.pokemonshowdown.com/data/items.js?0.9894211263848525"></script>
<script defer src="//play.pokemonshowdown.com/data/teambuilder-tables.js?0.6008791140282215"></script>
<script defer src="//play.pokemonshowdown.com/js/battle-tooltips.js?0.7580118955022959"></script>
<script defer src="//play.pokemonshowdown.com/js/battle.js?0.6057722274234274"></script>

<script defer src="js/utils.js?e31f9a17"></script>
<script defer src="js/replays-battle.js?7008c182"></script>

<!-- don't scrape this data! just add .json or .log after the URL!
Full API docs: https://github.com/smogon/pokemon-showdown-client/blob/master/WEB-API.md -->
<script type="text/plain" class="log" id="replaylog-smogtours-gen3ou-800648">
|inactive|Battle timer is ON: inactive players will automatically lose when time's up.
|t:|1729448490
|gametype|singles
|player|p1|cow xi|lucas|
|player|p2|james5k0|102|
|teamsize|p1|6
|teamsize|p2|6
|gen|3
|tier|[Gen 3] OU
|rule|Sleep Clause Mod: Limit one foe put to sleep
|rule|Switch Priority Clause Mod: Faster Pokémon switch first
|rule|Species Clause: Limit one of each Pokémon
|rule|OHKO Clause: OHKO moves are banned
|rule|Evasion Items Clause: Evasion items are banned
|rule|Evasion Moves Clause: Evasion moves are banned
|rule|Endless Battle Clause: Forcing endless battles is banned
|rule|HP Percentage Mod: HP is shown in percentages
|rule|One Boost Passer Clause: Limit one Baton Passer that has a way to boost its stats
|rule|Freeze Clause Mod: Limit one foe frozen
|
|t:|1729448490
|start
|switch|p1a: Salamence|Salamence, M|100/100
|switch|p2a: Tyranitar|Tyranitar, F|100/100
|-ability|p1a: Salamence|Intimidate|boost
|-unboost|p2a: Tyranitar|atk|1
|-weather|Sandstorm|[from] ability: Sand Stream|[of] p2a: Tyranitar
|turn|1
|
|t:|1729448515
|switch|p1a: Skarmory|Skarmory, F|100/100
|switch|p2a: Zapdos|Zapdos|100/100
|
|-weather|Sandstorm|[upkeep]
|-damage|p2a: Zapdos|94/100|[from] Sandstorm
|-heal|p2a: Zapdos|100/100|[from] item: Leftovers
|upkeep
|turn|2
|
|t:|1729448524
|switch|p1a: Blissey|Blissey, F|100/100
|move|p2a: Zapdos|Thunderbolt|p1a: Blissey
|-damage|p1a: Blissey|84/100
|
|-weather|Sandstorm|[upkeep]
|-damage|p2a: Zapdos|94/100|[from] Sandstorm
|-damage|p1a: Blissey|77/100|[from] Sandstorm
|-heal|p2a: Zapdos|100/100|[from] item: Leftovers
|-heal|p1a: Blissey|84/100|[from] item: Leftovers
|upkeep
|turn|3
|
|t:|1729448538
|switch|p2a: Tyranitar|Tyranitar, F|100/100
|move|p1a: Blissey|Thunder Wave|p2a: Tyranitar
|-status|p2a: Tyranitar|par
|
|-weather|Sandstorm|[upkeep]
|-damage|p1a: Blissey|77/100|[from] Sandstorm
|-heal|p1a: Blissey|84/100|[from] item: Leftovers
|upkeep
|turn|4
|
|t:|1729448545
|switch|p1a: Skarmory|Skarmory, F|100/100
|move|p2a: Tyranitar|Rock Slide|p1a: Skarmory
|-damage|p1a: Skarmory|51/100
|
|-weather|Sandstorm|[upkeep]
|upkeep
|turn|5
|
|t:|1729448553
|switch|p2a: Skarmory|Skarmory, M|100/100
|move|p1a: Skarmory|Spikes|p2a: Skarmory
|-sidestart|p2: james5k0|Spikes
|
|-weather|Sandstorm|[upkeep]
|upkeep
|turn|6
|
|t:|1729448560
|switch|p2a: Aerodactyl|Aerodactyl, F|100/100
|move|p1a: Skarmory|Thief|p2a: Aerodactyl
|-damage|p2a: Aerodactyl|94/100
|-enditem|p2a: Aerodactyl|Choice Band|[silent]|[from] move: Thief|[of] p1a: Skarmory
|-item|p1a: Skarmory|Choice Band|[from] move: Thief|[of] p2a: Aerodactyl
|
|-weather|Sandstorm|[upkeep]
|upkeep
|turn|7
|
|t:|1729448567
|switch|p1a: Claydol|Claydol|100/100
|move|p2a: Aerodactyl|Rock Slide|p1a: Claydol
|-resisted|p1a: Claydol
|-damage|p1a: Claydol|84/100
|
|-weather|Sandstorm|[upkeep]
|-heal|p1a: Claydol|90/100|[from] item: Leftovers
|upkeep
|turn|8
|
|t:|1729448574
|move|p2a: Aerodactyl|Hidden Power|p1a: Claydol
|-supereffective|p1a: Claydol
|-damage|p1a: Claydol|47/100
|move|p1a: Claydol|Psychic|p2a: Aerodactyl
|-damage|p2a: Aerodactyl|63/100
|
|-weather|Sandstorm|[upkeep]
|-heal|p1a: Claydol|53/100|[from] item: Leftovers
|upkeep
|turn|9
|
|t:|1729448581
|switch|p2a: Skarmory|Skarmory, M|100/100
|switch|p1a: Metagross|Metagross|100/100
|
|-weather|Sandstorm|[upkeep]
|upkeep
|turn|10
|c|+evakiyama!|go cow cuh
|
|t:|1729448591
|switch|p1a: Skarmory|Skarmory, F|51/100
|move|p2a: Skarmory|Spikes|p1a: Skarmory
|-sidestart|p1: cow xi|Spikes
|
|-weather|Sandstorm|[upkeep]
|upkeep
|turn|11
|
|t:|1729448595
|move|p2a: Skarmory|Spikes|p1a: Skarmory
|-sidestart|p1: cow xi|Spikes
|move|p1a: Skarmory|Spikes|p2a: Skarmory
|-sidestart|p2: james5k0|Spikes
|
|-weather|Sandstorm|[upkeep]
|upkeep
|turn|12
|
|t:|1729448599
|move|p2a: Skarmory|Spikes|p1a: Skarmory
|-sidestart|p1: cow xi|Spikes
|move|p1a: Skarmory|Spikes|p2a: Skarmory
|-sidestart|p2: james5k0|Spikes
|
|-weather|Sandstorm|[upkeep]
|upkeep
|turn|13
|
|t:|1729448606
|switch|p1a: Claydol|Claydol|53/100
|move|p2a: Skarmory|Roar|p1a: Claydol
|drag|p1a: Salamence|Salamence, M|100/100
|-ability|p1a: Salamence|Intimidate|boost
|-unboost|p2a: Skarmory|atk|1
|
|-weather|Sandstorm|[upkeep]
|-damage|p1a: Salamence|94/100|[from] Sandstorm
|-heal|p1a: Salamence|100/100|[from] item: Leftovers
|upkeep
|turn|14
|
|t:|1729448615
|switch|p2a: Zapdos|Zapdos|100/100
|move|p1a: Salamence|Dragon Dance|p1a: Salamence
|-boost|p1a: Salamence|atk|1
|-boost|p1a: Salamence|spe|1
|
|-weather|Sandstorm|[upkeep]
|-damage|p1a: Salamence|94/100|[from] Sandstorm
|-damage|p2a: Zapdos|94/100|[from] Sandstorm
|-heal|p1a: Salamence|100/100|[from] item: Leftovers
|-heal|p2a: Zapdos|100/100|[from] item: Leftovers
|upkeep
|turn|15
|inactive|cow xi has 270 seconds left.
|
|t:|1729448674
|switch|p2a: Flygon|Flygon, M|100/100
|move|p1a: Salamence|Rock Slide|p2a: Flygon|[miss]
|-miss|p1a: Salamence|p2a: Flygon
|
|-weather|Sandstorm|[upkeep]
|-damage|p1a: Salamence|94/100|[from] Sandstorm
|-heal|p1a: Salamence|100/100|[from] item: Leftovers
|upkeep
|turn|16
|inactive|cow xi has 240 seconds left.
|
|t:|1729448702
|move|p1a: Salamence|Hidden Power|p2a: Flygon
|-damage|p2a: Flygon|53/100
|move|p2a: Flygon|Toxic|p1a: Salamence
|-status|p1a: Salamence|tox
|
|-weather|Sandstorm|[upkeep]
|-damage|p1a: Salamence|94/100 tox|[from] Sandstorm
|-heal|p1a: Salamence|100/100 tox|[from] item: Leftovers
|-damage|p1a: Salamence|94/100 tox|[from] psn
|-heal|p2a: Flygon|59/100|[from] item: Leftovers
|upkeep
|turn|17
|inactive|cow xi has 240 seconds left.
|inactive|james5k0 has 270 seconds left.
|
|t:|1729448728
|move|p1a: Salamence|Hidden Power|p2a: Flygon
|-damage|p2a: Flygon|16/100
|move|p2a: Flygon|Rock Slide|p1a: Salamence
|-supereffective|p1a: Salamence
|-damage|p1a: Salamence|56/100 tox
|
|-weather|Sandstorm|[upkeep]
|-damage|p1a: Salamence|50/100 tox|[from] Sandstorm
|-heal|p1a: Salamence|56/100 tox|[from] item: Leftovers
|-damage|p1a: Salamence|43/100 tox|[from] psn
|-heal|p2a: Flygon|22/100|[from] item: Leftovers
|upkeep
|turn|18
|inactive|james5k0 has 270 seconds left.
|
|t:|1729448741
|move|p2a: Flygon|Protect|p2a: Flygon
|-singleturn|p2a: Flygon|Protect
|move|p1a: Salamence|Hidden Power|p2a: Flygon
|-activate|p2a: Flygon|Protect
|
|-weather|Sandstorm|[upkeep]
|-damage|p1a: Salamence|37/100 tox|[from] Sandstorm
|-heal|p1a: Salamence|43/100 tox|[from] item: Leftovers
|-damage|p1a: Salamence|25/100 tox|[from] psn
|-heal|p2a: Flygon|29/100|[from] item: Leftovers
|upkeep
|turn|19
|
|t:|1729448746
|switch|p2a: Skarmory|Skarmory, M|100/100
|move|p1a: Salamence|Hidden Power|p2a: Skarmory
|-resisted|p2a: Skarmory
|-crit|p2a: Skarmory
|-damage|p2a: Skarmory|61/100
|
|-weather|Sandstorm|[upkeep]
|-damage|p1a: Salamence|19/100 tox|[from] Sandstorm
|-heal|p1a: Salamence|25/100 tox|[from] item: Leftovers
|-damage|p1a: Salamence|1/100 tox|[from] psn
|-heal|p2a: Skarmory|67/100|[from] item: Leftovers
|upkeep
|turn|20
|
|t:|1729448752
|move|p2a: Skarmory|Protect|p2a: Skarmory
|-singleturn|p2a: Skarmory|Protect
|move|p1a: Salamence|Rock Slide|p2a: Skarmory
|-activate|p2a: Skarmory|Protect
|
|-weather|Sandstorm|[upkeep]
|-damage|p1a: Salamence|0 fnt|[from] Sandstorm
|faint|p1a: Salamence
|-heal|p2a: Skarmory|73/100|[from] item: Leftovers
|upkeep
|
|t:|1729448761
|switch|p1a: Tyranitar|Tyranitar, M, shiny|100/100
|-damage|p1a: Tyranitar|76/100|[from] Spikes
|turn|21
|
|t:|1729448776
|move|p1a: Tyranitar|Fire Blast|p2a: Skarmory|[miss]
|-miss|p1a: Tyranitar|p2a: Skarmory
|move|p2a: Skarmory|Roar|p1a: Tyranitar
|drag|p1a: Skarmory|Skarmory, F|51/100
|
|-weather|Sandstorm|[upkeep]
|-heal|p2a: Skarmory|79/100|[from] item: Leftovers
|upkeep
|turn|22
|inactive|cow xi has 270 seconds left.
|
|t:|1729448803
|switch|p2a: Tyranitar|Tyranitar, F|100/100 par
|-damage|p2a: Tyranitar|76/100 par|[from] Spikes
|move|p1a: Skarmory|Roar|p2a: Tyranitar
|drag|p2a: Zapdos|Zapdos|100/100
|
|-weather|Sandstorm|[upkeep]
|-damage|p2a: Zapdos|94/100|[from] Sandstorm
|-heal|p2a: Zapdos|100/100|[from] item: Leftovers
|upkeep
|turn|23
|inactive|james5k0 has 270 seconds left.
|
|t:|1729448818
|switch|p1a: Blissey|Blissey, F|84/100
|-damage|p1a: Blissey|59/100|[from] Spikes
|move|p2a: Zapdos|Thunderbolt|p1a: Blissey
|-damage|p1a: Blissey|44/100
|
|-weather|Sandstorm|[upkeep]
|-damage|p2a: Zapdos|94/100|[from] Sandstorm
|-damage|p1a: Blissey|37/100|[from] Sandstorm
|-heal|p2a: Zapdos|100/100|[from] item: Leftovers
|-heal|p1a: Blissey|44/100|[from] item: Leftovers
|upkeep
|turn|24
|
|t:|1729448825
|move|p2a: Zapdos|Toxic|p1a: Blissey|[miss]
|-miss|p2a: Zapdos|p1a: Blissey
|move|p1a: Blissey|Soft-Boiled|p1a: Blissey
|-heal|p1a: Blissey|94/100
|
|-weather|Sandstorm|[upkeep]
|-damage|p2a: Zapdos|94/100|[from] Sandstorm
|-damage|p1a: Blissey|87/100|[from] Sandstorm
|-heal|p2a: Zapdos|100/100|[from] item: Leftovers
|-heal|p1a: Blissey|94/100|[from] item: Leftovers
|upkeep
|turn|25
|
|t:|1729448831
|switch|p2a: Blissey|Blissey, F|100/100
|-damage|p2a: Blissey|76/100|[from] Spikes
|move|p1a: Blissey|Thunder Wave|p2a: Blissey
|-status|p2a: Blissey|par
|
|-weather|Sandstorm|[upkeep]
|-damage|p1a: Blissey|87/100|[from] Sandstorm
|-damage|p2a: Blissey|69/100 par|[from] Sandstorm
|-heal|p1a: Blissey|94/100|[from] item: Leftovers
|-heal|p2a: Blissey|76/100 par|[from] item: Leftovers
|upkeep
|turn|26
|
|t:|1729448833
|move|p1a: Blissey|Seismic Toss|p2a: Blissey
|-damage|p2a: Blissey|60/100 par
|move|p2a: Blissey|Wish|p2a: Blissey
|
|-weather|Sandstorm|[upkeep]
|-damage|p1a: Blissey|87/100|[from] Sandstorm
|-damage|p2a: Blissey|54/100 par|[from] Sandstorm
|-heal|p1a: Blissey|94/100|[from] item: Leftovers
|-heal|p2a: Blissey|60/100 par|[from] item: Leftovers
|upkeep
|turn|27
|
|t:|1729448842
|move|p1a: Blissey|Seismic Toss|p2a: Blissey
|-damage|p2a: Blissey|45/100 par
|cant|p2a: Blissey|par
|
|-heal|p2a: Blissey|95/100 par|[from] move: Wish|[wisher] Blissey
|-weather|Sandstorm|[upkeep]
|-damage|p1a: Blissey|87/100|[from] Sandstorm
|-damage|p2a: Blissey|89/100 par|[from] Sandstorm
|-heal|p1a: Blissey|94/100|[from] item: Leftovers
|-heal|p2a: Blissey|95/100 par|[from] item: Leftovers
|upkeep
|turn|28
|
|t:|1729448847
|move|p1a: Blissey|Seismic Toss|p2a: Blissey
|-damage|p2a: Blissey|79/100 par
|move|p2a: Blissey|Wish|p2a: Blissey
|
|-weather|Sandstorm|[upkeep]
|-damage|p1a: Blissey|87/100|[from] Sandstorm
|-damage|p2a: Blissey|73/100 par|[from] Sandstorm
|-heal|p1a: Blissey|94/100|[from] item: Leftovers
|-heal|p2a: Blissey|79/100 par|[from] item: Leftovers
|upkeep
|turn|29
|
|t:|1729448851
|-curestatus|p2a: Blissey|par|[from] ability: Natural Cure
|switch|p2a: Tyranitar|Tyranitar, F|76/100 par
|-damage|p2a: Tyranitar|51/100 par|[from] Spikes
|move|p1a: Blissey|Ice Beam|p2a: Tyranitar
|-damage|p2a: Tyranitar|27/100 par
|
|-heal|p2a: Tyranitar|77/100 par|[from] move: Wish|[wisher] Blissey
|-weather|Sandstorm|[upkeep]
|-damage|p1a: Blissey|87/100|[from] Sandstorm
|-heal|p1a: Blissey|94/100|[from] item: Leftovers
|upkeep
|turn|30
|
|t:|1729448863
|switch|p1a: Claydol|Claydol|53/100
|cant|p2a: Tyranitar|par
|
|-weather|Sandstorm|[upkeep]
|-heal|p1a: Claydol|59/100|[from] item: Leftovers
|upkeep
|turn|31
|
|t:|1729448867
|move|p1a: Claydol|Rapid Spin|p2a: Tyranitar
|-resisted|p2a: Tyranitar
|-damage|p2a: Tyranitar|75/100 par
|-sideend|p1: cow xi|Spikes|[from] move: Rapid Spin|[of] p1a: Claydol
|cant|p2a: Tyranitar|par
|
|-weather|Sandstorm|[upkeep]
|-heal|p1a: Claydol|66/100|[from] item: Leftovers
|upkeep
|turn|32
|inactive|james5k0 has 270 seconds left.
|
|t:|1729448901
|switch|p1a: Tyranitar|Tyranitar, M, shiny|76/100
|move|p2a: Tyranitar|Earthquake|p1a: Tyranitar
|-supereffective|p1a: Tyranitar
|-damage|p1a: Tyranitar|0 fnt
|faint|p1a: Tyranitar
|
|t:|1729448920
|switch|p1a: Metagross|Metagross|100/100
|
|-weather|Sandstorm|[upkeep]
|upkeep
|turn|33
|
|t:|1729448933
|switch|p2a: Skarmory|Skarmory, M|79/100
|move|p1a: Metagross|Meteor Mash|p2a: Skarmory
|-resisted|p2a: Skarmory
|-crit|p2a: Skarmory
|-damage|p2a: Skarmory|46/100
|
|-weather|Sandstorm|[upkeep]
|-heal|p2a: Skarmory|52/100|[from] item: Leftovers
|upkeep
|turn|34
|
|t:|1729448942
|move|p2a: Skarmory|Protect|p2a: Skarmory
|-singleturn|p2a: Skarmory|Protect
|move|p1a: Metagross|Meteor Mash|p2a: Skarmory
|-activate|p2a: Skarmory|Protect
|
|-weather|Sandstorm|[upkeep]
|-heal|p2a: Skarmory|58/100|[from] item: Leftovers
|upkeep
|turn|35
|
|t:|1729448947
|move|p1a: Metagross|Meteor Mash|p2a: Skarmory
|-resisted|p2a: Skarmory
|-damage|p2a: Skarmory|40/100
|move|p2a: Skarmory|Roar|p1a: Metagross
|drag|p1a: Claydol|Claydol|66/100
|
|-weather|Sandstorm|[upkeep]
|-heal|p1a: Claydol|72/100|[from] item: Leftovers
|-heal|p2a: Skarmory|46/100|[from] item: Leftovers
|upkeep
|turn|36
|
|t:|1729448954
|switch|p1a: Metagross|Metagross|100/100
|move|p2a: Skarmory|Spikes|p1a: Metagross
|-sidestart|p1: cow xi|Spikes
|
|-weather|Sandstorm|[upkeep]
|-heal|p2a: Skarmory|52/100|[from] item: Leftovers
|upkeep
|turn|37
|
|t:|1729448957
|move|p2a: Skarmory|Protect|p2a: Skarmory
|-singleturn|p2a: Skarmory|Protect
|move|p1a: Metagross|Meteor Mash|p2a: Skarmory
|-activate|p2a: Skarmory|Protect
|
|-weather|Sandstorm|[upkeep]
|-heal|p2a: Skarmory|58/100|[from] item: Leftovers
|upkeep
|turn|38
|
|t:|1729448961
|move|p1a: Metagross|Meteor Mash|p2a: Skarmory|[miss]
|-miss|p1a: Metagross|p2a: Skarmory
|move|p2a: Skarmory|Roar|p1a: Metagross
|drag|p1a: Blissey|Blissey, F|94/100
|-damage|p1a: Blissey|81/100|[from] Spikes
|
|-weather|Sandstorm|[upkeep]
|-damage|p1a: Blissey|75/100|[from] Sandstorm
|-heal|p2a: Skarmory|64/100|[from] item: Leftovers
|-heal|p1a: Blissey|81/100|[from] item: Leftovers
|upkeep
|turn|39
|
|t:|1729448967
|move|p2a: Skarmory|Protect|p2a: Skarmory
|-singleturn|p2a: Skarmory|Protect
|move|p1a: Blissey|Thunder Wave|p2a: Skarmory
|-activate|p2a: Skarmory|Protect
|
|-weather|Sandstorm|[upkeep]
|-damage|p1a: Blissey|75/100|[from] Sandstorm
|-heal|p2a: Skarmory|70/100|[from] item: Leftovers
|-heal|p1a: Blissey|81/100|[from] item: Leftovers
|upkeep
|turn|40
|
|t:|1729448975
|switch|p2a: Zapdos|Zapdos|100/100
|move|p1a: Blissey|Thunder Wave|p2a: Zapdos
|-status|p2a: Zapdos|par
|
|-weather|Sandstorm|[upkeep]
|-damage|p1a: Blissey|75/100|[from] Sandstorm
|-damage|p2a: Zapdos|94/100 par|[from] Sandstorm
|-heal|p1a: Blissey|81/100|[from] item: Leftovers
|-heal|p2a: Zapdos|100/100 par|[from] item: Leftovers
|upkeep
|turn|41
|
|t:|1729448991
|move|p1a: Blissey|Ice Beam|p2a: Zapdos
|-supereffective|p2a: Zapdos
|-damage|p2a: Zapdos|68/100 par
|move|p2a: Zapdos|Toxic|p1a: Blissey
|-status|p1a: Blissey|tox
|
|-weather|Sandstorm|[upkeep]
|-damage|p1a: Blissey|75/100 tox|[from] Sandstorm
|-damage|p2a: Zapdos|62/100 par|[from] Sandstorm
|-heal|p1a: Blissey|81/100 tox|[from] item: Leftovers
|-damage|p1a: Blissey|75/100 tox|[from] psn
|-heal|p2a: Zapdos|68/100 par|[from] item: Leftovers
|upkeep
|turn|42
|
|t:|1729449011
|-curestatus|p1a: Blissey|tox|[from] ability: Natural Cure
|switch|p1a: Metagross|Metagross|100/100
|-damage|p1a: Metagross|88/100|[from] Spikes
|cant|p2a: Zapdos|par
|
|-weather|Sandstorm|[upkeep]
|-damage|p2a: Zapdos|62/100 par|[from] Sandstorm
|-heal|p1a: Metagross|94/100|[from] item: Leftovers
|-heal|p2a: Zapdos|68/100 par|[from] item: Leftovers
|upkeep
|turn|43
|
|t:|1729449033
|move|p1a: Metagross|Meteor Mash|p2a: Zapdos|[miss]
|-miss|p1a: Metagross|p2a: Zapdos
|cant|p2a: Zapdos|par
|
|-weather|Sandstorm|[upkeep]
|-damage|p2a: Zapdos|62/100 par|[from] Sandstorm
|-heal|p1a: Metagross|99/100|[from] item: Leftovers
|-heal|p2a: Zapdos|68/100 par|[from] item: Leftovers
|upkeep
|turn|44
|
|t:|1729449044
|move|p1a: Metagross|Meteor Mash|p2a: Zapdos
|-resisted|p2a: Zapdos
|-damage|p2a: Zapdos|45/100 par
|move|p2a: Zapdos|Thunderbolt|p1a: Metagross
|-damage|p1a: Metagross|58/100
|
|-weather|Sandstorm|[upkeep]
|-damage|p2a: Zapdos|39/100 par|[from] Sandstorm
|-heal|p1a: Metagross|64/100|[from] item: Leftovers
|-heal|p2a: Zapdos|45/100 par|[from] item: Leftovers
|upkeep
|turn|45
|
|t:|1729449054
|move|p1a: Metagross|Protect|p1a: Metagross
|-singleturn|p1a: Metagross|Protect
|move|p2a: Zapdos|Thunderbolt|p1a: Metagross
|-activate|p1a: Metagross|Protect
|
|-weather|Sandstorm|[upkeep]
|-damage|p2a: Zapdos|39/100 par|[from] Sandstorm
|-heal|p1a: Metagross|70/100|[from] item: Leftovers
|-heal|p2a: Zapdos|45/100 par|[from] item: Leftovers
|upkeep
|turn|46
|
|t:|1729449065
|switch|p1a: Blissey|Blissey, F|75/100
|-damage|p1a: Blissey|62/100|[from] Spikes
|move|p2a: Zapdos|Thunderbolt|p1a: Blissey
|-damage|p1a: Blissey|46/100
|
|-weather|Sandstorm|[upkeep]
|-damage|p1a: Blissey|40/100|[from] Sandstorm
|-damage|p2a: Zapdos|39/100 par|[from] Sandstorm
|-heal|p1a: Blissey|46/100|[from] item: Leftovers
|-heal|p2a: Zapdos|45/100 par|[from] item: Leftovers
|upkeep
|turn|47
|
|t:|1729449077
|switch|p2a: Blissey|Blissey, F|79/100
|-damage|p2a: Blissey|55/100|[from] Spikes
|move|p1a: Blissey|Soft-Boiled|p1a: Blissey
|-heal|p1a: Blissey|96/100
|
|-weather|Sandstorm|[upkeep]
|-damage|p1a: Blissey|90/100|[from] Sandstorm
|-damage|p2a: Blissey|48/100|[from] Sandstorm
|-heal|p1a: Blissey|96/100|[from] item: Leftovers
|-heal|p2a: Blissey|55/100|[from] item: Leftovers
|upkeep
|turn|48
|
|t:|1729449083
|switch|p1a: Metagross|Metagross|70/100
|-damage|p1a: Metagross|57/100|[from] Spikes
|move|p2a: Blissey|Soft-Boiled|p2a: Blissey
|-heal|p2a: Blissey|100/100
|
|-weather|Sandstorm|[upkeep]
|-damage|p2a: Blissey|94/100|[from] Sandstorm
|-heal|p1a: Metagross|63/100|[from] item: Leftovers
|-heal|p2a: Blissey|100/100|[from] item: Leftovers
|upkeep
|turn|49
|
|t:|1729449088
|move|p1a: Metagross|Meteor Mash|p2a: Blissey
|-damage|p2a: Blissey|52/100
|move|p2a: Blissey|Flamethrower|p1a: Metagross
|-supereffective|p1a: Metagross
|-damage|p1a: Metagross|11/100
|
|-weather|Sandstorm|[upkeep]
|-damage|p2a: Blissey|46/100|[from] Sandstorm
|-heal|p1a: Metagross|18/100|[from] item: Leftovers
|-heal|p2a: Blissey|52/100|[from] item: Leftovers
|upkeep
|turn|50
|
|t:|1729449094
|move|p1a: Metagross|Meteor Mash|p2a: Blissey
|-damage|p2a: Blissey|3/100
|move|p2a: Blissey|Flamethrower|p1a: Metagross
|-supereffective|p1a: Metagross
|-damage|p1a: Metagross|0 fnt
|faint|p1a: Metagross
|
|t:|1729449102
|switch|p1a: Claydol|Claydol|72/100
|
|-weather|Sandstorm|[upkeep]
|-damage|p2a: Blissey|0 fnt|[from] Sandstorm
|faint|p2a: Blissey
|-heal|p1a: Claydol|78/100|[from] item: Leftovers
|upkeep
|
|t:|1729449114
|switch|p2a: Flygon|Flygon, M|29/100
|turn|51
|
|t:|1729449130
|switch|p1a: Blissey|Blissey, F|96/100
|-damage|p1a: Blissey|83/100|[from] Spikes
|move|p2a: Flygon|Toxic|p1a: Blissey|[miss]
|-miss|p2a: Flygon|p1a: Blissey
|
|-weather|Sandstorm|[upkeep]
|-damage|p1a: Blissey|77/100|[from] Sandstorm
|-heal|p2a: Flygon|35/100|[from] item: Leftovers
|-heal|p1a: Blissey|83/100|[from] item: Leftovers
|upkeep
|turn|52
|
|t:|1729449142
|move|p2a: Flygon|Protect|p2a: Flygon
|-singleturn|p2a: Flygon|Protect
|move|p1a: Blissey|Ice Beam|p2a: Flygon
|-activate|p2a: Flygon|Protect
|
|-weather|Sandstorm|[upkeep]
|-damage|p1a: Blissey|77/100|[from] Sandstorm
|-heal|p2a: Flygon|41/100|[from] item: Leftovers
|-heal|p1a: Blissey|83/100|[from] item: Leftovers
|upkeep
|turn|53
|
|t:|1729449148
|switch|p2a: Skarmory|Skarmory, M|70/100
|move|p1a: Blissey|Ice Beam|p2a: Skarmory
|-crit|p2a: Skarmory
|-damage|p2a: Skarmory|28/100
|
|-weather|Sandstorm|[upkeep]
|-damage|p1a: Blissey|77/100|[from] Sandstorm
|-heal|p2a: Skarmory|34/100|[from] item: Leftovers
|-heal|p1a: Blissey|83/100|[from] item: Leftovers
|upkeep
|turn|54
|
|t:|1729449157
|move|p2a: Skarmory|Protect|p2a: Skarmory
|-singleturn|p2a: Skarmory|Protect
|move|p1a: Blissey|Seismic Toss|p2a: Skarmory
|-activate|p2a: Skarmory|Protect
|
|-weather|Sandstorm|[upkeep]
|-damage|p1a: Blissey|77/100|[from] Sandstorm
|-heal|p2a: Skarmory|40/100|[from] item: Leftovers
|-heal|p1a: Blissey|83/100|[from] item: Leftovers
|upkeep
|turn|55
|
|t:|1729449164
|move|p2a: Skarmory|Drill Peck|p1a: Blissey
|-damage|p1a: Blissey|63/100
|move|p1a: Blissey|Seismic Toss|p2a: Skarmory
|-damage|p2a: Skarmory|10/100
|
|-weather|Sandstorm|[upkeep]
|-damage|p1a: Blissey|56/100|[from] Sandstorm
|-heal|p2a: Skarmory|16/100|[from] item: Leftovers
|-heal|p1a: Blissey|63/100|[from] item: Leftovers
|upkeep
|turn|56
|
|t:|1729449172
|move|p2a: Skarmory|Drill Peck|p1a: Blissey
|-crit|p1a: Blissey
|-damage|p1a: Blissey|18/100
|move|p1a: Blissey|Soft-Boiled|p1a: Blissey
|-heal|p1a: Blissey|68/100
|
|-weather|Sandstorm|[upkeep]
|-damage|p1a: Blissey|62/100|[from] Sandstorm
|-heal|p2a: Skarmory|22/100|[from] item: Leftovers
|-heal|p1a: Blissey|68/100|[from] item: Leftovers
|upkeep
|turn|57
|
|t:|1729449184
|move|p2a: Skarmory|Drill Peck|p1a: Blissey
|-damage|p1a: Blissey|46/100
|move|p1a: Blissey|Soft-Boiled|p1a: Blissey
|-heal|p1a: Blissey|96/100
|
|-weather|Sandstorm|[upkeep]
|-damage|p1a: Blissey|90/100|[from] Sandstorm
|-heal|p2a: Skarmory|28/100|[from] item: Leftovers
|-heal|p1a: Blissey|96/100|[from] item: Leftovers
|upkeep
|turn|58
|
|t:|1729449192
|move|p2a: Skarmory|Protect|p2a: Skarmory
|-singleturn|p2a: Skarmory|Protect
|move|p1a: Blissey|Seismic Toss|p2a: Skarmory
|-activate|p2a: Skarmory|Protect
|
|-weather|Sandstorm|[upkeep]
|-damage|p1a: Blissey|90/100|[from] Sandstorm
|-heal|p2a: Skarmory|34/100|[from] item: Leftovers
|-heal|p1a: Blissey|96/100|[from] item: Leftovers
|upkeep
|turn|59
|inactive|james5k0 has 270 seconds left.
|inactive|james5k0 has 240 seconds left.
|
|t:|1729449264
|switch|p2a: Aerodactyl|Aerodactyl, F|63/100
|move|p1a: Blissey|Seismic Toss|p2a: Aerodactyl
|-damage|p2a: Aerodactyl|30/100
|
|-weather|Sandstorm|[upkeep]
|-damage|p1a: Blissey|90/100|[from] Sandstorm
|-heal|p1a: Blissey|96/100|[from] item: Leftovers
|upkeep
|turn|60
|
|t:|1729449280
|switch|p1a: Claydol|Claydol|78/100
|move|p2a: Aerodactyl|Rock Slide|p1a: Claydol|[miss]
|-miss|p2a: Aerodactyl|p1a: Claydol
|
|-weather|Sandstorm|[upkeep]
|-heal|p1a: Claydol|84/100|[from] item: Leftovers
|upkeep
|turn|61
|inactive|james5k0 has 240 seconds left.
|
|t:|1729449285
|move|p2a: Aerodactyl|Hidden Power|p1a: Claydol
|-supereffective|p1a: Claydol
|-damage|p1a: Claydol|39/100
|move|p1a: Claydol|Psychic|p2a: Aerodactyl
|-crit|p2a: Aerodactyl
|-damage|p2a: Aerodactyl|0 fnt
|faint|p2a: Aerodactyl
|inactive|james5k0 has 240 seconds left.
|
|t:|1729449296
|switch|p2a: Flygon|Flygon, M|41/100
|
|-weather|Sandstorm|[upkeep]
|-heal|p2a: Flygon|47/100|[from] item: Leftovers
|-heal|p1a: Claydol|46/100|[from] item: Leftovers
|upkeep
|turn|62
|
|t:|1729449307
|switch|p1a: Blissey|Blissey, F|96/100
|-damage|p1a: Blissey|84/100|[from] Spikes
|move|p2a: Flygon|Toxic|p1a: Blissey|[miss]
|-miss|p2a: Flygon|p1a: Blissey
|
|-weather|Sandstorm|[upkeep]
|-damage|p1a: Blissey|78/100|[from] Sandstorm
|-heal|p2a: Flygon|53/100|[from] item: Leftovers
|-heal|p1a: Blissey|84/100|[from] item: Leftovers
|upkeep
|turn|63
|
|t:|1729449319
|move|p2a: Flygon|Earthquake|p1a: Blissey
|-damage|p1a: Blissey|49/100
|move|p1a: Blissey|Ice Beam|p2a: Flygon
|-supereffective|p2a: Flygon
|-damage|p2a: Flygon|0 fnt
|faint|p2a: Flygon
|
|t:|1729449328
|switch|p2a: Tyranitar|Tyranitar, F|75/100 par
|-damage|p2a: Tyranitar|50/100 par|[from] Spikes
|
|-weather|Sandstorm|[upkeep]
|-damage|p1a: Blissey|43/100|[from] Sandstorm
|-heal|p1a: Blissey|49/100|[from] item: Leftovers
|upkeep
|turn|64
|inactive|james5k0 has 240 seconds left.
|
|t:|1729449343
|switch|p1a: Skarmory|Skarmory, F|51/100
|cant|p2a: Tyranitar|par
|
|-weather|Sandstorm|[upkeep]
|upkeep
|turn|65
|
|t:|1729449352
|move|p2a: Tyranitar|Rock Slide|p1a: Skarmory
|-damage|p1a: Skarmory|2/100
|cant|p1a: Skarmory|flinch
|
|-weather|Sandstorm|[upkeep]
|upkeep
|turn|66
|
|t:|1729449358
|move|p1a: Skarmory|Thief|p2a: Tyranitar
|-resisted|p2a: Tyranitar
|-damage|p2a: Tyranitar|48/100 par
|cant|p2a: Tyranitar|par
|
|-weather|Sandstorm|[upkeep]
|upkeep
|turn|67
|
|t:|1729449364
|switch|p2a: Zapdos|Zapdos|45/100 par
|move|p1a: Skarmory|Thief|p2a: Zapdos
|-damage|p2a: Zapdos|42/100 par
|
|-weather|Sandstorm|[upkeep]
|-damage|p2a: Zapdos|35/100 par|[from] Sandstorm
|-heal|p2a: Zapdos|42/100 par|[from] item: Leftovers
|upkeep
|turn|68
|
|t:|1729449368
|move|p1a: Skarmory|Thief|p2a: Zapdos
|-damage|p2a: Zapdos|39/100 par
|cant|p2a: Zapdos|par
|
|-weather|Sandstorm|[upkeep]
|-damage|p2a: Zapdos|33/100 par|[from] Sandstorm
|-heal|p2a: Zapdos|39/100 par|[from] item: Leftovers
|upkeep
|turn|69
|
|t:|1729449371
|move|p1a: Skarmory|Thief|p2a: Zapdos
|-damage|p2a: Zapdos|36/100 par
|cant|p2a: Zapdos|par
|
|-weather|Sandstorm|[upkeep]
|-damage|p2a: Zapdos|29/100 par|[from] Sandstorm
|-heal|p2a: Zapdos|36/100 par|[from] item: Leftovers
|upkeep
|turn|70
|
|t:|1729449374
|move|p1a: Skarmory|Thief|p2a: Zapdos
|-damage|p2a: Zapdos|32/100 par
|move|p2a: Zapdos|Rest|p2a: Zapdos
|-status|p2a: Zapdos|slp|[from] move: Rest
|-heal|p2a: Zapdos|100/100 slp|[silent]
|
|-weather|Sandstorm|[upkeep]
|-damage|p2a: Zapdos|94/100 slp|[from] Sandstorm
|-heal|p2a: Zapdos|100/100 slp|[from] item: Leftovers
|upkeep
|turn|71
|
|t:|1729449378
|switch|p1a: Blissey|Blissey, F|49/100
|-damage|p1a: Blissey|37/100|[from] Spikes
|cant|p2a: Zapdos|slp
|
|-weather|Sandstorm|[upkeep]
|-damage|p2a: Zapdos|94/100 slp|[from] Sandstorm
|-damage|p1a: Blissey|31/100|[from] Sandstorm
|-heal|p2a: Zapdos|100/100 slp|[from] item: Leftovers
|-heal|p1a: Blissey|37/100|[from] item: Leftovers
|upkeep
|turn|72
|
|t:|1729449381
|cant|p2a: Zapdos|slp
|move|p1a: Blissey|Soft-Boiled|p1a: Blissey
|-heal|p1a: Blissey|87/100
|
|-weather|Sandstorm|[upkeep]
|-damage|p2a: Zapdos|94/100 slp|[from] Sandstorm
|-damage|p1a: Blissey|81/100|[from] Sandstorm
|-heal|p2a: Zapdos|100/100 slp|[from] item: Leftovers
|-heal|p1a: Blissey|87/100|[from] item: Leftovers
|upkeep
|turn|73
|
|t:|1729449389
|-curestatus|p2a: Zapdos|slp|[msg]
|move|p2a: Zapdos|Toxic|p1a: Blissey
|-status|p1a: Blissey|tox
|move|p1a: Blissey|Thunder Wave|p2a: Zapdos
|-status|p2a: Zapdos|par
|
|-weather|Sandstorm|[upkeep]
|-damage|p1a: Blissey|81/100 tox|[from] Sandstorm
|-damage|p2a: Zapdos|94/100 par|[from] Sandstorm
|-heal|p1a: Blissey|87/100 tox|[from] item: Leftovers
|-damage|p1a: Blissey|81/100 tox|[from] psn
|-heal|p2a: Zapdos|100/100 par|[from] item: Leftovers
|upkeep
|turn|74
|
|t:|1729449398
|-curestatus|p1a: Blissey|tox|[from] ability: Natural Cure
|switch|p1a: Claydol|Claydol|46/100
|move|p2a: Zapdos|Toxic|p1a: Claydol
|-status|p1a: Claydol|tox
|
|-weather|Sandstorm|[upkeep]
|-damage|p2a: Zapdos|94/100 par|[from] Sandstorm
|-heal|p1a: Claydol|52/100 tox|[from] item: Leftovers
|-damage|p1a: Claydol|46/100 tox|[from] psn
|-heal|p2a: Zapdos|100/100 par|[from] item: Leftovers
|upkeep
|turn|75
|
|t:|1729449405
|switch|p1a: Blissey|Blissey, F|81/100
|-damage|p1a: Blissey|68/100|[from] Spikes
|switch|p2a: Skarmory|Skarmory, M|34/100
|
|-weather|Sandstorm|[upkeep]
|-damage|p1a: Blissey|62/100|[from] Sandstorm
|-heal|p2a: Skarmory|40/100|[from] item: Leftovers
|-heal|p1a: Blissey|68/100|[from] item: Leftovers
|upkeep
|turn|76
|
|t:|1729449409
|move|p2a: Skarmory|Protect|p2a: Skarmory
|-singleturn|p2a: Skarmory|Protect
|move|p1a: Blissey|Soft-Boiled|p1a: Blissey
|-heal|p1a: Blissey|100/100
|
|-weather|Sandstorm|[upkeep]
|-damage|p1a: Blissey|94/100|[from] Sandstorm
|-heal|p2a: Skarmory|46/100|[from] item: Leftovers
|-heal|p1a: Blissey|100/100|[from] item: Leftovers
|upkeep
|turn|77
|
|t:|1729449421
|switch|p2a: Zapdos|Zapdos|100/100 par
|move|p1a: Blissey|Seismic Toss|p2a: Zapdos
|-damage|p2a: Zapdos|74/100 par
|
|-weather|Sandstorm|[upkeep]
|-damage|p1a: Blissey|94/100|[from] Sandstorm
|-damage|p2a: Zapdos|68/100 par|[from] Sandstorm
|-heal|p1a: Blissey|100/100|[from] item: Leftovers
|-heal|p2a: Zapdos|74/100 par|[from] item: Leftovers
|upkeep
|turn|78
|
|t:|1729449426
|move|p1a: Blissey|Ice Beam|p2a: Zapdos
|-supereffective|p2a: Zapdos
|-damage|p2a: Zapdos|46/100 par
|cant|p2a: Zapdos|par
|
|-weather|Sandstorm|[upkeep]
|-damage|p1a: Blissey|94/100|[from] Sandstorm
|-damage|p2a: Zapdos|40/100 par|[from] Sandstorm
|-heal|p1a: Blissey|100/100|[from] item: Leftovers
|-heal|p2a: Zapdos|46/100 par|[from] item: Leftovers
|upkeep
|turn|79
|
|t:|1729449431
|move|p1a: Blissey|Ice Beam|p2a: Zapdos
|-supereffective|p2a: Zapdos
|-damage|p2a: Zapdos|15/100 par
|move|p2a: Zapdos|Rest|p2a: Zapdos
|-status|p2a: Zapdos|slp|[from] move: Rest
|-heal|p2a: Zapdos|100/100 slp|[silent]
|
|-weather|Sandstorm|[upkeep]
|-damage|p2a: Zapdos|94/100 slp|[from] Sandstorm
|-damage|p1a: Blissey|94/100|[from] Sandstorm
|-heal|p2a: Zapdos|100/100 slp|[from] item: Leftovers
|-heal|p1a: Blissey|100/100|[from] item: Leftovers
|upkeep
|turn|80
|
|t:|1729449437
|cant|p2a: Zapdos|slp
|move|p1a: Blissey|Ice Beam|p2a: Zapdos
|-supereffective|p2a: Zapdos
|-damage|p2a: Zapdos|70/100 slp
|
|-weather|Sandstorm|[upkeep]
|-damage|p2a: Zapdos|63/100 slp|[from] Sandstorm
|-damage|p1a: Blissey|94/100|[from] Sandstorm
|-heal|p2a: Zapdos|70/100 slp|[from] item: Leftovers
|-heal|p1a: Blissey|100/100|[from] item: Leftovers
|upkeep
|turn|81
|
|t:|1729449442
|cant|p2a: Zapdos|slp
|move|p1a: Blissey|Ice Beam|p2a: Zapdos
|-supereffective|p2a: Zapdos
|-damage|p2a: Zapdos|41/100 slp
|
|-weather|Sandstorm|[upkeep]
|-damage|p2a: Zapdos|35/100 slp|[from] Sandstorm
|-damage|p1a: Blissey|94/100|[from] Sandstorm
|-heal|p2a: Zapdos|41/100 slp|[from] item: Leftovers
|-heal|p1a: Blissey|100/100|[from] item: Leftovers
|upkeep
|turn|82
|
|t:|1729449447
|-curestatus|p2a: Zapdos|slp|[msg]
|move|p2a: Zapdos|Rest|p2a: Zapdos
|-status|p2a: Zapdos|slp|[from] move: Rest
|-heal|p2a: Zapdos|100/100 slp|[silent]
|move|p1a: Blissey|Ice Beam|p2a: Zapdos
|-supereffective|p2a: Zapdos
|-damage|p2a: Zapdos|72/100 slp
|
|-weather|Sandstorm|[upkeep]
|-damage|p2a: Zapdos|66/100 slp|[from] Sandstorm
|-damage|p1a: Blissey|94/100|[from] Sandstorm
|-heal|p2a: Zapdos|72/100 slp|[from] item: Leftovers
|-heal|p1a: Blissey|100/100|[from] item: Leftovers
|upkeep
|turn|83
|
|t:|1729449452
|cant|p2a: Zapdos|slp
|move|p1a: Blissey|Seismic Toss|p2a: Zapdos
|-damage|p2a: Zapdos|46/100 slp
|
|-weather|Sandstorm|[upkeep]
|-damage|p2a: Zapdos|40/100 slp|[from] Sandstorm
|-damage|p1a: Blissey|94/100|[from] Sandstorm
|-heal|p2a: Zapdos|46/100 slp|[from] item: Leftovers
|-heal|p1a: Blissey|100/100|[from] item: Leftovers
|upkeep
|turn|84
|
|t:|1729449460
|cant|p2a: Zapdos|slp
|move|p1a: Blissey|Seismic Toss|p2a: Zapdos
|-damage|p2a: Zapdos|20/100 slp
|
|-weather|Sandstorm|[upkeep]
|-damage|p2a: Zapdos|14/100 slp|[from] Sandstorm
|-damage|p1a: Blissey|94/100|[from] Sandstorm
|-heal|p2a: Zapdos|20/100 slp|[from] item: Leftovers
|-heal|p1a: Blissey|100/100|[from] item: Leftovers
|upkeep
|turn|85
|
|t:|1729449464
|switch|p1a: Claydol|Claydol|46/100 tox
|-curestatus|p2a: Zapdos|slp|[msg]
|move|p2a: Zapdos|Rest|p2a: Zapdos
|-status|p2a: Zapdos|slp|[from] move: Rest
|-heal|p2a: Zapdos|100/100 slp|[silent]
|
|-weather|Sandstorm|[upkeep]
|-damage|p2a: Zapdos|94/100 slp|[from] Sandstorm
|-heal|p2a: Zapdos|100/100 slp|[from] item: Leftovers
|-heal|p1a: Claydol|52/100 tox|[from] item: Leftovers
|-damage|p1a: Claydol|46/100 tox|[from] psn
|upkeep
|turn|86
|
|t:|1729449471
|switch|p2a: Skarmory|Skarmory, M|46/100
|move|p1a: Claydol|Psychic|p2a: Skarmory
|-resisted|p2a: Skarmory
|-damage|p2a: Skarmory|35/100
|
|-weather|Sandstorm|[upkeep]
|-heal|p1a: Claydol|52/100 tox|[from] item: Leftovers
|-damage|p1a: Claydol|39/100 tox|[from] psn
|-heal|p2a: Skarmory|41/100|[from] item: Leftovers
|upkeep
|turn|87
|
|t:|1729449476
|switch|p1a: Blissey|Blissey, F|100/100
|-damage|p1a: Blissey|88/100|[from] Spikes
|move|p2a: Skarmory|Drill Peck|p1a: Blissey
|-crit|p1a: Blissey
|-damage|p1a: Blissey|41/100
|
|-weather|Sandstorm|[upkeep]
|-damage|p1a: Blissey|35/100|[from] Sandstorm
|-heal|p2a: Skarmory|47/100|[from] item: Leftovers
|-heal|p1a: Blissey|41/100|[from] item: Leftovers
|upkeep
|turn|88
|inactive|james5k0 has 270 seconds left.
|
|t:|1729449511
|switch|p2a: Zapdos|Zapdos|100/100 slp
|move|p1a: Blissey|Soft-Boiled|p1a: Blissey
|-heal|p1a: Blissey|91/100
|
|-weather|Sandstorm|[upkeep]
|-damage|p2a: Zapdos|94/100 slp|[from] Sandstorm
|-damage|p1a: Blissey|85/100|[from] Sandstorm
|-heal|p2a: Zapdos|100/100 slp|[from] item: Leftovers
|-heal|p1a: Blissey|91/100|[from] item: Leftovers
|upkeep
|turn|89
|
|t:|1729449529
|switch|p1a: Claydol|Claydol|39/100 tox
|cant|p2a: Zapdos|slp
|
|-weather|Sandstorm|[upkeep]
|-damage|p2a: Zapdos|94/100 slp|[from] Sandstorm
|-heal|p2a: Zapdos|100/100 slp|[from] item: Leftovers
|-heal|p1a: Claydol|46/100 tox|[from] item: Leftovers
|-damage|p1a: Claydol|39/100 tox|[from] psn
|upkeep
|turn|90
|-message|cow xi forfeited.
|
|win|james5k0
|player|p1|
|c|☆james5k0|gg

</script>
<script type="application/json" class="data" id="replaydata-smogtours-gen3ou-800648">
{"id":"smogtours-gen3ou-800648","format":"[Gen 3] OU","players":["cow xi","james5k0"],"uploadtime":1729449544,"views":90,"formatid":"gen3ou","rating":null,"private":0,"password":null}
</script>

<script defer src="js/replays.js?9d40a366"></script>
