<!DOCTYPE html>
<meta charset="utf-8" />
<meta name="viewport" content="width=device-width" />

<title>[Gen 3] OU: smollest brian vs. DiegoIn - Replays - Pok&eacute;mon Showdown!</title>

<meta name="description" content="Watch a replay of a Pok&eacute;mon battle between smollest brian and DiegoIn! Format: [Gen 3] OU; Date: Oct 18, 2024" />
<!--

Hey, you! Looking in the source for the replay log?

You can find them in JSON format, just add `.json` at the end of a replay URL.

https://replay.pokemonshowdown.com/gen7randomdoublesbattle-865046831.json

Or, if you only need the log itself, add `.log` instead:

https://replay.pokemonshowdown.com/gen7randomdoublesbattle-865046831.log

-->

<link rel="stylesheet" href="//pokemonshowdown.com/style/global.css?0.023195364461161105" />
<link rel="stylesheet" href="//play.pokemonshowdown.com/style/font-awesome.css?0.13261647063804238" />
<link rel="stylesheet" href="//play.pokemonshowdown.com/style/battle.css?0.8753245789963631" />
<link rel="stylesheet" href="//play.pokemonshowdown.com/style/utilichart.css?0.8627959624976733" />

<!-- Global site tag (gtag.js) - Google Analytics -->
<script async src="https://www.googletagmanager.com/gtag/js?id=UA-26211653-1"></script>
<script>
  window.dataLayer = window.dataLayer || [];
  function gtag(){dataLayer.push(arguments);}
  gtag('js', new Date());

  gtag('config', 'UA-26211653-1');
</script>
<!-- End Google Analytics -->
<!-- Venatus Ad Manager - Install in <HEAD> of page -->
	<script src="https://hb.vntsm.com/v3/live/ad-manager.min.js" type="text/javascript" data-site-id="642aba63ec9a7b11c3c9c1be" data-mode="scan" async></script>
<!-- / Venatus Ad Manager -->

<style>
	@media (max-width:820px) {
		.battle {
			margin: 0 auto;
		}
		.battle-log {
			margin: 7px auto 0;
			max-width: 640px;
			height: 300px;
			position: static;
		}
	}
	.optgroup {
		display: inline-block;
		line-height: 22px;
		font-size: 10pt;
	}
	.optgroup .button {
		height: 25px;
		padding-top: 0;
		padding-bottom: 0;
	}
	.optgroup button.button {
		padding-left: 12px;
		padding-right: 12px;
	}
	.linklist {
		list-style: none;
		margin: 0.5em 0;
		padding: 0;
	}
	.linklist li {
		padding: 2px 0;
	}
	.sidebar {
		float: left;
		width: 320px;
	}
	.bar-wrapper {
		max-width: 1100px;
		margin: 0 auto;
	}
	.bar-wrapper.has-sidebar {
		max-width: 1430px;
	}
	.mainbar {
		margin: 0;
		padding-right: 1px;
	}
	.mainbar.has-sidebar {
		margin-left: 330px;
	}
	@media (min-width: 1511px) {
		.sidebar {
			width: 400px;
		}
		.bar-wrapper.has-sidebar {
			max-width: 1510px;
		}
		.mainbar.has-sidebar {
			margin-left: 410px;
		}
	}
	.section.first-section {
		margin-top: 9px;
	}
	.blocklink small {
		white-space: normal;
	}
	.button {
		vertical-align: middle;
	}
	.replay-controls {
		padding-top: 10px;
	}
	.replay-controls h1 {
		font-size: 16pt;
		font-weight: normal;
		color: #CCC;
	}
	.pagelink {
		text-align: center;
	}
	.pagelink a {
		width: 150px;
	}
	.textbox, .button {
		font-size: 11pt;
		vertical-align: middle;
	}
	@media (max-width: 450px) {
		.button {
			font-size: 9pt;
		}
	}
</style>

<div>

	<header>
		<div class="nav-wrapper"><ul class="nav">
			<li><a class="button nav-first" href="//pokemonshowdown.com/"><img src="//pokemonshowdown.com/images/pokemonshowdownbeta.png" srcset="//pokemonshowdown.com/images/pokemonshowdownbeta.png 1x, //pokemonshowdown.com/images/pokemonshowdownbeta@2x.png 2x" alt="Pok&eacute;mon Showdown" width="146" height="44" /> Home</a></li>
			<li><a class="button" href="//pokemonshowdown.com/dex/">Pok&eacute;dex</a></li>
			<li><a class="button cur" href="/">Replays</a></li>
			<li><a class="button" href="//pokemonshowdown.com/ladder/">Ladder</a></li>
			<li><a class="button nav-last" href="//pokemonshowdown.com/forums/">Forum</a></li>
			<li><a class="button greenbutton nav-first nav-last" href="//play.pokemonshowdown.com/">Play</a></li>
		</ul></div>
	</header>

	<div class="main" id="main">

		<noscript><section class="section">You need to enable JavaScript to use this page; sorry!</section></noscript>

	</div>

</div>

<script defer nomodule src="//play.pokemonshowdown.com/js/lib/ps-polyfill.js"></script>
<script defer src="//play.pokemonshowdown.com/js/lib/preact.min.js"></script>

<script defer src="//play.pokemonshowdown.com/config/config.js?2bddbc15"></script>
<script defer src="//play.pokemonshowdown.com/js/lib/jquery-1.11.0.min.js"></script>
<script defer src="//play.pokemonshowdown.com/js/lib/html-sanitizer-minified.js"></script>
<script defer src="//play.pokemonshowdown.com/js/battle-sound.js"></script>
<script defer src="//play.pokemonshowdown.com/js/battledata.js?0.7209276989879541"></script>
<script defer src="//play.pokemonshowdown.com/data/pokedex-mini.js?0.6111056340867951"></script>
<script defer src="//play.pokemonshowdown.com/data/pokedex-mini-bw.js?0.3532142036491459"></script>
<script defer src="//play.pokemonshowdown.com/data/graphics.js?0.24223875632456182"></script>
<script defer src="//play.pokemonshowdown.com/data/pokedex.js?0.38839984266356864"></script>
<script defer src="//play.pokemonshowdown.com/data/moves.js?0.21866028504024015"></script>
<script defer src="//play.pokemonshowdown.com/data/abilities.js?0.2005157953846628"></script>
<script defer src="//play.pokemonshowdown.com/data/items.js?0.9894211263848525"></script>
<script defer src="//play.pokemonshowdown.com/data/teambuilder-tables.js?0.6008791140282215"></script>
<script defer src="//play.pokemonshowdown.com/js/battle-tooltips.js?0.7580118955022959"></script>
<script defer src="//play.pokemonshowdown.com/js/battle.js?0.6057722274234274"></script>

<script defer src="js/utils.js?e31f9a17"></script>
<script defer src="js/replays-battle.js?7008c182"></script>

<!-- don't scrape this data! just add .json or .log after the URL!
Full API docs: https://github.com/smogon/pokemon-showdown-client/blob/master/WEB-API.md -->
<script type="text/plain" class="log" id="replaylog-smogtours-gen3ou-799512">
|inactive|Battle timer is ON: inactive players will automatically lose when time's up.
|t:|1729262426
|gametype|singles
|player|p1|smollest brian|miku-ground|
|player|p2|DiegoIn|ethan|
|teamsize|p1|6
|teamsize|p2|6
|gen|3
|tier|[Gen 3] OU
|rule|Sleep Clause Mod: Limit one foe put to sleep
|rule|Switch Priority Clause Mod: Faster Pokémon switch first
|rule|Species Clause: Limit one of each Pokémon
|rule|OHKO Clause: OHKO moves are banned
|rule|Evasion Items Clause: Evasion items are banned
|rule|Evasion Moves Clause: Evasion moves are banned
|rule|Endless Battle Clause: Forcing endless battles is banned
|rule|HP Percentage Mod: HP is shown in percentages
|rule|One Boost Passer Clause: Limit one Baton Passer that has a way to boost its stats
|rule|Freeze Clause Mod: Limit one foe frozen
|
|t:|1729262426
|start
|switch|p1a: Tyranitar|Tyranitar, F|100/100
|switch|p2a: CHRIS|Swampert, M, shiny|100/100
|-weather|Sandstorm|[from] ability: Sand Stream|[of] p1a: Tyranitar
|turn|1
|
|t:|1729262440
|switch|p1a: Skarmory|Skarmory, F|100/100
|move|p2a: CHRIS|Hydro Pump|p1a: Skarmory|[miss]
|-miss|p2a: CHRIS|p1a: Skarmory
|
|-weather|Sandstorm|[upkeep]
|upkeep
|turn|2
|
|t:|1729262451
|switch|p2a: IKE|Magneton|100/100
|move|p1a: Skarmory|Roar|p2a: IKE
|drag|p2a: RICH|Tyranitar, F|100/100
|
|-weather|Sandstorm|[upkeep]
|upkeep
|turn|3
|
|t:|1729262461
|move|p1a: Skarmory|Spikes|p2a: RICH
|-sidestart|p2: DiegoIn|Spikes
|move|p2a: RICH|Thunder Wave|p1a: Skarmory
|-status|p1a: Skarmory|par
|
|-weather|Sandstorm|[upkeep]
|upkeep
|turn|4
|
|t:|1729262475
|switch|p2a: IKE|Magneton|100/100
|-damage|p2a: IKE|88/100|[from] Spikes
|move|p1a: Skarmory|Roar|p2a: IKE
|drag|p2a: NERO|Metagross|100/100
|-damage|p2a: NERO|88/100|[from] Spikes
|
|-weather|Sandstorm|[upkeep]
|upkeep
|turn|5
|
|t:|1729262486
|switch|p2a: IKE|Magneton|88/100
|-damage|p2a: IKE|76/100|[from] Spikes
|cant|p1a: Skarmory|par
|
|-weather|Sandstorm|[upkeep]
|upkeep
|turn|6
|
|t:|1729262498
|move|p2a: IKE|Thunderbolt|p1a: Skarmory
|-supereffective|p1a: Skarmory
|-damage|p1a: Skarmory|6/100 par
|move|p1a: Skarmory|Roar|p2a: IKE
|drag|p2a: RICH|Tyranitar, F|100/100
|-damage|p2a: RICH|88/100|[from] Spikes
|
|-weather|Sandstorm|[upkeep]
|-heal|p2a: RICH|94/100|[from] item: Leftovers
|-heal|p1a: Skarmory|12/100 par|[from] item: Leftovers
|upkeep
|turn|7
|
|t:|1729262517
|move|p2a: RICH|Ice Beam|p1a: Skarmory
|-damage|p1a: Skarmory|0 fnt
|faint|p1a: Skarmory
|
|t:|1729262524
|switch|p1a: Tyranitar|Tyranitar, F|100/100
|
|-weather|Sandstorm|[upkeep]
|-heal|p2a: RICH|100/100|[from] item: Leftovers
|upkeep
|turn|8
|
|t:|1729262536
|switch|p2a: CHRIS|Swampert, M, shiny|100/100
|-damage|p2a: CHRIS|88/100|[from] Spikes
|move|p1a: Tyranitar|Earthquake|p2a: CHRIS
|-damage|p2a: CHRIS|33/100
|
|-weather|Sandstorm|[upkeep]
|-heal|p2a: CHRIS|39/100|[from] item: Leftovers
|upkeep
|turn|9
|
|t:|1729262554
|switch|p2a: Celebi|Celebi|100/100
|-damage|p2a: Celebi|88/100|[from] Spikes
|move|p1a: Tyranitar|Earthquake|p2a: Celebi
|-resisted|p2a: Celebi
|-damage|p2a: Celebi|68/100
|
|-weather|Sandstorm|[upkeep]
|-damage|p2a: Celebi|62/100|[from] Sandstorm
|-heal|p2a: Celebi|68/100|[from] item: Leftovers
|upkeep
|turn|10
|
|t:|1729262562
|switch|p1a: Gengar|Gengar, M|100/100
|move|p2a: Celebi|Leech Seed|p1a: Gengar
|-start|p1a: Gengar|move: Leech Seed
|
|-weather|Sandstorm|[upkeep]
|-damage|p1a: Gengar|95/100|[from] Sandstorm
|-damage|p2a: Celebi|62/100|[from] Sandstorm
|-heal|p1a: Gengar|100/100|[from] item: Leftovers
|-damage|p1a: Gengar|88/100|[from] Leech Seed|[of] p2a: Celebi
|-heal|p2a: Celebi|71/100|[silent]
|-heal|p2a: Celebi|77/100|[from] item: Leftovers
|upkeep
|turn|11
|
|t:|1729262575
|switch|p1a: Blissey|Blissey, F|100/100
|move|p2a: Celebi|Swords Dance|p2a: Celebi
|-boost|p2a: Celebi|atk|2
|
|-weather|Sandstorm|[upkeep]
|-damage|p2a: Celebi|71/100|[from] Sandstorm
|-damage|p1a: Blissey|94/100|[from] Sandstorm
|-heal|p2a: Celebi|77/100|[from] item: Leftovers
|-heal|p1a: Blissey|100/100|[from] item: Leftovers
|upkeep
|turn|12
|
|t:|1729262588
|move|p2a: Celebi|Baton Pass|p2a: Celebi
|
|t:|1729262596
|switch|p2a: NERO|Metagross|88/100|[from] Baton Pass
|-damage|p2a: NERO|76/100|[from] Spikes
|move|p1a: Blissey|Seismic Toss|p2a: NERO
|-damage|p2a: NERO|46/100
|
|-weather|Sandstorm|[upkeep]
|-damage|p1a: Blissey|94/100|[from] Sandstorm
|-heal|p1a: Blissey|100/100|[from] item: Leftovers
|upkeep
|turn|13
|
|t:|1729262607
|move|p2a: NERO|Agility|p2a: NERO
|-boost|p2a: NERO|spe|2
|move|p1a: Blissey|Seismic Toss|p2a: NERO
|-damage|p2a: NERO|17/100
|
|-weather|Sandstorm|[upkeep]
|-damage|p1a: Blissey|94/100|[from] Sandstorm
|-heal|p1a: Blissey|100/100|[from] item: Leftovers
|upkeep
|turn|14
|
|t:|1729262615
|move|p2a: NERO|Meteor Mash|p1a: Blissey|[miss]
|-miss|p2a: NERO|p1a: Blissey
|move|p1a: Blissey|Seismic Toss|p2a: NERO
|-damage|p2a: NERO|0 fnt
|faint|p2a: NERO
|inactive|DiegoIn has 270 seconds left.
|
|t:|1729262649
|switch|p2a: Celebi|Celebi|77/100
|-damage|p2a: Celebi|65/100|[from] Spikes
|
|-weather|Sandstorm|[upkeep]
|-damage|p2a: Celebi|59/100|[from] Sandstorm
|-damage|p1a: Blissey|94/100|[from] Sandstorm
|-heal|p2a: Celebi|65/100|[from] item: Leftovers
|-heal|p1a: Blissey|100/100|[from] item: Leftovers
|upkeep
|turn|15
|
|t:|1729262652
|move|p2a: Celebi|Leech Seed|p1a: Blissey
|-start|p1a: Blissey|move: Leech Seed
|move|p1a: Blissey|Ice Beam|p2a: Celebi
|-supereffective|p2a: Celebi
|-damage|p2a: Celebi|26/100
|
|-weather|Sandstorm|[upkeep]
|-damage|p2a: Celebi|20/100|[from] Sandstorm
|-damage|p1a: Blissey|94/100|[from] Sandstorm
|-heal|p2a: Celebi|26/100|[from] item: Leftovers
|-heal|p1a: Blissey|100/100|[from] item: Leftovers
|-damage|p1a: Blissey|88/100|[from] Leech Seed|[of] p2a: Celebi
|-heal|p2a: Celebi|46/100|[silent]
|upkeep
|turn|16
|inactive|DiegoIn has 270 seconds left.
|
|t:|1729262674
|move|p2a: Celebi|Recover|p2a: Celebi
|-heal|p2a: Celebi|96/100
|move|p1a: Blissey|Ice Beam|p2a: Celebi
|-supereffective|p2a: Celebi
|-damage|p2a: Celebi|58/100
|
|-weather|Sandstorm|[upkeep]
|-damage|p2a: Celebi|51/100|[from] Sandstorm
|-damage|p1a: Blissey|82/100|[from] Sandstorm
|-heal|p2a: Celebi|58/100|[from] item: Leftovers
|-heal|p1a: Blissey|88/100|[from] item: Leftovers
|-damage|p1a: Blissey|76/100|[from] Leech Seed|[of] p2a: Celebi
|-heal|p2a: Celebi|78/100|[silent]
|upkeep
|turn|17
|
|t:|1729262681
|switch|p1a: Gengar|Gengar, M|88/100
|move|p2a: Celebi|Swords Dance|p2a: Celebi
|-boost|p2a: Celebi|atk|2
|
|-weather|Sandstorm|[upkeep]
|-damage|p1a: Gengar|82/100|[from] Sandstorm
|-damage|p2a: Celebi|72/100|[from] Sandstorm
|-heal|p1a: Gengar|88/100|[from] item: Leftovers
|-heal|p2a: Celebi|78/100|[from] item: Leftovers
|upkeep
|turn|18
|
|t:|1729262693
|move|p1a: Gengar|Taunt|p2a: Celebi
|-start|p2a: Celebi|move: Taunt
|cant|p2a: Celebi|move: Taunt|Baton Pass
|
|-weather|Sandstorm|[upkeep]
|-damage|p1a: Gengar|82/100|[from] Sandstorm
|-damage|p2a: Celebi|72/100|[from] Sandstorm
|-heal|p1a: Gengar|88/100|[from] item: Leftovers
|-heal|p2a: Celebi|78/100|[from] item: Leftovers
|upkeep
|turn|19
|
|t:|1729262701
|move|p1a: Gengar|Will-O-Wisp|p2a: Celebi|[miss]
|-miss|p1a: Gengar|p2a: Celebi
|move|p2a: Celebi|Struggle|p1a: Gengar
|-damage|p1a: Gengar|55/100
|-damage|p2a: Celebi|72/100|[from] Recoil|[of] p1a: Gengar
|
|-weather|Sandstorm|[upkeep]
|-damage|p1a: Gengar|49/100|[from] Sandstorm
|-damage|p2a: Celebi|65/100|[from] Sandstorm
|-heal|p1a: Gengar|55/100|[from] item: Leftovers
|-heal|p2a: Celebi|72/100|[from] item: Leftovers
|-end|p2a: Celebi|move: Taunt|[silent]
|upkeep
|turn|20
|
|t:|1729262709
|switch|p2a: RICH|Tyranitar, F|100/100
|-damage|p2a: RICH|88/100|[from] Spikes
|move|p1a: Gengar|Taunt|p2a: RICH
|-start|p2a: RICH|move: Taunt
|
|-weather|Sandstorm|[upkeep]
|-damage|p1a: Gengar|49/100|[from] Sandstorm
|-heal|p1a: Gengar|55/100|[from] item: Leftovers
|-heal|p2a: RICH|94/100|[from] item: Leftovers
|upkeep
|turn|21
|
|t:|1729262720
|move|p1a: Gengar|Will-O-Wisp|p2a: RICH
|-status|p2a: RICH|brn
|move|p2a: RICH|Pursuit|p1a: Gengar
|-supereffective|p1a: Gengar
|-damage|p1a: Gengar|12/100
|
|-weather|Sandstorm|[upkeep]
|-damage|p1a: Gengar|6/100|[from] Sandstorm
|-heal|p1a: Gengar|12/100|[from] item: Leftovers
|-heal|p2a: RICH|100/100 brn|[from] item: Leftovers
|-damage|p2a: RICH|88/100 brn|[from] brn
|-end|p2a: RICH|move: Taunt|[silent]
|upkeep
|turn|22
|
|t:|1729262727
|move|p1a: Gengar|Explosion|p2a: RICH
|-resisted|p2a: RICH
|-damage|p2a: RICH|60/100 brn
|faint|p1a: Gengar
|
|t:|1729262733
|switch|p1a: Tyranitar|Tyranitar, F|100/100
|
|-weather|Sandstorm|[upkeep]
|-heal|p2a: RICH|66/100 brn|[from] item: Leftovers
|-damage|p2a: RICH|54/100 brn|[from] brn
|upkeep
|turn|23
|
|t:|1729262750
|move|p1a: Tyranitar|Hidden Power|p2a: RICH
|-supereffective|p2a: RICH
|-damage|p2a: RICH|0 fnt
|faint|p2a: RICH
|
|t:|1729262759
|switch|p2a: CHRIS|Swampert, M, shiny|39/100
|-damage|p2a: CHRIS|26/100|[from] Spikes
|
|-weather|Sandstorm|[upkeep]
|-heal|p2a: CHRIS|33/100|[from] item: Leftovers
|upkeep
|turn|24
|inactive|smollest brian has 270 seconds left.
|
|t:|1729262790
|switch|p1a: Zapdos|Zapdos|100/100
|move|p2a: CHRIS|Hydro Pump|p1a: Zapdos
|-damage|p1a: Zapdos|20/100
|
|-weather|Sandstorm|[upkeep]
|-damage|p1a: Zapdos|14/100|[from] Sandstorm
|-heal|p1a: Zapdos|20/100|[from] item: Leftovers
|-heal|p2a: CHRIS|39/100|[from] item: Leftovers
|upkeep
|turn|25
|
|t:|1729262803
|move|p1a: Zapdos|Hidden Power|p2a: CHRIS
|-supereffective|p2a: CHRIS
|-damage|p2a: CHRIS|0 fnt
|faint|p2a: CHRIS
|inactive|DiegoIn has 270 seconds left.
|
|t:|1729262820
|switch|p2a: CLOUD|Aerodactyl, F|100/100
|
|-weather|Sandstorm|[upkeep]
|-damage|p1a: Zapdos|14/100|[from] Sandstorm
|-heal|p1a: Zapdos|20/100|[from] item: Leftovers
|upkeep
|turn|26
|
|t:|1729262832
|move|p2a: CLOUD|Substitute|p2a: CLOUD
|-start|p2a: CLOUD|Substitute
|-damage|p2a: CLOUD|76/100
|move|p1a: Zapdos|Roar|p2a: CLOUD
|drag|p2a: IKE|Magneton|76/100
|-damage|p2a: IKE|63/100|[from] Spikes
|
|-weather|Sandstorm|[upkeep]
|-damage|p1a: Zapdos|14/100|[from] Sandstorm
|-heal|p1a: Zapdos|20/100|[from] item: Leftovers
|upkeep
|turn|27
|
|t:|1729262844
|switch|p1a: Blissey|Blissey, F|76/100
|move|p2a: IKE|Thunder Wave|p1a: Blissey
|-status|p1a: Blissey|par
|
|-weather|Sandstorm|[upkeep]
|-damage|p1a: Blissey|69/100 par|[from] Sandstorm
|-heal|p1a: Blissey|76/100 par|[from] item: Leftovers
|upkeep
|turn|28
|
|t:|1729262855
|switch|p2a: Celebi|Celebi|72/100
|-damage|p2a: Celebi|59/100|[from] Spikes
|move|p1a: Blissey|Ice Beam|p2a: Celebi
|-supereffective|p2a: Celebi
|-damage|p2a: Celebi|24/100
|
|-weather|Sandstorm|[upkeep]
|-damage|p2a: Celebi|18/100|[from] Sandstorm
|-damage|p1a: Blissey|69/100 par|[from] Sandstorm
|-heal|p2a: Celebi|24/100|[from] item: Leftovers
|-heal|p1a: Blissey|76/100 par|[from] item: Leftovers
|upkeep
|turn|29
|
|t:|1729262865
|-curestatus|p1a: Blissey|par|[from] ability: Natural Cure
|switch|p1a: Tyranitar|Tyranitar, F|100/100
|move|p2a: Celebi|Recover|p2a: Celebi
|-heal|p2a: Celebi|74/100
|
|-weather|Sandstorm|[upkeep]
|-damage|p2a: Celebi|68/100|[from] Sandstorm
|-heal|p2a: Celebi|74/100|[from] item: Leftovers
|upkeep
|turn|30
|
|t:|1729262871
|switch|p2a: IKE|Magneton|63/100
|-damage|p2a: IKE|51/100|[from] Spikes
|move|p1a: Tyranitar|Rock Slide|p2a: IKE|[miss]
|-miss|p1a: Tyranitar|p2a: IKE
|
|-weather|Sandstorm|[upkeep]
|upkeep
|turn|31
|
|t:|1729262891
|switch|p1a: Blissey|Blissey, F|76/100
|move|p2a: IKE|Thunderbolt|p1a: Blissey
|-damage|p1a: Blissey|53/100
|
|-weather|Sandstorm|[upkeep]
|-damage|p1a: Blissey|47/100|[from] Sandstorm
|-heal|p1a: Blissey|53/100|[from] item: Leftovers
|upkeep
|turn|32
|
|t:|1729262903
|move|p2a: IKE|Thunder Wave|p1a: Blissey
|-status|p1a: Blissey|par
|move|p1a: Blissey|Ice Beam|p2a: IKE
|-resisted|p2a: IKE
|-damage|p2a: IKE|25/100
|
|-weather|Sandstorm|[upkeep]
|-damage|p1a: Blissey|47/100 par|[from] Sandstorm
|-heal|p1a: Blissey|53/100 par|[from] item: Leftovers
|upkeep
|turn|33
|
|t:|1729262911
|move|p2a: IKE|Thunderbolt|p1a: Blissey
|-damage|p1a: Blissey|31/100 par
|cant|p1a: Blissey|par
|
|-weather|Sandstorm|[upkeep]
|-damage|p1a: Blissey|25/100 par|[from] Sandstorm
|-heal|p1a: Blissey|31/100 par|[from] item: Leftovers
|upkeep
|turn|34
|
|t:|1729262916
|move|p2a: IKE|Thunderbolt|p1a: Blissey
|-damage|p1a: Blissey|9/100 par
|move|p1a: Blissey|Soft-Boiled|p1a: Blissey
|-heal|p1a: Blissey|59/100 par
|
|-weather|Sandstorm|[upkeep]
|-damage|p1a: Blissey|53/100 par|[from] Sandstorm
|-heal|p1a: Blissey|59/100 par|[from] item: Leftovers
|upkeep
|turn|35
|
|t:|1729262924
|move|p2a: IKE|Thunderbolt|p1a: Blissey
|-damage|p1a: Blissey|40/100 par
|cant|p1a: Blissey|par
|
|-weather|Sandstorm|[upkeep]
|-damage|p1a: Blissey|34/100 par|[from] Sandstorm
|-heal|p1a: Blissey|40/100 par|[from] item: Leftovers
|upkeep
|turn|36
|
|t:|1729262935
|move|p2a: IKE|Thunderbolt|p1a: Blissey
|-damage|p1a: Blissey|19/100 par
|move|p1a: Blissey|Soft-Boiled|p1a: Blissey
|-heal|p1a: Blissey|69/100 par
|
|-weather|Sandstorm|[upkeep]
|-damage|p1a: Blissey|62/100 par|[from] Sandstorm
|-heal|p1a: Blissey|69/100 par|[from] item: Leftovers
|upkeep
|turn|37
|
|t:|1729262940
|move|p2a: IKE|Thunderbolt|p1a: Blissey
|-damage|p1a: Blissey|49/100 par
|move|p1a: Blissey|Soft-Boiled|p1a: Blissey
|-heal|p1a: Blissey|99/100 par
|
|-weather|Sandstorm|[upkeep]
|-damage|p1a: Blissey|93/100 par|[from] Sandstorm
|-heal|p1a: Blissey|99/100 par|[from] item: Leftovers
|upkeep
|turn|38
|
|t:|1729262949
|move|p2a: IKE|Thunderbolt|p1a: Blissey
|-damage|p1a: Blissey|78/100 par
|move|p1a: Blissey|Wish|p1a: Blissey
|
|-weather|Sandstorm|[upkeep]
|-damage|p1a: Blissey|72/100 par|[from] Sandstorm
|-heal|p1a: Blissey|78/100 par|[from] item: Leftovers
|upkeep
|turn|39
|
|t:|1729262955
|move|p2a: IKE|Thunderbolt|p1a: Blissey
|-damage|p1a: Blissey|57/100 par
|cant|p1a: Blissey|par
|
|-heal|p1a: Blissey|100/100 par|[from] move: Wish|[wisher] Blissey
|-weather|Sandstorm|[upkeep]
|-damage|p1a: Blissey|94/100 par|[from] Sandstorm
|-heal|p1a: Blissey|100/100 par|[from] item: Leftovers
|upkeep
|turn|40
|
|t:|1729262961
|move|p2a: IKE|Thunderbolt|p1a: Blissey
|-damage|p1a: Blissey|80/100 par
|move|p1a: Blissey|Wish|p1a: Blissey
|
|-weather|Sandstorm|[upkeep]
|-damage|p1a: Blissey|74/100 par|[from] Sandstorm
|-heal|p1a: Blissey|80/100 par|[from] item: Leftovers
|upkeep
|turn|41
|
|t:|1729262971
|move|p2a: IKE|Thunderbolt|p1a: Blissey
|-damage|p1a: Blissey|59/100 par
|cant|p1a: Blissey|par
|
|-heal|p1a: Blissey|100/100 par|[from] move: Wish|[wisher] Blissey
|-weather|Sandstorm|[upkeep]
|-damage|p1a: Blissey|94/100 par|[from] Sandstorm
|-heal|p1a: Blissey|100/100 par|[from] item: Leftovers
|upkeep
|turn|42
|
|t:|1729262975
|move|p2a: IKE|Thunderbolt|p1a: Blissey
|-crit|p1a: Blissey
|-damage|p1a: Blissey|58/100 par
|move|p1a: Blissey|Wish|p1a: Blissey
|
|-weather|Sandstorm|[upkeep]
|-damage|p1a: Blissey|51/100 par|[from] Sandstorm
|-heal|p1a: Blissey|58/100 par|[from] item: Leftovers
|upkeep
|turn|43
|
|t:|1729262983
|move|p2a: IKE|Thunderbolt|p1a: Blissey
|-damage|p1a: Blissey|38/100 par
|move|p1a: Blissey|Ice Beam|p2a: IKE
|-resisted|p2a: IKE
|-damage|p2a: IKE|2/100
|
|-heal|p1a: Blissey|88/100 par|[from] move: Wish|[wisher] Blissey
|-weather|Sandstorm|[upkeep]
|-damage|p1a: Blissey|82/100 par|[from] Sandstorm
|-heal|p1a: Blissey|88/100 par|[from] item: Leftovers
|upkeep
|turn|44
|
|t:|1729262990
|move|p2a: IKE|Thunderbolt|p1a: Blissey
|-damage|p1a: Blissey|68/100 par
|move|p1a: Blissey|Wish|p1a: Blissey
|
|-weather|Sandstorm|[upkeep]
|-damage|p1a: Blissey|62/100 par|[from] Sandstorm
|-heal|p1a: Blissey|68/100 par|[from] item: Leftovers
|upkeep
|turn|45
|
|t:|1729262994
|move|p2a: IKE|Thunderbolt|p1a: Blissey
|-damage|p1a: Blissey|45/100 par
|move|p1a: Blissey|Ice Beam|p2a: IKE
|-resisted|p2a: IKE
|-damage|p2a: IKE|0 fnt
|faint|p2a: IKE
|
|t:|1729263002
|switch|p2a: CLOUD|Aerodactyl, F|76/100
|
|-heal|p1a: Blissey|95/100 par|[from] move: Wish|[wisher] Blissey
|-weather|Sandstorm|[upkeep]
|-damage|p1a: Blissey|89/100 par|[from] Sandstorm
|-heal|p1a: Blissey|95/100 par|[from] item: Leftovers
|upkeep
|turn|46
|
|t:|1729263005
|move|p2a: CLOUD|Substitute|p2a: CLOUD
|-start|p2a: CLOUD|Substitute
|-damage|p2a: CLOUD|51/100
|move|p1a: Blissey|Ice Beam|p2a: CLOUD
|-supereffective|p2a: CLOUD
|-end|p2a: CLOUD|Substitute
|
|-weather|Sandstorm|[upkeep]
|-damage|p1a: Blissey|89/100 par|[from] Sandstorm
|-heal|p1a: Blissey|95/100 par|[from] item: Leftovers
|upkeep
|turn|47
|
|t:|1729263010
|move|p2a: CLOUD|Substitute|p2a: CLOUD
|-start|p2a: CLOUD|Substitute
|-damage|p2a: CLOUD|26/100
|move|p1a: Blissey|Ice Beam|p2a: CLOUD
|-supereffective|p2a: CLOUD
|-end|p2a: CLOUD|Substitute
|
|-weather|Sandstorm|[upkeep]
|-damage|p1a: Blissey|89/100 par|[from] Sandstorm
|-heal|p1a: Blissey|95/100 par|[from] item: Leftovers
|upkeep
|turn|48
|
|t:|1729263017
|move|p2a: CLOUD|Substitute|p2a: CLOUD
|-start|p2a: CLOUD|Substitute
|-damage|p2a: CLOUD|1/100
|cant|p1a: Blissey|par
|
|-weather|Sandstorm|[upkeep]
|-damage|p1a: Blissey|89/100 par|[from] Sandstorm
|-enditem|p2a: CLOUD|Liechi Berry|[eat]
|-boost|p2a: CLOUD|atk|1|[from] item: Liechi Berry
|-heal|p1a: Blissey|95/100 par|[from] item: Leftovers
|upkeep
|turn|49
|
|t:|1729263025
|move|p2a: CLOUD|Rock Slide|p1a: Blissey
|-damage|p1a: Blissey|43/100 par
|move|p1a: Blissey|Ice Beam|p2a: CLOUD
|-supereffective|p2a: CLOUD
|-end|p2a: CLOUD|Substitute
|
|-weather|Sandstorm|[upkeep]
|-damage|p1a: Blissey|37/100 par|[from] Sandstorm
|-heal|p1a: Blissey|43/100 par|[from] item: Leftovers
|upkeep
|turn|50
|
|t:|1729263031
|move|p2a: CLOUD|Rock Slide|p1a: Blissey
|-damage|p1a: Blissey|0 fnt
|faint|p1a: Blissey
|
|t:|1729263036
|switch|p1a: Flygon|Flygon, M|100/100
|
|-weather|Sandstorm|[upkeep]
|upkeep
|turn|51
|
|t:|1729263045
|switch|p2a: Celebi|Celebi|74/100
|-damage|p2a: Celebi|62/100|[from] Spikes
|move|p1a: Flygon|Rock Slide|p2a: Celebi|[miss]
|-miss|p1a: Flygon|p2a: Celebi
|
|-weather|Sandstorm|[upkeep]
|-damage|p2a: Celebi|56/100|[from] Sandstorm
|-heal|p2a: Celebi|62/100|[from] item: Leftovers
|upkeep
|turn|52
|
|t:|1729263052
|switch|p1a: Tyranitar|Tyranitar, F|100/100
|move|p2a: Celebi|Leech Seed|p1a: Tyranitar|[miss]
|-miss|p2a: Celebi|p1a: Tyranitar
|
|-weather|Sandstorm|[upkeep]
|-damage|p2a: Celebi|56/100|[from] Sandstorm
|-heal|p2a: Celebi|62/100|[from] item: Leftovers
|upkeep
|turn|53
|
|t:|1729263063
|move|p2a: Celebi|Leech Seed|p1a: Tyranitar
|-start|p1a: Tyranitar|move: Leech Seed
|move|p1a: Tyranitar|Rock Slide|p2a: Celebi
|-damage|p2a: Celebi|14/100
|
|-weather|Sandstorm|[upkeep]
|-damage|p2a: Celebi|8/100|[from] Sandstorm
|-heal|p2a: Celebi|14/100|[from] item: Leftovers
|-damage|p1a: Tyranitar|88/100|[from] Leech Seed|[of] p2a: Celebi
|-heal|p2a: Celebi|24/100|[silent]
|upkeep
|turn|54
|
|t:|1729263069
|move|p2a: Celebi|Recover|p2a: Celebi
|-heal|p2a: Celebi|74/100
|move|p1a: Tyranitar|Rock Slide|p2a: Celebi
|-damage|p2a: Celebi|33/100
|
|-weather|Sandstorm|[upkeep]
|-damage|p2a: Celebi|26/100|[from] Sandstorm
|-heal|p2a: Celebi|33/100|[from] item: Leftovers
|-damage|p1a: Tyranitar|76/100|[from] Leech Seed|[of] p2a: Celebi
|-heal|p2a: Celebi|43/100|[silent]
|upkeep
|turn|55
|
|t:|1729263077
|switch|p1a: Zapdos|Zapdos|20/100
|move|p2a: Celebi|Recover|p2a: Celebi
|-heal|p2a: Celebi|93/100
|
|-weather|Sandstorm|[upkeep]
|-damage|p1a: Zapdos|14/100|[from] Sandstorm
|-damage|p2a: Celebi|87/100|[from] Sandstorm
|-heal|p1a: Zapdos|20/100|[from] item: Leftovers
|-heal|p2a: Celebi|93/100|[from] item: Leftovers
|upkeep
|turn|56
|
|t:|1729263083
|move|p1a: Zapdos|Toxic|p2a: Celebi
|-status|p2a: Celebi|tox
|move|p2a: Celebi|Leech Seed|p1a: Zapdos|[miss]
|-miss|p2a: Celebi|p1a: Zapdos
|
|-weather|Sandstorm|[upkeep]
|-damage|p1a: Zapdos|14/100|[from] Sandstorm
|-damage|p2a: Celebi|87/100 tox|[from] Sandstorm
|-heal|p1a: Zapdos|20/100|[from] item: Leftovers
|-heal|p2a: Celebi|93/100 tox|[from] item: Leftovers
|-damage|p2a: Celebi|87/100 tox|[from] psn
|upkeep
|turn|57
|
|t:|1729263094
|move|p1a: Zapdos|Thunderbolt|p2a: Celebi
|-resisted|p2a: Celebi
|-damage|p2a: Celebi|66/100 tox
|move|p2a: Celebi|Leech Seed|p1a: Zapdos|[miss]
|-miss|p2a: Celebi|p1a: Zapdos
|
|-weather|Sandstorm|[upkeep]
|-damage|p1a: Zapdos|14/100|[from] Sandstorm
|-damage|p2a: Celebi|60/100 tox|[from] Sandstorm
|-heal|p1a: Zapdos|20/100|[from] item: Leftovers
|-heal|p2a: Celebi|66/100 tox|[from] item: Leftovers
|-damage|p2a: Celebi|54/100 tox|[from] psn
|upkeep
|turn|58
|c|☆DiegoIn|:(
|
|t:|1729263114
|move|p1a: Zapdos|Thunderbolt|p2a: Celebi
|-resisted|p2a: Celebi
|-damage|p2a: Celebi|34/100 tox
|move|p2a: Celebi|Leech Seed|p1a: Zapdos
|-start|p1a: Zapdos|move: Leech Seed
|
|-weather|Sandstorm|[upkeep]
|-damage|p1a: Zapdos|14/100|[from] Sandstorm
|-damage|p2a: Celebi|28/100 tox|[from] Sandstorm
|-heal|p1a: Zapdos|20/100|[from] item: Leftovers
|-damage|p1a: Zapdos|8/100|[from] Leech Seed|[of] p2a: Celebi
|-heal|p2a: Celebi|39/100 tox|[silent]
|-heal|p2a: Celebi|45/100 tox|[from] item: Leftovers
|-damage|p2a: Celebi|26/100 tox|[from] psn
|upkeep
|turn|59
|
|t:|1729263123
|move|p1a: Zapdos|Thunderbolt|p2a: Celebi
|-resisted|p2a: Celebi
|-damage|p2a: Celebi|8/100 tox
|move|p2a: Celebi|Recover|p2a: Celebi
|-heal|p2a: Celebi|58/100 tox
|
|-weather|Sandstorm|[upkeep]
|-damage|p1a: Zapdos|2/100|[from] Sandstorm
|-damage|p2a: Celebi|52/100 tox|[from] Sandstorm
|-heal|p1a: Zapdos|8/100|[from] item: Leftovers
|-damage|p1a: Zapdos|0 fnt|[from] Leech Seed|[of] p2a: Celebi
|-heal|p2a: Celebi|58/100 tox|[silent]
|faint|p1a: Zapdos
|-heal|p2a: Celebi|64/100 tox|[from] item: Leftovers
|-damage|p2a: Celebi|39/100 tox|[from] psn
|upkeep
|
|t:|1729263125
|switch|p1a: Tyranitar|Tyranitar, F|76/100
|turn|60
|
|t:|1729263145
|move|p2a: Celebi|Leech Seed|p1a: Tyranitar
|-start|p1a: Tyranitar|move: Leech Seed
|move|p1a: Tyranitar|Hidden Power|p2a: Celebi
|-supereffective|p2a: Celebi
|-crit|p2a: Celebi
|-damage|p2a: Celebi|0 fnt
|faint|p2a: Celebi
|
|t:|1729263149
|switch|p2a: CLOUD|Aerodactyl, F|1/100
|
|-weather|Sandstorm|[upkeep]
|-damage|p1a: Tyranitar|64/100|[from] Leech Seed|[of] p2a: CLOUD
|-heal|p2a: CLOUD|15/100|[silent]
|upkeep
|turn|61
|
|t:|1729263168
|move|p2a: CLOUD|Earthquake|p1a: Tyranitar
|-supereffective|p1a: Tyranitar
|-damage|p1a: Tyranitar|10/100
|move|p1a: Tyranitar|Hidden Power|p2a: CLOUD
|-resisted|p2a: CLOUD
|-damage|p2a: CLOUD|0 fnt
|faint|p2a: CLOUD
|
|win|smollest brian
|c|☆smollest brian|gg
|player|p2|

</script>
<script type="application/json" class="data" id="replaydata-smogtours-gen3ou-799512">
{"id":"smogtours-gen3ou-799512","format":"[Gen 3] OU","players":["smollest brian","DiegoIn"],"uploadtime":1729263168,"views":103,"formatid":"gen3ou","rating":null,"private":0,"password":null}
</script>

<script defer src="js/replays.js?9d40a366"></script>
