<!DOCTYPE html>
<meta charset="utf-8" />
<meta name="viewport" content="width=device-width" />

<title>[Gen 3] OU: Greyaz vs. catmode - Replays - Pok&eacute;mon Showdown!</title>

<meta name="description" content="Watch a replay of a Pok&eacute;mon battle between Greyaz and catmode! Format: [Gen 3] OU; Date: Oct 23, 2024" />
<!--

Hey, you! Looking in the source for the replay log?

You can find them in JSON format, just add `.json` at the end of a replay URL.

https://replay.pokemonshowdown.com/gen7randomdoublesbattle-865046831.json

Or, if you only need the log itself, add `.log` instead:

https://replay.pokemonshowdown.com/gen7randomdoublesbattle-865046831.log

-->

<link rel="stylesheet" href="//pokemonshowdown.com/style/global.css?0.023195364461161105" />
<link rel="stylesheet" href="//play.pokemonshowdown.com/style/font-awesome.css?0.13261647063804238" />
<link rel="stylesheet" href="//play.pokemonshowdown.com/style/battle.css?0.8753245789963631" />
<link rel="stylesheet" href="//play.pokemonshowdown.com/style/utilichart.css?0.8627959624976733" />

<!-- Global site tag (gtag.js) - Google Analytics -->
<script async src="https://www.googletagmanager.com/gtag/js?id=UA-26211653-1"></script>
<script>
  window.dataLayer = window.dataLayer || [];
  function gtag(){dataLayer.push(arguments);}
  gtag('js', new Date());

  gtag('config', 'UA-26211653-1');
</script>
<!-- End Google Analytics -->
<!-- Venatus Ad Manager - Install in <HEAD> of page -->
	<script src="https://hb.vntsm.com/v3/live/ad-manager.min.js" type="text/javascript" data-site-id="642aba63ec9a7b11c3c9c1be" data-mode="scan" async></script>
<!-- / Venatus Ad Manager -->

<style>
	@media (max-width:820px) {
		.battle {
			margin: 0 auto;
		}
		.battle-log {
			margin: 7px auto 0;
			max-width: 640px;
			height: 300px;
			position: static;
		}
	}
	.optgroup {
		display: inline-block;
		line-height: 22px;
		font-size: 10pt;
	}
	.optgroup .button {
		height: 25px;
		padding-top: 0;
		padding-bottom: 0;
	}
	.optgroup button.button {
		padding-left: 12px;
		padding-right: 12px;
	}
	.linklist {
		list-style: none;
		margin: 0.5em 0;
		padding: 0;
	}
	.linklist li {
		padding: 2px 0;
	}
	.sidebar {
		float: left;
		width: 320px;
	}
	.bar-wrapper {
		max-width: 1100px;
		margin: 0 auto;
	}
	.bar-wrapper.has-sidebar {
		max-width: 1430px;
	}
	.mainbar {
		margin: 0;
		padding-right: 1px;
	}
	.mainbar.has-sidebar {
		margin-left: 330px;
	}
	@media (min-width: 1511px) {
		.sidebar {
			width: 400px;
		}
		.bar-wrapper.has-sidebar {
			max-width: 1510px;
		}
		.mainbar.has-sidebar {
			margin-left: 410px;
		}
	}
	.section.first-section {
		margin-top: 9px;
	}
	.blocklink small {
		white-space: normal;
	}
	.button {
		vertical-align: middle;
	}
	.replay-controls {
		padding-top: 10px;
	}
	.replay-controls h1 {
		font-size: 16pt;
		font-weight: normal;
		color: #CCC;
	}
	.pagelink {
		text-align: center;
	}
	.pagelink a {
		width: 150px;
	}
	.textbox, .button {
		font-size: 11pt;
		vertical-align: middle;
	}
	@media (max-width: 450px) {
		.button {
			font-size: 9pt;
		}
	}
</style>

<div>

	<header>
		<div class="nav-wrapper"><ul class="nav">
			<li><a class="button nav-first" href="//pokemonshowdown.com/"><img src="//pokemonshowdown.com/images/pokemonshowdownbeta.png" srcset="//pokemonshowdown.com/images/pokemonshowdownbeta.png 1x, //pokemonshowdown.com/images/pokemonshowdownbeta@2x.png 2x" alt="Pok&eacute;mon Showdown" width="146" height="44" /> Home</a></li>
			<li><a class="button" href="//pokemonshowdown.com/dex/">Pok&eacute;dex</a></li>
			<li><a class="button cur" href="/">Replays</a></li>
			<li><a class="button" href="//pokemonshowdown.com/ladder/">Ladder</a></li>
			<li><a class="button nav-last" href="//pokemonshowdown.com/forums/">Forum</a></li>
			<li><a class="button greenbutton nav-first nav-last" href="//play.pokemonshowdown.com/">Play</a></li>
		</ul></div>
	</header>

	<div class="main" id="main">

		<noscript><section class="section">You need to enable JavaScript to use this page; sorry!</section></noscript>

	</div>

</div>

<script defer nomodule src="//play.pokemonshowdown.com/js/lib/ps-polyfill.js"></script>
<script defer src="//play.pokemonshowdown.com/js/lib/preact.min.js"></script>

<script defer src="//play.pokemonshowdown.com/config/config.js?2bddbc15"></script>
<script defer src="//play.pokemonshowdown.com/js/lib/jquery-1.11.0.min.js"></script>
<script defer src="//play.pokemonshowdown.com/js/lib/html-sanitizer-minified.js"></script>
<script defer src="//play.pokemonshowdown.com/js/battle-sound.js"></script>
<script defer src="//play.pokemonshowdown.com/js/battledata.js?0.7209276989879541"></script>
<script defer src="//play.pokemonshowdown.com/data/pokedex-mini.js?0.6111056340867951"></script>
<script defer src="//play.pokemonshowdown.com/data/pokedex-mini-bw.js?0.3532142036491459"></script>
<script defer src="//play.pokemonshowdown.com/data/graphics.js?0.24223875632456182"></script>
<script defer src="//play.pokemonshowdown.com/data/pokedex.js?0.38839984266356864"></script>
<script defer src="//play.pokemonshowdown.com/data/moves.js?0.21866028504024015"></script>
<script defer src="//play.pokemonshowdown.com/data/abilities.js?0.2005157953846628"></script>
<script defer src="//play.pokemonshowdown.com/data/items.js?0.9894211263848525"></script>
<script defer src="//play.pokemonshowdown.com/data/teambuilder-tables.js?0.6008791140282215"></script>
<script defer src="//play.pokemonshowdown.com/js/battle-tooltips.js?0.7580118955022959"></script>
<script defer src="//play.pokemonshowdown.com/js/battle.js?0.6057722274234274"></script>

<script defer src="js/utils.js?e31f9a17"></script>
<script defer src="js/replays-battle.js?7008c182"></script>

<!-- don't scrape this data! just add .json or .log after the URL!
Full API docs: https://github.com/smogon/pokemon-showdown-client/blob/master/WEB-API.md -->
<script type="text/plain" class="log" id="replaylog-smogtours-gen3ou-801463">
|inactive|Battle timer is ON: inactive players will automatically lose when time's up.
|t:|1729722765
|gametype|singles
|player|p1|Greyaz|1|
|player|p2|catmode|miku-ground|
|teamsize|p1|6
|teamsize|p2|6
|gen|3
|tier|[Gen 3] OU
|rule|Sleep Clause Mod: Limit one foe put to sleep
|rule|Switch Priority Clause Mod: Faster Pokémon switch first
|rule|Species Clause: Limit one of each Pokémon
|rule|OHKO Clause: OHKO moves are banned
|rule|Evasion Items Clause: Evasion items are banned
|rule|Evasion Moves Clause: Evasion moves are banned
|rule|Endless Battle Clause: Forcing endless battles is banned
|rule|HP Percentage Mod: HP is shown in percentages
|rule|One Boost Passer Clause: Limit one Baton Passer that has a way to boost its stats
|rule|Freeze Clause Mod: Limit one foe frozen
|
|t:|1729722765
|start
|switch|p1a: Zapdos|Zapdos|100/100
|switch|p2a: Sorry For|Tyranitar, M, shiny|100/100
|-weather|Sandstorm|[from] ability: Sand Stream|[of] p2a: Sorry For
|turn|1
|
|t:|1729722784
|move|p1a: Zapdos|Toxic|p2a: Sorry For|[miss]
|-miss|p1a: Zapdos|p2a: Sorry For
|move|p2a: Sorry For|Earthquake|p1a: Zapdos
|-immune|p1a: Zapdos
|
|-weather|Sandstorm|[upkeep]
|-damage|p1a: Zapdos|94/100|[from] Sandstorm
|-heal|p1a: Zapdos|100/100|[from] item: Leftovers
|upkeep
|turn|2
|
|t:|1729722793
|switch|p1a: Swampert|Swampert, M|100/100
|switch|p2a: Agent M.|Metagross, shiny|100/100
|
|-weather|Sandstorm|[upkeep]
|upkeep
|turn|3
|
|t:|1729722806
|switch|p2a: Magidragon|Gyarados, M, shiny|100/100
|-ability|p2a: Magidragon|Intimidate|boost
|-unboost|p1a: Swampert|atk|1
|move|p1a: Swampert|Protect||[still]
|-fail|p1a: Swampert
|
|-weather|Sandstorm|[upkeep]
|-damage|p2a: Magidragon|94/100|[from] Sandstorm
|-heal|p2a: Magidragon|100/100|[from] item: Leftovers
|upkeep
|turn|4
|
|t:|1729722814
|switch|p2a: Yo Mama|Snorlax, F, shiny|100/100
|move|p1a: Swampert|Toxic|p2a: Yo Mama
|-status|p2a: Yo Mama|tox
|
|-weather|Sandstorm|[upkeep]
|-damage|p2a: Yo Mama|94/100 tox|[from] Sandstorm
|-heal|p2a: Yo Mama|100/100 tox|[from] item: Leftovers
|-damage|p2a: Yo Mama|94/100 tox|[from] psn
|upkeep
|turn|5
|
|t:|1729722825
|switch|p1a: Skarmory|Skarmory, M|100/100
|move|p2a: Yo Mama|Curse|p2a: Yo Mama
|-unboost|p2a: Yo Mama|spe|1
|-boost|p2a: Yo Mama|atk|1
|-boost|p2a: Yo Mama|def|1
|
|-weather|Sandstorm|[upkeep]
|-damage|p2a: Yo Mama|88/100 tox|[from] Sandstorm
|-heal|p2a: Yo Mama|94/100 tox|[from] item: Leftovers
|-damage|p2a: Yo Mama|82/100 tox|[from] psn
|upkeep
|turn|6
|
|t:|1729722834
|move|p1a: Skarmory|Taunt|p2a: Yo Mama
|-start|p2a: Yo Mama|move: Taunt
|move|p2a: Yo Mama|Return|p1a: Skarmory
|-resisted|p1a: Skarmory
|-damage|p1a: Skarmory|77/100
|
|-weather|Sandstorm|[upkeep]
|-damage|p2a: Yo Mama|76/100 tox|[from] Sandstorm
|-heal|p1a: Skarmory|83/100|[from] item: Leftovers
|-heal|p2a: Yo Mama|82/100 tox|[from] item: Leftovers
|-damage|p2a: Yo Mama|63/100 tox|[from] psn
|upkeep
|turn|7
|
|t:|1729722839
|switch|p2a: Skarms#1Fan|Magneton, shiny|100/100
|move|p1a: Skarmory|Spikes|p2a: Skarms#1Fan
|-sidestart|p2: catmode|Spikes
|
|-weather|Sandstorm|[upkeep]
|-heal|p1a: Skarmory|89/100|[from] item: Leftovers
|upkeep
|turn|8
|
|t:|1729722849
|move|p2a: Skarms#1Fan|Thunderbolt|p1a: Skarmory
|-supereffective|p1a: Skarmory
|-damage|p1a: Skarmory|0 fnt
|faint|p1a: Skarmory
|
|t:|1729722852
|switch|p1a: Dugtrio|Dugtrio, M|100/100
|
|-weather|Sandstorm|[upkeep]
|upkeep
|turn|9
|
|t:|1729722855
|move|p1a: Dugtrio|Earthquake|p2a: Skarms#1Fan
|-supereffective|p2a: Skarms#1Fan
|-damage|p2a: Skarms#1Fan|0 fnt
|faint|p2a: Skarms#1Fan
|
|t:|1729722863
|switch|p2a: Magidragon|Gyarados, M, shiny|100/100
|-ability|p2a: Magidragon|Intimidate|boost
|-unboost|p1a: Dugtrio|atk|1
|
|-weather|Sandstorm|[upkeep]
|-damage|p2a: Magidragon|94/100|[from] Sandstorm
|-heal|p2a: Magidragon|100/100|[from] item: Leftovers
|upkeep
|turn|10
|c|☆Greyaz|should have named it 
|c|☆Greyaz|magneton #1
|
|t:|1729722875
|switch|p1a: Swampert|Swampert, M|100/100
|move|p2a: Magidragon|Thunder Wave|p1a: Swampert
|-immune|p1a: Swampert
|
|-weather|Sandstorm|[upkeep]
|-damage|p2a: Magidragon|94/100|[from] Sandstorm
|-heal|p2a: Magidragon|100/100|[from] item: Leftovers
|upkeep
|turn|11
|c|☆catmode|but he loves skarm so much
|
|t:|1729722899
|switch|p2a: Yo Mama|Snorlax, F, shiny|63/100 tox
|-damage|p2a: Yo Mama|51/100 tox|[from] Spikes
|move|p1a: Swampert|Surf|p2a: Yo Mama
|-damage|p2a: Yo Mama|37/100 tox
|
|-weather|Sandstorm|[upkeep]
|-damage|p2a: Yo Mama|31/100 tox|[from] Sandstorm
|-heal|p2a: Yo Mama|37/100 tox|[from] item: Leftovers
|-damage|p2a: Yo Mama|31/100 tox|[from] psn
|upkeep
|turn|12
|
|t:|1729722916
|move|p1a: Swampert|Surf|p2a: Yo Mama
|-damage|p2a: Yo Mama|17/100 tox
|move|p2a: Yo Mama|Rest|p2a: Yo Mama
|-status|p2a: Yo Mama|slp|[from] move: Rest
|-heal|p2a: Yo Mama|100/100 slp|[silent]
|
|-weather|Sandstorm|[upkeep]
|-damage|p2a: Yo Mama|94/100 slp|[from] Sandstorm
|-heal|p2a: Yo Mama|100/100 slp|[from] item: Leftovers
|upkeep
|turn|13
|
|t:|1729722923
|switch|p1a: Dugtrio|Dugtrio, M|100/100
|switch|p2a: Magidragon|Gyarados, M, shiny|100/100
|-ability|p2a: Magidragon|Intimidate|boost
|-unboost|p1a: Dugtrio|atk|1
|
|-weather|Sandstorm|[upkeep]
|-damage|p2a: Magidragon|94/100|[from] Sandstorm
|-heal|p2a: Magidragon|100/100|[from] item: Leftovers
|upkeep
|turn|14
|
|t:|1729722933
|switch|p1a: Zapdos|Zapdos|100/100
|move|p2a: Magidragon|Hidden Power|p1a: Zapdos
|-resisted|p1a: Zapdos
|-damage|p1a: Zapdos|82/100
|
|-weather|Sandstorm|[upkeep]
|-damage|p2a: Magidragon|94/100|[from] Sandstorm
|-damage|p1a: Zapdos|76/100|[from] Sandstorm
|-heal|p2a: Magidragon|100/100|[from] item: Leftovers
|-heal|p1a: Zapdos|82/100|[from] item: Leftovers
|upkeep
|turn|15
|
|t:|1729722945
|switch|p2a: Sorry For|Tyranitar, M, shiny|100/100
|-damage|p2a: Sorry For|88/100|[from] Spikes
|move|p1a: Zapdos|Thunderbolt|p2a: Sorry For
|-damage|p2a: Sorry For|52/100
|
|-weather|Sandstorm|[upkeep]
|-damage|p1a: Zapdos|76/100|[from] Sandstorm
|-heal|p1a: Zapdos|82/100|[from] item: Leftovers
|upkeep
|turn|16
|
|t:|1729722953
|-singleturn|p2a: Sorry For|move: Focus Punch
|switch|p1a: Swampert|Swampert, M|100/100
|move|p2a: Sorry For|Focus Punch|p1a: Swampert
|-damage|p1a: Swampert|43/100
|
|-weather|Sandstorm|[upkeep]
|-heal|p1a: Swampert|49/100|[from] item: Leftovers
|upkeep
|turn|17
|
|t:|1729722976
|switch|p2a: Yo Mama|Snorlax, F, shiny|100/100 slp
|-damage|p2a: Yo Mama|88/100 slp|[from] Spikes
|move|p1a: Swampert|Protect||[still]
|-fail|p1a: Swampert
|
|-weather|Sandstorm|[upkeep]
|-damage|p2a: Yo Mama|82/100 slp|[from] Sandstorm
|-heal|p1a: Swampert|55/100|[from] item: Leftovers
|-heal|p2a: Yo Mama|88/100 slp|[from] item: Leftovers
|upkeep
|turn|18
|
|t:|1729722982
|switch|p1a: Zapdos|Zapdos|82/100
|cant|p2a: Yo Mama|slp
|
|-weather|Sandstorm|[upkeep]
|-damage|p1a: Zapdos|76/100|[from] Sandstorm
|-damage|p2a: Yo Mama|82/100 slp|[from] Sandstorm
|-heal|p1a: Zapdos|82/100|[from] item: Leftovers
|-heal|p2a: Yo Mama|88/100 slp|[from] item: Leftovers
|upkeep
|turn|19
|inactive|catmode has 270 seconds left.
|
|t:|1729723021
|move|p1a: Zapdos|Thunderbolt|p2a: Yo Mama
|-damage|p2a: Yo Mama|70/100 slp
|cant|p2a: Yo Mama|slp
|
|-weather|Sandstorm|[upkeep]
|-damage|p1a: Zapdos|76/100|[from] Sandstorm
|-damage|p2a: Yo Mama|63/100 slp|[from] Sandstorm
|-heal|p1a: Zapdos|82/100|[from] item: Leftovers
|-heal|p2a: Yo Mama|70/100 slp|[from] item: Leftovers
|upkeep
|turn|20
|
|t:|1729723030
|move|p1a: Zapdos|Thunderbolt|p2a: Yo Mama
|-damage|p2a: Yo Mama|51/100 slp
|-curestatus|p2a: Yo Mama|slp|[msg]
|move|p2a: Yo Mama|Curse|p2a: Yo Mama
|-unboost|p2a: Yo Mama|spe|1
|-boost|p2a: Yo Mama|atk|1
|-boost|p2a: Yo Mama|def|1
|
|-weather|Sandstorm|[upkeep]
|-damage|p1a: Zapdos|76/100|[from] Sandstorm
|-damage|p2a: Yo Mama|45/100|[from] Sandstorm
|-heal|p1a: Zapdos|82/100|[from] item: Leftovers
|-heal|p2a: Yo Mama|51/100|[from] item: Leftovers
|upkeep
|turn|21
|
|t:|1729723035
|move|p1a: Zapdos|Toxic|p2a: Yo Mama
|-status|p2a: Yo Mama|tox
|move|p2a: Yo Mama|Return|p1a: Zapdos
|-damage|p1a: Zapdos|22/100
|
|-weather|Sandstorm|[upkeep]
|-damage|p1a: Zapdos|16/100|[from] Sandstorm
|-damage|p2a: Yo Mama|45/100 tox|[from] Sandstorm
|-heal|p1a: Zapdos|22/100|[from] item: Leftovers
|-heal|p2a: Yo Mama|51/100 tox|[from] item: Leftovers
|-damage|p2a: Yo Mama|45/100 tox|[from] psn
|upkeep
|turn|22
|
|t:|1729723053
|move|p1a: Zapdos|Rest|p1a: Zapdos
|-status|p1a: Zapdos|slp|[from] move: Rest
|-heal|p1a: Zapdos|100/100 slp|[silent]
|move|p2a: Yo Mama|Rest|p2a: Yo Mama
|-status|p2a: Yo Mama|slp|[from] move: Rest
|-heal|p2a: Yo Mama|100/100 slp|[silent]
|
|-weather|Sandstorm|[upkeep]
|-damage|p1a: Zapdos|94/100 slp|[from] Sandstorm
|-damage|p2a: Yo Mama|94/100 slp|[from] Sandstorm
|-heal|p1a: Zapdos|100/100 slp|[from] item: Leftovers
|-heal|p2a: Yo Mama|100/100 slp|[from] item: Leftovers
|upkeep
|turn|23
|
|t:|1729723060
|cant|p1a: Zapdos|slp
|cant|p2a: Yo Mama|slp
|
|-weather|Sandstorm|[upkeep]
|-damage|p1a: Zapdos|94/100 slp|[from] Sandstorm
|-damage|p2a: Yo Mama|94/100 slp|[from] Sandstorm
|-heal|p1a: Zapdos|100/100 slp|[from] item: Leftovers
|-heal|p2a: Yo Mama|100/100 slp|[from] item: Leftovers
|upkeep
|turn|24
|
|t:|1729723068
|switch|p1a: Tyranitar|Tyranitar, M|100/100
|cant|p2a: Yo Mama|slp
|
|-weather|Sandstorm|[upkeep]
|-damage|p2a: Yo Mama|94/100 slp|[from] Sandstorm
|-heal|p2a: Yo Mama|100/100 slp|[from] item: Leftovers
|upkeep
|turn|25
|
|t:|1729723085
|-singleturn|p1a: Tyranitar|move: Focus Punch
|-curestatus|p2a: Yo Mama|slp|[msg]
|move|p2a: Yo Mama|Earthquake|p1a: Tyranitar
|-supereffective|p1a: Tyranitar
|-damage|p1a: Tyranitar|39/100
|move|p1a: Tyranitar|Focus Punch||[still]
|cant|p1a: Tyranitar|Focus Punch|Focus Punch
|
|-weather|Sandstorm|[upkeep]
|-damage|p2a: Yo Mama|94/100|[from] Sandstorm
|-heal|p1a: Tyranitar|45/100|[from] item: Leftovers
|-heal|p2a: Yo Mama|100/100|[from] item: Leftovers
|upkeep
|turn|26
|c|☆catmode|whew
|c|☆catmode|i almost cursed there lol
|
|t:|1729723105
|move|p1a: Tyranitar|Rock Slide|p2a: Yo Mama
|-damage|p2a: Yo Mama|76/100
|move|p2a: Yo Mama|Earthquake|p1a: Tyranitar
|-supereffective|p1a: Tyranitar
|-damage|p1a: Tyranitar|0 fnt
|faint|p1a: Tyranitar
|
|t:|1729723110
|switch|p1a: Celebi|Celebi|100/100
|
|-weather|Sandstorm|[upkeep]
|-damage|p1a: Celebi|94/100|[from] Sandstorm
|-damage|p2a: Yo Mama|70/100|[from] Sandstorm
|-heal|p1a: Celebi|100/100|[from] item: Leftovers
|-heal|p2a: Yo Mama|76/100|[from] item: Leftovers
|upkeep
|turn|27
|
|t:|1729723113
|move|p1a: Celebi|Leech Seed|p2a: Yo Mama
|-start|p2a: Yo Mama|move: Leech Seed
|move|p2a: Yo Mama|Return|p1a: Celebi
|-damage|p1a: Celebi|51/100
|
|-weather|Sandstorm|[upkeep]
|-damage|p1a: Celebi|44/100|[from] Sandstorm
|-damage|p2a: Yo Mama|70/100|[from] Sandstorm
|-heal|p1a: Celebi|51/100|[from] item: Leftovers
|-heal|p2a: Yo Mama|76/100|[from] item: Leftovers
|-damage|p2a: Yo Mama|64/100|[from] Leech Seed|[of] p1a: Celebi
|-heal|p1a: Celebi|66/100|[silent]
|upkeep
|turn|28
|
|t:|1729723127
|switch|p2a: Party Rockin’|Aerodactyl, F, shiny|100/100
|move|p1a: Celebi|Calm Mind|p1a: Celebi
|-boost|p1a: Celebi|spa|1
|-boost|p1a: Celebi|spd|1
|
|-weather|Sandstorm|[upkeep]
|-damage|p1a: Celebi|60/100|[from] Sandstorm
|-heal|p1a: Celebi|66/100|[from] item: Leftovers
|upkeep
|turn|29
|
|t:|1729723140
|switch|p1a: Zapdos|Zapdos|100/100 slp
|move|p2a: Party Rockin’|Hidden Power|p1a: Zapdos
|-resisted|p1a: Zapdos
|-damage|p1a: Zapdos|76/100 slp
|
|-weather|Sandstorm|[upkeep]
|-damage|p1a: Zapdos|70/100 slp|[from] Sandstorm
|-heal|p1a: Zapdos|76/100 slp|[from] item: Leftovers
|upkeep
|turn|30
|
|t:|1729723157
|switch|p2a: Sorry For|Tyranitar, M, shiny|52/100
|-damage|p2a: Sorry For|39/100|[from] Spikes
|cant|p1a: Zapdos|slp
|
|-weather|Sandstorm|[upkeep]
|-damage|p1a: Zapdos|70/100 slp|[from] Sandstorm
|-heal|p1a: Zapdos|76/100 slp|[from] item: Leftovers
|upkeep
|turn|31
|
|t:|1729723165
|-curestatus|p1a: Zapdos|slp|[msg]
|move|p1a: Zapdos|Thunderbolt|p2a: Sorry For
|-damage|p2a: Sorry For|0 fnt
|faint|p2a: Sorry For
|c|☆catmode|damn
|c|☆Greyaz|he's one thunderous boi
|inactive|catmode has 270 seconds left.
|c|☆catmode|i was hoping it wouldnt do more than the last one but its always risky lol
|c|☆Greyaz|yes its a roll actually
|c|☆Greyaz|35-47 something
|inactive|catmode has 240 seconds left.
|c|☆catmode|o sheesh lol
|
|t:|1729723238
|switch|p2a: Yo Mama|Snorlax, F, shiny|64/100
|-damage|p2a: Yo Mama|51/100|[from] Spikes
|
|-weather|Sandstorm|[upkeep]
|-damage|p1a: Zapdos|70/100|[from] Sandstorm
|-damage|p2a: Yo Mama|45/100|[from] Sandstorm
|-heal|p1a: Zapdos|76/100|[from] item: Leftovers
|-heal|p2a: Yo Mama|51/100|[from] item: Leftovers
|upkeep
|turn|32
|
|t:|1729723254
|switch|p1a: Dugtrio|Dugtrio, M|100/100
|move|p2a: Yo Mama|Return|p1a: Dugtrio
|-damage|p1a: Dugtrio|0 fnt
|faint|p1a: Dugtrio
|c|☆Greyaz|lmao
|
|t:|1729723266
|switch|p1a: Celebi|Celebi|66/100
|
|-weather|Sandstorm|[upkeep]
|-damage|p1a: Celebi|60/100|[from] Sandstorm
|-damage|p2a: Yo Mama|45/100|[from] Sandstorm
|-heal|p1a: Celebi|66/100|[from] item: Leftovers
|-heal|p2a: Yo Mama|51/100|[from] item: Leftovers
|upkeep
|turn|33
|c|☆catmode|yo mama so fat
|
|t:|1729723274
|move|p1a: Celebi|Leech Seed|p2a: Yo Mama
|-start|p2a: Yo Mama|move: Leech Seed
|move|p2a: Yo Mama|Return|p1a: Celebi
|-crit|p1a: Celebi
|-damage|p1a: Celebi|0 fnt
|faint|p1a: Celebi
|c|☆catmode|goddamn
|c|☆Greyaz|rip
|c|☆Greyaz|I had recover
|
|t:|1729723291
|switch|p1a: Swampert|Swampert, M|55/100
|
|-weather|Sandstorm|[upkeep]
|-damage|p2a: Yo Mama|45/100|[from] Sandstorm
|-heal|p1a: Swampert|61/100|[from] item: Leftovers
|-heal|p2a: Yo Mama|51/100|[from] item: Leftovers
|-damage|p2a: Yo Mama|39/100|[from] Leech Seed|[of] p1a: Swampert
|-heal|p1a: Swampert|77/100|[silent]
|upkeep
|turn|34
|
|t:|1729723304
|switch|p2a: Magidragon|Gyarados, M, shiny|100/100
|-ability|p2a: Magidragon|Intimidate|boost
|-unboost|p1a: Swampert|atk|1
|move|p1a: Swampert|Surf|p2a: Magidragon
|-resisted|p2a: Magidragon
|-damage|p2a: Magidragon|86/100
|
|-weather|Sandstorm|[upkeep]
|-damage|p2a: Magidragon|80/100|[from] Sandstorm
|-heal|p2a: Magidragon|86/100|[from] item: Leftovers
|-heal|p1a: Swampert|83/100|[from] item: Leftovers
|upkeep
|turn|35
|
|t:|1729723307
|move|p2a: Magidragon|Dragon Dance|p2a: Magidragon
|-boost|p2a: Magidragon|atk|1
|-boost|p2a: Magidragon|spe|1
|move|p1a: Swampert|Toxic|p2a: Magidragon
|-status|p2a: Magidragon|tox
|
|-weather|Sandstorm|[upkeep]
|-damage|p2a: Magidragon|80/100 tox|[from] Sandstorm
|-heal|p2a: Magidragon|86/100 tox|[from] item: Leftovers
|-damage|p2a: Magidragon|80/100 tox|[from] psn
|-heal|p1a: Swampert|89/100|[from] item: Leftovers
|upkeep
|turn|36
|
|t:|1729723320
|move|p2a: Magidragon|Hidden Power|p1a: Swampert
|-damage|p1a: Swampert|46/100
|move|p1a: Swampert|Surf|p2a: Magidragon
|-resisted|p2a: Magidragon
|-damage|p2a: Magidragon|64/100 tox
|
|-weather|Sandstorm|[upkeep]
|-damage|p2a: Magidragon|58/100 tox|[from] Sandstorm
|-heal|p2a: Magidragon|64/100 tox|[from] item: Leftovers
|-damage|p2a: Magidragon|52/100 tox|[from] psn
|-heal|p1a: Swampert|52/100|[from] item: Leftovers
|upkeep
|turn|37
|
|t:|1729723331
|move|p1a: Swampert|Protect|p1a: Swampert
|-singleturn|p1a: Swampert|Protect
|move|p2a: Magidragon|Dragon Dance|p2a: Magidragon
|-boost|p2a: Magidragon|atk|1
|-boost|p2a: Magidragon|spe|1
|
|-weather|Sandstorm|[upkeep]
|-damage|p2a: Magidragon|46/100 tox|[from] Sandstorm
|-heal|p2a: Magidragon|52/100 tox|[from] item: Leftovers
|-damage|p2a: Magidragon|34/100 tox|[from] psn
|-heal|p1a: Swampert|59/100|[from] item: Leftovers
|upkeep
|turn|38
|
|t:|1729723341
|move|p1a: Swampert|Protect|p1a: Swampert
|-singleturn|p1a: Swampert|Protect
|move|p2a: Magidragon|Hidden Power|p1a: Swampert
|-activate|p1a: Swampert|Protect
|
|-weather|Sandstorm|[upkeep]
|-damage|p2a: Magidragon|28/100 tox|[from] Sandstorm
|-heal|p2a: Magidragon|34/100 tox|[from] item: Leftovers
|-damage|p2a: Magidragon|9/100 tox|[from] psn
|-heal|p1a: Swampert|65/100|[from] item: Leftovers
|upkeep
|turn|39
|c|☆catmode|pls not again
|
|t:|1729723354
|move|p2a: Magidragon|Hidden Power|p1a: Swampert
|-damage|p1a: Swampert|6/100
|move|p1a: Swampert|Surf|p2a: Magidragon
|-resisted|p2a: Magidragon
|-damage|p2a: Magidragon|0 fnt
|faint|p2a: Magidragon
|
|t:|1729723365
|switch|p2a: Agent M.|Metagross, shiny|100/100
|-damage|p2a: Agent M.|88/100|[from] Spikes
|
|-weather|Sandstorm|[upkeep]
|-heal|p1a: Swampert|12/100|[from] item: Leftovers
|upkeep
|turn|40
|
|t:|1729723372
|move|p2a: Agent M.|Agility|p2a: Agent M.
|-boost|p2a: Agent M.|spe|2
|move|p1a: Swampert|Surf|p2a: Agent M.
|-damage|p2a: Agent M.|42/100
|
|-weather|Sandstorm|[upkeep]
|-heal|p1a: Swampert|19/100|[from] item: Leftovers
|upkeep
|turn|41
|
|t:|1729723381
|move|p1a: Swampert|Protect|p1a: Swampert
|-singleturn|p1a: Swampert|Protect
|move|p2a: Agent M.|Earthquake|p1a: Swampert
|-activate|p1a: Swampert|Protect
|
|-weather|Sandstorm|[upkeep]
|-heal|p1a: Swampert|25/100|[from] item: Leftovers
|upkeep
|turn|42
|
|t:|1729723408
|move|p2a: Agent M.|Earthquake|p1a: Swampert
|-damage|p1a: Swampert|0 fnt
|faint|p1a: Swampert
|
|t:|1729723411
|switch|p1a: Zapdos|Zapdos|76/100
|
|-weather|Sandstorm|[upkeep]
|-damage|p1a: Zapdos|70/100|[from] Sandstorm
|-heal|p1a: Zapdos|76/100|[from] item: Leftovers
|upkeep
|turn|43
|c|☆catmode|ggs
|
|t:|1729723416
|move|p2a: Agent M.|Explosion|p1a: Zapdos
|-damage|p1a: Zapdos|0 fnt
|faint|p2a: Agent M.
|faint|p1a: Zapdos
|
|win|catmode
|c|☆Greyaz|gg

</script>
<script type="application/json" class="data" id="replaydata-smogtours-gen3ou-801463">
{"id":"smogtours-gen3ou-801463","format":"[Gen 3] OU","players":["Greyaz","catmode"],"uploadtime":1729723416,"views":72,"formatid":"gen3ou","rating":null,"private":0,"password":null}
</script>

<script defer src="js/replays.js?9d40a366"></script>
