<!DOCTYPE html>
<meta charset="utf-8" />
<meta name="viewport" content="width=device-width" />

<title>[Gen 3] OU: Kvist vs. gaboelpro777 - Replays - Pok&eacute;mon Showdown!</title>

<meta name="description" content="Watch a replay of a Pok&eacute;mon battle between Kvist and gaboelpro777! Format: [Gen 3] OU; Date: Oct 13, 2024" />
<!--

Hey, you! Looking in the source for the replay log?

You can find them in JSON format, just add `.json` at the end of a replay URL.

https://replay.pokemonshowdown.com/gen7randomdoublesbattle-865046831.json

Or, if you only need the log itself, add `.log` instead:

https://replay.pokemonshowdown.com/gen7randomdoublesbattle-865046831.log

-->

<link rel="stylesheet" href="//pokemonshowdown.com/style/global.css?0.023195364461161105" />
<link rel="stylesheet" href="//play.pokemonshowdown.com/style/font-awesome.css?0.13261647063804238" />
<link rel="stylesheet" href="//play.pokemonshowdown.com/style/battle.css?0.8753245789963631" />
<link rel="stylesheet" href="//play.pokemonshowdown.com/style/utilichart.css?0.8627959624976733" />

<!-- Global site tag (gtag.js) - Google Analytics -->
<script async src="https://www.googletagmanager.com/gtag/js?id=UA-26211653-1"></script>
<script>
  window.dataLayer = window.dataLayer || [];
  function gtag(){dataLayer.push(arguments);}
  gtag('js', new Date());

  gtag('config', 'UA-26211653-1');
</script>
<!-- End Google Analytics -->
<!-- Venatus Ad Manager - Install in <HEAD> of page -->
	<script src="https://hb.vntsm.com/v3/live/ad-manager.min.js" type="text/javascript" data-site-id="642aba63ec9a7b11c3c9c1be" data-mode="scan" async></script>
<!-- / Venatus Ad Manager -->

<style>
	@media (max-width:820px) {
		.battle {
			margin: 0 auto;
		}
		.battle-log {
			margin: 7px auto 0;
			max-width: 640px;
			height: 300px;
			position: static;
		}
	}
	.optgroup {
		display: inline-block;
		line-height: 22px;
		font-size: 10pt;
	}
	.optgroup .button {
		height: 25px;
		padding-top: 0;
		padding-bottom: 0;
	}
	.optgroup button.button {
		padding-left: 12px;
		padding-right: 12px;
	}
	.linklist {
		list-style: none;
		margin: 0.5em 0;
		padding: 0;
	}
	.linklist li {
		padding: 2px 0;
	}
	.sidebar {
		float: left;
		width: 320px;
	}
	.bar-wrapper {
		max-width: 1100px;
		margin: 0 auto;
	}
	.bar-wrapper.has-sidebar {
		max-width: 1430px;
	}
	.mainbar {
		margin: 0;
		padding-right: 1px;
	}
	.mainbar.has-sidebar {
		margin-left: 330px;
	}
	@media (min-width: 1511px) {
		.sidebar {
			width: 400px;
		}
		.bar-wrapper.has-sidebar {
			max-width: 1510px;
		}
		.mainbar.has-sidebar {
			margin-left: 410px;
		}
	}
	.section.first-section {
		margin-top: 9px;
	}
	.blocklink small {
		white-space: normal;
	}
	.button {
		vertical-align: middle;
	}
	.replay-controls {
		padding-top: 10px;
	}
	.replay-controls h1 {
		font-size: 16pt;
		font-weight: normal;
		color: #CCC;
	}
	.pagelink {
		text-align: center;
	}
	.pagelink a {
		width: 150px;
	}
	.textbox, .button {
		font-size: 11pt;
		vertical-align: middle;
	}
	@media (max-width: 450px) {
		.button {
			font-size: 9pt;
		}
	}
</style>

<div>

	<header>
		<div class="nav-wrapper"><ul class="nav">
			<li><a class="button nav-first" href="//pokemonshowdown.com/"><img src="//pokemonshowdown.com/images/pokemonshowdownbeta.png" srcset="//pokemonshowdown.com/images/pokemonshowdownbeta.png 1x, //pokemonshowdown.com/images/pokemonshowdownbeta@2x.png 2x" alt="Pok&eacute;mon Showdown" width="146" height="44" /> Home</a></li>
			<li><a class="button" href="//pokemonshowdown.com/dex/">Pok&eacute;dex</a></li>
			<li><a class="button cur" href="/">Replays</a></li>
			<li><a class="button" href="//pokemonshowdown.com/ladder/">Ladder</a></li>
			<li><a class="button nav-last" href="//pokemonshowdown.com/forums/">Forum</a></li>
			<li><a class="button greenbutton nav-first nav-last" href="//play.pokemonshowdown.com/">Play</a></li>
		</ul></div>
	</header>

	<div class="main" id="main">

		<noscript><section class="section">You need to enable JavaScript to use this page; sorry!</section></noscript>

	</div>

</div>

<script defer nomodule src="//play.pokemonshowdown.com/js/lib/ps-polyfill.js"></script>
<script defer src="//play.pokemonshowdown.com/js/lib/preact.min.js"></script>

<script defer src="//play.pokemonshowdown.com/config/config.js?2bddbc15"></script>
<script defer src="//play.pokemonshowdown.com/js/lib/jquery-1.11.0.min.js"></script>
<script defer src="//play.pokemonshowdown.com/js/lib/html-sanitizer-minified.js"></script>
<script defer src="//play.pokemonshowdown.com/js/battle-sound.js"></script>
<script defer src="//play.pokemonshowdown.com/js/battledata.js?0.7209276989879541"></script>
<script defer src="//play.pokemonshowdown.com/data/pokedex-mini.js?0.6111056340867951"></script>
<script defer src="//play.pokemonshowdown.com/data/pokedex-mini-bw.js?0.3532142036491459"></script>
<script defer src="//play.pokemonshowdown.com/data/graphics.js?0.24223875632456182"></script>
<script defer src="//play.pokemonshowdown.com/data/pokedex.js?0.38839984266356864"></script>
<script defer src="//play.pokemonshowdown.com/data/moves.js?0.21866028504024015"></script>
<script defer src="//play.pokemonshowdown.com/data/abilities.js?0.2005157953846628"></script>
<script defer src="//play.pokemonshowdown.com/data/items.js?0.9894211263848525"></script>
<script defer src="//play.pokemonshowdown.com/data/teambuilder-tables.js?0.6008791140282215"></script>
<script defer src="//play.pokemonshowdown.com/js/battle-tooltips.js?0.7580118955022959"></script>
<script defer src="//play.pokemonshowdown.com/js/battle.js?0.6057722274234274"></script>

<script defer src="js/utils.js?e31f9a17"></script>
<script defer src="js/replays-battle.js?7008c182"></script>

<!-- don't scrape this data! just add .json or .log after the URL!
Full API docs: https://github.com/smogon/pokemon-showdown-client/blob/master/WEB-API.md -->
<script type="text/plain" class="log" id="replaylog-smogtours-gen3ou-798476">
|inactive|Battle timer is ON: inactive players will automatically lose when time's up.
|t:|1728858099
|gametype|singles
|player|p1|Kvist|102|
|player|p2|gaboelpro777|169|
|teamsize|p1|6
|teamsize|p2|6
|gen|3
|tier|[Gen 3] OU
|rule|Sleep Clause Mod: Limit one foe put to sleep
|rule|Switch Priority Clause Mod: Faster Pokémon switch first
|rule|Species Clause: Limit one of each Pokémon
|rule|OHKO Clause: OHKO moves are banned
|rule|Evasion Items Clause: Evasion items are banned
|rule|Evasion Moves Clause: Evasion moves are banned
|rule|Endless Battle Clause: Forcing endless battles is banned
|rule|HP Percentage Mod: HP is shown in percentages
|rule|One Boost Passer Clause: Limit one Baton Passer that has a way to boost its stats
|rule|Freeze Clause Mod: Limit one foe frozen
|
|t:|1728858099
|start
|switch|p1a: Zapdos|Zapdos|100/100
|switch|p2a: Blaziken|Blaziken, M|100/100
|turn|1
|
|t:|1728858108
|switch|p1a: Suicune|Suicune, shiny|100/100
|move|p2a: Blaziken|Overheat|p1a: Suicune|[miss]
|-miss|p2a: Blaziken|p1a: Suicune
|
|upkeep
|turn|2
|
|t:|1728858128
|switch|p2a: Celebi|Celebi|100/100
|move|p1a: Suicune|Surf|p2a: Celebi
|-resisted|p2a: Celebi
|-damage|p2a: Celebi|88/100
|
|-heal|p2a: Celebi|95/100|[from] item: Leftovers
|upkeep
|turn|3
|
|t:|1728858141
|switch|p1a: Celebi|Celebi|100/100
|move|p2a: Celebi|Leech Seed|p1a: Celebi
|-immune|p1a: Celebi
|
|-heal|p2a: Celebi|100/100|[from] item: Leftovers
|upkeep
|turn|4
|
|t:|1728858145
|switch|p2a: Skarmory|Skarmory, F|100/100
|move|p1a: Celebi|Calm Mind|p1a: Celebi
|-boost|p1a: Celebi|spa|1
|-boost|p1a: Celebi|spd|1
|
|upkeep
|turn|5
|
|t:|1728858157
|move|p1a: Celebi|Hidden Power|p2a: Skarmory
|-supereffective|p2a: Skarmory
|-damage|p2a: Skarmory|54/100
|move|p2a: Skarmory|Spikes|p1a: Celebi
|-sidestart|p1: Kvist|Spikes
|
|-heal|p2a: Skarmory|60/100|[from] item: Leftovers
|upkeep
|turn|6
|
|t:|1728858174
|move|p2a: Skarmory|Protect|p2a: Skarmory
|-singleturn|p2a: Skarmory|Protect
|move|p1a: Celebi|Hidden Power|p2a: Skarmory
|-activate|p2a: Skarmory|Protect
|
|-heal|p2a: Skarmory|66/100|[from] item: Leftovers
|upkeep
|turn|7
|
|t:|1728858180
|move|p1a: Celebi|Hidden Power|p2a: Skarmory
|-supereffective|p2a: Skarmory
|-damage|p2a: Skarmory|14/100
|move|p2a: Skarmory|Roar|p1a: Celebi
|drag|p1a: Kingdra|Kingdra, F|100/100
|-damage|p1a: Kingdra|88/100|[from] Spikes
|
|-heal|p2a: Skarmory|20/100|[from] item: Leftovers
|upkeep
|turn|8
|
|t:|1728858203
|move|p1a: Kingdra|Hydro Pump|p2a: Skarmory
|-damage|p2a: Skarmory|0 fnt
|faint|p2a: Skarmory
|
|t:|1728858211
|switch|p2a: Celebi|Celebi|100/100
|
|upkeep
|turn|9
|
|t:|1728858225
|switch|p1a: Celebi|Celebi|100/100
|-damage|p1a: Celebi|88/100|[from] Spikes
|move|p2a: Celebi|Giga Drain|p1a: Celebi
|-resisted|p1a: Celebi
|-damage|p1a: Celebi|76/100
|
|-heal|p1a: Celebi|82/100|[from] item: Leftovers
|upkeep
|turn|10
|
|t:|1728858244
|switch|p2a: Aerodactyl|Aerodactyl, F|100/100
|move|p1a: Celebi|Calm Mind|p1a: Celebi
|-boost|p1a: Celebi|spa|1
|-boost|p1a: Celebi|spd|1
|
|-heal|p1a: Celebi|88/100|[from] item: Leftovers
|upkeep
|turn|11
|inactive|gaboelpro777 has 270 seconds left.
|
|t:|1728858270
|switch|p1a: Zapdos|Zapdos|100/100
|move|p2a: Aerodactyl|Hidden Power|p1a: Zapdos
|-resisted|p1a: Zapdos
|-damage|p1a: Zapdos|70/100
|
|-heal|p1a: Zapdos|76/100|[from] item: Leftovers
|upkeep
|turn|12
|inactive|gaboelpro777 has 270 seconds left.
|
|t:|1728858286
|switch|p2a: Celebi|Celebi|100/100
|move|p1a: Zapdos|Substitute|p1a: Zapdos
|-start|p1a: Zapdos|Substitute
|-damage|p1a: Zapdos|51/100
|
|-heal|p1a: Zapdos|58/100|[from] item: Leftovers
|upkeep
|turn|13
|
|t:|1728858294
|move|p1a: Zapdos|Baton Pass|p1a: Zapdos
|
|t:|1728858301
|switch|p1a: Metagross|Metagross, shiny|100/100|[from] Baton Pass
|-damage|p1a: Metagross|88/100|[from] Spikes
|move|p2a: Celebi|Hidden Power|p1a: Metagross
|-supereffective|p1a: Metagross
|-end|p1a: Metagross|Substitute
|
|-heal|p1a: Metagross|94/100|[from] item: Leftovers
|upkeep
|turn|14
|inactive|gaboelpro777 has 270 seconds left.
|
|t:|1728858316
|switch|p2a: Blaziken|Blaziken, M|100/100
|move|p1a: Metagross|Hidden Power|p2a: Blaziken
|-resisted|p2a: Blaziken
|-damage|p2a: Blaziken|85/100
|
|-heal|p2a: Blaziken|91/100|[from] item: Leftovers
|-heal|p1a: Metagross|99/100|[from] item: Leftovers
|upkeep
|turn|15
|
|t:|1728858324
|switch|p1a: Suicune|Suicune, shiny|100/100
|-damage|p1a: Suicune|88/100|[from] Spikes
|move|p2a: Blaziken|Substitute|p2a: Blaziken
|-start|p2a: Blaziken|Substitute
|-damage|p2a: Blaziken|66/100
|
|-heal|p2a: Blaziken|72/100|[from] item: Leftovers
|-heal|p1a: Suicune|94/100|[from] item: Leftovers
|upkeep
|turn|16
|
|t:|1728858328
|-singleturn|p2a: Blaziken|move: Focus Punch
|move|p1a: Suicune|Surf|p2a: Blaziken
|-supereffective|p2a: Blaziken
|-end|p2a: Blaziken|Substitute
|move|p2a: Blaziken|Focus Punch|p1a: Suicune
|-damage|p1a: Suicune|57/100
|
|-heal|p2a: Blaziken|78/100|[from] item: Leftovers
|-heal|p1a: Suicune|63/100|[from] item: Leftovers
|upkeep
|turn|17
|
|t:|1728858352
|switch|p2a: Celebi|Celebi|100/100
|move|p1a: Suicune|Surf|p2a: Celebi
|-resisted|p2a: Celebi
|-damage|p2a: Celebi|89/100
|
|-heal|p2a: Celebi|95/100|[from] item: Leftovers
|-heal|p1a: Suicune|69/100|[from] item: Leftovers
|upkeep
|turn|18
|
|t:|1728858376
|switch|p1a: Celebi|Celebi|88/100
|-damage|p1a: Celebi|76/100|[from] Spikes
|move|p2a: Celebi|Hidden Power|p1a: Celebi
|-supereffective|p1a: Celebi
|-damage|p1a: Celebi|38/100
|
|-heal|p1a: Celebi|44/100|[from] item: Leftovers
|-heal|p2a: Celebi|100/100|[from] item: Leftovers
|upkeep
|turn|19
|
|t:|1728858386
|move|p1a: Celebi|Hidden Power|p2a: Celebi
|-supereffective|p2a: Celebi
|-damage|p2a: Celebi|70/100
|move|p2a: Celebi|Hidden Power|p1a: Celebi
|-supereffective|p1a: Celebi
|-damage|p1a: Celebi|5/100
|
|-heal|p1a: Celebi|11/100|[from] item: Leftovers
|-heal|p2a: Celebi|76/100|[from] item: Leftovers
|upkeep
|turn|20
|inactive|gaboelpro777 has 270 seconds left.
|
|t:|1728858406
|move|p1a: Celebi|Hidden Power|p2a: Celebi
|-supereffective|p2a: Celebi
|-crit|p2a: Celebi
|-damage|p2a: Celebi|18/100
|move|p2a: Celebi|Psychic|p1a: Celebi
|-resisted|p1a: Celebi
|-damage|p1a: Celebi|0 fnt
|faint|p1a: Celebi
|
|t:|1728858410
|switch|p1a: Dugtrio|Dugtrio, M|100/100
|-damage|p1a: Dugtrio|88/100|[from] Spikes
|
|-heal|p2a: Celebi|24/100|[from] item: Leftovers
|upkeep
|turn|21
|
|t:|1728858415
|move|p1a: Dugtrio|Hidden Power|p2a: Celebi
|-supereffective|p2a: Celebi
|-damage|p2a: Celebi|0 fnt
|faint|p2a: Celebi
|
|t:|1728858421
|switch|p2a: Gengar|Gengar, M|100/100
|
|upkeep
|turn|22
|
|t:|1728858437
|switch|p1a: Metagross|Metagross, shiny|99/100
|-damage|p1a: Metagross|88/100|[from] Spikes
|move|p2a: Gengar|Ice Punch|p1a: Metagross
|-resisted|p1a: Metagross
|-damage|p1a: Metagross|75/100
|
|-heal|p1a: Metagross|82/100|[from] item: Leftovers
|upkeep
|turn|23
|inactive|gaboelpro777 has 270 seconds left.
|
|t:|1728858461
|move|p2a: Gengar|Will-O-Wisp|p1a: Metagross
|-status|p1a: Metagross|brn
|move|p1a: Metagross|Psychic|p2a: Gengar
|-supereffective|p2a: Gengar
|-damage|p2a: Gengar|0 fnt
|faint|p2a: Gengar
|
|t:|1728858476
|switch|p2a: Blaziken|Blaziken, M|78/100
|
|-heal|p2a: Blaziken|84/100|[from] item: Leftovers
|-heal|p1a: Metagross|88/100 brn|[from] item: Leftovers
|-damage|p1a: Metagross|75/100 brn|[from] brn
|upkeep
|turn|24
|
|t:|1728858489
|switch|p1a: Zapdos|Zapdos|58/100
|move|p2a: Blaziken|Substitute|p2a: Blaziken
|-start|p2a: Blaziken|Substitute
|-damage|p2a: Blaziken|59/100
|
|-heal|p1a: Zapdos|64/100|[from] item: Leftovers
|-heal|p2a: Blaziken|65/100|[from] item: Leftovers
|upkeep
|turn|25
|
|t:|1728858496
|move|p1a: Zapdos|Thunderbolt|p2a: Blaziken
|-end|p2a: Blaziken|Substitute
|move|p2a: Blaziken|Overheat|p1a: Zapdos
|-damage|p1a: Zapdos|0 fnt
|-unboost|p2a: Blaziken|spa|2
|faint|p1a: Zapdos
|
|t:|1728858500
|switch|p1a: Dugtrio|Dugtrio, M|88/100
|-damage|p1a: Dugtrio|76/100|[from] Spikes
|
|-heal|p2a: Blaziken|71/100|[from] item: Leftovers
|upkeep
|turn|26
|inactive|gaboelpro777 has 270 seconds left.
|
|t:|1728858508
|move|p1a: Dugtrio|Earthquake|p2a: Blaziken
|-supereffective|p2a: Blaziken
|-damage|p2a: Blaziken|0 fnt
|faint|p2a: Blaziken
|inactive|gaboelpro777 has 270 seconds left.
|
|t:|1728858525
|switch|p2a: Aerodactyl|Aerodactyl, F|100/100
|
|upkeep
|turn|27
|
|t:|1728858540
|move|p2a: Aerodactyl|Rock Slide|p1a: Dugtrio
|-resisted|p1a: Dugtrio
|-damage|p1a: Dugtrio|6/100
|move|p1a: Dugtrio|Earthquake|p2a: Aerodactyl
|-immune|p2a: Aerodactyl
|
|upkeep
|turn|28
|
|t:|1728858548
|move|p2a: Aerodactyl|Rock Slide|p1a: Dugtrio
|-resisted|p1a: Dugtrio
|-damage|p1a: Dugtrio|0 fnt
|faint|p1a: Dugtrio
|
|t:|1728858561
|switch|p1a: Suicune|Suicune, shiny|69/100
|-damage|p1a: Suicune|57/100|[from] Spikes
|
|-heal|p1a: Suicune|63/100|[from] item: Leftovers
|upkeep
|turn|29
|inactive|gaboelpro777 has 270 seconds left.
|
|t:|1728858577
|switch|p2a: Flygon|Flygon, M|100/100
|move|p1a: Suicune|Surf|p2a: Flygon
|-damage|p2a: Flygon|59/100
|
|-heal|p2a: Flygon|65/100|[from] item: Leftovers
|-heal|p1a: Suicune|69/100|[from] item: Leftovers
|upkeep
|turn|30
|inactive|gaboelpro777 has 270 seconds left.
|
|t:|1728858593
|move|p2a: Flygon|Earthquake|p1a: Suicune
|-damage|p1a: Suicune|43/100
|move|p1a: Suicune|Calm Mind|p1a: Suicune
|-boost|p1a: Suicune|spa|1
|-boost|p1a: Suicune|spd|1
|
|-heal|p2a: Flygon|71/100|[from] item: Leftovers
|-heal|p1a: Suicune|49/100|[from] item: Leftovers
|upkeep
|turn|31
|
|t:|1728858606
|move|p2a: Flygon|Earthquake|p1a: Suicune
|-damage|p1a: Suicune|25/100
|move|p1a: Suicune|Rest|p1a: Suicune
|-status|p1a: Suicune|slp|[from] move: Rest
|-heal|p1a: Suicune|100/100 slp|[silent]
|
|-heal|p2a: Flygon|77/100|[from] item: Leftovers
|upkeep
|turn|32
|inactive|gaboelpro777 has 270 seconds left.
|
|t:|1728858619
|switch|p2a: Aerodactyl|Aerodactyl, F|100/100
|cant|p1a: Suicune|slp
|move|p1a: Suicune|Sleep Talk|p1a: Suicune
|move|p1a: Suicune|Calm Mind|p1a: Suicune|[from]Sleep Talk
|-boost|p1a: Suicune|spa|1
|-boost|p1a: Suicune|spd|1
|
|upkeep
|turn|33
|
|t:|1728858624
|move|p2a: Aerodactyl|Rock Slide|p1a: Suicune
|-damage|p1a: Suicune|70/100 slp
|cant|p1a: Suicune|slp
|move|p1a: Suicune|Sleep Talk|p1a: Suicune
|move|p1a: Suicune|Rest|p1a: Suicune|[from]Sleep Talk
|
|-heal|p1a: Suicune|76/100 slp|[from] item: Leftovers
|upkeep
|turn|34
|
|t:|1728858631
|move|p2a: Aerodactyl|Rock Slide|p1a: Suicune|[miss]
|-miss|p2a: Aerodactyl|p1a: Suicune
|-curestatus|p1a: Suicune|slp|[msg]
|move|p1a: Suicune|Surf|p2a: Aerodactyl
|-supereffective|p2a: Aerodactyl
|-damage|p2a: Aerodactyl|0 fnt
|faint|p2a: Aerodactyl
|
|t:|1728858637
|switch|p2a: Flygon|Flygon, M|77/100
|
|-heal|p2a: Flygon|83/100|[from] item: Leftovers
|-heal|p1a: Suicune|83/100|[from] item: Leftovers
|upkeep
|turn|35
|
|t:|1728858639
|move|p2a: Flygon|Earthquake|p1a: Suicune
|-damage|p1a: Suicune|58/100
|move|p1a: Suicune|Surf|p2a: Flygon
|-damage|p2a: Flygon|3/100
|
|-heal|p2a: Flygon|9/100|[from] item: Leftovers
|-heal|p1a: Suicune|64/100|[from] item: Leftovers
|upkeep
|turn|36
|
|t:|1728858642
|move|p2a: Flygon|Earthquake|p1a: Suicune
|-damage|p1a: Suicune|40/100
|move|p1a: Suicune|Surf|p2a: Flygon
|-damage|p2a: Flygon|0 fnt
|faint|p2a: Flygon
|
|win|Kvist
|c|☆Kvist|gg
|c|☆gaboelpro777|gg
|c|☆gaboelpro777|the instant i loaded up superman into special offense i knew it was over unfortunately

</script>
<script type="application/json" class="data" id="replaydata-smogtours-gen3ou-798476">
{"id":"smogtours-gen3ou-798476","format":"[Gen 3] OU","players":["Kvist","gaboelpro777"],"uploadtime":1728858642,"views":66,"formatid":"gen3ou","rating":null,"private":0,"password":null}
</script>

<script defer src="js/replays.js?9d40a366"></script>
