<!DOCTYPE html>
<meta charset="utf-8" />
<meta name="viewport" content="width=device-width" />

<title>[Gen 3] OU: themessiah1 vs. Sepulo - Replays - Pok&eacute;mon Showdown!</title>

<meta name="description" content="Watch a replay of a Pok&eacute;mon battle between themessiah1 and Sepulo! Format: [Gen 3] OU; Date: Nov 2, 2024" />
<!--

Hey, you! Looking in the source for the replay log?

You can find them in JSON format, just add `.json` at the end of a replay URL.

https://replay.pokemonshowdown.com/gen7randomdoublesbattle-865046831.json

Or, if you only need the log itself, add `.log` instead:

https://replay.pokemonshowdown.com/gen7randomdoublesbattle-865046831.log

-->

<link rel="stylesheet" href="//pokemonshowdown.com/style/global.css?0.023195364461161105" />
<link rel="stylesheet" href="//play.pokemonshowdown.com/style/font-awesome.css?0.13261647063804238" />
<link rel="stylesheet" href="//play.pokemonshowdown.com/style/battle.css?0.8753245789963631" />
<link rel="stylesheet" href="//play.pokemonshowdown.com/style/utilichart.css?0.8627959624976733" />

<!-- Global site tag (gtag.js) - Google Analytics -->
<script async src="https://www.googletagmanager.com/gtag/js?id=UA-26211653-1"></script>
<script>
  window.dataLayer = window.dataLayer || [];
  function gtag(){dataLayer.push(arguments);}
  gtag('js', new Date());

  gtag('config', 'UA-26211653-1');
</script>
<!-- End Google Analytics -->
<!-- Venatus Ad Manager - Install in <HEAD> of page -->
	<script src="https://hb.vntsm.com/v3/live/ad-manager.min.js" type="text/javascript" data-site-id="642aba63ec9a7b11c3c9c1be" data-mode="scan" async></script>
<!-- / Venatus Ad Manager -->

<style>
	@media (max-width:820px) {
		.battle {
			margin: 0 auto;
		}
		.battle-log {
			margin: 7px auto 0;
			max-width: 640px;
			height: 300px;
			position: static;
		}
	}
	.optgroup {
		display: inline-block;
		line-height: 22px;
		font-size: 10pt;
	}
	.optgroup .button {
		height: 25px;
		padding-top: 0;
		padding-bottom: 0;
	}
	.optgroup button.button {
		padding-left: 12px;
		padding-right: 12px;
	}
	.linklist {
		list-style: none;
		margin: 0.5em 0;
		padding: 0;
	}
	.linklist li {
		padding: 2px 0;
	}
	.sidebar {
		float: left;
		width: 320px;
	}
	.bar-wrapper {
		max-width: 1100px;
		margin: 0 auto;
	}
	.bar-wrapper.has-sidebar {
		max-width: 1430px;
	}
	.mainbar {
		margin: 0;
		padding-right: 1px;
	}
	.mainbar.has-sidebar {
		margin-left: 330px;
	}
	@media (min-width: 1511px) {
		.sidebar {
			width: 400px;
		}
		.bar-wrapper.has-sidebar {
			max-width: 1510px;
		}
		.mainbar.has-sidebar {
			margin-left: 410px;
		}
	}
	.section.first-section {
		margin-top: 9px;
	}
	.blocklink small {
		white-space: normal;
	}
	.button {
		vertical-align: middle;
	}
	.replay-controls {
		padding-top: 10px;
	}
	.replay-controls h1 {
		font-size: 16pt;
		font-weight: normal;
		color: #CCC;
	}
	.pagelink {
		text-align: center;
	}
	.pagelink a {
		width: 150px;
	}
	.textbox, .button {
		font-size: 11pt;
		vertical-align: middle;
	}
	@media (max-width: 450px) {
		.button {
			font-size: 9pt;
		}
	}
</style>

<div>

	<header>
		<div class="nav-wrapper"><ul class="nav">
			<li><a class="button nav-first" href="//pokemonshowdown.com/"><img src="//pokemonshowdown.com/images/pokemonshowdownbeta.png" srcset="//pokemonshowdown.com/images/pokemonshowdownbeta.png 1x, //pokemonshowdown.com/images/pokemonshowdownbeta@2x.png 2x" alt="Pok&eacute;mon Showdown" width="146" height="44" /> Home</a></li>
			<li><a class="button" href="//pokemonshowdown.com/dex/">Pok&eacute;dex</a></li>
			<li><a class="button cur" href="/">Replays</a></li>
			<li><a class="button" href="//pokemonshowdown.com/ladder/">Ladder</a></li>
			<li><a class="button nav-last" href="//pokemonshowdown.com/forums/">Forum</a></li>
			<li><a class="button greenbutton nav-first nav-last" href="//play.pokemonshowdown.com/">Play</a></li>
		</ul></div>
	</header>

	<div class="main" id="main">

		<noscript><section class="section">You need to enable JavaScript to use this page; sorry!</section></noscript>

	</div>

</div>

<script defer nomodule src="//play.pokemonshowdown.com/js/lib/ps-polyfill.js"></script>
<script defer src="//play.pokemonshowdown.com/js/lib/preact.min.js"></script>

<script defer src="//play.pokemonshowdown.com/config/config.js?2bddbc15"></script>
<script defer src="//play.pokemonshowdown.com/js/lib/jquery-1.11.0.min.js"></script>
<script defer src="//play.pokemonshowdown.com/js/lib/html-sanitizer-minified.js"></script>
<script defer src="//play.pokemonshowdown.com/js/battle-sound.js"></script>
<script defer src="//play.pokemonshowdown.com/js/battledata.js?0.7209276989879541"></script>
<script defer src="//play.pokemonshowdown.com/data/pokedex-mini.js?0.6111056340867951"></script>
<script defer src="//play.pokemonshowdown.com/data/pokedex-mini-bw.js?0.3532142036491459"></script>
<script defer src="//play.pokemonshowdown.com/data/graphics.js?0.24223875632456182"></script>
<script defer src="//play.pokemonshowdown.com/data/pokedex.js?0.38839984266356864"></script>
<script defer src="//play.pokemonshowdown.com/data/moves.js?0.21866028504024015"></script>
<script defer src="//play.pokemonshowdown.com/data/abilities.js?0.2005157953846628"></script>
<script defer src="//play.pokemonshowdown.com/data/items.js?0.9894211263848525"></script>
<script defer src="//play.pokemonshowdown.com/data/teambuilder-tables.js?0.6008791140282215"></script>
<script defer src="//play.pokemonshowdown.com/js/battle-tooltips.js?0.7580118955022959"></script>
<script defer src="//play.pokemonshowdown.com/js/battle.js?0.6057722274234274"></script>

<script defer src="js/utils.js?e31f9a17"></script>
<script defer src="js/replays-battle.js?7008c182"></script>

<!-- don't scrape this data! just add .json or .log after the URL!
Full API docs: https://github.com/smogon/pokemon-showdown-client/blob/master/WEB-API.md -->
<script type="text/plain" class="log" id="replaylog-smogtours-gen3ou-804063">
|inactive|Battle timer is ON: inactive players will automatically lose when time's up.
|t:|1730574189
|gametype|singles
|player|p1|themessiah1|101|
|player|p2|Sepulo|pokemonbreeder|
|teamsize|p1|6
|teamsize|p2|6
|gen|3
|tier|[Gen 3] OU
|rule|Sleep Clause Mod: Limit one foe put to sleep
|rule|Switch Priority Clause Mod: Faster Pokémon switch first
|rule|Species Clause: Limit one of each Pokémon
|rule|OHKO Clause: OHKO moves are banned
|rule|Evasion Items Clause: Evasion items are banned
|rule|Evasion Moves Clause: Evasion moves are banned
|rule|Endless Battle Clause: Forcing endless battles is banned
|rule|HP Percentage Mod: HP is shown in percentages
|rule|One Boost Passer Clause: Limit one Baton Passer that has a way to boost its stats
|rule|Freeze Clause Mod: Limit one foe frozen
|
|t:|1730574189
|start
|switch|p1a: Tyranitar|Tyranitar, M|100/100
|switch|p2a: Cloyster|Cloyster, F|100/100
|-weather|Sandstorm|[from] ability: Sand Stream|[of] p1a: Tyranitar
|turn|1
|
|t:|1730574202
|move|p2a: Cloyster|Surf|p1a: Tyranitar
|-supereffective|p1a: Tyranitar
|-damage|p1a: Tyranitar|48/100
|move|p1a: Tyranitar|Dragon Dance|p1a: Tyranitar
|-boost|p1a: Tyranitar|atk|1
|-boost|p1a: Tyranitar|spe|1
|
|-weather|Sandstorm|[upkeep]
|-damage|p2a: Cloyster|95/100|[from] Sandstorm
|-heal|p1a: Tyranitar|54/100|[from] item: Leftovers
|-heal|p2a: Cloyster|100/100|[from] item: Leftovers
|upkeep
|turn|2
|
|t:|1730574230
|switch|p2a: Swampert|Swampert, M|100/100
|move|p1a: Tyranitar|Dragon Dance|p1a: Tyranitar
|-boost|p1a: Tyranitar|atk|1
|-boost|p1a: Tyranitar|spe|1
|
|-weather|Sandstorm|[upkeep]
|-heal|p1a: Tyranitar|60/100|[from] item: Leftovers
|upkeep
|turn|3
|inactive|themessiah1 has 270 seconds left.
|
|t:|1730574247
|move|p1a: Tyranitar|Double-Edge|p2a: Swampert
|-damage|p2a: Swampert|26/100
|-damage|p1a: Tyranitar|34/100|[from] Recoil|[of] p2a: Swampert
|move|p2a: Swampert|Earthquake|p1a: Tyranitar
|-supereffective|p1a: Tyranitar
|-damage|p1a: Tyranitar|0 fnt
|faint|p1a: Tyranitar
|inactive|themessiah1 has 270 seconds left.
|
|t:|1730574273
|switch|p1a: Gengar|Gengar, M|100/100
|
|-weather|Sandstorm|[upkeep]
|-damage|p1a: Gengar|95/100|[from] Sandstorm
|-heal|p1a: Gengar|100/100|[from] item: Leftovers
|-heal|p2a: Swampert|32/100|[from] item: Leftovers
|upkeep
|turn|4
|
|t:|1730574286
|switch|p2a: Gengar|Gengar, F|100/100
|move|p1a: Gengar|Giga Drain|p2a: Gengar
|-resisted|p2a: Gengar
|-damage|p2a: Gengar|91/100
|
|-weather|Sandstorm|[upkeep]
|-damage|p1a: Gengar|95/100|[from] Sandstorm
|-damage|p2a: Gengar|84/100|[from] Sandstorm
|-heal|p1a: Gengar|100/100|[from] item: Leftovers
|-heal|p2a: Gengar|91/100|[from] item: Leftovers
|upkeep
|turn|5
|
|t:|1730574310
|switch|p2a: Tyranitar|Tyranitar, M|100/100
|move|p1a: Gengar|Will-O-Wisp|p2a: Tyranitar
|-status|p2a: Tyranitar|brn
|
|-weather|Sandstorm|[upkeep]
|-damage|p1a: Gengar|95/100|[from] Sandstorm
|-heal|p1a: Gengar|100/100|[from] item: Leftovers
|-damage|p2a: Tyranitar|88/100 brn|[from] brn
|upkeep
|turn|6
|
|t:|1730574322
|move|p1a: Gengar|Giga Drain|p2a: Tyranitar
|-supereffective|p2a: Tyranitar
|-damage|p2a: Tyranitar|54/100 brn
|move|p2a: Tyranitar|Pursuit|p1a: Gengar
|-supereffective|p1a: Gengar
|-damage|p1a: Gengar|60/100
|
|-weather|Sandstorm|[upkeep]
|-damage|p1a: Gengar|54/100|[from] Sandstorm
|-heal|p1a: Gengar|60/100|[from] item: Leftovers
|-heal|p2a: Tyranitar|60/100 brn|[from] item: Leftovers
|-damage|p2a: Tyranitar|47/100 brn|[from] brn
|upkeep
|turn|7
|
|t:|1730574325
|move|p1a: Gengar|Giga Drain|p2a: Tyranitar
|-supereffective|p2a: Tyranitar
|-damage|p2a: Tyranitar|12/100 brn
|-heal|p1a: Gengar|84/100|[from] drain|[of] p2a: Tyranitar
|move|p2a: Tyranitar|Crunch|p1a: Gengar
|-supereffective|p1a: Gengar
|-damage|p1a: Gengar|5/100
|
|-weather|Sandstorm|[upkeep]
|-damage|p1a: Gengar|0 fnt|[from] Sandstorm
|faint|p1a: Gengar
|-heal|p2a: Tyranitar|18/100 brn|[from] item: Leftovers
|-damage|p2a: Tyranitar|6/100 brn|[from] brn
|upkeep
|
|t:|1730574333
|switch|p1a: Zapdos|Zapdos|100/100
|turn|8
|
|t:|1730574336
|move|p1a: Zapdos|Thunder Wave||[still]
|-fail|p1a: Zapdos
|move|p2a: Tyranitar|Crunch|p1a: Zapdos
|-damage|p1a: Zapdos|65/100
|
|-weather|Sandstorm|[upkeep]
|-damage|p1a: Zapdos|59/100|[from] Sandstorm
|-heal|p1a: Zapdos|65/100|[from] item: Leftovers
|-heal|p2a: Tyranitar|12/100 brn|[from] item: Leftovers
|-damage|p2a: Tyranitar|0 fnt|[from] brn
|faint|p2a: Tyranitar
|upkeep
|
|t:|1730574348
|switch|p2a: Jolteon|Jolteon, M|100/100
|turn|9
|inactive|themessiah1 has 270 seconds left.
|inactive|themessiah1 has 240 seconds left.
|
|t:|1730574396
|move|p2a: Jolteon|Baton Pass|p2a: Jolteon
|
|t:|1730574397
|switch|p2a: Swampert|Swampert, M|32/100|[from] Baton Pass
|move|p1a: Zapdos|Thunder Wave|p2a: Swampert
|-immune|p2a: Swampert
|
|-weather|Sandstorm|[upkeep]
|-damage|p1a: Zapdos|59/100|[from] Sandstorm
|-heal|p1a: Zapdos|65/100|[from] item: Leftovers
|-heal|p2a: Swampert|39/100|[from] item: Leftovers
|upkeep
|turn|10
|
|t:|1730574408
|switch|p1a: Starmie|Starmie|100/100
|switch|p2a: Gengar|Gengar, F|91/100
|
|-weather|Sandstorm|[upkeep]
|-damage|p1a: Starmie|94/100|[from] Sandstorm
|-damage|p2a: Gengar|84/100|[from] Sandstorm
|-heal|p1a: Starmie|100/100|[from] item: Leftovers
|-heal|p2a: Gengar|91/100|[from] item: Leftovers
|upkeep
|turn|11
|
|t:|1730574417
|move|p1a: Starmie|Psychic|p2a: Gengar
|-supereffective|p2a: Gengar
|-damage|p2a: Gengar|2/100
|move|p2a: Gengar|Explosion|p1a: Starmie
|-damage|p1a: Starmie|0 fnt
|faint|p2a: Gengar
|faint|p1a: Starmie
|
|t:|1730574433
|switch|p1a: Swampert|Swampert, F|100/100
|switch|p2a: Swampert|Swampert, M|39/100
|
|-weather|Sandstorm|[upkeep]
|-heal|p2a: Swampert|45/100|[from] item: Leftovers
|upkeep
|turn|12
|
|t:|1730574437
|switch|p1a: Skarmory|Skarmory, F|100/100
|move|p2a: Swampert|Hydro Pump|p1a: Skarmory|[miss]
|-miss|p2a: Swampert|p1a: Skarmory
|
|-weather|Sandstorm|[upkeep]
|-heal|p2a: Swampert|51/100|[from] item: Leftovers
|upkeep
|turn|13
|
|t:|1730574462
|switch|p2a: Cloyster|Cloyster, F|100/100
|move|p1a: Skarmory|Spikes|p2a: Cloyster
|-sidestart|p2: Sepulo|Spikes
|
|-weather|Sandstorm|[upkeep]
|-damage|p2a: Cloyster|95/100|[from] Sandstorm
|-heal|p2a: Cloyster|100/100|[from] item: Leftovers
|upkeep
|turn|14
|
|t:|1730574479
|switch|p1a: Zapdos|Zapdos|65/100
|move|p2a: Cloyster|Surf|p1a: Zapdos
|-damage|p1a: Zapdos|39/100
|
|-weather|Sandstorm|[upkeep]
|-damage|p1a: Zapdos|33/100|[from] Sandstorm
|-damage|p2a: Cloyster|95/100|[from] Sandstorm
|-heal|p1a: Zapdos|39/100|[from] item: Leftovers
|-heal|p2a: Cloyster|100/100|[from] item: Leftovers
|upkeep
|turn|15
|inactive|Sepulo has 270 seconds left.
|inactive|themessiah1 has 240 seconds left.
|inactive|Sepulo has 240 seconds left.
|
|t:|1730574549
|switch|p2a: Swampert|Swampert, M|51/100
|-damage|p2a: Swampert|39/100|[from] Spikes
|move|p1a: Zapdos|Toxic|p2a: Swampert|[miss]
|-miss|p1a: Zapdos|p2a: Swampert
|
|-weather|Sandstorm|[upkeep]
|-damage|p1a: Zapdos|33/100|[from] Sandstorm
|-heal|p1a: Zapdos|39/100|[from] item: Leftovers
|-heal|p2a: Swampert|45/100|[from] item: Leftovers
|upkeep
|turn|16
|inactive|themessiah1 has 240 seconds left.
|
|t:|1730574556
|switch|p1a: Skarmory|Skarmory, F|100/100
|move|p2a: Swampert|Hydro Pump|p1a: Skarmory
|-damage|p1a: Skarmory|59/100
|
|-weather|Sandstorm|[upkeep]
|-heal|p1a: Skarmory|65/100|[from] item: Leftovers
|-heal|p2a: Swampert|51/100|[from] item: Leftovers
|upkeep
|turn|17
|inactive|themessiah1 has 240 seconds left.
|
|t:|1730574576
|move|p2a: Swampert|Hydro Pump|p1a: Skarmory|[miss]
|-miss|p2a: Swampert|p1a: Skarmory
|move|p1a: Skarmory|Roar|p2a: Swampert
|drag|p2a: Cloyster|Cloyster, F|100/100
|-damage|p2a: Cloyster|88/100|[from] Spikes
|
|-weather|Sandstorm|[upkeep]
|-damage|p2a: Cloyster|82/100|[from] Sandstorm
|-heal|p2a: Cloyster|88/100|[from] item: Leftovers
|-heal|p1a: Skarmory|71/100|[from] item: Leftovers
|upkeep
|turn|18
|
|t:|1730574584
|move|p2a: Cloyster|Spikes|p1a: Skarmory
|-sidestart|p1: themessiah1|Spikes
|move|p1a: Skarmory|Roar|p2a: Cloyster
|drag|p2a: Jolteon|Jolteon, M|100/100
|-damage|p2a: Jolteon|88/100|[from] Spikes
|
|-weather|Sandstorm|[upkeep]
|-damage|p2a: Jolteon|82/100|[from] Sandstorm
|-heal|p2a: Jolteon|88/100|[from] item: Leftovers
|-heal|p1a: Skarmory|77/100|[from] item: Leftovers
|upkeep
|turn|19
|
|t:|1730574598
|move|p2a: Jolteon|Thunderbolt|p1a: Skarmory
|-supereffective|p1a: Skarmory
|-damage|p1a: Skarmory|0 fnt
|faint|p1a: Skarmory
|
|t:|1730574599
|switch|p1a: Swampert|Swampert, F|100/100
|-damage|p1a: Swampert|88/100|[from] Spikes
|
|-weather|Sandstorm|[upkeep]
|-damage|p2a: Jolteon|82/100|[from] Sandstorm
|-heal|p2a: Jolteon|88/100|[from] item: Leftovers
|-heal|p1a: Swampert|94/100|[from] item: Leftovers
|upkeep
|turn|20
|
|t:|1730574604
|switch|p2a: Cloyster|Cloyster, F|88/100
|-damage|p2a: Cloyster|76/100|[from] Spikes
|move|p1a: Swampert|Earthquake|p2a: Cloyster
|-damage|p2a: Cloyster|50/100
|
|-weather|Sandstorm|[upkeep]
|-damage|p2a: Cloyster|44/100|[from] Sandstorm
|-heal|p2a: Cloyster|50/100|[from] item: Leftovers
|-heal|p1a: Swampert|100/100|[from] item: Leftovers
|upkeep
|turn|21
|
|t:|1730574609
|switch|p1a: Zapdos|Zapdos|39/100
|move|p2a: Cloyster|Surf|p1a: Zapdos
|-damage|p1a: Zapdos|12/100
|
|-weather|Sandstorm|[upkeep]
|-damage|p1a: Zapdos|6/100|[from] Sandstorm
|-damage|p2a: Cloyster|44/100|[from] Sandstorm
|-heal|p1a: Zapdos|12/100|[from] item: Leftovers
|-heal|p2a: Cloyster|50/100|[from] item: Leftovers
|upkeep
|turn|22
|inactive|Sepulo has 240 seconds left.
|
|t:|1730574629
|switch|p2a: Jolteon|Jolteon, M|88/100
|-damage|p2a: Jolteon|76/100|[from] Spikes
|move|p1a: Zapdos|Thunderbolt|p2a: Jolteon
|-heal|p2a: Jolteon|100/100|[from] ability: Volt Absorb|[of] p1a: Zapdos
|
|-weather|Sandstorm|[upkeep]
|-damage|p2a: Jolteon|95/100|[from] Sandstorm
|-damage|p1a: Zapdos|6/100|[from] Sandstorm
|-heal|p2a: Jolteon|100/100|[from] item: Leftovers
|-heal|p1a: Zapdos|12/100|[from] item: Leftovers
|upkeep
|turn|23
|inactive|Sepulo has 240 seconds left.
|
|t:|1730574636
|switch|p1a: Swampert|Swampert, F|100/100
|-damage|p1a: Swampert|88/100|[from] Spikes
|move|p2a: Jolteon|Hidden Power|p1a: Swampert
|-damage|p1a: Swampert|68/100
|
|-weather|Sandstorm|[upkeep]
|-damage|p2a: Jolteon|95/100|[from] Sandstorm
|-heal|p2a: Jolteon|100/100|[from] item: Leftovers
|-heal|p1a: Swampert|74/100|[from] item: Leftovers
|upkeep
|turn|24
|inactive|Sepulo has 240 seconds left.
|
|t:|1730574647
|-singleturn|p1a: Swampert|move: Focus Punch
|switch|p2a: Swampert|Swampert, M|51/100
|-damage|p2a: Swampert|39/100|[from] Spikes
|move|p1a: Swampert|Focus Punch|p2a: Swampert
|-damage|p2a: Swampert|4/100
|
|-weather|Sandstorm|[upkeep]
|-heal|p2a: Swampert|10/100|[from] item: Leftovers
|-heal|p1a: Swampert|80/100|[from] item: Leftovers
|upkeep
|turn|25
|
|t:|1730574652
|move|p2a: Swampert|Hydro Pump|p1a: Swampert
|-damage|p1a: Swampert|25/100
|move|p1a: Swampert|Ice Beam|p2a: Swampert
|-damage|p2a: Swampert|0 fnt
|faint|p2a: Swampert
|
|t:|1730574656
|switch|p2a: Salamence|Salamence, M|100/100
|-ability|p2a: Salamence|Intimidate|boost
|-unboost|p1a: Swampert|atk|1
|
|-weather|Sandstorm|[upkeep]
|-damage|p2a: Salamence|94/100|[from] Sandstorm
|-heal|p2a: Salamence|100/100|[from] item: Leftovers
|-heal|p1a: Swampert|31/100|[from] item: Leftovers
|upkeep
|turn|26
|
|t:|1730574659
|move|p2a: Salamence|Hidden Power|p1a: Swampert
|-supereffective|p1a: Swampert
|-damage|p1a: Swampert|0 fnt
|faint|p1a: Swampert
|
|t:|1730574660
|switch|p1a: Zapdos|Zapdos|12/100
|
|-weather|Sandstorm|[upkeep]
|-damage|p2a: Salamence|94/100|[from] Sandstorm
|-damage|p1a: Zapdos|6/100|[from] Sandstorm
|-heal|p2a: Salamence|100/100|[from] item: Leftovers
|-heal|p1a: Zapdos|12/100|[from] item: Leftovers
|upkeep
|turn|27
|c|☆Sepulo|gg
|
|t:|1730574664
|move|p2a: Salamence|Dragon Claw|p1a: Zapdos
|-damage|p1a: Zapdos|0 fnt
|faint|p1a: Zapdos
|
|win|Sepulo
|c|☆themessiah1|2 ancient power rises gg
|player|p1|

</script>
<script type="application/json" class="data" id="replaydata-smogtours-gen3ou-804063">
{"id":"smogtours-gen3ou-804063","format":"[Gen 3] OU","players":["themessiah1","Sepulo"],"uploadtime":1730574664,"views":66,"formatid":"gen3ou","rating":null,"private":0,"password":null}
</script>

<script defer src="js/replays.js?9d40a366"></script>
