<!DOCTYPE html>
<meta charset="utf-8" />
<meta name="viewport" content="width=device-width" />

<title>[Gen 3] OU: Elian vs. scootymcbooty123 - Replays - Pok&eacute;mon Showdown!</title>

<meta name="description" content="Watch a replay of a Pok&eacute;mon battle between Elian and scootymcbooty123! Format: [Gen 3] OU; Date: Nov 14, 2024" />
<!--

Hey, you! Looking in the source for the replay log?

You can find them in JSON format, just add `.json` at the end of a replay URL.

https://replay.pokemonshowdown.com/gen7randomdoublesbattle-865046831.json

Or, if you only need the log itself, add `.log` instead:

https://replay.pokemonshowdown.com/gen7randomdoublesbattle-865046831.log

-->

<link rel="stylesheet" href="//pokemonshowdown.com/style/global.css?0.767286132409787" />
<link rel="stylesheet" href="//play.pokemonshowdown.com/style/font-awesome.css?0.9266228007934947" />
<link rel="stylesheet" href="//play.pokemonshowdown.com/style/battle.css?0.7924700842790926" />
<link rel="stylesheet" href="//play.pokemonshowdown.com/style/utilichart.css?0.8777417872839479" />

<!-- Global site tag (gtag.js) - Google Analytics -->
<script async src="https://www.googletagmanager.com/gtag/js?id=UA-26211653-1"></script>
<script>
  window.dataLayer = window.dataLayer || [];
  function gtag(){dataLayer.push(arguments);}
  gtag('js', new Date());

  gtag('config', 'UA-26211653-1');
</script>
<!-- End Google Analytics -->
<!-- Venatus Ad Manager - Install in <HEAD> of page -->
	<script src="https://hb.vntsm.com/v3/live/ad-manager.min.js" type="text/javascript" data-site-id="642aba63ec9a7b11c3c9c1be" data-mode="scan" async></script>
<!-- / Venatus Ad Manager -->

<style>
	@media (max-width:820px) {
		.battle {
			margin: 0 auto;
		}
		.battle-log {
			margin: 7px auto 0;
			max-width: 640px;
			height: 300px;
			position: static;
		}
	}
	.optgroup {
		display: inline-block;
		line-height: 22px;
		font-size: 10pt;
	}
	.optgroup .button {
		height: 25px;
		padding-top: 0;
		padding-bottom: 0;
	}
	.optgroup button.button {
		padding-left: 12px;
		padding-right: 12px;
	}
	.linklist {
		list-style: none;
		margin: 0.5em 0;
		padding: 0;
	}
	.linklist li {
		padding: 2px 0;
	}
	.sidebar {
		float: left;
		width: 320px;
	}
	.bar-wrapper {
		max-width: 1100px;
		margin: 0 auto;
	}
	.bar-wrapper.has-sidebar {
		max-width: 1430px;
	}
	.mainbar {
		margin: 0;
		padding-right: 1px;
	}
	.mainbar.has-sidebar {
		margin-left: 330px;
	}
	@media (min-width: 1511px) {
		.sidebar {
			width: 400px;
		}
		.bar-wrapper.has-sidebar {
			max-width: 1510px;
		}
		.mainbar.has-sidebar {
			margin-left: 410px;
		}
	}
	.section.first-section {
		margin-top: 9px;
	}
	.blocklink small {
		white-space: normal;
	}
	.button {
		vertical-align: middle;
	}
	.replay-controls {
		padding-top: 10px;
	}
	.replay-controls h1 {
		font-size: 16pt;
		font-weight: normal;
		color: #CCC;
	}
	.pagelink {
		text-align: center;
	}
	.pagelink a {
		width: 150px;
	}
	.textbox, .button {
		font-size: 11pt;
		vertical-align: middle;
	}
	@media (max-width: 450px) {
		.button {
			font-size: 9pt;
		}
	}
</style>

<div>

	<header>
		<div class="nav-wrapper"><ul class="nav">
			<li><a class="button nav-first" href="//pokemonshowdown.com/"><img src="//pokemonshowdown.com/images/pokemonshowdownbeta.png" srcset="//pokemonshowdown.com/images/pokemonshowdownbeta.png 1x, //pokemonshowdown.com/images/pokemonshowdownbeta@2x.png 2x" alt="Pok&eacute;mon Showdown" width="146" height="44" /> Home</a></li>
			<li><a class="button" href="//pokemonshowdown.com/dex/">Pok&eacute;dex</a></li>
			<li><a class="button cur" href="/">Replays</a></li>
			<li><a class="button" href="//pokemonshowdown.com/ladder/">Ladder</a></li>
			<li><a class="button nav-last" href="//pokemonshowdown.com/forums/">Forum</a></li>
			<li><a class="button greenbutton nav-first nav-last" href="//play.pokemonshowdown.com/">Play</a></li>
		</ul></div>
	</header>

	<div class="main" id="main">

		<noscript><section class="section">You need to enable JavaScript to use this page; sorry!</section></noscript>

	</div>

</div>

<script defer nomodule src="//play.pokemonshowdown.com/js/lib/ps-polyfill.js"></script>
<script defer src="//play.pokemonshowdown.com/js/lib/preact.min.js"></script>

<script defer src="//play.pokemonshowdown.com/config/config.js?6dec07f6"></script>
<script defer src="//play.pokemonshowdown.com/js/lib/jquery-1.11.0.min.js"></script>
<script defer src="//play.pokemonshowdown.com/js/lib/html-sanitizer-minified.js"></script>
<script defer src="//play.pokemonshowdown.com/js/battle-sound.js"></script>
<script defer src="//play.pokemonshowdown.com/js/battledata.js?0.6315294753075389"></script>
<script defer src="//play.pokemonshowdown.com/data/pokedex-mini.js?0.7603743185311358"></script>
<script defer src="//play.pokemonshowdown.com/data/pokedex-mini-bw.js?0.030888842834281283"></script>
<script defer src="//play.pokemonshowdown.com/data/graphics.js?0.05593094747507488"></script>
<script defer src="//play.pokemonshowdown.com/data/pokedex.js?0.47064822249611904"></script>
<script defer src="//play.pokemonshowdown.com/data/moves.js?0.8583693120512459"></script>
<script defer src="//play.pokemonshowdown.com/data/abilities.js?0.16017181182386842"></script>
<script defer src="//play.pokemonshowdown.com/data/items.js?0.4163379185673943"></script>
<script defer src="//play.pokemonshowdown.com/data/teambuilder-tables.js?0.31075597372830477"></script>
<script defer src="//play.pokemonshowdown.com/js/battle-tooltips.js?0.6536193500708172"></script>
<script defer src="//play.pokemonshowdown.com/js/battle.js?0.1916591943277901"></script>

<script defer src="js/utils.js?e31f9a17"></script>
<script defer src="js/replays-battle.js?7008c182"></script>

<!-- don't scrape this data! just add .json or .log after the URL!
Full API docs: https://github.com/smogon/pokemon-showdown-client/blob/master/WEB-API.md -->
<script type="text/plain" class="log" id="replaylog-smogtours-gen3ou-806301">
|inactive|Battle timer is ON: inactive players will automatically lose when time's up.
|t:|1731626166
|gametype|singles
|player|p1|Elian|erika-gen2|
|player|p2|scootymcbooty123|dancer|
|teamsize|p1|6
|teamsize|p2|6
|gen|3
|tier|[Gen 3] OU
|rule|Sleep Clause Mod: Limit one foe put to sleep
|rule|Switch Priority Clause Mod: Faster Pokémon switch first
|rule|Species Clause: Limit one of each Pokémon
|rule|OHKO Clause: OHKO moves are banned
|rule|Evasion Items Clause: Evasion items are banned
|rule|Evasion Moves Clause: Evasion moves are banned
|rule|Endless Battle Clause: Forcing endless battles is banned
|rule|HP Percentage Mod: HP is shown in percentages
|rule|One Boost Passer Clause: Limit one Baton Passer that has a way to boost its stats
|rule|Freeze Clause Mod: Limit one foe frozen
|
|t:|1731626166
|start
|switch|p1a: Havertz|Tyranitar, F|100/100
|switch|p2a: Forretress|Forretress, M|100/100
|-weather|Sandstorm|[from] ability: Sand Stream|[of] p1a: Havertz
|turn|1
|c|☆Elian|hf
|c|☆scootymcbooty123|u2
|
|t:|1731626186
|move|p1a: Havertz|Taunt|p2a: Forretress
|-start|p2a: Forretress|move: Taunt
|move|p2a: Forretress|Hidden Power|p1a: Havertz
|-supereffective|p1a: Havertz
|-damage|p1a: Havertz|65/100
|
|-weather|Sandstorm|[upkeep]
|-heal|p1a: Havertz|71/100|[from] item: Leftovers
|upkeep
|turn|2
|
|t:|1731626213
|switch|p1a: Zinchenko|Salamence, M|100/100
|-ability|p1a: Zinchenko|Intimidate|boost
|-unboost|p2a: Forretress|atk|1
|move|p2a: Forretress|Zap Cannon|p1a: Zinchenko|[miss]
|-miss|p2a: Forretress|p1a: Zinchenko
|
|-weather|Sandstorm|[upkeep]
|-damage|p1a: Zinchenko|94/100|[from] Sandstorm
|-heal|p1a: Zinchenko|100/100|[from] item: Leftovers
|-end|p2a: Forretress|move: Taunt|[silent]
|upkeep
|turn|3
|
|t:|1731626221
|switch|p2a: Blissey|Blissey, F|100/100
|move|p1a: Zinchenko|Fire Blast|p2a: Blissey
|-crit|p2a: Blissey
|-damage|p2a: Blissey|71/100
|
|-weather|Sandstorm|[upkeep]
|-damage|p1a: Zinchenko|94/100|[from] Sandstorm
|-damage|p2a: Blissey|65/100|[from] Sandstorm
|-heal|p1a: Zinchenko|100/100|[from] item: Leftovers
|-heal|p2a: Blissey|71/100|[from] item: Leftovers
|upkeep
|turn|4
|inactive|scootymcbooty123 has 270 seconds left.
|
|t:|1731626258
|switch|p1a: Trossard|Swampert, F|100/100
|switch|p2a: Forretress|Forretress, M|100/100
|
|-weather|Sandstorm|[upkeep]
|upkeep
|turn|5
|
|t:|1731626269
|move|p1a: Trossard|Hydro Pump|p2a: Forretress
|-damage|p2a: Forretress|54/100
|move|p2a: Forretress|Spikes|p1a: Trossard
|-sidestart|p1: Elian|Spikes
|
|-weather|Sandstorm|[upkeep]
|-heal|p2a: Forretress|60/100|[from] item: Leftovers
|upkeep
|turn|6
|inactive|scootymcbooty123 has 270 seconds left.
|
|t:|1731626283
|switch|p2a: Milotic|Milotic, F|100/100
|move|p1a: Trossard|Hydro Pump|p2a: Milotic
|-resisted|p2a: Milotic
|-damage|p2a: Milotic|83/100
|
|-weather|Sandstorm|[upkeep]
|-damage|p2a: Milotic|77/100|[from] Sandstorm
|-heal|p2a: Milotic|83/100|[from] item: Leftovers
|upkeep
|turn|7
|inactive|scootymcbooty123 has 270 seconds left.
|
|t:|1731626295
|switch|p1a: Saliva|Celebi|100/100
|-damage|p1a: Saliva|88/100|[from] Spikes
|move|p2a: Milotic|Surf|p1a: Saliva
|-resisted|p1a: Saliva
|-damage|p1a: Saliva|74/100
|
|-weather|Sandstorm|[upkeep]
|-damage|p1a: Saliva|68/100|[from] Sandstorm
|-damage|p2a: Milotic|77/100|[from] Sandstorm
|-heal|p1a: Saliva|74/100|[from] item: Leftovers
|-heal|p2a: Milotic|83/100|[from] item: Leftovers
|upkeep
|turn|8
|inactive|scootymcbooty123 has 270 seconds left.
|
|t:|1731626329
|move|p1a: Saliva|Leech Seed|p2a: Milotic
|-start|p2a: Milotic|move: Leech Seed
|move|p2a: Milotic|Toxic|p1a: Saliva
|-status|p1a: Saliva|tox
|
|-weather|Sandstorm|[upkeep]
|-damage|p1a: Saliva|68/100 tox|[from] Sandstorm
|-damage|p2a: Milotic|77/100|[from] Sandstorm
|-heal|p1a: Saliva|74/100 tox|[from] item: Leftovers
|-damage|p1a: Saliva|68/100 tox|[from] psn
|-heal|p2a: Milotic|83/100|[from] item: Leftovers
|-damage|p2a: Milotic|70/100|[from] Leech Seed|[of] p1a: Saliva
|-heal|p1a: Saliva|81/100 tox|[silent]
|upkeep
|turn|9
|
|t:|1731626342
|switch|p2a: Forretress|Forretress, M|60/100
|move|p1a: Saliva|Leech Seed|p2a: Forretress
|-start|p2a: Forretress|move: Leech Seed
|
|-weather|Sandstorm|[upkeep]
|-damage|p1a: Saliva|75/100 tox|[from] Sandstorm
|-heal|p1a: Saliva|81/100 tox|[from] item: Leftovers
|-damage|p1a: Saliva|69/100 tox|[from] psn
|-heal|p2a: Forretress|67/100|[from] item: Leftovers
|-damage|p2a: Forretress|54/100|[from] Leech Seed|[of] p1a: Saliva
|-heal|p1a: Saliva|81/100 tox|[silent]
|upkeep
|turn|10
|
|t:|1731626347
|switch|p2a: Dugtrio|Dugtrio, F|100/100
|move|p1a: Saliva|Hidden Power|p2a: Dugtrio
|-damage|p2a: Dugtrio|49/100
|
|-weather|Sandstorm|[upkeep]
|-damage|p1a: Saliva|75/100 tox|[from] Sandstorm
|-heal|p1a: Saliva|81/100 tox|[from] item: Leftovers
|-damage|p1a: Saliva|62/100 tox|[from] psn
|upkeep
|turn|11
|
|t:|1731626350
|move|p2a: Dugtrio|Hidden Power|p1a: Saliva
|-supereffective|p1a: Saliva
|-damage|p1a: Saliva|0 fnt
|faint|p1a: Saliva
|
|t:|1731626353
|switch|p1a: Rice|Jirachi|100/100
|-damage|p1a: Rice|88/100|[from] Spikes
|
|-weather|Sandstorm|[upkeep]
|-heal|p1a: Rice|94/100|[from] item: Leftovers
|upkeep
|turn|12
|
|t:|1731626364
|switch|p2a: Blissey|Blissey, F|71/100
|move|p1a: Rice|Substitute|p1a: Rice
|-start|p1a: Rice|Substitute
|-damage|p1a: Rice|69/100
|
|-weather|Sandstorm|[upkeep]
|-damage|p2a: Blissey|65/100|[from] Sandstorm
|-heal|p1a: Rice|75/100|[from] item: Leftovers
|-heal|p2a: Blissey|71/100|[from] item: Leftovers
|upkeep
|turn|13
|
|t:|1731626369
|move|p1a: Rice|Calm Mind|p1a: Rice
|-boost|p1a: Rice|spa|1
|-boost|p1a: Rice|spd|1
|move|p2a: Blissey|Calm Mind|p2a: Blissey
|-boost|p2a: Blissey|spa|1
|-boost|p2a: Blissey|spd|1
|
|-weather|Sandstorm|[upkeep]
|-damage|p2a: Blissey|65/100|[from] Sandstorm
|-heal|p1a: Rice|82/100|[from] item: Leftovers
|-heal|p2a: Blissey|71/100|[from] item: Leftovers
|upkeep
|turn|14
|
|t:|1731626372
|move|p1a: Rice|Thunder|p2a: Blissey|[miss]
|-miss|p1a: Rice|p2a: Blissey
|move|p2a: Blissey|Calm Mind|p2a: Blissey
|-boost|p2a: Blissey|spa|1
|-boost|p2a: Blissey|spd|1
|
|-weather|Sandstorm|[upkeep]
|-damage|p2a: Blissey|65/100|[from] Sandstorm
|-heal|p1a: Rice|88/100|[from] item: Leftovers
|-heal|p2a: Blissey|71/100|[from] item: Leftovers
|upkeep
|turn|15
|
|t:|1731626375
|move|p1a: Rice|Ice Punch|p2a: Blissey
|-damage|p2a: Blissey|64/100
|move|p2a: Blissey|Calm Mind|p2a: Blissey
|-boost|p2a: Blissey|spa|1
|-boost|p2a: Blissey|spd|1
|
|-weather|Sandstorm|[upkeep]
|-damage|p2a: Blissey|58/100|[from] Sandstorm
|-heal|p1a: Rice|94/100|[from] item: Leftovers
|-heal|p2a: Blissey|64/100|[from] item: Leftovers
|upkeep
|turn|16
|
|t:|1731626381
|move|p1a: Rice|Ice Punch|p2a: Blissey
|-damage|p2a: Blissey|59/100
|move|p2a: Blissey|Thunderbolt|p1a: Rice
|-end|p1a: Rice|Substitute
|
|-weather|Sandstorm|[upkeep]
|-damage|p2a: Blissey|53/100|[from] Sandstorm
|-heal|p1a: Rice|99/100|[from] item: Leftovers
|-heal|p2a: Blissey|59/100|[from] item: Leftovers
|upkeep
|turn|17
|
|t:|1731626388
|switch|p1a: Trossard|Swampert, F|100/100
|-damage|p1a: Trossard|88/100|[from] Spikes
|move|p2a: Blissey|Ice Beam|p1a: Trossard
|-damage|p1a: Trossard|21/100
|
|-weather|Sandstorm|[upkeep]
|-damage|p2a: Blissey|53/100|[from] Sandstorm
|-heal|p1a: Trossard|27/100|[from] item: Leftovers
|-heal|p2a: Blissey|59/100|[from] item: Leftovers
|upkeep
|turn|18
|
|t:|1731626397
|switch|p2a: Milotic|Milotic, F|70/100
|move|p1a: Trossard|Earthquake|p2a: Milotic
|-damage|p2a: Milotic|40/100
|
|-weather|Sandstorm|[upkeep]
|-damage|p2a: Milotic|34/100|[from] Sandstorm
|-heal|p2a: Milotic|40/100|[from] item: Leftovers
|-heal|p1a: Trossard|33/100|[from] item: Leftovers
|upkeep
|turn|19
|
|t:|1731626401
|switch|p1a: Rice|Jirachi|99/100
|-damage|p1a: Rice|88/100|[from] Spikes
|move|p2a: Milotic|Recover|p2a: Milotic
|-heal|p2a: Milotic|90/100
|
|-weather|Sandstorm|[upkeep]
|-damage|p2a: Milotic|84/100|[from] Sandstorm
|-heal|p1a: Rice|94/100|[from] item: Leftovers
|-heal|p2a: Milotic|90/100|[from] item: Leftovers
|upkeep
|turn|20
|
|t:|1731626410
|move|p1a: Rice|Substitute|p1a: Rice
|-start|p1a: Rice|Substitute
|-damage|p1a: Rice|69/100
|move|p2a: Milotic|Surf|p1a: Rice
|-end|p1a: Rice|Substitute
|
|-weather|Sandstorm|[upkeep]
|-damage|p2a: Milotic|84/100|[from] Sandstorm
|-heal|p1a: Rice|75/100|[from] item: Leftovers
|-heal|p2a: Milotic|90/100|[from] item: Leftovers
|upkeep
|turn|21
|
|t:|1731626420
|switch|p2a: Blissey|Blissey, F|59/100
|move|p1a: Rice|Calm Mind|p1a: Rice
|-boost|p1a: Rice|spa|1
|-boost|p1a: Rice|spd|1
|
|-weather|Sandstorm|[upkeep]
|-damage|p2a: Blissey|53/100|[from] Sandstorm
|-heal|p1a: Rice|81/100|[from] item: Leftovers
|-heal|p2a: Blissey|59/100|[from] item: Leftovers
|upkeep
|turn|22
|
|t:|1731626426
|switch|p2a: Dugtrio|Dugtrio, F|49/100
|move|p1a: Rice|Ice Punch|p2a: Dugtrio
|-supereffective|p2a: Dugtrio
|-damage|p2a: Dugtrio|0 fnt
|faint|p2a: Dugtrio
|
|t:|1731626434
|switch|p2a: Blissey|Blissey, F|59/100
|
|-weather|Sandstorm|[upkeep]
|-damage|p2a: Blissey|53/100|[from] Sandstorm
|-heal|p1a: Rice|88/100|[from] item: Leftovers
|-heal|p2a: Blissey|59/100|[from] item: Leftovers
|upkeep
|turn|23
|
|t:|1731626437
|move|p1a: Rice|Ice Punch|p2a: Blissey
|-crit|p2a: Blissey
|-damage|p2a: Blissey|37/100
|-status|p2a: Blissey|frz
|cant|p2a: Blissey|frz
|
|-weather|Sandstorm|[upkeep]
|-damage|p2a: Blissey|30/100 frz|[from] Sandstorm
|-heal|p1a: Rice|94/100|[from] item: Leftovers
|-heal|p2a: Blissey|37/100 frz|[from] item: Leftovers
|upkeep
|turn|24
|
|t:|1731626440
|-curestatus|p2a: Blissey|frz|[from] ability: Natural Cure
|switch|p2a: Milotic|Milotic, F|90/100
|move|p1a: Rice|Substitute|p1a: Rice
|-start|p1a: Rice|Substitute
|-damage|p1a: Rice|69/100
|
|-weather|Sandstorm|[upkeep]
|-damage|p2a: Milotic|84/100|[from] Sandstorm
|-heal|p1a: Rice|75/100|[from] item: Leftovers
|-heal|p2a: Milotic|90/100|[from] item: Leftovers
|upkeep
|turn|25
|
|t:|1731626442
|switch|p2a: Claydol|Claydol|100/100
|move|p1a: Rice|Calm Mind|p1a: Rice
|-boost|p1a: Rice|spa|1
|-boost|p1a: Rice|spd|1
|
|-weather|Sandstorm|[upkeep]
|-heal|p1a: Rice|81/100|[from] item: Leftovers
|upkeep
|turn|26
|
|t:|1731626448
|switch|p2a: Blissey|Blissey, F|37/100
|move|p1a: Rice|Ice Punch|p2a: Blissey
|-damage|p2a: Blissey|20/100
|
|-weather|Sandstorm|[upkeep]
|-damage|p2a: Blissey|14/100|[from] Sandstorm
|-heal|p1a: Rice|87/100|[from] item: Leftovers
|-heal|p2a: Blissey|20/100|[from] item: Leftovers
|upkeep
|turn|27
|
|t:|1731626451
|move|p1a: Rice|Thunder|p2a: Blissey
|-damage|p2a: Blissey|0 fnt
|faint|p2a: Blissey
|c|☆scootymcbooty123|gg
|c|☆Elian|ggs
|-message|scootymcbooty123 forfeited.
|
|win|Elian
|player|p2|
|c|☆Elian|sorry, I fished the freeze

</script>
<script type="application/json" class="data" id="replaydata-smogtours-gen3ou-806301">
{"id":"smogtours-gen3ou-806301","format":"[Gen 3] OU","players":["Elian","scootymcbooty123"],"uploadtime":1731626460,"views":10,"formatid":"gen3ou","rating":null,"private":0,"password":null}
</script>

<script defer src="js/replays.js?9d40a366"></script>
