<!DOCTYPE html>
<meta charset="utf-8" />
<meta name="viewport" content="width=device-width" />

<title>[Gen 3] OU: jsockamisama vs. Baptosta - Replays - Pok&eacute;mon Showdown!</title>

<meta name="description" content="Watch a replay of a Pok&eacute;mon battle between jsockamisama and Baptosta! Format: [Gen 3] OU; Date: Oct 14, 2024" />
<!--

Hey, you! Looking in the source for the replay log?

You can find them in JSON format, just add `.json` at the end of a replay URL.

https://replay.pokemonshowdown.com/gen7randomdoublesbattle-865046831.json

Or, if you only need the log itself, add `.log` instead:

https://replay.pokemonshowdown.com/gen7randomdoublesbattle-865046831.log

-->

<link rel="stylesheet" href="//pokemonshowdown.com/style/global.css?0.023195364461161105" />
<link rel="stylesheet" href="//play.pokemonshowdown.com/style/font-awesome.css?0.13261647063804238" />
<link rel="stylesheet" href="//play.pokemonshowdown.com/style/battle.css?0.8753245789963631" />
<link rel="stylesheet" href="//play.pokemonshowdown.com/style/utilichart.css?0.8627959624976733" />

<!-- Global site tag (gtag.js) - Google Analytics -->
<script async src="https://www.googletagmanager.com/gtag/js?id=UA-26211653-1"></script>
<script>
  window.dataLayer = window.dataLayer || [];
  function gtag(){dataLayer.push(arguments);}
  gtag('js', new Date());

  gtag('config', 'UA-26211653-1');
</script>
<!-- End Google Analytics -->
<!-- Venatus Ad Manager - Install in <HEAD> of page -->
	<script src="https://hb.vntsm.com/v3/live/ad-manager.min.js" type="text/javascript" data-site-id="642aba63ec9a7b11c3c9c1be" data-mode="scan" async></script>
<!-- / Venatus Ad Manager -->

<style>
	@media (max-width:820px) {
		.battle {
			margin: 0 auto;
		}
		.battle-log {
			margin: 7px auto 0;
			max-width: 640px;
			height: 300px;
			position: static;
		}
	}
	.optgroup {
		display: inline-block;
		line-height: 22px;
		font-size: 10pt;
	}
	.optgroup .button {
		height: 25px;
		padding-top: 0;
		padding-bottom: 0;
	}
	.optgroup button.button {
		padding-left: 12px;
		padding-right: 12px;
	}
	.linklist {
		list-style: none;
		margin: 0.5em 0;
		padding: 0;
	}
	.linklist li {
		padding: 2px 0;
	}
	.sidebar {
		float: left;
		width: 320px;
	}
	.bar-wrapper {
		max-width: 1100px;
		margin: 0 auto;
	}
	.bar-wrapper.has-sidebar {
		max-width: 1430px;
	}
	.mainbar {
		margin: 0;
		padding-right: 1px;
	}
	.mainbar.has-sidebar {
		margin-left: 330px;
	}
	@media (min-width: 1511px) {
		.sidebar {
			width: 400px;
		}
		.bar-wrapper.has-sidebar {
			max-width: 1510px;
		}
		.mainbar.has-sidebar {
			margin-left: 410px;
		}
	}
	.section.first-section {
		margin-top: 9px;
	}
	.blocklink small {
		white-space: normal;
	}
	.button {
		vertical-align: middle;
	}
	.replay-controls {
		padding-top: 10px;
	}
	.replay-controls h1 {
		font-size: 16pt;
		font-weight: normal;
		color: #CCC;
	}
	.pagelink {
		text-align: center;
	}
	.pagelink a {
		width: 150px;
	}
	.textbox, .button {
		font-size: 11pt;
		vertical-align: middle;
	}
	@media (max-width: 450px) {
		.button {
			font-size: 9pt;
		}
	}
</style>

<div>

	<header>
		<div class="nav-wrapper"><ul class="nav">
			<li><a class="button nav-first" href="//pokemonshowdown.com/"><img src="//pokemonshowdown.com/images/pokemonshowdownbeta.png" srcset="//pokemonshowdown.com/images/pokemonshowdownbeta.png 1x, //pokemonshowdown.com/images/pokemonshowdownbeta@2x.png 2x" alt="Pok&eacute;mon Showdown" width="146" height="44" /> Home</a></li>
			<li><a class="button" href="//pokemonshowdown.com/dex/">Pok&eacute;dex</a></li>
			<li><a class="button cur" href="/">Replays</a></li>
			<li><a class="button" href="//pokemonshowdown.com/ladder/">Ladder</a></li>
			<li><a class="button nav-last" href="//pokemonshowdown.com/forums/">Forum</a></li>
			<li><a class="button greenbutton nav-first nav-last" href="//play.pokemonshowdown.com/">Play</a></li>
		</ul></div>
	</header>

	<div class="main" id="main">

		<noscript><section class="section">You need to enable JavaScript to use this page; sorry!</section></noscript>

	</div>

</div>

<script defer nomodule src="//play.pokemonshowdown.com/js/lib/ps-polyfill.js"></script>
<script defer src="//play.pokemonshowdown.com/js/lib/preact.min.js"></script>

<script defer src="//play.pokemonshowdown.com/config/config.js?2bddbc15"></script>
<script defer src="//play.pokemonshowdown.com/js/lib/jquery-1.11.0.min.js"></script>
<script defer src="//play.pokemonshowdown.com/js/lib/html-sanitizer-minified.js"></script>
<script defer src="//play.pokemonshowdown.com/js/battle-sound.js"></script>
<script defer src="//play.pokemonshowdown.com/js/battledata.js?0.7209276989879541"></script>
<script defer src="//play.pokemonshowdown.com/data/pokedex-mini.js?0.6111056340867951"></script>
<script defer src="//play.pokemonshowdown.com/data/pokedex-mini-bw.js?0.3532142036491459"></script>
<script defer src="//play.pokemonshowdown.com/data/graphics.js?0.24223875632456182"></script>
<script defer src="//play.pokemonshowdown.com/data/pokedex.js?0.38839984266356864"></script>
<script defer src="//play.pokemonshowdown.com/data/moves.js?0.21866028504024015"></script>
<script defer src="//play.pokemonshowdown.com/data/abilities.js?0.2005157953846628"></script>
<script defer src="//play.pokemonshowdown.com/data/items.js?0.9894211263848525"></script>
<script defer src="//play.pokemonshowdown.com/data/teambuilder-tables.js?0.6008791140282215"></script>
<script defer src="//play.pokemonshowdown.com/js/battle-tooltips.js?0.7580118955022959"></script>
<script defer src="//play.pokemonshowdown.com/js/battle.js?0.6057722274234274"></script>

<script defer src="js/utils.js?e31f9a17"></script>
<script defer src="js/replays-battle.js?7008c182"></script>

<!-- don't scrape this data! just add .json or .log after the URL!
Full API docs: https://github.com/smogon/pokemon-showdown-client/blob/master/WEB-API.md -->
<script type="text/plain" class="log" id="replaylog-smogtours-gen3ou-798640">
|inactive|Battle timer is ON: inactive players will automatically lose when time's up.
|t:|1728917096
|gametype|singles
|player|p1|jsockamisama|1|
|player|p2|Baptosta|1|
|teamsize|p1|6
|teamsize|p2|6
|gen|3
|tier|[Gen 3] OU
|rule|Sleep Clause Mod: Limit one foe put to sleep
|rule|Switch Priority Clause Mod: Faster Pokémon switch first
|rule|Species Clause: Limit one of each Pokémon
|rule|OHKO Clause: OHKO moves are banned
|rule|Evasion Items Clause: Evasion items are banned
|rule|Evasion Moves Clause: Evasion moves are banned
|rule|Endless Battle Clause: Forcing endless battles is banned
|rule|HP Percentage Mod: HP is shown in percentages
|rule|One Boost Passer Clause: Limit one Baton Passer that has a way to boost its stats
|rule|Freeze Clause Mod: Limit one foe frozen
|
|t:|1728917096
|start
|switch|p1a: Metagross|Metagross|100/100
|switch|p2a: Rexy|Tyranitar, M, shiny|100/100
|-weather|Sandstorm|[from] ability: Sand Stream|[of] p2a: Rexy
|turn|1
|inactive|jsockamisama has 270 seconds left.
|
|t:|1728917130
|switch|p2a: Lagoon|Swampert, M|100/100
|move|p1a: Metagross|Meteor Mash|p2a: Lagoon
|-resisted|p2a: Lagoon
|-damage|p2a: Lagoon|58/100
|
|-weather|Sandstorm|[upkeep]
|-heal|p2a: Lagoon|64/100|[from] item: Leftovers
|upkeep
|turn|2
|
|t:|1728917145
|switch|p1a: Skarmory|Skarmory, M|100/100
|move|p2a: Lagoon|Ice Beam|p1a: Skarmory
|-damage|p1a: Skarmory|77/100
|
|-weather|Sandstorm|[upkeep]
|-heal|p2a: Lagoon|70/100|[from] item: Leftovers
|-heal|p1a: Skarmory|83/100|[from] item: Leftovers
|upkeep
|turn|3
|
|t:|1728917153
|move|p2a: Lagoon|Surf|p1a: Skarmory
|-crit|p1a: Skarmory
|-damage|p1a: Skarmory|5/100
|move|p1a: Skarmory|Spikes|p2a: Lagoon
|-sidestart|p2: Baptosta|Spikes
|
|-weather|Sandstorm|[upkeep]
|-heal|p2a: Lagoon|76/100|[from] item: Leftovers
|-heal|p1a: Skarmory|11/100|[from] item: Leftovers
|upkeep
|turn|4
|
|t:|1728917162
|move|p1a: Skarmory|Protect|p1a: Skarmory
|-singleturn|p1a: Skarmory|Protect
|move|p2a: Lagoon|Surf|p1a: Skarmory
|-activate|p1a: Skarmory|Protect
|
|-weather|Sandstorm|[upkeep]
|-heal|p2a: Lagoon|82/100|[from] item: Leftovers
|-heal|p1a: Skarmory|17/100|[from] item: Leftovers
|upkeep
|turn|5
|
|t:|1728917185
|switch|p1a: Swampert|Swampert, F|100/100
|move|p2a: Lagoon|Surf|p1a: Swampert
|-damage|p1a: Swampert|59/100
|
|-weather|Sandstorm|[upkeep]
|-heal|p2a: Lagoon|88/100|[from] item: Leftovers
|upkeep
|turn|6
|
|t:|1728917195
|move|p1a: Swampert|Substitute|p1a: Swampert
|-start|p1a: Swampert|Substitute
|-damage|p1a: Swampert|35/100
|move|p2a: Lagoon|Surf|p1a: Swampert
|-end|p1a: Swampert|Substitute
|
|-weather|Sandstorm|[upkeep]
|-heal|p2a: Lagoon|94/100|[from] item: Leftovers
|upkeep
|turn|7
|
|t:|1728917203
|move|p1a: Swampert|Substitute|p1a: Swampert
|-start|p1a: Swampert|Substitute
|-damage|p1a: Swampert|10/100
|move|p2a: Lagoon|Surf|p1a: Swampert
|-end|p1a: Swampert|Substitute
|
|-weather|Sandstorm|[upkeep]
|-enditem|p1a: Swampert|Salac Berry|[eat]
|-boost|p1a: Swampert|spe|1|[from] item: Salac Berry
|-heal|p2a: Lagoon|99/100|[from] item: Leftovers
|upkeep
|turn|8
|
|t:|1728917214
|move|p1a: Swampert|Endeavor|p2a: Lagoon
|-damage|p2a: Lagoon|9/100
|move|p2a: Lagoon|Surf|p1a: Swampert
|-damage|p1a: Swampert|0 fnt
|faint|p1a: Swampert
|
|t:|1728917233
|switch|p1a: Salamence|Salamence, F|100/100
|-ability|p1a: Salamence|Intimidate|boost
|-unboost|p2a: Lagoon|atk|1
|
|-weather|Sandstorm|[upkeep]
|-damage|p1a: Salamence|94/100|[from] Sandstorm
|-heal|p1a: Salamence|100/100|[from] item: Leftovers
|-heal|p2a: Lagoon|15/100|[from] item: Leftovers
|upkeep
|turn|9
|
|t:|1728917236
|move|p1a: Salamence|Hidden Power|p2a: Lagoon
|-supereffective|p2a: Lagoon
|-damage|p2a: Lagoon|0 fnt
|faint|p2a: Lagoon
|
|t:|1728917248
|switch|p2a: Thormium|Zapdos|100/100
|
|-weather|Sandstorm|[upkeep]
|-damage|p1a: Salamence|94/100|[from] Sandstorm
|-damage|p2a: Thormium|94/100|[from] Sandstorm
|-heal|p1a: Salamence|100/100|[from] item: Leftovers
|-heal|p2a: Thormium|100/100|[from] item: Leftovers
|upkeep
|turn|10
|
|t:|1728917268
|move|p1a: Salamence|Dragon Claw|p2a: Thormium
|-damage|p2a: Thormium|70/100
|move|p2a: Thormium|Thunder Wave|p1a: Salamence
|-status|p1a: Salamence|par
|
|-weather|Sandstorm|[upkeep]
|-damage|p2a: Thormium|64/100|[from] Sandstorm
|-damage|p1a: Salamence|94/100 par|[from] Sandstorm
|-heal|p2a: Thormium|70/100|[from] item: Leftovers
|-heal|p1a: Salamence|100/100 par|[from] item: Leftovers
|upkeep
|turn|11
|inactive|jsockamisama has 270 seconds left.
|
|t:|1728917311
|move|p2a: Thormium|Baton Pass|p2a: Thormium
|
|t:|1728917319
|switch|p2a: Highway Star|Starmie, shiny|100/100|[from] Baton Pass
|-damage|p2a: Highway Star|88/100|[from] Spikes
|move|p1a: Salamence|Dragon Claw|p2a: Highway Star
|-damage|p2a: Highway Star|38/100
|
|-weather|Sandstorm|[upkeep]
|-damage|p2a: Highway Star|31/100|[from] Sandstorm
|-damage|p1a: Salamence|94/100 par|[from] Sandstorm
|-heal|p2a: Highway Star|38/100|[from] item: Leftovers
|-heal|p1a: Salamence|100/100 par|[from] item: Leftovers
|upkeep
|turn|12
|
|t:|1728917348
|move|p2a: Highway Star|Recover|p2a: Highway Star
|-heal|p2a: Highway Star|88/100
|move|p1a: Salamence|Dragon Claw|p2a: Highway Star
|-damage|p2a: Highway Star|42/100
|
|-weather|Sandstorm|[upkeep]
|-damage|p2a: Highway Star|36/100|[from] Sandstorm
|-damage|p1a: Salamence|94/100 par|[from] Sandstorm
|-heal|p2a: Highway Star|42/100|[from] item: Leftovers
|-heal|p1a: Salamence|100/100 par|[from] item: Leftovers
|upkeep
|turn|13
|inactive|jsockamisama has 240 seconds left.
|
|t:|1728917377
|move|p2a: Highway Star|Recover|p2a: Highway Star
|-heal|p2a: Highway Star|92/100
|cant|p1a: Salamence|par
|
|-weather|Sandstorm|[upkeep]
|-damage|p2a: Highway Star|86/100|[from] Sandstorm
|-damage|p1a: Salamence|94/100 par|[from] Sandstorm
|-heal|p2a: Highway Star|92/100|[from] item: Leftovers
|-heal|p1a: Salamence|100/100 par|[from] item: Leftovers
|upkeep
|turn|14
|
|t:|1728917382
|move|p2a: Highway Star|Rapid Spin|p1a: Salamence
|-damage|p1a: Salamence|97/100 par
|-sideend|p2: Baptosta|Spikes|[from] move: Rapid Spin|[of] p2a: Highway Star
|move|p1a: Salamence|Hidden Power|p2a: Highway Star
|-supereffective|p2a: Highway Star
|-damage|p2a: Highway Star|37/100
|
|-weather|Sandstorm|[upkeep]
|-damage|p2a: Highway Star|31/100|[from] Sandstorm
|-damage|p1a: Salamence|91/100 par|[from] Sandstorm
|-heal|p2a: Highway Star|37/100|[from] item: Leftovers
|-heal|p1a: Salamence|97/100 par|[from] item: Leftovers
|upkeep
|turn|15
|inactive|jsockamisama has 240 seconds left.
|
|t:|1728917394
|move|p2a: Highway Star|Recover|p2a: Highway Star
|-heal|p2a: Highway Star|87/100
|move|p1a: Salamence|Hidden Power|p2a: Highway Star
|-supereffective|p2a: Highway Star
|-damage|p2a: Highway Star|35/100
|
|-weather|Sandstorm|[upkeep]
|-damage|p2a: Highway Star|29/100|[from] Sandstorm
|-damage|p1a: Salamence|91/100 par|[from] Sandstorm
|-heal|p2a: Highway Star|35/100|[from] item: Leftovers
|-heal|p1a: Salamence|97/100 par|[from] item: Leftovers
|upkeep
|turn|16
|
|t:|1728917404
|move|p2a: Highway Star|Recover|p2a: Highway Star
|-heal|p2a: Highway Star|85/100
|move|p1a: Salamence|Hidden Power|p2a: Highway Star
|-supereffective|p2a: Highway Star
|-damage|p2a: Highway Star|34/100
|
|-weather|Sandstorm|[upkeep]
|-damage|p2a: Highway Star|27/100|[from] Sandstorm
|-damage|p1a: Salamence|91/100 par|[from] Sandstorm
|-heal|p2a: Highway Star|34/100|[from] item: Leftovers
|-heal|p1a: Salamence|97/100 par|[from] item: Leftovers
|upkeep
|turn|17
|
|t:|1728917413
|move|p2a: Highway Star|Recover|p2a: Highway Star
|-heal|p2a: Highway Star|84/100
|move|p1a: Salamence|Hidden Power|p2a: Highway Star
|-supereffective|p2a: Highway Star
|-damage|p2a: Highway Star|29/100
|
|-weather|Sandstorm|[upkeep]
|-damage|p2a: Highway Star|23/100|[from] Sandstorm
|-damage|p1a: Salamence|91/100 par|[from] Sandstorm
|-heal|p2a: Highway Star|29/100|[from] item: Leftovers
|-heal|p1a: Salamence|97/100 par|[from] item: Leftovers
|upkeep
|turn|18
|
|t:|1728917429
|switch|p1a: Skarmory|Skarmory, M|17/100
|move|p2a: Highway Star|Recover|p2a: Highway Star
|-heal|p2a: Highway Star|79/100
|
|-weather|Sandstorm|[upkeep]
|-damage|p2a: Highway Star|73/100|[from] Sandstorm
|-heal|p2a: Highway Star|79/100|[from] item: Leftovers
|-heal|p1a: Skarmory|23/100|[from] item: Leftovers
|upkeep
|turn|19
|
|t:|1728917439
|move|p1a: Skarmory|Protect|p1a: Skarmory
|-singleturn|p1a: Skarmory|Protect
|move|p2a: Highway Star|Surf|p1a: Skarmory
|-activate|p1a: Skarmory|Protect
|
|-weather|Sandstorm|[upkeep]
|-damage|p2a: Highway Star|73/100|[from] Sandstorm
|-heal|p2a: Highway Star|79/100|[from] item: Leftovers
|-heal|p1a: Skarmory|29/100|[from] item: Leftovers
|upkeep
|turn|20
|inactive|jsockamisama has 240 seconds left.
|
|t:|1728917456
|switch|p1a: Salamence|Salamence, F|97/100 par
|-ability|p1a: Salamence|Intimidate|boost
|-unboost|p2a: Highway Star|atk|1
|move|p2a: Highway Star|Thunder Wave|p1a: Salamence
|-fail|p1a: Salamence|par
|
|-weather|Sandstorm|[upkeep]
|-damage|p2a: Highway Star|73/100|[from] Sandstorm
|-damage|p1a: Salamence|91/100 par|[from] Sandstorm
|-heal|p2a: Highway Star|79/100|[from] item: Leftovers
|-heal|p1a: Salamence|97/100 par|[from] item: Leftovers
|upkeep
|turn|21
|
|t:|1728917473
|switch|p2a: HootMan|Jirachi|100/100
|move|p1a: Salamence|Hidden Power|p2a: HootMan
|-resisted|p2a: HootMan
|-damage|p2a: HootMan|91/100
|
|-weather|Sandstorm|[upkeep]
|-damage|p1a: Salamence|91/100 par|[from] Sandstorm
|-heal|p2a: HootMan|97/100|[from] item: Leftovers
|-heal|p1a: Salamence|97/100 par|[from] item: Leftovers
|upkeep
|turn|22
|inactive|jsockamisama has 240 seconds left.
|
|t:|1728917499
|switch|p1a: Houndoom|Houndoom, M|100/100
|move|p2a: HootMan|Wish|p2a: HootMan
|
|-weather|Sandstorm|[upkeep]
|-damage|p1a: Houndoom|94/100|[from] Sandstorm
|-heal|p1a: Houndoom|100/100|[from] item: Leftovers
|-heal|p2a: HootMan|100/100|[from] item: Leftovers
|upkeep
|turn|23
|
|t:|1728917511
|switch|p2a: Rexy|Tyranitar, M, shiny|100/100
|move|p1a: Houndoom|Flamethrower|p2a: Rexy
|-resisted|p2a: Rexy
|-damage|p2a: Rexy|78/100
|
|-heal|p2a: Rexy|100/100|[from] move: Wish|[wisher] HootMan
|-weather|Sandstorm|[upkeep]
|-damage|p1a: Houndoom|94/100|[from] Sandstorm
|-heal|p1a: Houndoom|100/100|[from] item: Leftovers
|upkeep
|turn|24
|
|t:|1728917539
|switch|p1a: Skarmory|Skarmory, M|29/100
|move|p2a: Rexy|Rock Slide|p1a: Skarmory
|-damage|p1a: Skarmory|0 fnt
|faint|p1a: Skarmory
|inactive|jsockamisama has 210 seconds left.
|
|t:|1728917559
|switch|p1a: Metagross|Metagross|100/100
|
|-weather|Sandstorm|[upkeep]
|upkeep
|turn|25
|
|t:|1728917567
|switch|p2a: HootMan|Jirachi|100/100
|move|p1a: Metagross|Meteor Mash|p2a: HootMan
|-resisted|p2a: HootMan
|-damage|p2a: HootMan|73/100
|
|-weather|Sandstorm|[upkeep]
|-heal|p2a: HootMan|79/100|[from] item: Leftovers
|upkeep
|turn|26
|inactive|jsockamisama has 210 seconds left.
|
|t:|1728917578
|switch|p1a: Salamence|Salamence, F|97/100 par
|-ability|p1a: Salamence|Intimidate|boost
|-unboost|p2a: HootMan|atk|1
|move|p2a: HootMan|Body Slam|p1a: Salamence
|-damage|p1a: Salamence|79/100 par
|
|-weather|Sandstorm|[upkeep]
|-damage|p1a: Salamence|73/100 par|[from] Sandstorm
|-heal|p2a: HootMan|85/100|[from] item: Leftovers
|-heal|p1a: Salamence|79/100 par|[from] item: Leftovers
|upkeep
|turn|27
|inactive|jsockamisama has 210 seconds left.
|
|t:|1728917597
|switch|p1a: Houndoom|Houndoom, M|100/100
|move|p2a: HootMan|Wish|p2a: HootMan
|
|-weather|Sandstorm|[upkeep]
|-damage|p1a: Houndoom|94/100|[from] Sandstorm
|-heal|p1a: Houndoom|100/100|[from] item: Leftovers
|-heal|p2a: HootMan|92/100|[from] item: Leftovers
|upkeep
|turn|28
|
|t:|1728917614
|switch|p2a: Highway Star|Starmie, shiny|79/100
|move|p1a: Houndoom|Flamethrower|p2a: Highway Star
|-resisted|p2a: Highway Star
|-damage|p2a: Highway Star|53/100
|
|-heal|p2a: Highway Star|100/100|[from] move: Wish|[wisher] HootMan
|-weather|Sandstorm|[upkeep]
|-damage|p2a: Highway Star|94/100|[from] Sandstorm
|-damage|p1a: Houndoom|94/100|[from] Sandstorm
|-heal|p2a: Highway Star|100/100|[from] item: Leftovers
|-heal|p1a: Houndoom|100/100|[from] item: Leftovers
|upkeep
|turn|29
|
|t:|1728917636
|move|p2a: Highway Star|Surf|p1a: Houndoom
|-supereffective|p1a: Houndoom
|-damage|p1a: Houndoom|22/100
|move|p1a: Houndoom|Crunch|p2a: Highway Star
|-supereffective|p2a: Highway Star
|-damage|p2a: Highway Star|13/100
|
|-weather|Sandstorm|[upkeep]
|-damage|p2a: Highway Star|6/100|[from] Sandstorm
|-damage|p1a: Houndoom|16/100|[from] Sandstorm
|-heal|p2a: Highway Star|13/100|[from] item: Leftovers
|-heal|p1a: Houndoom|22/100|[from] item: Leftovers
|upkeep
|turn|30
|
|t:|1728917648
|switch|p1a: Salamence|Salamence, F|79/100 par
|-ability|p1a: Salamence|Intimidate|boost
|-unboost|p2a: Highway Star|atk|1
|move|p2a: Highway Star|Surf|p1a: Salamence
|-resisted|p1a: Salamence
|-damage|p1a: Salamence|58/100 par
|
|-weather|Sandstorm|[upkeep]
|-damage|p2a: Highway Star|6/100|[from] Sandstorm
|-damage|p1a: Salamence|52/100 par|[from] Sandstorm
|-heal|p2a: Highway Star|13/100|[from] item: Leftovers
|-heal|p1a: Salamence|58/100 par|[from] item: Leftovers
|upkeep
|turn|31
|
|t:|1728917654
|switch|p2a: HootMan|Jirachi|92/100
|cant|p1a: Salamence|par
|
|-weather|Sandstorm|[upkeep]
|-damage|p1a: Salamence|52/100 par|[from] Sandstorm
|-heal|p2a: HootMan|98/100|[from] item: Leftovers
|-heal|p1a: Salamence|58/100 par|[from] item: Leftovers
|upkeep
|turn|32
|
|t:|1728917660
|move|p2a: HootMan|Body Slam|p1a: Salamence
|-damage|p1a: Salamence|28/100 par
|cant|p1a: Salamence|par
|
|-weather|Sandstorm|[upkeep]
|-damage|p1a: Salamence|22/100 par|[from] Sandstorm
|-heal|p2a: HootMan|100/100|[from] item: Leftovers
|-heal|p1a: Salamence|28/100 par|[from] item: Leftovers
|upkeep
|turn|33
|
|t:|1728917669
|switch|p1a: Tyranitar|Tyranitar, F|100/100
|move|p2a: HootMan|Body Slam|p1a: Tyranitar
|-resisted|p1a: Tyranitar
|-damage|p1a: Tyranitar|94/100
|-status|p1a: Tyranitar|par
|
|-weather|Sandstorm|[upkeep]
|-heal|p1a: Tyranitar|99/100 par|[from] item: Leftovers
|upkeep
|turn|34
|
|t:|1728917680
|move|p2a: HootMan|Wish|p2a: HootMan
|move|p1a: Tyranitar|Substitute|p1a: Tyranitar
|-start|p1a: Tyranitar|Substitute
|-damage|p1a: Tyranitar|75/100 par
|
|-weather|Sandstorm|[upkeep]
|-heal|p1a: Tyranitar|81/100 par|[from] item: Leftovers
|upkeep
|turn|35
|
|t:|1728917687
|switch|p2a: Thormium|Zapdos|70/100
|move|p1a: Tyranitar|Earthquake|p2a: Thormium
|-immune|p2a: Thormium
|
|-heal|p2a: Thormium|100/100|[from] move: Wish|[wisher] HootMan
|-weather|Sandstorm|[upkeep]
|-damage|p2a: Thormium|94/100|[from] Sandstorm
|-heal|p2a: Thormium|100/100|[from] item: Leftovers
|-heal|p1a: Tyranitar|87/100 par|[from] item: Leftovers
|upkeep
|turn|36
|
|t:|1728917692
|move|p2a: Thormium|Thunderbolt|p1a: Tyranitar
|-end|p1a: Tyranitar|Substitute
|cant|p1a: Tyranitar|par
|
|-weather|Sandstorm|[upkeep]
|-damage|p2a: Thormium|94/100|[from] Sandstorm
|-heal|p2a: Thormium|100/100|[from] item: Leftovers
|-heal|p1a: Tyranitar|93/100 par|[from] item: Leftovers
|upkeep
|turn|37
|
|t:|1728917698
|move|p2a: Thormium|Thunderbolt|p1a: Tyranitar
|-crit|p1a: Tyranitar
|-damage|p1a: Tyranitar|29/100 par
|move|p1a: Tyranitar|Rock Slide|p2a: Thormium
|-supereffective|p2a: Thormium
|-damage|p2a: Thormium|19/100
|
|-weather|Sandstorm|[upkeep]
|-damage|p2a: Thormium|13/100|[from] Sandstorm
|-heal|p2a: Thormium|19/100|[from] item: Leftovers
|-heal|p1a: Tyranitar|35/100 par|[from] item: Leftovers
|upkeep
|turn|38
|inactive|jsockamisama has 210 seconds left.
|
|t:|1728917724
|switch|p1a: Salamence|Salamence, F|28/100 par
|-ability|p1a: Salamence|Intimidate|boost
|-unboost|p2a: Thormium|atk|1
|move|p2a: Thormium|Thunderbolt|p1a: Salamence
|-damage|p1a: Salamence|0 fnt
|faint|p1a: Salamence
|
|t:|1728917730
|switch|p1a: Metagross|Metagross|100/100
|
|-weather|Sandstorm|[upkeep]
|-damage|p2a: Thormium|13/100|[from] Sandstorm
|-heal|p2a: Thormium|19/100|[from] item: Leftovers
|upkeep
|turn|39
|inactive|jsockamisama has 210 seconds left.
|inactive|jsockamisama has 180 seconds left.
|
|t:|1728917781
|switch|p1a: Houndoom|Houndoom, M|22/100
|move|p2a: Thormium|Thunder Wave|p1a: Houndoom
|-status|p1a: Houndoom|par
|
|-weather|Sandstorm|[upkeep]
|-damage|p2a: Thormium|13/100|[from] Sandstorm
|-damage|p1a: Houndoom|16/100 par|[from] Sandstorm
|-heal|p2a: Thormium|19/100|[from] item: Leftovers
|-heal|p1a: Houndoom|22/100 par|[from] item: Leftovers
|upkeep
|turn|40
|
|t:|1728917790
|move|p2a: Thormium|Thunderbolt|p1a: Houndoom
|-damage|p1a: Houndoom|0 fnt
|faint|p1a: Houndoom
|
|t:|1728917792
|switch|p1a: Metagross|Metagross|100/100
|
|-weather|Sandstorm|[upkeep]
|-damage|p2a: Thormium|13/100|[from] Sandstorm
|-heal|p2a: Thormium|19/100|[from] item: Leftovers
|upkeep
|turn|41
|
|t:|1728917795
|move|p2a: Thormium|Thunder Wave|p1a: Metagross
|-status|p1a: Metagross|par
|move|p1a: Metagross|Meteor Mash|p2a: Thormium
|-resisted|p2a: Thormium
|-damage|p2a: Thormium|0 fnt
|faint|p2a: Thormium
|
|t:|1728917802
|switch|p2a: Highway Star|Starmie, shiny|13/100
|
|-weather|Sandstorm|[upkeep]
|-damage|p2a: Highway Star|6/100|[from] Sandstorm
|-heal|p2a: Highway Star|13/100|[from] item: Leftovers
|upkeep
|turn|42
|
|t:|1728917805
|move|p2a: Highway Star|Surf|p1a: Metagross
|-damage|p1a: Metagross|59/100 par
|move|p1a: Metagross|Meteor Mash|p2a: Highway Star
|-resisted|p2a: Highway Star
|-damage|p2a: Highway Star|0 fnt
|-boost|p1a: Metagross|atk|1
|faint|p2a: Highway Star
|
|t:|1728917808
|switch|p2a: WellBug|Heracross, F|100/100
|
|-weather|Sandstorm|[upkeep]
|-damage|p2a: WellBug|95/100|[from] Sandstorm
|-heal|p2a: WellBug|100/100|[from] item: Leftovers
|upkeep
|turn|43
|inactive|jsockamisama has 210 seconds left.
|
|t:|1728917821
|move|p2a: WellBug|Substitute|p2a: WellBug
|-start|p2a: WellBug|Substitute
|-damage|p2a: WellBug|76/100
|cant|p1a: Metagross|par
|
|-weather|Sandstorm|[upkeep]
|-damage|p2a: WellBug|70/100|[from] Sandstorm
|-heal|p2a: WellBug|76/100|[from] item: Leftovers
|upkeep
|turn|44
|
|t:|1728917827
|move|p2a: WellBug|Megahorn|p1a: Metagross
|-damage|p1a: Metagross|0 fnt
|faint|p1a: Metagross
|
|t:|1728917831
|switch|p1a: Tyranitar|Tyranitar, F|35/100 par
|
|-weather|Sandstorm|[upkeep]
|-damage|p2a: WellBug|70/100|[from] Sandstorm
|-heal|p2a: WellBug|76/100|[from] item: Leftovers
|-heal|p1a: Tyranitar|41/100 par|[from] item: Leftovers
|upkeep
|turn|45
|
|t:|1728917833
|-singleturn|p2a: WellBug|move: Focus Punch
|move|p1a: Tyranitar|Earthquake|p2a: WellBug
|-resisted|p2a: WellBug
|-end|p2a: WellBug|Substitute
|move|p2a: WellBug|Focus Punch|p1a: Tyranitar
|-supereffective|p1a: Tyranitar
|-damage|p1a: Tyranitar|0 fnt
|faint|p1a: Tyranitar
|
|win|Baptosta

</script>
<script type="application/json" class="data" id="replaydata-smogtours-gen3ou-798640">
{"id":"smogtours-gen3ou-798640","format":"[Gen 3] OU","players":["jsockamisama","Baptosta"],"uploadtime":1728917833,"views":94,"formatid":"gen3ou","rating":null,"private":0,"password":null}
</script>

<script defer src="js/replays.js?9d40a366"></script>
