<!DOCTYPE html>
<meta charset="utf-8" />
<meta name="viewport" content="width=device-width" />

<title>[Gen 3] OU: Lunarvania vs. Wolf Turds - Replays - Pok&eacute;mon Showdown!</title>

<meta name="description" content="Watch a replay of a Pok&eacute;mon battle between Lunarvania and Wolf Turds! Format: [Gen 3] OU; Date: Oct 13, 2024" />
<!--

Hey, you! Looking in the source for the replay log?

You can find them in JSON format, just add `.json` at the end of a replay URL.

https://replay.pokemonshowdown.com/gen7randomdoublesbattle-865046831.json

Or, if you only need the log itself, add `.log` instead:

https://replay.pokemonshowdown.com/gen7randomdoublesbattle-865046831.log

-->

<link rel="stylesheet" href="//pokemonshowdown.com/style/global.css?0.023195364461161105" />
<link rel="stylesheet" href="//play.pokemonshowdown.com/style/font-awesome.css?0.13261647063804238" />
<link rel="stylesheet" href="//play.pokemonshowdown.com/style/battle.css?0.8753245789963631" />
<link rel="stylesheet" href="//play.pokemonshowdown.com/style/utilichart.css?0.8627959624976733" />

<!-- Global site tag (gtag.js) - Google Analytics -->
<script async src="https://www.googletagmanager.com/gtag/js?id=UA-26211653-1"></script>
<script>
  window.dataLayer = window.dataLayer || [];
  function gtag(){dataLayer.push(arguments);}
  gtag('js', new Date());

  gtag('config', 'UA-26211653-1');
</script>
<!-- End Google Analytics -->
<!-- Venatus Ad Manager - Install in <HEAD> of page -->
	<script src="https://hb.vntsm.com/v3/live/ad-manager.min.js" type="text/javascript" data-site-id="642aba63ec9a7b11c3c9c1be" data-mode="scan" async></script>
<!-- / Venatus Ad Manager -->

<style>
	@media (max-width:820px) {
		.battle {
			margin: 0 auto;
		}
		.battle-log {
			margin: 7px auto 0;
			max-width: 640px;
			height: 300px;
			position: static;
		}
	}
	.optgroup {
		display: inline-block;
		line-height: 22px;
		font-size: 10pt;
	}
	.optgroup .button {
		height: 25px;
		padding-top: 0;
		padding-bottom: 0;
	}
	.optgroup button.button {
		padding-left: 12px;
		padding-right: 12px;
	}
	.linklist {
		list-style: none;
		margin: 0.5em 0;
		padding: 0;
	}
	.linklist li {
		padding: 2px 0;
	}
	.sidebar {
		float: left;
		width: 320px;
	}
	.bar-wrapper {
		max-width: 1100px;
		margin: 0 auto;
	}
	.bar-wrapper.has-sidebar {
		max-width: 1430px;
	}
	.mainbar {
		margin: 0;
		padding-right: 1px;
	}
	.mainbar.has-sidebar {
		margin-left: 330px;
	}
	@media (min-width: 1511px) {
		.sidebar {
			width: 400px;
		}
		.bar-wrapper.has-sidebar {
			max-width: 1510px;
		}
		.mainbar.has-sidebar {
			margin-left: 410px;
		}
	}
	.section.first-section {
		margin-top: 9px;
	}
	.blocklink small {
		white-space: normal;
	}
	.button {
		vertical-align: middle;
	}
	.replay-controls {
		padding-top: 10px;
	}
	.replay-controls h1 {
		font-size: 16pt;
		font-weight: normal;
		color: #CCC;
	}
	.pagelink {
		text-align: center;
	}
	.pagelink a {
		width: 150px;
	}
	.textbox, .button {
		font-size: 11pt;
		vertical-align: middle;
	}
	@media (max-width: 450px) {
		.button {
			font-size: 9pt;
		}
	}
</style>

<div>

	<header>
		<div class="nav-wrapper"><ul class="nav">
			<li><a class="button nav-first" href="//pokemonshowdown.com/"><img src="//pokemonshowdown.com/images/pokemonshowdownbeta.png" srcset="//pokemonshowdown.com/images/pokemonshowdownbeta.png 1x, //pokemonshowdown.com/images/pokemonshowdownbeta@2x.png 2x" alt="Pok&eacute;mon Showdown" width="146" height="44" /> Home</a></li>
			<li><a class="button" href="//pokemonshowdown.com/dex/">Pok&eacute;dex</a></li>
			<li><a class="button cur" href="/">Replays</a></li>
			<li><a class="button" href="//pokemonshowdown.com/ladder/">Ladder</a></li>
			<li><a class="button nav-last" href="//pokemonshowdown.com/forums/">Forum</a></li>
			<li><a class="button greenbutton nav-first nav-last" href="//play.pokemonshowdown.com/">Play</a></li>
		</ul></div>
	</header>

	<div class="main" id="main">

		<noscript><section class="section">You need to enable JavaScript to use this page; sorry!</section></noscript>

	</div>

</div>

<script defer nomodule src="//play.pokemonshowdown.com/js/lib/ps-polyfill.js"></script>
<script defer src="//play.pokemonshowdown.com/js/lib/preact.min.js"></script>

<script defer src="//play.pokemonshowdown.com/config/config.js?2bddbc15"></script>
<script defer src="//play.pokemonshowdown.com/js/lib/jquery-1.11.0.min.js"></script>
<script defer src="//play.pokemonshowdown.com/js/lib/html-sanitizer-minified.js"></script>
<script defer src="//play.pokemonshowdown.com/js/battle-sound.js"></script>
<script defer src="//play.pokemonshowdown.com/js/battledata.js?0.7209276989879541"></script>
<script defer src="//play.pokemonshowdown.com/data/pokedex-mini.js?0.6111056340867951"></script>
<script defer src="//play.pokemonshowdown.com/data/pokedex-mini-bw.js?0.3532142036491459"></script>
<script defer src="//play.pokemonshowdown.com/data/graphics.js?0.24223875632456182"></script>
<script defer src="//play.pokemonshowdown.com/data/pokedex.js?0.38839984266356864"></script>
<script defer src="//play.pokemonshowdown.com/data/moves.js?0.21866028504024015"></script>
<script defer src="//play.pokemonshowdown.com/data/abilities.js?0.2005157953846628"></script>
<script defer src="//play.pokemonshowdown.com/data/items.js?0.9894211263848525"></script>
<script defer src="//play.pokemonshowdown.com/data/teambuilder-tables.js?0.6008791140282215"></script>
<script defer src="//play.pokemonshowdown.com/js/battle-tooltips.js?0.7580118955022959"></script>
<script defer src="//play.pokemonshowdown.com/js/battle.js?0.6057722274234274"></script>

<script defer src="js/utils.js?e31f9a17"></script>
<script defer src="js/replays-battle.js?7008c182"></script>

<!-- don't scrape this data! just add .json or .log after the URL!
Full API docs: https://github.com/smogon/pokemon-showdown-client/blob/master/WEB-API.md -->
<script type="text/plain" class="log" id="replaylog-smogtours-gen3ou-798321">
|inactive|Battle timer is ON: inactive players will automatically lose when time's up.
|t:|1728848676
|gametype|singles
|player|p1|Lunarvania|sage|
|player|p2|Wolf Turds|2|
|teamsize|p1|6
|teamsize|p2|6
|gen|3
|tier|[Gen 3] OU
|rule|Sleep Clause Mod: Limit one foe put to sleep
|rule|Switch Priority Clause Mod: Faster Pokémon switch first
|rule|Species Clause: Limit one of each Pokémon
|rule|OHKO Clause: OHKO moves are banned
|rule|Evasion Items Clause: Evasion items are banned
|rule|Evasion Moves Clause: Evasion moves are banned
|rule|Endless Battle Clause: Forcing endless battles is banned
|rule|HP Percentage Mod: HP is shown in percentages
|rule|One Boost Passer Clause: Limit one Baton Passer that has a way to boost its stats
|rule|Freeze Clause Mod: Limit one foe frozen
|
|t:|1728848676
|start
|switch|p1a: Salamence|Salamence, F|100/100
|switch|p2a: Skarmory|Skarmory, M|100/100
|-ability|p1a: Salamence|Intimidate|boost
|-unboost|p2a: Skarmory|atk|1
|turn|1
|
|t:|1728848684
|move|p2a: Skarmory|Protect|p2a: Skarmory
|-singleturn|p2a: Skarmory|Protect
|move|p1a: Salamence|Fire Blast|p2a: Skarmory
|-activate|p2a: Skarmory|Protect
|
|upkeep
|turn|2
|
|t:|1728848688
|switch|p2a: Tyranitar|Tyranitar, M|100/100
|-weather|Sandstorm|[from] ability: Sand Stream|[of] p2a: Tyranitar
|move|p1a: Salamence|Fire Blast|p2a: Tyranitar
|-resisted|p2a: Tyranitar
|-crit|p2a: Tyranitar
|-damage|p2a: Tyranitar|68/100
|
|-weather|Sandstorm|[upkeep]
|-damage|p1a: Salamence|94/100|[from] Sandstorm
|-heal|p1a: Salamence|100/100|[from] item: Leftovers
|-heal|p2a: Tyranitar|74/100|[from] item: Leftovers
|upkeep
|turn|3
|
|t:|1728848696
|switch|p2a: Gengar|Gengar, M|100/100
|move|p1a: Salamence|Brick Break|p2a: Gengar
|-immune|p2a: Gengar
|
|-weather|Sandstorm|[upkeep]
|-damage|p2a: Gengar|95/100|[from] Sandstorm
|-damage|p1a: Salamence|94/100|[from] Sandstorm
|-heal|p2a: Gengar|100/100|[from] item: Leftovers
|-heal|p1a: Salamence|100/100|[from] item: Leftovers
|upkeep
|turn|4
|
|t:|1728848726
|switch|p1a: Celebi|Celebi|100/100
|move|p2a: Gengar|Ice Punch|p1a: Celebi
|-supereffective|p1a: Celebi
|-damage|p1a: Celebi|57/100
|
|-weather|Sandstorm|[upkeep]
|-damage|p2a: Gengar|95/100|[from] Sandstorm
|-damage|p1a: Celebi|51/100|[from] Sandstorm
|-heal|p2a: Gengar|100/100|[from] item: Leftovers
|-heal|p1a: Celebi|57/100|[from] item: Leftovers
|upkeep
|turn|5
|inactive|Wolf Turds has 270 seconds left.
|
|t:|1728848772
|move|p2a: Gengar|Ice Punch|p1a: Celebi
|-supereffective|p1a: Celebi
|-damage|p1a: Celebi|15/100
|move|p1a: Celebi|Psychic|p2a: Gengar
|-supereffective|p2a: Gengar
|-damage|p2a: Gengar|0 fnt
|faint|p2a: Gengar
|inactive|Wolf Turds has 240 seconds left.
|inactive|Wolf Turds has 210 seconds left.
|
|t:|1728848813
|switch|p2a: Metagross|Metagross|100/100
|
|-weather|Sandstorm|[upkeep]
|-damage|p1a: Celebi|9/100|[from] Sandstorm
|-heal|p1a: Celebi|15/100|[from] item: Leftovers
|upkeep
|turn|6
|inactive|Wolf Turds has 210 seconds left.
|
|t:|1728848828
|switch|p2a: Jolteon|Jolteon, F|100/100
|move|p1a: Celebi|Hidden Power|p2a: Jolteon
|-crit|p2a: Jolteon
|-damage|p2a: Jolteon|45/100
|
|-weather|Sandstorm|[upkeep]
|-damage|p2a: Jolteon|39/100|[from] Sandstorm
|-damage|p1a: Celebi|9/100|[from] Sandstorm
|-heal|p2a: Jolteon|45/100|[from] item: Leftovers
|-heal|p1a: Celebi|15/100|[from] item: Leftovers
|upkeep
|turn|7
|c|☆Lunarvania|mb
|
|t:|1728848843
|move|p2a: Jolteon|Thunderbolt|p1a: Celebi
|-resisted|p1a: Celebi
|-damage|p1a: Celebi|0 fnt
|faint|p1a: Celebi
|c|☆Wolf Turds|not my series lol
|
|t:|1728848856
|switch|p1a: Tyranitar|Tyranitar, M|100/100
|
|-weather|Sandstorm|[upkeep]
|-damage|p2a: Jolteon|39/100|[from] Sandstorm
|-heal|p2a: Jolteon|45/100|[from] item: Leftovers
|upkeep
|turn|8
|
|t:|1728848864
|move|p2a: Jolteon|Thunder Wave|p1a: Tyranitar
|-status|p1a: Tyranitar|par
|cant|p1a: Tyranitar|par
|
|-weather|Sandstorm|[upkeep]
|-damage|p2a: Jolteon|39/100|[from] Sandstorm
|-heal|p2a: Jolteon|45/100|[from] item: Leftovers
|upkeep
|turn|9
|
|t:|1728848875
|switch|p2a: Skarmory|Skarmory, M|100/100
|cant|p1a: Tyranitar|par
|
|-weather|Sandstorm|[upkeep]
|upkeep
|turn|10
|c|☆Wolf Turds|nevermind lol
|c|☆Lunarvania|lol
|
|t:|1728848895
|switch|p1a: Salamence|Salamence, F|100/100
|-ability|p1a: Salamence|Intimidate|boost
|-unboost|p2a: Skarmory|atk|1
|move|p2a: Skarmory|Spikes|p1a: Salamence
|-sidestart|p1: Lunarvania|Spikes
|
|-weather|Sandstorm|[upkeep]
|-damage|p1a: Salamence|94/100|[from] Sandstorm
|-heal|p1a: Salamence|100/100|[from] item: Leftovers
|upkeep
|turn|11
|
|t:|1728848908
|switch|p2a: Starmie|Starmie|100/100
|move|p1a: Salamence|Dragon Claw|p2a: Starmie
|-crit|p2a: Starmie
|-damage|p2a: Starmie|0 fnt
|faint|p2a: Starmie
|c|☆Wolf Turds|nevermind again haha
|
|t:|1728848925
|switch|p2a: Metagross|Metagross|100/100
|
|-weather|Sandstorm|[upkeep]
|-damage|p1a: Salamence|94/100|[from] Sandstorm
|-heal|p1a: Salamence|100/100|[from] item: Leftovers
|upkeep
|turn|12
|
|t:|1728848936
|move|p1a: Salamence|Fire Blast|p2a: Metagross
|-supereffective|p2a: Metagross
|-damage|p2a: Metagross|8/100
|-status|p2a: Metagross|brn
|move|p2a: Metagross|Explosion|p1a: Salamence
|-damage|p1a: Salamence|0 fnt
|faint|p2a: Metagross
|faint|p1a: Salamence
|c|☆Lunarvania|no way i got the burn too
|c|☆Lunarvania|holy shit
|
|t:|1728848959
|switch|p1a: Aerodactyl|Aerodactyl, F|100/100
|switch|p2a: Tyranitar|Tyranitar, M|74/100
|
|-weather|Sandstorm|[upkeep]
|-heal|p2a: Tyranitar|80/100|[from] item: Leftovers
|upkeep
|turn|13
|
|t:|1728848970
|move|p1a: Aerodactyl|Earthquake|p2a: Tyranitar
|-supereffective|p2a: Tyranitar
|-damage|p2a: Tyranitar|14/100
|move|p2a: Tyranitar|Rock Slide|p1a: Aerodactyl
|-supereffective|p1a: Aerodactyl
|-damage|p1a: Aerodactyl|0 fnt
|faint|p1a: Aerodactyl
|
|t:|1728848976
|switch|p1a: Swampert|Swampert, M|100/100
|-damage|p1a: Swampert|88/100|[from] Spikes
|
|-weather|Sandstorm|[upkeep]
|-heal|p2a: Tyranitar|21/100|[from] item: Leftovers
|-heal|p1a: Swampert|94/100|[from] item: Leftovers
|upkeep
|turn|14
|
|t:|1728848980
|switch|p2a: Skarmory|Skarmory, M|100/100
|move|p1a: Swampert|Earthquake|p2a: Skarmory
|-immune|p2a: Skarmory
|
|-weather|Sandstorm|[upkeep]
|-heal|p1a: Swampert|100/100|[from] item: Leftovers
|upkeep
|turn|15
|inactive|Wolf Turds has 240 seconds left.
|
|t:|1728848993
|switch|p1a: Tyranitar|Tyranitar, M|100/100 par
|-damage|p1a: Tyranitar|88/100 par|[from] Spikes
|move|p2a: Skarmory|Spikes|p1a: Tyranitar
|-sidestart|p1: Lunarvania|Spikes
|
|-weather|Sandstorm|[upkeep]
|-heal|p1a: Tyranitar|94/100 par|[from] item: Leftovers
|upkeep
|turn|16
|
|t:|1728848998
|move|p2a: Skarmory|Spikes|p1a: Tyranitar
|-sidestart|p1: Lunarvania|Spikes
|cant|p1a: Tyranitar|par
|
|-weather|Sandstorm|[upkeep]
|-heal|p1a: Tyranitar|100/100 par|[from] item: Leftovers
|upkeep
|turn|17
|
|t:|1728849003
|move|p1a: Tyranitar|Rock Slide|p2a: Skarmory
|-crit|p2a: Skarmory
|-damage|p2a: Skarmory|36/100
|move|p2a: Skarmory|Roar|p1a: Tyranitar
|drag|p1a: Swampert|Swampert, M|100/100
|-damage|p1a: Swampert|76/100|[from] Spikes
|
|-weather|Sandstorm|[upkeep]
|-heal|p2a: Skarmory|42/100|[from] item: Leftovers
|-heal|p1a: Swampert|82/100|[from] item: Leftovers
|upkeep
|turn|18
|
|t:|1728849009
|move|p2a: Skarmory|Toxic|p1a: Swampert
|-status|p1a: Swampert|tox
|move|p1a: Swampert|Hydro Pump|p2a: Skarmory
|-damage|p2a: Skarmory|0 fnt
|faint|p2a: Skarmory
|
|t:|1728849017
|switch|p2a: Tyranitar|Tyranitar, M|21/100
|
|-weather|Sandstorm|[upkeep]
|-heal|p2a: Tyranitar|27/100|[from] item: Leftovers
|-heal|p1a: Swampert|88/100 tox|[from] item: Leftovers
|-damage|p1a: Swampert|82/100 tox|[from] psn
|upkeep
|turn|19
|inactive|Wolf Turds has 270 seconds left.
|
|t:|1728849023
|switch|p1a: Skarmory|Skarmory, F|100/100
|move|p2a: Tyranitar|Earthquake|p1a: Skarmory
|-immune|p1a: Skarmory
|
|-weather|Sandstorm|[upkeep]
|-heal|p2a: Tyranitar|33/100|[from] item: Leftovers
|upkeep
|turn|20
|
|t:|1728849030
|-singleturn|p2a: Tyranitar|move: Focus Punch
|move|p1a: Skarmory|Toxic|p2a: Tyranitar|[miss]
|-miss|p1a: Skarmory|p2a: Tyranitar
|move|p2a: Tyranitar|Focus Punch|p1a: Skarmory
|-damage|p1a: Skarmory|56/100
|
|-weather|Sandstorm|[upkeep]
|-heal|p1a: Skarmory|62/100|[from] item: Leftovers
|-heal|p2a: Tyranitar|39/100|[from] item: Leftovers
|upkeep
|turn|21
|
|t:|1728849037
|move|p1a: Skarmory|Drill Peck|p2a: Tyranitar
|-resisted|p2a: Tyranitar
|-damage|p2a: Tyranitar|30/100
|move|p2a: Tyranitar|Rock Slide|p1a: Skarmory
|-damage|p1a: Skarmory|28/100
|
|-weather|Sandstorm|[upkeep]
|-heal|p1a: Skarmory|34/100|[from] item: Leftovers
|-heal|p2a: Tyranitar|36/100|[from] item: Leftovers
|upkeep
|turn|22
|
|t:|1728849042
|move|p1a: Skarmory|Toxic|p2a: Tyranitar
|-status|p2a: Tyranitar|tox
|move|p2a: Tyranitar|Rock Slide|p1a: Skarmory
|-damage|p1a: Skarmory|0 fnt
|faint|p1a: Skarmory
|
|t:|1728849048
|switch|p1a: Tyranitar|Tyranitar, M|100/100 par
|-damage|p1a: Tyranitar|75/100 par|[from] Spikes
|
|-weather|Sandstorm|[upkeep]
|-heal|p2a: Tyranitar|43/100 tox|[from] item: Leftovers
|-damage|p2a: Tyranitar|36/100 tox|[from] psn
|-heal|p1a: Tyranitar|82/100 par|[from] item: Leftovers
|upkeep
|turn|23
|
|t:|1728849051
|move|p2a: Tyranitar|Earthquake|p1a: Tyranitar
|-supereffective|p1a: Tyranitar
|-damage|p1a: Tyranitar|25/100 par
|cant|p1a: Tyranitar|par
|
|-weather|Sandstorm|[upkeep]
|-heal|p2a: Tyranitar|43/100 tox|[from] item: Leftovers
|-damage|p2a: Tyranitar|30/100 tox|[from] psn
|-heal|p1a: Tyranitar|31/100 par|[from] item: Leftovers
|upkeep
|turn|24
|
|t:|1728849059
|move|p2a: Tyranitar|Earthquake|p1a: Tyranitar
|-supereffective|p1a: Tyranitar
|-damage|p1a: Tyranitar|0 fnt
|faint|p1a: Tyranitar
|
|t:|1728849061
|switch|p1a: Swampert|Swampert, M|82/100 tox
|-damage|p1a: Swampert|57/100 tox|[from] Spikes
|
|-weather|Sandstorm|[upkeep]
|-heal|p2a: Tyranitar|36/100 tox|[from] item: Leftovers
|-damage|p2a: Tyranitar|18/100 tox|[from] psn
|-heal|p1a: Swampert|63/100 tox|[from] item: Leftovers
|-damage|p1a: Swampert|57/100 tox|[from] psn
|upkeep
|turn|25
|
|t:|1728849064
|move|p2a: Tyranitar|Earthquake|p1a: Swampert
|-damage|p1a: Swampert|23/100 tox
|move|p1a: Swampert|Earthquake|p2a: Tyranitar
|-supereffective|p2a: Tyranitar
|-damage|p2a: Tyranitar|0 fnt
|faint|p2a: Tyranitar
|c|☆Wolf Turds|off all the games this was one of them
|
|t:|1728849076
|switch|p2a: Jolteon|Jolteon, F|45/100
|
|-weather|Sandstorm|[upkeep]
|-damage|p2a: Jolteon|39/100|[from] Sandstorm
|-heal|p2a: Jolteon|45/100|[from] item: Leftovers
|-heal|p1a: Swampert|29/100 tox|[from] item: Leftovers
|-damage|p1a: Swampert|16/100 tox|[from] psn
|upkeep
|turn|26
|c|☆Wolf Turds|gg
|
|t:|1728849084
|move|p2a: Jolteon|Hidden Power|p1a: Swampert
|-supereffective|p1a: Swampert
|-damage|p1a: Swampert|0 fnt
|faint|p1a: Swampert
|
|win|Wolf Turds
|c|☆Lunarvania|gg
|player|p1|
|player|p1|Lunarvania|sage|

</script>
<script type="application/json" class="data" id="replaydata-smogtours-gen3ou-798321">
{"id":"smogtours-gen3ou-798321","format":"[Gen 3] OU","players":["Lunarvania","Wolf Turds"],"uploadtime":1728849084,"views":136,"formatid":"gen3ou","rating":null,"private":0,"password":null}
</script>

<script defer src="js/replays.js?9d40a366"></script>
