<!DOCTYPE html>
<meta charset="utf-8" />
<meta name="viewport" content="width=device-width" />

<title>[Gen 3] OU: fayestra vs. singingcrow - Replays - Pok&eacute;mon Showdown!</title>

<meta name="description" content="Watch a replay of a Pok&eacute;mon battle between fayestra and singingcrow! Format: [Gen 3] OU; Date: Oct 5, 2024" />
<!--

Hey, you! Looking in the source for the replay log?

You can find them in JSON format, just add `.json` at the end of a replay URL.

https://replay.pokemonshowdown.com/gen7randomdoublesbattle-865046831.json

Or, if you only need the log itself, add `.log` instead:

https://replay.pokemonshowdown.com/gen7randomdoublesbattle-865046831.log

-->

<link rel="stylesheet" href="//pokemonshowdown.com/style/global.css?0.023195364461161105" />
<link rel="stylesheet" href="//play.pokemonshowdown.com/style/font-awesome.css?0.13261647063804238" />
<link rel="stylesheet" href="//play.pokemonshowdown.com/style/battle.css?0.8753245789963631" />
<link rel="stylesheet" href="//play.pokemonshowdown.com/style/utilichart.css?0.8627959624976733" />

<!-- Global site tag (gtag.js) - Google Analytics -->
<script async src="https://www.googletagmanager.com/gtag/js?id=UA-26211653-1"></script>
<script>
  window.dataLayer = window.dataLayer || [];
  function gtag(){dataLayer.push(arguments);}
  gtag('js', new Date());

  gtag('config', 'UA-26211653-1');
</script>
<!-- End Google Analytics -->
<!-- Venatus Ad Manager - Install in <HEAD> of page -->
	<script src="https://hb.vntsm.com/v3/live/ad-manager.min.js" type="text/javascript" data-site-id="642aba63ec9a7b11c3c9c1be" data-mode="scan" async></script>
<!-- / Venatus Ad Manager -->

<style>
	@media (max-width:820px) {
		.battle {
			margin: 0 auto;
		}
		.battle-log {
			margin: 7px auto 0;
			max-width: 640px;
			height: 300px;
			position: static;
		}
	}
	.optgroup {
		display: inline-block;
		line-height: 22px;
		font-size: 10pt;
	}
	.optgroup .button {
		height: 25px;
		padding-top: 0;
		padding-bottom: 0;
	}
	.optgroup button.button {
		padding-left: 12px;
		padding-right: 12px;
	}
	.linklist {
		list-style: none;
		margin: 0.5em 0;
		padding: 0;
	}
	.linklist li {
		padding: 2px 0;
	}
	.sidebar {
		float: left;
		width: 320px;
	}
	.bar-wrapper {
		max-width: 1100px;
		margin: 0 auto;
	}
	.bar-wrapper.has-sidebar {
		max-width: 1430px;
	}
	.mainbar {
		margin: 0;
		padding-right: 1px;
	}
	.mainbar.has-sidebar {
		margin-left: 330px;
	}
	@media (min-width: 1511px) {
		.sidebar {
			width: 400px;
		}
		.bar-wrapper.has-sidebar {
			max-width: 1510px;
		}
		.mainbar.has-sidebar {
			margin-left: 410px;
		}
	}
	.section.first-section {
		margin-top: 9px;
	}
	.blocklink small {
		white-space: normal;
	}
	.button {
		vertical-align: middle;
	}
	.replay-controls {
		padding-top: 10px;
	}
	.replay-controls h1 {
		font-size: 16pt;
		font-weight: normal;
		color: #CCC;
	}
	.pagelink {
		text-align: center;
	}
	.pagelink a {
		width: 150px;
	}
	.textbox, .button {
		font-size: 11pt;
		vertical-align: middle;
	}
	@media (max-width: 450px) {
		.button {
			font-size: 9pt;
		}
	}
</style>

<div>

	<header>
		<div class="nav-wrapper"><ul class="nav">
			<li><a class="button nav-first" href="//pokemonshowdown.com/"><img src="//pokemonshowdown.com/images/pokemonshowdownbeta.png" srcset="//pokemonshowdown.com/images/pokemonshowdownbeta.png 1x, //pokemonshowdown.com/images/pokemonshowdownbeta@2x.png 2x" alt="Pok&eacute;mon Showdown" width="146" height="44" /> Home</a></li>
			<li><a class="button" href="//pokemonshowdown.com/dex/">Pok&eacute;dex</a></li>
			<li><a class="button cur" href="/">Replays</a></li>
			<li><a class="button" href="//pokemonshowdown.com/ladder/">Ladder</a></li>
			<li><a class="button nav-last" href="//pokemonshowdown.com/forums/">Forum</a></li>
			<li><a class="button greenbutton nav-first nav-last" href="//play.pokemonshowdown.com/">Play</a></li>
		</ul></div>
	</header>

	<div class="main" id="main">

		<noscript><section class="section">You need to enable JavaScript to use this page; sorry!</section></noscript>

	</div>

</div>

<script defer nomodule src="//play.pokemonshowdown.com/js/lib/ps-polyfill.js"></script>
<script defer src="//play.pokemonshowdown.com/js/lib/preact.min.js"></script>

<script defer src="//play.pokemonshowdown.com/config/config.js?2bddbc15"></script>
<script defer src="//play.pokemonshowdown.com/js/lib/jquery-1.11.0.min.js"></script>
<script defer src="//play.pokemonshowdown.com/js/lib/html-sanitizer-minified.js"></script>
<script defer src="//play.pokemonshowdown.com/js/battle-sound.js"></script>
<script defer src="//play.pokemonshowdown.com/js/battledata.js?0.7209276989879541"></script>
<script defer src="//play.pokemonshowdown.com/data/pokedex-mini.js?0.6111056340867951"></script>
<script defer src="//play.pokemonshowdown.com/data/pokedex-mini-bw.js?0.3532142036491459"></script>
<script defer src="//play.pokemonshowdown.com/data/graphics.js?0.24223875632456182"></script>
<script defer src="//play.pokemonshowdown.com/data/pokedex.js?0.38839984266356864"></script>
<script defer src="//play.pokemonshowdown.com/data/moves.js?0.21866028504024015"></script>
<script defer src="//play.pokemonshowdown.com/data/abilities.js?0.2005157953846628"></script>
<script defer src="//play.pokemonshowdown.com/data/items.js?0.9894211263848525"></script>
<script defer src="//play.pokemonshowdown.com/data/teambuilder-tables.js?0.6008791140282215"></script>
<script defer src="//play.pokemonshowdown.com/js/battle-tooltips.js?0.7580118955022959"></script>
<script defer src="//play.pokemonshowdown.com/js/battle.js?0.6057722274234274"></script>

<script defer src="js/utils.js?e31f9a17"></script>
<script defer src="js/replays-battle.js?7008c182"></script>

<!-- don't scrape this data! just add .json or .log after the URL!
Full API docs: https://github.com/smogon/pokemon-showdown-client/blob/master/WEB-API.md -->
<script type="text/plain" class="log" id="replaylog-smogtours-gen3ou-794785">
|inactive|Battle timer is ON: inactive players will automatically lose when time's up.
|t:|1728086831
|gametype|singles
|player|p1|fayestra|kris-gen2|
|player|p2|singingcrow|170|
|teamsize|p1|6
|teamsize|p2|6
|gen|3
|tier|[Gen 3] OU
|rule|Sleep Clause Mod: Limit one foe put to sleep
|rule|Switch Priority Clause Mod: Faster Pokémon switch first
|rule|Species Clause: Limit one of each Pokémon
|rule|OHKO Clause: OHKO moves are banned
|rule|Evasion Items Clause: Evasion items are banned
|rule|Evasion Moves Clause: Evasion moves are banned
|rule|Endless Battle Clause: Forcing endless battles is banned
|rule|HP Percentage Mod: HP is shown in percentages
|rule|One Boost Passer Clause: Limit one Baton Passer that has a way to boost its stats
|rule|Freeze Clause Mod: Limit one foe frozen
|
|t:|1728086831
|start
|switch|p1a: Tyranitar|Tyranitar, M|100/100
|switch|p2a: Suicune|Suicune|100/100
|-weather|Sandstorm|[from] ability: Sand Stream|[of] p1a: Tyranitar
|turn|1
|
|t:|1728086858
|switch|p1a: Celebi|Celebi|100/100
|move|p2a: Suicune|Hydro Pump|p1a: Celebi
|-resisted|p1a: Celebi
|-damage|p1a: Celebi|78/100
|
|-weather|Sandstorm|[upkeep]
|-damage|p1a: Celebi|72/100|[from] Sandstorm
|-damage|p2a: Suicune|94/100|[from] Sandstorm
|-heal|p1a: Celebi|78/100|[from] item: Leftovers
|-heal|p2a: Suicune|100/100|[from] item: Leftovers
|upkeep
|turn|2
|
|t:|1728086864
|move|p1a: Celebi|Leech Seed|p2a: Suicune
|-start|p2a: Suicune|move: Leech Seed
|move|p2a: Suicune|Ice Beam|p1a: Celebi
|-supereffective|p1a: Celebi
|-damage|p1a: Celebi|32/100
|
|-weather|Sandstorm|[upkeep]
|-damage|p1a: Celebi|26/100|[from] Sandstorm
|-damage|p2a: Suicune|94/100|[from] Sandstorm
|-heal|p1a: Celebi|32/100|[from] item: Leftovers
|-heal|p2a: Suicune|100/100|[from] item: Leftovers
|-damage|p2a: Suicune|88/100|[from] Leech Seed|[of] p1a: Celebi
|-heal|p1a: Celebi|44/100|[silent]
|upkeep
|turn|3
|
|t:|1728086877
|switch|p2a: Snorlax|Snorlax, M|100/100
|move|p1a: Celebi|Giga Drain|p2a: Snorlax
|-damage|p2a: Snorlax|82/100
|-heal|p1a: Celebi|54/100|[from] drain|[of] p2a: Snorlax
|
|-weather|Sandstorm|[upkeep]
|-damage|p1a: Celebi|48/100|[from] Sandstorm
|-damage|p2a: Snorlax|76/100|[from] Sandstorm
|-heal|p1a: Celebi|54/100|[from] item: Leftovers
|-heal|p2a: Snorlax|82/100|[from] item: Leftovers
|upkeep
|turn|4
|
|t:|1728086887
|switch|p1a: Skarmory|Skarmory, F|100/100
|move|p2a: Snorlax|Earthquake|p1a: Skarmory
|-immune|p1a: Skarmory
|
|-weather|Sandstorm|[upkeep]
|-damage|p2a: Snorlax|76/100|[from] Sandstorm
|-heal|p2a: Snorlax|82/100|[from] item: Leftovers
|upkeep
|turn|5
|
|t:|1728086891
|switch|p2a: Magneton|Magneton|100/100
|move|p1a: Skarmory|Spikes|p2a: Magneton
|-sidestart|p2: singingcrow|Spikes
|
|-weather|Sandstorm|[upkeep]
|upkeep
|turn|6
|
|t:|1728086894
|move|p2a: Magneton|Thunderbolt|p1a: Skarmory
|-supereffective|p1a: Skarmory
|-damage|p1a: Skarmory|0 fnt
|faint|p1a: Skarmory
|
|t:|1728086901
|switch|p1a: Salamence|Salamence, F|100/100
|-ability|p1a: Salamence|Intimidate|boost
|-unboost|p2a: Magneton|atk|1
|
|-weather|Sandstorm|[upkeep]
|-damage|p1a: Salamence|94/100|[from] Sandstorm
|-heal|p1a: Salamence|100/100|[from] item: Leftovers
|upkeep
|turn|7
|
|t:|1728086909
|move|p1a: Salamence|Fire Blast|p2a: Magneton
|-supereffective|p2a: Magneton
|-damage|p2a: Magneton|0 fnt
|faint|p2a: Magneton
|
|t:|1728086912
|switch|p2a: Suicune|Suicune|88/100
|-damage|p2a: Suicune|76/100|[from] Spikes
|
|-weather|Sandstorm|[upkeep]
|-damage|p1a: Salamence|94/100|[from] Sandstorm
|-damage|p2a: Suicune|70/100|[from] Sandstorm
|-heal|p1a: Salamence|100/100|[from] item: Leftovers
|-heal|p2a: Suicune|76/100|[from] item: Leftovers
|upkeep
|turn|8
|
|t:|1728086920
|switch|p1a: Celebi|Celebi|54/100
|move|p2a: Suicune|Ice Beam|p1a: Celebi
|-supereffective|p1a: Celebi
|-damage|p1a: Celebi|3/100
|-status|p1a: Celebi|frz
|
|-weather|Sandstorm|[upkeep]
|-damage|p1a: Celebi|0 fnt|[from] Sandstorm
|-damage|p2a: Suicune|70/100|[from] Sandstorm
|faint|p1a: Celebi
|-heal|p2a: Suicune|76/100|[from] item: Leftovers
|upkeep
|
|t:|1728086941
|switch|p1a: Gengar|Gengar, F|100/100
|turn|9
|
|t:|1728086952
|switch|p2a: Salamence|Salamence, M|100/100
|-ability|p2a: Salamence|Intimidate|boost
|-unboost|p1a: Gengar|atk|1
|move|p1a: Gengar|Will-O-Wisp|p2a: Salamence
|-status|p2a: Salamence|brn
|
|-weather|Sandstorm|[upkeep]
|-damage|p1a: Gengar|94/100|[from] Sandstorm
|-damage|p2a: Salamence|94/100 brn|[from] Sandstorm
|-heal|p1a: Gengar|100/100|[from] item: Leftovers
|-heal|p2a: Salamence|100/100 brn|[from] item: Leftovers
|-damage|p2a: Salamence|88/100 brn|[from] brn
|upkeep
|turn|10
|
|t:|1728086967
|switch|p2a: Metagross|Metagross|100/100
|-damage|p2a: Metagross|88/100|[from] Spikes
|move|p1a: Gengar|Ice Punch|p2a: Metagross
|-resisted|p2a: Metagross
|-damage|p2a: Metagross|76/100
|
|-weather|Sandstorm|[upkeep]
|-damage|p1a: Gengar|94/100|[from] Sandstorm
|-heal|p1a: Gengar|100/100|[from] item: Leftovers
|upkeep
|turn|11
|
|t:|1728086973
|move|p1a: Gengar|Will-O-Wisp|p2a: Metagross
|-status|p2a: Metagross|brn
|move|p2a: Metagross|Meteor Mash|p1a: Gengar|[miss]
|-miss|p2a: Metagross|p1a: Gengar
|
|-weather|Sandstorm|[upkeep]
|-damage|p1a: Gengar|94/100|[from] Sandstorm
|-heal|p1a: Gengar|100/100|[from] item: Leftovers
|-damage|p2a: Metagross|63/100 brn|[from] brn
|upkeep
|turn|12
|
|t:|1728086979
|switch|p1a: Metagross|Metagross|100/100
|move|p2a: Metagross|Meteor Mash|p1a: Metagross
|-resisted|p1a: Metagross
|-damage|p1a: Metagross|84/100
|
|-weather|Sandstorm|[upkeep]
|-damage|p2a: Metagross|51/100 brn|[from] brn
|-heal|p1a: Metagross|90/100|[from] item: Leftovers
|upkeep
|turn|13
|
|t:|1728086983
|switch|p2a: Suicune|Suicune|76/100
|-damage|p2a: Suicune|64/100|[from] Spikes
|move|p1a: Metagross|Meteor Mash|p2a: Suicune
|-resisted|p2a: Suicune
|-damage|p2a: Suicune|39/100
|
|-weather|Sandstorm|[upkeep]
|-damage|p2a: Suicune|33/100|[from] Sandstorm
|-heal|p2a: Suicune|39/100|[from] item: Leftovers
|-heal|p1a: Metagross|96/100|[from] item: Leftovers
|upkeep
|turn|14
|
|t:|1728086994
|switch|p1a: Salamence|Salamence, F|100/100
|-ability|p1a: Salamence|Intimidate|boost
|-unboost|p2a: Suicune|atk|1
|move|p2a: Suicune|Hydro Pump|p1a: Salamence
|-resisted|p1a: Salamence
|-crit|p1a: Salamence
|-damage|p1a: Salamence|34/100
|
|-weather|Sandstorm|[upkeep]
|-damage|p1a: Salamence|28/100|[from] Sandstorm
|-damage|p2a: Suicune|33/100|[from] Sandstorm
|-heal|p1a: Salamence|34/100|[from] item: Leftovers
|-heal|p2a: Suicune|39/100|[from] item: Leftovers
|upkeep
|turn|15
|
|t:|1728086998
|move|p1a: Salamence|Dragon Claw|p2a: Suicune
|-damage|p2a: Suicune|7/100
|move|p2a: Suicune|Ice Beam|p1a: Salamence
|-supereffective|p1a: Salamence
|-damage|p1a: Salamence|0 fnt
|faint|p1a: Salamence
|
|t:|1728087004
|switch|p1a: Gengar|Gengar, F|100/100
|
|-weather|Sandstorm|[upkeep]
|-damage|p1a: Gengar|94/100|[from] Sandstorm
|-damage|p2a: Suicune|1/100|[from] Sandstorm
|-heal|p1a: Gengar|100/100|[from] item: Leftovers
|-heal|p2a: Suicune|7/100|[from] item: Leftovers
|upkeep
|turn|16
|
|t:|1728087007
|move|p1a: Gengar|Thunderbolt|p2a: Suicune
|-supereffective|p2a: Suicune
|-damage|p2a: Suicune|0 fnt
|faint|p2a: Suicune
|
|t:|1728087008
|switch|p2a: Snorlax|Snorlax, M|82/100
|-damage|p2a: Snorlax|70/100|[from] Spikes
|
|-weather|Sandstorm|[upkeep]
|-damage|p1a: Gengar|94/100|[from] Sandstorm
|-damage|p2a: Snorlax|64/100|[from] Sandstorm
|-heal|p1a: Gengar|100/100|[from] item: Leftovers
|-heal|p2a: Snorlax|70/100|[from] item: Leftovers
|upkeep
|turn|17
|
|t:|1728087012
|move|p1a: Gengar|Will-O-Wisp|p2a: Snorlax
|-status|p2a: Snorlax|brn
|move|p2a: Snorlax|Shadow Ball|p1a: Gengar
|-supereffective|p1a: Gengar
|-damage|p1a: Gengar|57/100
|
|-weather|Sandstorm|[upkeep]
|-damage|p1a: Gengar|51/100|[from] Sandstorm
|-damage|p2a: Snorlax|64/100 brn|[from] Sandstorm
|-heal|p1a: Gengar|57/100|[from] item: Leftovers
|-heal|p2a: Snorlax|70/100 brn|[from] item: Leftovers
|-damage|p2a: Snorlax|57/100 brn|[from] brn
|upkeep
|turn|18
|
|t:|1728087025
|switch|p1a: Tyranitar|Tyranitar, M|100/100
|move|p2a: Snorlax|Shadow Ball|p1a: Tyranitar
|-resisted|p1a: Tyranitar
|-damage|p1a: Tyranitar|95/100
|-unboost|p1a: Tyranitar|spd|1
|
|-weather|Sandstorm|[upkeep]
|-damage|p2a: Snorlax|51/100 brn|[from] Sandstorm
|-heal|p1a: Tyranitar|100/100|[from] item: Leftovers
|-heal|p2a: Snorlax|57/100 brn|[from] item: Leftovers
|-damage|p2a: Snorlax|45/100 brn|[from] brn
|upkeep
|turn|19
|
|t:|1728087029
|move|p1a: Tyranitar|Rock Slide|p2a: Snorlax|[miss]
|-miss|p1a: Tyranitar|p2a: Snorlax
|move|p2a: Snorlax|Self-Destruct|p1a: Tyranitar
|-resisted|p1a: Tyranitar
|-damage|p1a: Tyranitar|59/100
|faint|p2a: Snorlax
|
|t:|1728087032
|switch|p2a: Heracross|Heracross, M|100/100
|-damage|p2a: Heracross|88/100|[from] Spikes
|
|-weather|Sandstorm|[upkeep]
|-damage|p2a: Heracross|82/100|[from] Sandstorm
|-heal|p1a: Tyranitar|66/100|[from] item: Leftovers
|upkeep
|turn|20
|
|t:|1728087044
|switch|p1a: Gengar|Gengar, F|57/100
|move|p2a: Heracross|Substitute|p2a: Heracross
|-start|p2a: Heracross|Substitute
|-damage|p2a: Heracross|57/100
|
|-weather|Sandstorm|[upkeep]
|-damage|p1a: Gengar|51/100|[from] Sandstorm
|-damage|p2a: Heracross|51/100|[from] Sandstorm
|-heal|p1a: Gengar|57/100|[from] item: Leftovers
|upkeep
|turn|21
|
|t:|1728087052
|move|p1a: Gengar|Thunderbolt|p2a: Heracross
|-end|p2a: Heracross|Substitute
|move|p2a: Heracross|Substitute|p2a: Heracross
|-start|p2a: Heracross|Substitute
|-damage|p2a: Heracross|26/100
|
|-weather|Sandstorm|[upkeep]
|-damage|p1a: Gengar|51/100|[from] Sandstorm
|-damage|p2a: Heracross|20/100|[from] Sandstorm
|-heal|p1a: Gengar|57/100|[from] item: Leftovers
|-enditem|p2a: Heracross|Salac Berry|[eat]
|-boost|p2a: Heracross|spe|1|[from] item: Salac Berry
|upkeep
|turn|22
|
|t:|1728087067
|move|p2a: Heracross|Megahorn|p1a: Gengar
|-resisted|p1a: Gengar
|-damage|p1a: Gengar|18/100
|move|p1a: Gengar|Thunderbolt|p2a: Heracross
|-end|p2a: Heracross|Substitute
|
|-weather|Sandstorm|[upkeep]
|-damage|p2a: Heracross|14/100|[from] Sandstorm
|-damage|p1a: Gengar|11/100|[from] Sandstorm
|-heal|p1a: Gengar|18/100|[from] item: Leftovers
|upkeep
|turn|23
|
|t:|1728087076
|switch|p1a: Tyranitar|Tyranitar, M|66/100
|move|p2a: Heracross|Rock Slide|p1a: Tyranitar
|-damage|p1a: Tyranitar|43/100
|
|-weather|Sandstorm|[upkeep]
|-damage|p2a: Heracross|8/100|[from] Sandstorm
|-heal|p1a: Tyranitar|50/100|[from] item: Leftovers
|upkeep
|turn|24
|
|t:|1728087081
|move|p2a: Heracross|Megahorn|p1a: Tyranitar
|-supereffective|p1a: Tyranitar
|-damage|p1a: Tyranitar|0 fnt
|faint|p1a: Tyranitar
|
|t:|1728087084
|switch|p1a: Metagross|Metagross|96/100
|
|-weather|Sandstorm|[upkeep]
|-damage|p2a: Heracross|2/100|[from] Sandstorm
|-heal|p1a: Metagross|100/100|[from] item: Leftovers
|upkeep
|turn|25
|
|t:|1728087087
|move|p2a: Heracross|Megahorn|p1a: Metagross
|-damage|p1a: Metagross|22/100
|move|p1a: Metagross|Agility|p1a: Metagross
|-boost|p1a: Metagross|spe|2
|
|-weather|Sandstorm|[upkeep]
|-damage|p2a: Heracross|0 fnt|[from] Sandstorm
|faint|p2a: Heracross
|-heal|p1a: Metagross|28/100|[from] item: Leftovers
|upkeep
|
|t:|1728087092
|switch|p2a: Salamence|Salamence, M|88/100 brn
|-ability|p2a: Salamence|Intimidate|boost
|-fail|p1a: Metagross|unboost|[from] ability: Clear Body|[of] p1a: Metagross
|turn|26
|
|t:|1728087097
|move|p1a: Metagross|Rock Slide|p2a: Salamence
|-supereffective|p2a: Salamence
|-damage|p2a: Salamence|21/100 brn
|move|p2a: Salamence|Fire Blast|p1a: Metagross
|-supereffective|p1a: Metagross
|-damage|p1a: Metagross|0 fnt
|faint|p1a: Metagross
|
|t:|1728087104
|switch|p1a: Gengar|Gengar, F|18/100
|
|-weather|Sandstorm|[upkeep]
|-damage|p1a: Gengar|11/100|[from] Sandstorm
|-damage|p2a: Salamence|15/100 brn|[from] Sandstorm
|-heal|p1a: Gengar|18/100|[from] item: Leftovers
|-heal|p2a: Salamence|21/100 brn|[from] item: Leftovers
|-damage|p2a: Salamence|9/100 brn|[from] brn
|upkeep
|turn|27
|
|t:|1728087110
|move|p1a: Gengar|Thunderbolt|p2a: Salamence
|-damage|p2a: Salamence|0 fnt
|faint|p2a: Salamence
|
|t:|1728087111
|switch|p2a: Metagross|Metagross|51/100 brn
|-damage|p2a: Metagross|39/100 brn|[from] Spikes
|
|-weather|Sandstorm|[upkeep]
|-damage|p1a: Gengar|11/100|[from] Sandstorm
|-heal|p1a: Gengar|18/100|[from] item: Leftovers
|-damage|p2a: Metagross|27/100 brn|[from] brn
|upkeep
|turn|28
|
|t:|1728087114
|move|p1a: Gengar|Thunderbolt|p2a: Metagross
|-damage|p2a: Metagross|0 fnt
|faint|p2a: Metagross
|
|win|fayestra
|c|☆singingcrow|gg
|c|☆fayestra|gg
|player|p2|
|player|p2|singingcrow|170|

</script>
<script type="application/json" class="data" id="replaydata-smogtours-gen3ou-794785">
{"id":"smogtours-gen3ou-794785","format":"[Gen 3] OU","players":["fayestra","singingcrow"],"uploadtime":1728087114,"views":94,"formatid":"gen3ou","rating":null,"private":0,"password":null}
</script>

<script defer src="js/replays.js?9d40a366"></script>
