<!DOCTYPE html>
<meta charset="utf-8" />
<meta name="viewport" content="width=device-width" />

<title>[Gen 3] OU: wwwmonmon vs. alargemongoose - Replays - Pok&eacute;mon Showdown!</title>

<meta name="description" content="Watch a replay of a Pok&eacute;mon battle between wwwmonmon and alargemongoose! Format: [Gen 3] OU; Date: Oct 24, 2024" />
<!--

Hey, you! Looking in the source for the replay log?

You can find them in JSON format, just add `.json` at the end of a replay URL.

https://replay.pokemonshowdown.com/gen7randomdoublesbattle-865046831.json

Or, if you only need the log itself, add `.log` instead:

https://replay.pokemonshowdown.com/gen7randomdoublesbattle-865046831.log

-->

<link rel="stylesheet" href="//pokemonshowdown.com/style/global.css?0.023195364461161105" />
<link rel="stylesheet" href="//play.pokemonshowdown.com/style/font-awesome.css?0.13261647063804238" />
<link rel="stylesheet" href="//play.pokemonshowdown.com/style/battle.css?0.8753245789963631" />
<link rel="stylesheet" href="//play.pokemonshowdown.com/style/utilichart.css?0.8627959624976733" />

<!-- Global site tag (gtag.js) - Google Analytics -->
<script async src="https://www.googletagmanager.com/gtag/js?id=UA-26211653-1"></script>
<script>
  window.dataLayer = window.dataLayer || [];
  function gtag(){dataLayer.push(arguments);}
  gtag('js', new Date());

  gtag('config', 'UA-26211653-1');
</script>
<!-- End Google Analytics -->
<!-- Venatus Ad Manager - Install in <HEAD> of page -->
	<script src="https://hb.vntsm.com/v3/live/ad-manager.min.js" type="text/javascript" data-site-id="642aba63ec9a7b11c3c9c1be" data-mode="scan" async></script>
<!-- / Venatus Ad Manager -->

<style>
	@media (max-width:820px) {
		.battle {
			margin: 0 auto;
		}
		.battle-log {
			margin: 7px auto 0;
			max-width: 640px;
			height: 300px;
			position: static;
		}
	}
	.optgroup {
		display: inline-block;
		line-height: 22px;
		font-size: 10pt;
	}
	.optgroup .button {
		height: 25px;
		padding-top: 0;
		padding-bottom: 0;
	}
	.optgroup button.button {
		padding-left: 12px;
		padding-right: 12px;
	}
	.linklist {
		list-style: none;
		margin: 0.5em 0;
		padding: 0;
	}
	.linklist li {
		padding: 2px 0;
	}
	.sidebar {
		float: left;
		width: 320px;
	}
	.bar-wrapper {
		max-width: 1100px;
		margin: 0 auto;
	}
	.bar-wrapper.has-sidebar {
		max-width: 1430px;
	}
	.mainbar {
		margin: 0;
		padding-right: 1px;
	}
	.mainbar.has-sidebar {
		margin-left: 330px;
	}
	@media (min-width: 1511px) {
		.sidebar {
			width: 400px;
		}
		.bar-wrapper.has-sidebar {
			max-width: 1510px;
		}
		.mainbar.has-sidebar {
			margin-left: 410px;
		}
	}
	.section.first-section {
		margin-top: 9px;
	}
	.blocklink small {
		white-space: normal;
	}
	.button {
		vertical-align: middle;
	}
	.replay-controls {
		padding-top: 10px;
	}
	.replay-controls h1 {
		font-size: 16pt;
		font-weight: normal;
		color: #CCC;
	}
	.pagelink {
		text-align: center;
	}
	.pagelink a {
		width: 150px;
	}
	.textbox, .button {
		font-size: 11pt;
		vertical-align: middle;
	}
	@media (max-width: 450px) {
		.button {
			font-size: 9pt;
		}
	}
</style>

<div>

	<header>
		<div class="nav-wrapper"><ul class="nav">
			<li><a class="button nav-first" href="//pokemonshowdown.com/"><img src="//pokemonshowdown.com/images/pokemonshowdownbeta.png" srcset="//pokemonshowdown.com/images/pokemonshowdownbeta.png 1x, //pokemonshowdown.com/images/pokemonshowdownbeta@2x.png 2x" alt="Pok&eacute;mon Showdown" width="146" height="44" /> Home</a></li>
			<li><a class="button" href="//pokemonshowdown.com/dex/">Pok&eacute;dex</a></li>
			<li><a class="button cur" href="/">Replays</a></li>
			<li><a class="button" href="//pokemonshowdown.com/ladder/">Ladder</a></li>
			<li><a class="button nav-last" href="//pokemonshowdown.com/forums/">Forum</a></li>
			<li><a class="button greenbutton nav-first nav-last" href="//play.pokemonshowdown.com/">Play</a></li>
		</ul></div>
	</header>

	<div class="main" id="main">

		<noscript><section class="section">You need to enable JavaScript to use this page; sorry!</section></noscript>

	</div>

</div>

<script defer nomodule src="//play.pokemonshowdown.com/js/lib/ps-polyfill.js"></script>
<script defer src="//play.pokemonshowdown.com/js/lib/preact.min.js"></script>

<script defer src="//play.pokemonshowdown.com/config/config.js?2bddbc15"></script>
<script defer src="//play.pokemonshowdown.com/js/lib/jquery-1.11.0.min.js"></script>
<script defer src="//play.pokemonshowdown.com/js/lib/html-sanitizer-minified.js"></script>
<script defer src="//play.pokemonshowdown.com/js/battle-sound.js"></script>
<script defer src="//play.pokemonshowdown.com/js/battledata.js?0.7209276989879541"></script>
<script defer src="//play.pokemonshowdown.com/data/pokedex-mini.js?0.6111056340867951"></script>
<script defer src="//play.pokemonshowdown.com/data/pokedex-mini-bw.js?0.3532142036491459"></script>
<script defer src="//play.pokemonshowdown.com/data/graphics.js?0.24223875632456182"></script>
<script defer src="//play.pokemonshowdown.com/data/pokedex.js?0.38839984266356864"></script>
<script defer src="//play.pokemonshowdown.com/data/moves.js?0.21866028504024015"></script>
<script defer src="//play.pokemonshowdown.com/data/abilities.js?0.2005157953846628"></script>
<script defer src="//play.pokemonshowdown.com/data/items.js?0.9894211263848525"></script>
<script defer src="//play.pokemonshowdown.com/data/teambuilder-tables.js?0.6008791140282215"></script>
<script defer src="//play.pokemonshowdown.com/js/battle-tooltips.js?0.7580118955022959"></script>
<script defer src="//play.pokemonshowdown.com/js/battle.js?0.6057722274234274"></script>

<script defer src="js/utils.js?e31f9a17"></script>
<script defer src="js/replays-battle.js?7008c182"></script>

<!-- don't scrape this data! just add .json or .log after the URL!
Full API docs: https://github.com/smogon/pokemon-showdown-client/blob/master/WEB-API.md -->
<script type="text/plain" class="log" id="replaylog-smogtours-gen3ou-801526">
|inactive|Battle timer is ON: inactive players will automatically lose when time's up.
|t:|1729749876
|gametype|singles
|player|p1|wwwmonmon|102|
|player|p2|alargemongoose|fisherman|
|teamsize|p1|6
|teamsize|p2|6
|gen|3
|tier|[Gen 3] OU
|rule|Sleep Clause Mod: Limit one foe put to sleep
|rule|Switch Priority Clause Mod: Faster Pokémon switch first
|rule|Species Clause: Limit one of each Pokémon
|rule|OHKO Clause: OHKO moves are banned
|rule|Evasion Items Clause: Evasion items are banned
|rule|Evasion Moves Clause: Evasion moves are banned
|rule|Endless Battle Clause: Forcing endless battles is banned
|rule|HP Percentage Mod: HP is shown in percentages
|rule|One Boost Passer Clause: Limit one Baton Passer that has a way to boost its stats
|rule|Freeze Clause Mod: Limit one foe frozen
|
|t:|1729749876
|start
|switch|p1a: Tyranitar|Tyranitar, M|100/100
|switch|p2a: Zapdos|Zapdos|100/100
|-weather|Sandstorm|[from] ability: Sand Stream|[of] p1a: Tyranitar
|turn|1
|c|☆alargemongoose|gl hf
|
|t:|1729749889
|move|p2a: Zapdos|Hidden Power|p1a: Tyranitar
|-supereffective|p1a: Tyranitar
|-damage|p1a: Tyranitar|2/100
|move|p1a: Tyranitar|Rock Slide|p2a: Zapdos
|-supereffective|p2a: Zapdos
|-damage|p2a: Zapdos|0 fnt
|faint|p2a: Zapdos
|c|☆wwwmonmon|Hf !
|
|t:|1729749913
|switch|p2a: Jolteon|Jolteon, M|100/100
|
|-weather|Sandstorm|[upkeep]
|-damage|p2a: Jolteon|94/100|[from] Sandstorm
|-heal|p2a: Jolteon|100/100|[from] item: Leftovers
|-heal|p1a: Tyranitar|8/100|[from] item: Leftovers
|upkeep
|turn|2
|
|t:|1729749919
|move|p2a: Jolteon|Hidden Power|p1a: Tyranitar
|-damage|p1a: Tyranitar|0 fnt
|faint|p1a: Tyranitar
|
|t:|1729749924
|switch|p1a: Swampert|Swampert, M|100/100
|
|-weather|Sandstorm|[upkeep]
|-damage|p2a: Jolteon|94/100|[from] Sandstorm
|-heal|p2a: Jolteon|100/100|[from] item: Leftovers
|upkeep
|turn|3
|
|t:|1729749939
|move|p2a: Jolteon|Baton Pass|p2a: Jolteon
|
|t:|1729749940
|switch|p2a: Suicune|Suicune|100/100|[from] Baton Pass
|move|p1a: Swampert|Earthquake|p2a: Suicune
|-damage|p2a: Suicune|78/100
|
|-weather|Sandstorm|[upkeep]
|-damage|p2a: Suicune|72/100|[from] Sandstorm
|-heal|p2a: Suicune|78/100|[from] item: Leftovers
|upkeep
|turn|4
|
|t:|1729749953
|switch|p1a: Celebi|Celebi|100/100
|move|p2a: Suicune|Roar|p1a: Celebi
|drag|p1a: Swampert|Swampert, M|100/100
|
|-weather|Sandstorm|[upkeep]
|-damage|p2a: Suicune|72/100|[from] Sandstorm
|-heal|p2a: Suicune|78/100|[from] item: Leftovers
|upkeep
|turn|5
|
|t:|1729749980
|switch|p1a: Celebi|Celebi|100/100
|move|p2a: Suicune|Surf|p1a: Celebi
|-resisted|p1a: Celebi
|-damage|p1a: Celebi|87/100
|
|-weather|Sandstorm|[upkeep]
|-damage|p1a: Celebi|81/100|[from] Sandstorm
|-damage|p2a: Suicune|72/100|[from] Sandstorm
|-heal|p1a: Celebi|87/100|[from] item: Leftovers
|-heal|p2a: Suicune|78/100|[from] item: Leftovers
|upkeep
|turn|6
|
|t:|1729749988
|switch|p2a: Porygon2|Porygon2|100/100
|-ability|p2a: Porygon2|Natural Cure|[from] ability: Trace|[of] p1a: Celebi
|move|p1a: Celebi|Leech Seed|p2a: Porygon2
|-start|p2a: Porygon2|move: Leech Seed
|
|-weather|Sandstorm|[upkeep]
|-damage|p1a: Celebi|81/100|[from] Sandstorm
|-damage|p2a: Porygon2|94/100|[from] Sandstorm
|-heal|p1a: Celebi|87/100|[from] item: Leftovers
|-heal|p2a: Porygon2|100/100|[from] item: Leftovers
|-damage|p2a: Porygon2|88/100|[from] Leech Seed|[of] p1a: Celebi
|-heal|p1a: Celebi|98/100|[silent]
|upkeep
|turn|7
|
|t:|1729749997
|move|p1a: Celebi|Psychic|p2a: Porygon2
|-damage|p2a: Porygon2|46/100
|move|p2a: Porygon2|Ice Beam|p1a: Celebi
|-supereffective|p1a: Celebi
|-damage|p1a: Celebi|60/100
|
|-weather|Sandstorm|[upkeep]
|-damage|p1a: Celebi|54/100|[from] Sandstorm
|-damage|p2a: Porygon2|40/100|[from] Sandstorm
|-heal|p1a: Celebi|60/100|[from] item: Leftovers
|-heal|p2a: Porygon2|46/100|[from] item: Leftovers
|-damage|p2a: Porygon2|34/100|[from] Leech Seed|[of] p1a: Celebi
|-heal|p1a: Celebi|72/100|[silent]
|upkeep
|turn|8
|
|t:|1729750003
|move|p1a: Celebi|Psychic|p2a: Porygon2
|-damage|p2a: Porygon2|0 fnt
|faint|p2a: Porygon2
|
|t:|1729750005
|switch|p2a: Dugtrio|Dugtrio, M|100/100
|
|-weather|Sandstorm|[upkeep]
|-damage|p1a: Celebi|66/100|[from] Sandstorm
|-heal|p1a: Celebi|72/100|[from] item: Leftovers
|upkeep
|turn|9
|
|t:|1729750008
|move|p2a: Dugtrio|Hidden Power|p1a: Celebi
|-supereffective|p1a: Celebi
|-damage|p1a: Celebi|0 fnt
|faint|p1a: Celebi
|
|t:|1729750012
|switch|p1a: Skarmory|Skarmory, M|100/100
|
|-weather|Sandstorm|[upkeep]
|upkeep
|turn|10
|
|t:|1729750021
|switch|p2a: Suicune|Suicune|78/100
|move|p1a: Skarmory|Spikes|p2a: Suicune
|-sidestart|p2: alargemongoose|Spikes
|
|-weather|Sandstorm|[upkeep]
|-damage|p2a: Suicune|72/100|[from] Sandstorm
|-heal|p2a: Suicune|78/100|[from] item: Leftovers
|upkeep
|turn|11
|
|t:|1729750034
|move|p2a: Suicune|Surf|p1a: Skarmory
|-damage|p1a: Skarmory|73/100
|move|p1a: Skarmory|Spikes|p2a: Suicune
|-sidestart|p2: alargemongoose|Spikes
|
|-weather|Sandstorm|[upkeep]
|-damage|p2a: Suicune|72/100|[from] Sandstorm
|-heal|p2a: Suicune|78/100|[from] item: Leftovers
|-heal|p1a: Skarmory|79/100|[from] item: Leftovers
|upkeep
|turn|12
|
|t:|1729750038
|move|p2a: Suicune|Surf|p1a: Skarmory
|-damage|p1a: Skarmory|52/100
|move|p1a: Skarmory|Spikes|p2a: Suicune
|-sidestart|p2: alargemongoose|Spikes
|
|-weather|Sandstorm|[upkeep]
|-damage|p2a: Suicune|72/100|[from] Sandstorm
|-heal|p2a: Suicune|78/100|[from] item: Leftovers
|-heal|p1a: Skarmory|58/100|[from] item: Leftovers
|upkeep
|turn|13
|
|t:|1729750042
|move|p1a: Skarmory|Protect|p1a: Skarmory
|-singleturn|p1a: Skarmory|Protect
|move|p2a: Suicune|Surf|p1a: Skarmory
|-activate|p1a: Skarmory|Protect
|
|-weather|Sandstorm|[upkeep]
|-damage|p2a: Suicune|72/100|[from] Sandstorm
|-heal|p2a: Suicune|78/100|[from] item: Leftovers
|-heal|p1a: Skarmory|64/100|[from] item: Leftovers
|upkeep
|turn|14
|
|t:|1729750046
|move|p2a: Suicune|Surf|p1a: Skarmory
|-damage|p1a: Skarmory|37/100
|move|p1a: Skarmory|Roar|p2a: Suicune
|drag|p2a: Jolteon|Jolteon, M|100/100
|-damage|p2a: Jolteon|76/100|[from] Spikes
|
|-weather|Sandstorm|[upkeep]
|-damage|p2a: Jolteon|69/100|[from] Sandstorm
|-heal|p2a: Jolteon|76/100|[from] item: Leftovers
|-heal|p1a: Skarmory|43/100|[from] item: Leftovers
|upkeep
|turn|15
|
|t:|1729750058
|move|p1a: Skarmory|Protect|p1a: Skarmory
|-singleturn|p1a: Skarmory|Protect
|move|p2a: Jolteon|Baton Pass|p2a: Jolteon
|
|t:|1729750060
|switch|p2a: Raikou|Raikou|100/100|[from] Baton Pass
|-damage|p2a: Raikou|76/100|[from] Spikes
|
|-weather|Sandstorm|[upkeep]
|-damage|p2a: Raikou|69/100|[from] Sandstorm
|-heal|p2a: Raikou|76/100|[from] item: Leftovers
|-heal|p1a: Skarmory|49/100|[from] item: Leftovers
|upkeep
|turn|16
|
|t:|1729750075
|move|p2a: Raikou|Substitute|p2a: Raikou
|-start|p2a: Raikou|Substitute
|-damage|p2a: Raikou|51/100
|move|p1a: Skarmory|Roar|p2a: Raikou
|drag|p2a: Suicune|Suicune|78/100
|-damage|p2a: Suicune|53/100|[from] Spikes
|
|-weather|Sandstorm|[upkeep]
|-damage|p2a: Suicune|47/100|[from] Sandstorm
|-heal|p2a: Suicune|53/100|[from] item: Leftovers
|-heal|p1a: Skarmory|55/100|[from] item: Leftovers
|upkeep
|turn|17
|
|t:|1729750082
|move|p1a: Skarmory|Protect|p1a: Skarmory
|-singleturn|p1a: Skarmory|Protect
|move|p2a: Suicune|Surf|p1a: Skarmory
|-activate|p1a: Skarmory|Protect
|
|-weather|Sandstorm|[upkeep]
|-damage|p2a: Suicune|47/100|[from] Sandstorm
|-heal|p2a: Suicune|53/100|[from] item: Leftovers
|-heal|p1a: Skarmory|61/100|[from] item: Leftovers
|upkeep
|turn|18
|
|t:|1729750091
|move|p2a: Suicune|Rest|p2a: Suicune
|-status|p2a: Suicune|slp|[from] move: Rest
|-heal|p2a: Suicune|100/100 slp|[silent]
|move|p1a: Skarmory|Roar|p2a: Suicune
|drag|p2a: Jolteon|Jolteon, M|76/100
|-damage|p2a: Jolteon|51/100|[from] Spikes
|
|-weather|Sandstorm|[upkeep]
|-damage|p2a: Jolteon|45/100|[from] Sandstorm
|-heal|p2a: Jolteon|51/100|[from] item: Leftovers
|-heal|p1a: Skarmory|67/100|[from] item: Leftovers
|upkeep
|turn|19
|
|t:|1729750095
|switch|p1a: Swampert|Swampert, M|100/100
|move|p2a: Jolteon|Thunderbolt|p1a: Swampert
|-immune|p1a: Swampert
|
|-weather|Sandstorm|[upkeep]
|-damage|p2a: Jolteon|45/100|[from] Sandstorm
|-heal|p2a: Jolteon|51/100|[from] item: Leftovers
|upkeep
|turn|20
|
|t:|1729750100
|move|p2a: Jolteon|Baton Pass|p2a: Jolteon
|
|t:|1729750101
|switch|p2a: Suicune|Suicune|100/100 slp|[from] Baton Pass
|-damage|p2a: Suicune|76/100 slp|[from] Spikes
|move|p1a: Swampert|Earthquake|p2a: Suicune
|-crit|p2a: Suicune
|-damage|p2a: Suicune|33/100 slp
|
|-weather|Sandstorm|[upkeep]
|-damage|p2a: Suicune|26/100 slp|[from] Sandstorm
|-heal|p2a: Suicune|33/100 slp|[from] item: Leftovers
|upkeep
|turn|21
|
|t:|1729750105
|cant|p2a: Suicune|slp
|move|p1a: Swampert|Earthquake|p2a: Suicune
|-damage|p2a: Suicune|13/100 slp
|
|-weather|Sandstorm|[upkeep]
|-damage|p2a: Suicune|7/100 slp|[from] Sandstorm
|-heal|p2a: Suicune|13/100 slp|[from] item: Leftovers
|upkeep
|turn|22
|
|t:|1729750108
|cant|p2a: Suicune|slp
|move|p1a: Swampert|Earthquake|p2a: Suicune
|-damage|p2a: Suicune|0 fnt
|faint|p2a: Suicune
|
|t:|1729750117
|switch|p2a: Raikou|Raikou|51/100
|-damage|p2a: Raikou|26/100|[from] Spikes
|
|-weather|Sandstorm|[upkeep]
|-damage|p2a: Raikou|20/100|[from] Sandstorm
|-heal|p2a: Raikou|26/100|[from] item: Leftovers
|upkeep
|turn|23
|
|t:|1729750123
|switch|p1a: Skarmory|Skarmory, M|67/100
|move|p2a: Raikou|Hidden Power|p1a: Skarmory
|-resisted|p1a: Skarmory
|-damage|p1a: Skarmory|62/100
|
|-weather|Sandstorm|[upkeep]
|-damage|p2a: Raikou|20/100|[from] Sandstorm
|-heal|p2a: Raikou|26/100|[from] item: Leftovers
|-heal|p1a: Skarmory|68/100|[from] item: Leftovers
|upkeep
|turn|24
|
|t:|1729750130
|move|p1a: Skarmory|Protect|p1a: Skarmory
|-singleturn|p1a: Skarmory|Protect
|move|p2a: Raikou|Thunderbolt|p1a: Skarmory
|-activate|p1a: Skarmory|Protect
|
|-weather|Sandstorm|[upkeep]
|-damage|p2a: Raikou|20/100|[from] Sandstorm
|-heal|p2a: Raikou|26/100|[from] item: Leftovers
|-heal|p1a: Skarmory|74/100|[from] item: Leftovers
|upkeep
|turn|25
|
|t:|1729750138
|move|p2a: Raikou|Thunderbolt|p1a: Skarmory
|-supereffective|p1a: Skarmory
|-damage|p1a: Skarmory|0 fnt
|faint|p1a: Skarmory
|
|t:|1729750142
|switch|p1a: Aerodactyl|Aerodactyl, F|100/100
|
|-weather|Sandstorm|[upkeep]
|-damage|p2a: Raikou|20/100|[from] Sandstorm
|-heal|p2a: Raikou|26/100|[from] item: Leftovers
|upkeep
|turn|26
|
|t:|1729750149
|move|p1a: Aerodactyl|Earthquake|p2a: Raikou
|-supereffective|p2a: Raikou
|-damage|p2a: Raikou|0 fnt
|faint|p2a: Raikou
|
|t:|1729750152
|switch|p2a: Jolteon|Jolteon, M|51/100
|-damage|p2a: Jolteon|26/100|[from] Spikes
|
|-weather|Sandstorm|[upkeep]
|-damage|p2a: Jolteon|20/100|[from] Sandstorm
|-heal|p2a: Jolteon|26/100|[from] item: Leftovers
|upkeep
|turn|27
|
|t:|1729750156
|move|p1a: Aerodactyl|Earthquake|p2a: Jolteon
|-supereffective|p2a: Jolteon
|-damage|p2a: Jolteon|0 fnt
|faint|p2a: Jolteon
|
|t:|1729750158
|switch|p2a: Dugtrio|Dugtrio, M|100/100
|-damage|p2a: Dugtrio|75/100|[from] Spikes
|
|-weather|Sandstorm|[upkeep]
|upkeep
|turn|28
|
|t:|1729750160
|move|p1a: Aerodactyl|Earthquake|p2a: Dugtrio
|-damage|p2a: Dugtrio|0 fnt
|faint|p2a: Dugtrio
|
|win|wwwmonmon
|c|☆alargemongoose|gg

</script>
<script type="application/json" class="data" id="replaydata-smogtours-gen3ou-801526">
{"id":"smogtours-gen3ou-801526","format":"[Gen 3] OU","players":["wwwmonmon","alargemongoose"],"uploadtime":1729750160,"views":101,"formatid":"gen3ou","rating":null,"private":0,"password":null}
</script>

<script defer src="js/replays.js?9d40a366"></script>
