<!DOCTYPE html>
<meta charset="utf-8" />
<meta name="viewport" content="width=device-width" />

<title>[Gen 3] OU: CCGeek vs. AC77 - Replays - Pok&eacute;mon Showdown!</title>

<meta name="description" content="Watch a replay of a Pok&eacute;mon battle between CCGeek and AC77! Format: [Gen 3] OU; Date: Oct 25, 2024" />
<!--

Hey, you! Looking in the source for the replay log?

You can find them in JSON format, just add `.json` at the end of a replay URL.

https://replay.pokemonshowdown.com/gen7randomdoublesbattle-865046831.json

Or, if you only need the log itself, add `.log` instead:

https://replay.pokemonshowdown.com/gen7randomdoublesbattle-865046831.log

-->

<link rel="stylesheet" href="//pokemonshowdown.com/style/global.css?0.023195364461161105" />
<link rel="stylesheet" href="//play.pokemonshowdown.com/style/font-awesome.css?0.13261647063804238" />
<link rel="stylesheet" href="//play.pokemonshowdown.com/style/battle.css?0.8753245789963631" />
<link rel="stylesheet" href="//play.pokemonshowdown.com/style/utilichart.css?0.8627959624976733" />

<!-- Global site tag (gtag.js) - Google Analytics -->
<script async src="https://www.googletagmanager.com/gtag/js?id=UA-26211653-1"></script>
<script>
  window.dataLayer = window.dataLayer || [];
  function gtag(){dataLayer.push(arguments);}
  gtag('js', new Date());

  gtag('config', 'UA-26211653-1');
</script>
<!-- End Google Analytics -->
<!-- Venatus Ad Manager - Install in <HEAD> of page -->
	<script src="https://hb.vntsm.com/v3/live/ad-manager.min.js" type="text/javascript" data-site-id="642aba63ec9a7b11c3c9c1be" data-mode="scan" async></script>
<!-- / Venatus Ad Manager -->

<style>
	@media (max-width:820px) {
		.battle {
			margin: 0 auto;
		}
		.battle-log {
			margin: 7px auto 0;
			max-width: 640px;
			height: 300px;
			position: static;
		}
	}
	.optgroup {
		display: inline-block;
		line-height: 22px;
		font-size: 10pt;
	}
	.optgroup .button {
		height: 25px;
		padding-top: 0;
		padding-bottom: 0;
	}
	.optgroup button.button {
		padding-left: 12px;
		padding-right: 12px;
	}
	.linklist {
		list-style: none;
		margin: 0.5em 0;
		padding: 0;
	}
	.linklist li {
		padding: 2px 0;
	}
	.sidebar {
		float: left;
		width: 320px;
	}
	.bar-wrapper {
		max-width: 1100px;
		margin: 0 auto;
	}
	.bar-wrapper.has-sidebar {
		max-width: 1430px;
	}
	.mainbar {
		margin: 0;
		padding-right: 1px;
	}
	.mainbar.has-sidebar {
		margin-left: 330px;
	}
	@media (min-width: 1511px) {
		.sidebar {
			width: 400px;
		}
		.bar-wrapper.has-sidebar {
			max-width: 1510px;
		}
		.mainbar.has-sidebar {
			margin-left: 410px;
		}
	}
	.section.first-section {
		margin-top: 9px;
	}
	.blocklink small {
		white-space: normal;
	}
	.button {
		vertical-align: middle;
	}
	.replay-controls {
		padding-top: 10px;
	}
	.replay-controls h1 {
		font-size: 16pt;
		font-weight: normal;
		color: #CCC;
	}
	.pagelink {
		text-align: center;
	}
	.pagelink a {
		width: 150px;
	}
	.textbox, .button {
		font-size: 11pt;
		vertical-align: middle;
	}
	@media (max-width: 450px) {
		.button {
			font-size: 9pt;
		}
	}
</style>

<div>

	<header>
		<div class="nav-wrapper"><ul class="nav">
			<li><a class="button nav-first" href="//pokemonshowdown.com/"><img src="//pokemonshowdown.com/images/pokemonshowdownbeta.png" srcset="//pokemonshowdown.com/images/pokemonshowdownbeta.png 1x, //pokemonshowdown.com/images/pokemonshowdownbeta@2x.png 2x" alt="Pok&eacute;mon Showdown" width="146" height="44" /> Home</a></li>
			<li><a class="button" href="//pokemonshowdown.com/dex/">Pok&eacute;dex</a></li>
			<li><a class="button cur" href="/">Replays</a></li>
			<li><a class="button" href="//pokemonshowdown.com/ladder/">Ladder</a></li>
			<li><a class="button nav-last" href="//pokemonshowdown.com/forums/">Forum</a></li>
			<li><a class="button greenbutton nav-first nav-last" href="//play.pokemonshowdown.com/">Play</a></li>
		</ul></div>
	</header>

	<div class="main" id="main">

		<noscript><section class="section">You need to enable JavaScript to use this page; sorry!</section></noscript>

	</div>

</div>

<script defer nomodule src="//play.pokemonshowdown.com/js/lib/ps-polyfill.js"></script>
<script defer src="//play.pokemonshowdown.com/js/lib/preact.min.js"></script>

<script defer src="//play.pokemonshowdown.com/config/config.js?2bddbc15"></script>
<script defer src="//play.pokemonshowdown.com/js/lib/jquery-1.11.0.min.js"></script>
<script defer src="//play.pokemonshowdown.com/js/lib/html-sanitizer-minified.js"></script>
<script defer src="//play.pokemonshowdown.com/js/battle-sound.js"></script>
<script defer src="//play.pokemonshowdown.com/js/battledata.js?0.7209276989879541"></script>
<script defer src="//play.pokemonshowdown.com/data/pokedex-mini.js?0.6111056340867951"></script>
<script defer src="//play.pokemonshowdown.com/data/pokedex-mini-bw.js?0.3532142036491459"></script>
<script defer src="//play.pokemonshowdown.com/data/graphics.js?0.24223875632456182"></script>
<script defer src="//play.pokemonshowdown.com/data/pokedex.js?0.38839984266356864"></script>
<script defer src="//play.pokemonshowdown.com/data/moves.js?0.21866028504024015"></script>
<script defer src="//play.pokemonshowdown.com/data/abilities.js?0.2005157953846628"></script>
<script defer src="//play.pokemonshowdown.com/data/items.js?0.9894211263848525"></script>
<script defer src="//play.pokemonshowdown.com/data/teambuilder-tables.js?0.6008791140282215"></script>
<script defer src="//play.pokemonshowdown.com/js/battle-tooltips.js?0.7580118955022959"></script>
<script defer src="//play.pokemonshowdown.com/js/battle.js?0.6057722274234274"></script>

<script defer src="js/utils.js?e31f9a17"></script>
<script defer src="js/replays-battle.js?7008c182"></script>

<!-- don't scrape this data! just add .json or .log after the URL!
Full API docs: https://github.com/smogon/pokemon-showdown-client/blob/master/WEB-API.md -->
<script type="text/plain" class="log" id="replaylog-smogtours-gen3ou-801845">
|inactive|Battle timer is ON: inactive players will automatically lose when time's up.
|t:|1729875848
|gametype|singles
|player|p1|CCGeek|102|
|player|p2|AC77|karen|
|teamsize|p1|6
|teamsize|p2|6
|gen|3
|tier|[Gen 3] OU
|rule|Sleep Clause Mod: Limit one foe put to sleep
|rule|Switch Priority Clause Mod: Faster Pokémon switch first
|rule|Species Clause: Limit one of each Pokémon
|rule|OHKO Clause: OHKO moves are banned
|rule|Evasion Items Clause: Evasion items are banned
|rule|Evasion Moves Clause: Evasion moves are banned
|rule|Endless Battle Clause: Forcing endless battles is banned
|rule|HP Percentage Mod: HP is shown in percentages
|rule|One Boost Passer Clause: Limit one Baton Passer that has a way to boost its stats
|rule|Freeze Clause Mod: Limit one foe frozen
|
|t:|1729875848
|start
|switch|p1a: Tyranitar|Tyranitar, F|100/100
|switch|p2a: Skarmory|Skarmory, M|100/100
|-weather|Sandstorm|[from] ability: Sand Stream|[of] p1a: Tyranitar
|turn|1
|inactive|AC77 also wants the timer to be on.
|c|☆AC77|hf
|c|☆CCGeek|u2
|inactive|AC77 has 270 seconds left.
|
|t:|1729875883
|move|p1a: Tyranitar|Dragon Dance|p1a: Tyranitar
|-boost|p1a: Tyranitar|atk|1
|-boost|p1a: Tyranitar|spe|1
|move|p2a: Skarmory|Spikes|p1a: Tyranitar
|-sidestart|p1: CCGeek|Spikes
|
|-weather|Sandstorm|[upkeep]
|upkeep
|turn|2
|
|t:|1729875890
|move|p1a: Tyranitar|Rock Slide|p2a: Skarmory
|-damage|p2a: Skarmory|54/100
|cant|p2a: Skarmory|flinch
|
|-weather|Sandstorm|[upkeep]
|-heal|p2a: Skarmory|60/100|[from] item: Leftovers
|upkeep
|turn|3
|
|t:|1729875920
|move|p1a: Tyranitar|Rock Slide|p2a: Skarmory|[miss]
|-miss|p1a: Tyranitar|p2a: Skarmory
|move|p2a: Skarmory|Roar|p1a: Tyranitar
|drag|p1a: Celebi|Celebi|100/100
|-damage|p1a: Celebi|88/100|[from] Spikes
|
|-weather|Sandstorm|[upkeep]
|-damage|p1a: Celebi|82/100|[from] Sandstorm
|-heal|p1a: Celebi|88/100|[from] item: Leftovers
|-heal|p2a: Skarmory|66/100|[from] item: Leftovers
|upkeep
|turn|4
|inactive|AC77 has 270 seconds left.
|
|t:|1729875966
|move|p2a: Skarmory|Protect|p2a: Skarmory
|-singleturn|p2a: Skarmory|Protect
|move|p1a: Celebi|Hidden Power|p2a: Skarmory
|-activate|p2a: Skarmory|Protect
|
|-weather|Sandstorm|[upkeep]
|-damage|p1a: Celebi|82/100|[from] Sandstorm
|-heal|p1a: Celebi|88/100|[from] item: Leftovers
|-heal|p2a: Skarmory|72/100|[from] item: Leftovers
|upkeep
|turn|5
|
|t:|1729875981
|switch|p2a: Blissey|Blissey, F|100/100
|move|p1a: Celebi|Leech Seed|p2a: Blissey
|-start|p2a: Blissey|move: Leech Seed
|
|-weather|Sandstorm|[upkeep]
|-damage|p1a: Celebi|82/100|[from] Sandstorm
|-damage|p2a: Blissey|94/100|[from] Sandstorm
|-heal|p1a: Celebi|88/100|[from] item: Leftovers
|-heal|p2a: Blissey|100/100|[from] item: Leftovers
|-damage|p2a: Blissey|88/100|[from] Leech Seed|[of] p1a: Celebi
|-heal|p1a: Celebi|100/100|[silent]
|upkeep
|turn|6
|
|t:|1729875994
|switch|p2a: Skarmory|Skarmory, M|72/100
|move|p1a: Celebi|Psychic|p2a: Skarmory
|-resisted|p2a: Skarmory
|-damage|p2a: Skarmory|54/100
|
|-weather|Sandstorm|[upkeep]
|-damage|p1a: Celebi|94/100|[from] Sandstorm
|-heal|p1a: Celebi|100/100|[from] item: Leftovers
|-heal|p2a: Skarmory|60/100|[from] item: Leftovers
|upkeep
|turn|7
|inactive|CCGeek has 270 seconds left.
|
|t:|1729876012
|move|p2a: Skarmory|Protect|p2a: Skarmory
|-singleturn|p2a: Skarmory|Protect
|move|p1a: Celebi|Hidden Power|p2a: Skarmory
|-activate|p2a: Skarmory|Protect
|
|-weather|Sandstorm|[upkeep]
|-damage|p1a: Celebi|94/100|[from] Sandstorm
|-heal|p1a: Celebi|100/100|[from] item: Leftovers
|-heal|p2a: Skarmory|66/100|[from] item: Leftovers
|upkeep
|turn|8
|
|t:|1729876019
|switch|p2a: Blissey|Blissey, F|88/100
|move|p1a: Celebi|Hidden Power|p2a: Blissey
|-damage|p2a: Blissey|80/100
|
|-weather|Sandstorm|[upkeep]
|-damage|p1a: Celebi|94/100|[from] Sandstorm
|-damage|p2a: Blissey|74/100|[from] Sandstorm
|-heal|p1a: Celebi|100/100|[from] item: Leftovers
|-heal|p2a: Blissey|80/100|[from] item: Leftovers
|upkeep
|turn|9
|
|t:|1729876023
|move|p1a: Celebi|Leech Seed|p2a: Blissey
|-start|p2a: Blissey|move: Leech Seed
|move|p2a: Blissey|Wish|p2a: Blissey
|
|-weather|Sandstorm|[upkeep]
|-damage|p1a: Celebi|94/100|[from] Sandstorm
|-damage|p2a: Blissey|74/100|[from] Sandstorm
|-heal|p1a: Celebi|100/100|[from] item: Leftovers
|-heal|p2a: Blissey|80/100|[from] item: Leftovers
|-damage|p2a: Blissey|68/100|[from] Leech Seed|[of] p1a: Celebi
|upkeep
|turn|10
|inactive|AC77 has 270 seconds left.
|
|t:|1729876075
|switch|p1a: Charizard|Charizard, F|100/100
|switch|p2a: Skarmory|Skarmory, M|66/100
|
|-heal|p2a: Skarmory|100/100|[from] move: Wish|[wisher] Blissey
|-weather|Sandstorm|[upkeep]
|-damage|p1a: Charizard|94/100|[from] Sandstorm
|-heal|p1a: Charizard|100/100|[from] item: Leftovers
|upkeep
|turn|11
|inactive|CCGeek has 270 seconds left.
|
|t:|1729876116
|switch|p2a: Milotic|Milotic, M|100/100
|move|p1a: Charizard|Beat Up|p2a: Milotic
|-damage|p2a: Milotic|98/100
|-damage|p2a: Milotic|96/100
|-damage|p2a: Milotic|93/100
|-damage|p2a: Milotic|90/100
|-damage|p2a: Milotic|87/100
|-damage|p2a: Milotic|84/100
|-hitcount|p2a: Milotic|6
|
|-weather|Sandstorm|[upkeep]
|-damage|p1a: Charizard|94/100|[from] Sandstorm
|-damage|p2a: Milotic|78/100|[from] Sandstorm
|-heal|p1a: Charizard|100/100|[from] item: Leftovers
|-heal|p2a: Milotic|84/100|[from] item: Leftovers
|upkeep
|turn|12
|c|+DarthTyros|GEt!
|inactive|AC77 has 240 seconds left.
|
|t:|1729876147
|move|p1a: Charizard|Flamethrower|p2a: Milotic
|-resisted|p2a: Milotic
|-damage|p2a: Milotic|69/100
|move|p2a: Milotic|Toxic|p1a: Charizard
|-status|p1a: Charizard|tox
|
|-weather|Sandstorm|[upkeep]
|-damage|p1a: Charizard|94/100 tox|[from] Sandstorm
|-damage|p2a: Milotic|63/100|[from] Sandstorm
|-heal|p1a: Charizard|100/100 tox|[from] item: Leftovers
|-damage|p1a: Charizard|94/100 tox|[from] psn
|-heal|p2a: Milotic|69/100|[from] item: Leftovers
|upkeep
|turn|13
|
|t:|1729876161
|switch|p1a: Celebi|Celebi|100/100
|-damage|p1a: Celebi|88/100|[from] Spikes
|move|p2a: Milotic|Recover|p2a: Milotic
|-heal|p2a: Milotic|100/100
|
|-weather|Sandstorm|[upkeep]
|-damage|p1a: Celebi|82/100|[from] Sandstorm
|-damage|p2a: Milotic|94/100|[from] Sandstorm
|-heal|p1a: Celebi|88/100|[from] item: Leftovers
|-heal|p2a: Milotic|100/100|[from] item: Leftovers
|upkeep
|turn|14
|
|t:|1729876166
|switch|p2a: Skarmory|Skarmory, M|100/100
|move|p1a: Celebi|Leech Seed|p2a: Skarmory|[miss]
|-miss|p1a: Celebi|p2a: Skarmory
|
|-weather|Sandstorm|[upkeep]
|-damage|p1a: Celebi|82/100|[from] Sandstorm
|-heal|p1a: Celebi|88/100|[from] item: Leftovers
|upkeep
|turn|15
|
|t:|1729876179
|move|p1a: Celebi|Leech Seed|p2a: Skarmory
|-start|p2a: Skarmory|move: Leech Seed
|move|p2a: Skarmory|Spikes|p1a: Celebi
|-sidestart|p1: CCGeek|Spikes
|
|-weather|Sandstorm|[upkeep]
|-damage|p1a: Celebi|82/100|[from] Sandstorm
|-heal|p1a: Celebi|88/100|[from] item: Leftovers
|-damage|p2a: Skarmory|88/100|[from] Leech Seed|[of] p1a: Celebi
|-heal|p1a: Celebi|98/100|[silent]
|upkeep
|turn|16
|
|t:|1729876184
|switch|p2a: Blissey|Blissey, F|68/100
|move|p1a: Celebi|Hidden Power|p2a: Blissey
|-damage|p2a: Blissey|60/100
|
|-weather|Sandstorm|[upkeep]
|-damage|p1a: Celebi|92/100|[from] Sandstorm
|-damage|p2a: Blissey|54/100|[from] Sandstorm
|-heal|p1a: Celebi|98/100|[from] item: Leftovers
|-heal|p2a: Blissey|60/100|[from] item: Leftovers
|upkeep
|turn|17
|inactive|CCGeek has 270 seconds left.
|
|t:|1729876189
|move|p1a: Celebi|Leech Seed|p2a: Blissey
|-start|p2a: Blissey|move: Leech Seed
|move|p2a: Blissey|Soft-Boiled|p2a: Blissey
|-heal|p2a: Blissey|100/100
|
|-weather|Sandstorm|[upkeep]
|-damage|p1a: Celebi|92/100|[from] Sandstorm
|-damage|p2a: Blissey|94/100|[from] Sandstorm
|-heal|p1a: Celebi|98/100|[from] item: Leftovers
|-heal|p2a: Blissey|100/100|[from] item: Leftovers
|-damage|p2a: Blissey|88/100|[from] Leech Seed|[of] p1a: Celebi
|-heal|p1a: Celebi|100/100|[silent]
|upkeep
|turn|18
|inactive|CCGeek has 270 seconds left.
|
|t:|1729876199
|move|p1a: Celebi|Hidden Power|p2a: Blissey
|-damage|p2a: Blissey|80/100
|move|p2a: Blissey|Wish|p2a: Blissey
|
|-weather|Sandstorm|[upkeep]
|-damage|p1a: Celebi|94/100|[from] Sandstorm
|-damage|p2a: Blissey|73/100|[from] Sandstorm
|-heal|p1a: Celebi|100/100|[from] item: Leftovers
|-heal|p2a: Blissey|80/100|[from] item: Leftovers
|-damage|p2a: Blissey|67/100|[from] Leech Seed|[of] p1a: Celebi
|upkeep
|turn|19
|
|t:|1729876205
|switch|p2a: Skarmory|Skarmory, M|88/100
|move|p1a: Celebi|Giga Drain|p2a: Skarmory
|-resisted|p2a: Skarmory
|-damage|p2a: Skarmory|83/100
|
|-heal|p2a: Skarmory|100/100|[from] move: Wish|[wisher] Blissey
|-weather|Sandstorm|[upkeep]
|-damage|p1a: Celebi|94/100|[from] Sandstorm
|-heal|p1a: Celebi|100/100|[from] item: Leftovers
|upkeep
|turn|20
|inactive|CCGeek has 270 seconds left.
|
|t:|1729876229
|move|p1a: Celebi|Hidden Power|p2a: Skarmory
|-supereffective|p2a: Skarmory
|-damage|p2a: Skarmory|64/100
|move|p2a: Skarmory|Spikes|p1a: Celebi
|-sidestart|p1: CCGeek|Spikes
|
|-weather|Sandstorm|[upkeep]
|-damage|p1a: Celebi|94/100|[from] Sandstorm
|-heal|p1a: Celebi|100/100|[from] item: Leftovers
|-heal|p2a: Skarmory|70/100|[from] item: Leftovers
|upkeep
|turn|21
|inactive|CCGeek has 270 seconds left.
|inactive|CCGeek has 240 seconds left.
|inactive|CCGeek has 210 seconds left.
|
|t:|1729876309
|switch|p1a: Skarmory|Skarmory, M|100/100
|move|p2a: Skarmory|Protect||[still]
|-fail|p2a: Skarmory
|
|-weather|Sandstorm|[upkeep]
|-heal|p2a: Skarmory|76/100|[from] item: Leftovers
|upkeep
|turn|22
|
|t:|1729876314
|move|p1a: Skarmory|Spikes|p2a: Skarmory
|-sidestart|p2: AC77|Spikes
|move|p2a: Skarmory|Roar|p1a: Skarmory
|drag|p1a: Aerodactyl|Aerodactyl, M|100/100
|
|-weather|Sandstorm|[upkeep]
|-heal|p2a: Skarmory|82/100|[from] item: Leftovers
|upkeep
|turn|23
|inactive|CCGeek has 210 seconds left.
|
|t:|1729876324
|switch|p1a: Skarmory|Skarmory, M|100/100
|move|p2a: Skarmory|Roar|p1a: Skarmory
|drag|p1a: Charizard|Charizard, F|94/100 tox
|
|-weather|Sandstorm|[upkeep]
|-damage|p1a: Charizard|88/100 tox|[from] Sandstorm
|-heal|p1a: Charizard|94/100 tox|[from] item: Leftovers
|-damage|p1a: Charizard|88/100 tox|[from] psn
|-heal|p2a: Skarmory|88/100|[from] item: Leftovers
|upkeep
|turn|24
|inactive|CCGeek has 210 seconds left.
|
|t:|1729876335
|move|p2a: Skarmory|Protect|p2a: Skarmory
|-singleturn|p2a: Skarmory|Protect
|move|p1a: Charizard|Hidden Power|p2a: Skarmory
|-activate|p2a: Skarmory|Protect
|
|-weather|Sandstorm|[upkeep]
|-damage|p1a: Charizard|82/100 tox|[from] Sandstorm
|-heal|p1a: Charizard|88/100 tox|[from] item: Leftovers
|-damage|p1a: Charizard|76/100 tox|[from] psn
|-heal|p2a: Skarmory|94/100|[from] item: Leftovers
|upkeep
|turn|25
|inactive|CCGeek has 210 seconds left.
|inactive|AC77 has 270 seconds left.
|
|t:|1729876377
|switch|p2a: Gengar|Gengar, M|100/100
|move|p1a: Charizard|Flamethrower|p2a: Gengar
|-damage|p2a: Gengar|46/100
|
|-weather|Sandstorm|[upkeep]
|-damage|p2a: Gengar|40/100|[from] Sandstorm
|-damage|p1a: Charizard|70/100 tox|[from] Sandstorm
|-heal|p2a: Gengar|46/100|[from] item: Leftovers
|-heal|p1a: Charizard|76/100 tox|[from] item: Leftovers
|-damage|p1a: Charizard|58/100 tox|[from] psn
|upkeep
|turn|26
|inactive|CCGeek has 210 seconds left.
|
|t:|1729876388
|switch|p1a: Celebi|Celebi|100/100
|-damage|p1a: Celebi|75/100|[from] Spikes
|move|p2a: Gengar|Thunderbolt|p1a: Celebi
|-resisted|p1a: Celebi
|-damage|p1a: Celebi|64/100
|
|-weather|Sandstorm|[upkeep]
|-damage|p2a: Gengar|40/100|[from] Sandstorm
|-damage|p1a: Celebi|57/100|[from] Sandstorm
|-heal|p2a: Gengar|46/100|[from] item: Leftovers
|-heal|p1a: Celebi|64/100|[from] item: Leftovers
|upkeep
|turn|27
|inactive|CCGeek has 210 seconds left.
|
|t:|1729876401
|switch|p2a: Blissey|Blissey, F|67/100
|-damage|p2a: Blissey|55/100|[from] Spikes
|move|p1a: Celebi|Leech Seed|p2a: Blissey
|-start|p2a: Blissey|move: Leech Seed
|
|-weather|Sandstorm|[upkeep]
|-damage|p1a: Celebi|57/100|[from] Sandstorm
|-damage|p2a: Blissey|49/100|[from] Sandstorm
|-heal|p1a: Celebi|64/100|[from] item: Leftovers
|-heal|p2a: Blissey|55/100|[from] item: Leftovers
|-damage|p2a: Blissey|42/100|[from] Leech Seed|[of] p1a: Celebi
|-heal|p1a: Celebi|84/100|[silent]
|upkeep
|turn|28
|
|t:|1729876410
|switch|p1a: Aerodactyl|Aerodactyl, M|100/100
|move|p2a: Blissey|Soft-Boiled|p2a: Blissey
|-heal|p2a: Blissey|92/100
|
|-weather|Sandstorm|[upkeep]
|-damage|p2a: Blissey|86/100|[from] Sandstorm
|-heal|p2a: Blissey|92/100|[from] item: Leftovers
|-damage|p2a: Blissey|80/100|[from] Leech Seed|[of] p1a: Aerodactyl
|upkeep
|turn|29
|inactive|CCGeek has 210 seconds left.
|inactive|AC77 has 270 seconds left.
|
|t:|1729876435
|switch|p2a: Claydol|Claydol|100/100
|move|p1a: Aerodactyl|Rock Slide|p2a: Claydol
|-resisted|p2a: Claydol
|-damage|p2a: Claydol|78/100
|
|-weather|Sandstorm|[upkeep]
|-heal|p2a: Claydol|84/100|[from] item: Leftovers
|upkeep
|turn|30
|
|t:|1729876454
|move|p1a: Aerodactyl|Rock Slide|p2a: Claydol
|-resisted|p2a: Claydol
|-damage|p2a: Claydol|63/100
|move|p2a: Claydol|Rapid Spin|p1a: Aerodactyl
|-resisted|p1a: Aerodactyl
|-crit|p1a: Aerodactyl
|-damage|p1a: Aerodactyl|95/100
|-sideend|p2: AC77|Spikes|[from] move: Rapid Spin|[of] p2a: Claydol
|
|-weather|Sandstorm|[upkeep]
|-heal|p2a: Claydol|69/100|[from] item: Leftovers
|upkeep
|turn|31
|
|t:|1729876463
|move|p1a: Aerodactyl|Rock Slide|p2a: Claydol
|-resisted|p2a: Claydol
|-damage|p2a: Claydol|49/100
|cant|p2a: Claydol|flinch
|
|-weather|Sandstorm|[upkeep]
|-heal|p2a: Claydol|55/100|[from] item: Leftovers
|upkeep
|turn|32
|
|t:|1729876481
|move|p1a: Aerodactyl|Rock Slide|p2a: Claydol
|-resisted|p2a: Claydol
|-damage|p2a: Claydol|33/100
|move|p2a: Claydol|Psychic|p1a: Aerodactyl
|-crit|p1a: Aerodactyl
|-damage|p1a: Aerodactyl|29/100
|
|-weather|Sandstorm|[upkeep]
|-heal|p2a: Claydol|39/100|[from] item: Leftovers
|upkeep
|turn|33
|c|☆CCGeek|ouch
|inactive|CCGeek has 180 seconds left.
|
|t:|1729876507
|switch|p1a: Skarmory|Skarmory, M|100/100
|move|p2a: Claydol|Psychic|p1a: Skarmory
|-resisted|p1a: Skarmory
|-damage|p1a: Skarmory|91/100
|
|-weather|Sandstorm|[upkeep]
|-heal|p1a: Skarmory|97/100|[from] item: Leftovers
|-heal|p2a: Claydol|45/100|[from] item: Leftovers
|upkeep
|turn|34
|
|t:|1729876522
|switch|p2a: Gengar|Gengar, M|46/100
|move|p1a: Skarmory|Spikes|p2a: Gengar
|-sidestart|p2: AC77|Spikes
|
|-weather|Sandstorm|[upkeep]
|-damage|p2a: Gengar|40/100|[from] Sandstorm
|-heal|p2a: Gengar|46/100|[from] item: Leftovers
|-heal|p1a: Skarmory|100/100|[from] item: Leftovers
|upkeep
|turn|35
|inactive|CCGeek has 180 seconds left.
|inactive|CCGeek has 150 seconds left.
|
|t:|1729876579
|switch|p1a: Celebi|Celebi|84/100
|-damage|p1a: Celebi|59/100|[from] Spikes
|move|p2a: Gengar|Will-O-Wisp|p1a: Celebi
|-status|p1a: Celebi|brn
|
|-weather|Sandstorm|[upkeep]
|-damage|p2a: Gengar|40/100|[from] Sandstorm
|-damage|p1a: Celebi|52/100 brn|[from] Sandstorm
|-heal|p2a: Gengar|46/100|[from] item: Leftovers
|-heal|p1a: Celebi|59/100 brn|[from] item: Leftovers
|-damage|p1a: Celebi|46/100 brn|[from] brn
|upkeep
|turn|36
|
|t:|1729876588
|switch|p2a: Skarmory|Skarmory, M|94/100
|move|p1a: Celebi|Leech Seed|p2a: Skarmory
|-start|p2a: Skarmory|move: Leech Seed
|
|-weather|Sandstorm|[upkeep]
|-damage|p1a: Celebi|40/100 brn|[from] Sandstorm
|-heal|p1a: Celebi|46/100 brn|[from] item: Leftovers
|-damage|p1a: Celebi|34/100 brn|[from] brn
|-heal|p2a: Skarmory|99/100|[from] item: Leftovers
|-damage|p2a: Skarmory|88/100|[from] Leech Seed|[of] p1a: Celebi
|-heal|p1a: Celebi|44/100 brn|[silent]
|upkeep
|turn|37
|inactive|CCGeek has 150 seconds left.
|
|t:|1729876599
|-curestatus|p1a: Celebi|brn|[from] ability: Natural Cure
|switch|p1a: Skarmory|Skarmory, M|100/100
|switch|p2a: Blissey|Blissey, F|80/100
|-damage|p2a: Blissey|67/100|[from] Spikes
|
|-weather|Sandstorm|[upkeep]
|-damage|p2a: Blissey|61/100|[from] Sandstorm
|-heal|p2a: Blissey|67/100|[from] item: Leftovers
|upkeep
|turn|38
|
|t:|1729876607
|move|p1a: Skarmory|Spikes|p2a: Blissey
|-sidestart|p2: AC77|Spikes
|move|p2a: Blissey|Wish|p2a: Blissey
|
|-weather|Sandstorm|[upkeep]
|-damage|p2a: Blissey|61/100|[from] Sandstorm
|-heal|p2a: Blissey|67/100|[from] item: Leftovers
|upkeep
|turn|39
|inactive|CCGeek has 150 seconds left.
|
|t:|1729876627
|move|p1a: Skarmory|Spikes|p2a: Blissey
|-sidestart|p2: AC77|Spikes
|move|p2a: Blissey|Ice Beam|p1a: Skarmory
|-damage|p1a: Skarmory|77/100
|
|-heal|p2a: Blissey|100/100|[from] move: Wish|[wisher] Blissey
|-weather|Sandstorm|[upkeep]
|-damage|p2a: Blissey|94/100|[from] Sandstorm
|-heal|p1a: Skarmory|83/100|[from] item: Leftovers
|-heal|p2a: Blissey|100/100|[from] item: Leftovers
|upkeep
|turn|40
|
|t:|1729876632
|move|p1a: Skarmory|Drill Peck|p2a: Blissey
|-damage|p2a: Blissey|75/100
|move|p2a: Blissey|Wish|p2a: Blissey
|
|-weather|Sandstorm|[upkeep]
|-damage|p2a: Blissey|69/100|[from] Sandstorm
|-heal|p1a: Skarmory|89/100|[from] item: Leftovers
|-heal|p2a: Blissey|75/100|[from] item: Leftovers
|upkeep
|turn|41
|
|t:|1729876637
|move|p2a: Blissey|Ice Beam|p1a: Skarmory
|-crit|p1a: Skarmory
|-damage|p1a: Skarmory|40/100
|move|p1a: Skarmory|Roar|p2a: Blissey
|drag|p2a: Skarmory|Skarmory, M|88/100
|
|-heal|p2a: Skarmory|100/100|[from] move: Wish|[wisher] Blissey
|-weather|Sandstorm|[upkeep]
|-heal|p1a: Skarmory|46/100|[from] item: Leftovers
|upkeep
|turn|42
|
|t:|1729876646
|move|p2a: Skarmory|Roar|p1a: Skarmory
|drag|p1a: Celebi|Celebi|44/100
|-damage|p1a: Celebi|19/100|[from] Spikes
|
|-weather|Sandstorm|[upkeep]
|-damage|p1a: Celebi|13/100|[from] Sandstorm
|-heal|p1a: Celebi|19/100|[from] item: Leftovers
|upkeep
|turn|43
|
|t:|1729876653
|move|p1a: Celebi|Leech Seed|p2a: Skarmory|[miss]
|-miss|p1a: Celebi|p2a: Skarmory
|move|p2a: Skarmory|Roar|p1a: Celebi
|drag|p1a: Aerodactyl|Aerodactyl, M|29/100
|
|-weather|Sandstorm|[upkeep]
|upkeep
|turn|44
|
|t:|1729876658
|move|p2a: Skarmory|Protect|p2a: Skarmory
|-singleturn|p2a: Skarmory|Protect
|move|p1a: Aerodactyl|Rock Slide|p2a: Skarmory
|-activate|p2a: Skarmory|Protect
|
|-weather|Sandstorm|[upkeep]
|upkeep
|turn|45
|
|t:|1729876663
|switch|p1a: Charizard|Charizard, F|58/100 tox
|move|p2a: Skarmory|Toxic|p1a: Charizard|[miss]
|-miss|p2a: Skarmory|p1a: Charizard
|
|-weather|Sandstorm|[upkeep]
|-damage|p1a: Charizard|52/100 tox|[from] Sandstorm
|-heal|p1a: Charizard|58/100 tox|[from] item: Leftovers
|-damage|p1a: Charizard|52/100 tox|[from] psn
|upkeep
|turn|46
|
|t:|1729876671
|move|p2a: Skarmory|Protect|p2a: Skarmory
|-singleturn|p2a: Skarmory|Protect
|move|p1a: Charizard|Beat Up|p2a: Skarmory
|-activate|p2a: Skarmory|Protect
|
|-weather|Sandstorm|[upkeep]
|-damage|p1a: Charizard|46/100 tox|[from] Sandstorm
|-heal|p1a: Charizard|52/100 tox|[from] item: Leftovers
|-damage|p1a: Charizard|40/100 tox|[from] psn
|upkeep
|turn|47
|inactive|AC77 has 270 seconds left.
|
|t:|1729876722
|switch|p2a: Blissey|Blissey, F|75/100
|-damage|p2a: Blissey|50/100|[from] Spikes
|move|p1a: Charizard|Flamethrower|p2a: Blissey
|-damage|p2a: Blissey|32/100
|
|-weather|Sandstorm|[upkeep]
|-damage|p1a: Charizard|34/100 tox|[from] Sandstorm
|-damage|p2a: Blissey|26/100|[from] Sandstorm
|-heal|p1a: Charizard|40/100 tox|[from] item: Leftovers
|-damage|p1a: Charizard|22/100 tox|[from] psn
|-heal|p2a: Blissey|32/100|[from] item: Leftovers
|upkeep
|turn|48
|inactive|CCGeek has 210 seconds left.
|inactive|AC77 has 240 seconds left.
|inactive|CCGeek has 180 seconds left.
|
|t:|1729876769
|switch|p2a: Milotic|Milotic, M|100/100
|-damage|p2a: Milotic|76/100|[from] Spikes
|move|p1a: Charizard|Beat Up|p2a: Milotic
|-damage|p2a: Milotic|73/100
|-damage|p2a: Milotic|70/100
|-damage|p2a: Milotic|66/100
|-damage|p2a: Milotic|64/100
|-damage|p2a: Milotic|61/100
|-hitcount|p2a: Milotic|5
|
|-weather|Sandstorm|[upkeep]
|-damage|p1a: Charizard|16/100 tox|[from] Sandstorm
|-damage|p2a: Milotic|55/100|[from] Sandstorm
|-heal|p1a: Charizard|22/100 tox|[from] item: Leftovers
|-damage|p1a: Charizard|0 fnt|[from] psn
|faint|p1a: Charizard
|-heal|p2a: Milotic|61/100|[from] item: Leftovers
|upkeep
|
|t:|1729876790
|switch|p1a: Swampert|Swampert, M|100/100
|-damage|p1a: Swampert|76/100|[from] Spikes
|turn|49
|
|t:|1729876797
|switch|p1a: Skarmory|Skarmory, M|46/100
|move|p2a: Milotic|Recover|p2a: Milotic
|-heal|p2a: Milotic|100/100
|
|-weather|Sandstorm|[upkeep]
|-damage|p2a: Milotic|94/100|[from] Sandstorm
|-heal|p2a: Milotic|100/100|[from] item: Leftovers
|-heal|p1a: Skarmory|52/100|[from] item: Leftovers
|upkeep
|turn|50
|
|t:|1729876802
|move|p2a: Milotic|Surf|p1a: Skarmory
|-damage|p1a: Skarmory|24/100
|move|p1a: Skarmory|Roar|p2a: Milotic
|drag|p2a: Dugtrio|Dugtrio, M|100/100
|-damage|p2a: Dugtrio|76/100|[from] Spikes
|
|-weather|Sandstorm|[upkeep]
|-heal|p1a: Skarmory|30/100|[from] item: Leftovers
|upkeep
|turn|51
|
|t:|1729876809
|switch|p2a: Skarmory|Skarmory, M|100/100
|move|p1a: Skarmory|Roar|p2a: Skarmory
|drag|p2a: Milotic|Milotic, M|100/100
|-damage|p2a: Milotic|76/100|[from] Spikes
|
|-weather|Sandstorm|[upkeep]
|-damage|p2a: Milotic|70/100|[from] Sandstorm
|-heal|p2a: Milotic|76/100|[from] item: Leftovers
|-heal|p1a: Skarmory|36/100|[from] item: Leftovers
|upkeep
|turn|52
|
|t:|1729876814
|move|p2a: Milotic|Recover|p2a: Milotic
|-heal|p2a: Milotic|100/100
|move|p1a: Skarmory|Roar|p2a: Milotic
|drag|p2a: Dugtrio|Dugtrio, M|76/100
|-damage|p2a: Dugtrio|51/100|[from] Spikes
|
|-weather|Sandstorm|[upkeep]
|-heal|p1a: Skarmory|42/100|[from] item: Leftovers
|upkeep
|turn|53
|
|t:|1729876820
|switch|p2a: Skarmory|Skarmory, M|100/100
|move|p1a: Skarmory|Roar|p2a: Skarmory
|drag|p2a: Milotic|Milotic, M|100/100
|-damage|p2a: Milotic|76/100|[from] Spikes
|
|-weather|Sandstorm|[upkeep]
|-damage|p2a: Milotic|70/100|[from] Sandstorm
|-heal|p2a: Milotic|76/100|[from] item: Leftovers
|-heal|p1a: Skarmory|48/100|[from] item: Leftovers
|upkeep
|turn|54
|
|t:|1729876826
|move|p1a: Skarmory|Protect|p1a: Skarmory
|-singleturn|p1a: Skarmory|Protect
|move|p2a: Milotic|Surf|p1a: Skarmory
|-activate|p1a: Skarmory|Protect
|
|-weather|Sandstorm|[upkeep]
|-damage|p2a: Milotic|70/100|[from] Sandstorm
|-heal|p2a: Milotic|76/100|[from] item: Leftovers
|-heal|p1a: Skarmory|54/100|[from] item: Leftovers
|upkeep
|turn|55
|
|t:|1729876830
|move|p2a: Milotic|Recover|p2a: Milotic
|-heal|p2a: Milotic|100/100
|move|p1a: Skarmory|Roar|p2a: Milotic
|drag|p2a: Gengar|Gengar, M|46/100
|
|-weather|Sandstorm|[upkeep]
|-damage|p2a: Gengar|40/100|[from] Sandstorm
|-heal|p2a: Gengar|46/100|[from] item: Leftovers
|-heal|p1a: Skarmory|60/100|[from] item: Leftovers
|upkeep
|turn|56
|
|t:|1729876835
|move|p1a: Skarmory|Protect|p1a: Skarmory
|-singleturn|p1a: Skarmory|Protect
|move|p2a: Gengar|Thunderbolt|p1a: Skarmory
|-activate|p1a: Skarmory|Protect
|
|-weather|Sandstorm|[upkeep]
|-damage|p2a: Gengar|40/100|[from] Sandstorm
|-heal|p2a: Gengar|46/100|[from] item: Leftovers
|-heal|p1a: Skarmory|66/100|[from] item: Leftovers
|upkeep
|turn|57
|
|t:|1729876844
|switch|p1a: Celebi|Celebi|19/100
|-damage|p1a: Celebi|0 fnt|[from] Spikes
|faint|p1a: Celebi
|inactive|CCGeek has 210 seconds left.
|inactive|CCGeek has 180 seconds left.
|
|t:|1729876904
|switch|p1a: Aerodactyl|Aerodactyl, M|29/100
|
|-weather|Sandstorm|[upkeep]
|-damage|p2a: Gengar|40/100|[from] Sandstorm
|-heal|p2a: Gengar|46/100|[from] item: Leftovers
|upkeep
|turn|58
|
|t:|1729876913
|switch|p2a: Skarmory|Skarmory, M|100/100
|move|p1a: Aerodactyl|Rock Slide|p2a: Skarmory
|-damage|p2a: Skarmory|61/100
|
|-weather|Sandstorm|[upkeep]
|-heal|p2a: Skarmory|67/100|[from] item: Leftovers
|upkeep
|turn|59
|
|t:|1729876919
|switch|p1a: Skarmory|Skarmory, M|66/100
|move|p2a: Skarmory|Toxic|p1a: Skarmory
|-immune|p1a: Skarmory
|
|-weather|Sandstorm|[upkeep]
|-heal|p1a: Skarmory|72/100|[from] item: Leftovers
|-heal|p2a: Skarmory|73/100|[from] item: Leftovers
|upkeep
|turn|60
|inactive|CCGeek has 180 seconds left.
|
|t:|1729876932
|move|p2a: Skarmory|Roar|p1a: Skarmory
|drag|p1a: Aerodactyl|Aerodactyl, M|29/100
|
|-weather|Sandstorm|[upkeep]
|-heal|p2a: Skarmory|79/100|[from] item: Leftovers
|upkeep
|turn|61
|
|t:|1729876936
|switch|p1a: Skarmory|Skarmory, M|72/100
|move|p2a: Skarmory|Protect||[still]
|-fail|p2a: Skarmory
|
|-weather|Sandstorm|[upkeep]
|-heal|p1a: Skarmory|78/100|[from] item: Leftovers
|-heal|p2a: Skarmory|85/100|[from] item: Leftovers
|upkeep
|turn|62
|
|t:|1729876944
|move|p1a: Skarmory|Roar|p2a: Skarmory
|drag|p2a: Dugtrio|Dugtrio, M|51/100
|-damage|p2a: Dugtrio|27/100|[from] Spikes
|
|-weather|Sandstorm|[upkeep]
|-heal|p1a: Skarmory|84/100|[from] item: Leftovers
|upkeep
|turn|63
|
|t:|1729876949
|switch|p2a: Skarmory|Skarmory, M|85/100
|move|p1a: Skarmory|Roar|p2a: Skarmory
|drag|p2a: Blissey|Blissey, F|32/100
|-damage|p2a: Blissey|7/100|[from] Spikes
|
|-weather|Sandstorm|[upkeep]
|-damage|p2a: Blissey|1/100|[from] Sandstorm
|-heal|p1a: Skarmory|90/100|[from] item: Leftovers
|-heal|p2a: Blissey|7/100|[from] item: Leftovers
|upkeep
|turn|64
|
|t:|1729876954
|move|p1a: Skarmory|Drill Peck|p2a: Blissey
|-damage|p2a: Blissey|0 fnt
|faint|p2a: Blissey
|
|t:|1729876964
|switch|p2a: Gengar|Gengar, M|46/100
|
|-weather|Sandstorm|[upkeep]
|-damage|p2a: Gengar|40/100|[from] Sandstorm
|-heal|p2a: Gengar|46/100|[from] item: Leftovers
|-heal|p1a: Skarmory|96/100|[from] item: Leftovers
|upkeep
|turn|65
|
|t:|1729876971
|move|p1a: Skarmory|Protect|p1a: Skarmory
|-singleturn|p1a: Skarmory|Protect
|move|p2a: Gengar|Will-O-Wisp|p1a: Skarmory
|-activate|p1a: Skarmory|Protect
|
|-weather|Sandstorm|[upkeep]
|-damage|p2a: Gengar|40/100|[from] Sandstorm
|-heal|p2a: Gengar|46/100|[from] item: Leftovers
|-heal|p1a: Skarmory|100/100|[from] item: Leftovers
|upkeep
|turn|66
|inactive|CCGeek has 210 seconds left.
|
|t:|1729877006
|move|p2a: Gengar|Will-O-Wisp|p1a: Skarmory|[miss]
|-miss|p2a: Gengar|p1a: Skarmory
|move|p1a: Skarmory|Roar|p2a: Gengar
|drag|p2a: Claydol|Claydol|45/100
|
|-weather|Sandstorm|[upkeep]
|-heal|p2a: Claydol|51/100|[from] item: Leftovers
|upkeep
|turn|67
|
|t:|1729877026
|move|p1a: Skarmory|Drill Peck|p2a: Claydol
|-damage|p2a: Claydol|31/100
|move|p2a: Claydol|Rapid Spin|p1a: Skarmory
|-resisted|p1a: Skarmory
|-damage|p1a: Skarmory|99/100
|-sideend|p2: AC77|Spikes|[from] move: Rapid Spin|[of] p2a: Claydol
|
|-weather|Sandstorm|[upkeep]
|-heal|p1a: Skarmory|100/100|[from] item: Leftovers
|-heal|p2a: Claydol|38/100|[from] item: Leftovers
|upkeep
|turn|68
|
|t:|1729877031
|switch|p2a: Skarmory|Skarmory, M|85/100
|move|p1a: Skarmory|Spikes|p2a: Skarmory
|-sidestart|p2: AC77|Spikes
|
|-weather|Sandstorm|[upkeep]
|-heal|p2a: Skarmory|91/100|[from] item: Leftovers
|upkeep
|turn|69
|
|t:|1729877034
|move|p1a: Skarmory|Spikes|p2a: Skarmory
|-sidestart|p2: AC77|Spikes
|move|p2a: Skarmory|Roar|p1a: Skarmory
|drag|p1a: Aerodactyl|Aerodactyl, M|29/100
|
|-weather|Sandstorm|[upkeep]
|-heal|p2a: Skarmory|97/100|[from] item: Leftovers
|upkeep
|turn|70
|
|t:|1729877040
|switch|p1a: Skarmory|Skarmory, M|100/100
|move|p2a: Skarmory|Roar|p1a: Skarmory
|drag|p1a: Swampert|Swampert, M|76/100
|-damage|p1a: Swampert|51/100|[from] Spikes
|
|-weather|Sandstorm|[upkeep]
|-heal|p2a: Skarmory|100/100|[from] item: Leftovers
|-heal|p1a: Swampert|57/100|[from] item: Leftovers
|upkeep
|turn|71
|
|t:|1729877045
|move|p1a: Swampert|Protect|p1a: Swampert
|-singleturn|p1a: Swampert|Protect
|move|p2a: Skarmory|Roar|p1a: Swampert
|-activate|p1a: Swampert|Protect
|
|-weather|Sandstorm|[upkeep]
|-heal|p1a: Swampert|63/100|[from] item: Leftovers
|upkeep
|turn|72
|
|t:|1729877054
|move|p2a: Skarmory|Toxic|p1a: Swampert|[miss]
|-miss|p2a: Skarmory|p1a: Swampert
|move|p1a: Swampert|Hydro Pump|p2a: Skarmory
|-damage|p2a: Skarmory|62/100
|
|-weather|Sandstorm|[upkeep]
|-heal|p2a: Skarmory|68/100|[from] item: Leftovers
|-heal|p1a: Swampert|69/100|[from] item: Leftovers
|upkeep
|turn|73
|
|t:|1729877059
|move|p1a: Swampert|Protect|p1a: Swampert
|-singleturn|p1a: Swampert|Protect
|move|p2a: Skarmory|Toxic|p1a: Swampert
|-activate|p1a: Swampert|Protect
|
|-weather|Sandstorm|[upkeep]
|-heal|p2a: Skarmory|74/100|[from] item: Leftovers
|-heal|p1a: Swampert|76/100|[from] item: Leftovers
|upkeep
|turn|74
|
|t:|1729877064
|switch|p1a: Skarmory|Skarmory, M|100/100
|move|p2a: Skarmory|Toxic|p1a: Skarmory
|-immune|p1a: Skarmory
|
|-weather|Sandstorm|[upkeep]
|-heal|p2a: Skarmory|80/100|[from] item: Leftovers
|upkeep
|turn|75
|
|t:|1729877069
|move|p1a: Skarmory|Drill Peck|p2a: Skarmory
|-resisted|p2a: Skarmory
|-damage|p2a: Skarmory|70/100
|move|p2a: Skarmory|Roar|p1a: Skarmory
|drag|p1a: Tyranitar|Tyranitar, F|100/100
|-damage|p1a: Tyranitar|76/100|[from] Spikes
|
|-weather|Sandstorm|[upkeep]
|-heal|p1a: Tyranitar|82/100|[from] item: Leftovers
|-heal|p2a: Skarmory|76/100|[from] item: Leftovers
|upkeep
|turn|76
|c|☆CCGeek|misclick
|inactive|CCGeek has 240 seconds left.
|inactive|AC77 has 270 seconds left.
|
|t:|1729877134
|move|p1a: Tyranitar|Rock Slide|p2a: Skarmory
|-damage|p2a: Skarmory|47/100
|move|p2a: Skarmory|Toxic|p1a: Tyranitar
|-status|p1a: Tyranitar|tox
|
|-weather|Sandstorm|[upkeep]
|-heal|p1a: Tyranitar|88/100 tox|[from] item: Leftovers
|-damage|p1a: Tyranitar|82/100 tox|[from] psn
|-heal|p2a: Skarmory|53/100|[from] item: Leftovers
|upkeep
|turn|77
|inactive|AC77 has 270 seconds left.
|
|t:|1729877149
|move|p1a: Tyranitar|Dragon Dance|p1a: Tyranitar
|-boost|p1a: Tyranitar|atk|1
|-boost|p1a: Tyranitar|spe|1
|move|p2a: Skarmory|Roar|p1a: Tyranitar
|drag|p1a: Skarmory|Skarmory, M|100/100
|
|-weather|Sandstorm|[upkeep]
|-heal|p2a: Skarmory|59/100|[from] item: Leftovers
|upkeep
|turn|78
|
|t:|1729877156
|move|p1a: Skarmory|Spikes|p2a: Skarmory
|-sidestart|p2: AC77|Spikes
|move|p2a: Skarmory|Roar|p1a: Skarmory
|drag|p1a: Swampert|Swampert, M|76/100
|-damage|p1a: Swampert|51/100|[from] Spikes
|
|-weather|Sandstorm|[upkeep]
|-heal|p2a: Skarmory|65/100|[from] item: Leftovers
|-heal|p1a: Swampert|57/100|[from] item: Leftovers
|upkeep
|turn|79
|
|t:|1729877167
|switch|p2a: Milotic|Milotic, M|100/100
|-damage|p2a: Milotic|76/100|[from] Spikes
|switch|p1a: Skarmory|Skarmory, M|100/100
|
|-weather|Sandstorm|[upkeep]
|-damage|p2a: Milotic|70/100|[from] Sandstorm
|-heal|p2a: Milotic|76/100|[from] item: Leftovers
|upkeep
|turn|80
|
|t:|1729877173
|move|p2a: Milotic|Surf|p1a: Skarmory
|-damage|p1a: Skarmory|69/100
|move|p1a: Skarmory|Roar|p2a: Milotic
|drag|p2a: Gengar|Gengar, M|46/100
|
|-weather|Sandstorm|[upkeep]
|-damage|p2a: Gengar|40/100|[from] Sandstorm
|-heal|p2a: Gengar|46/100|[from] item: Leftovers
|-heal|p1a: Skarmory|75/100|[from] item: Leftovers
|upkeep
|turn|81
|
|t:|1729877179
|move|p1a: Skarmory|Protect|p1a: Skarmory
|-singleturn|p1a: Skarmory|Protect
|move|p2a: Gengar|Thunderbolt|p1a: Skarmory
|-activate|p1a: Skarmory|Protect
|
|-weather|Sandstorm|[upkeep]
|-damage|p2a: Gengar|40/100|[from] Sandstorm
|-heal|p2a: Gengar|46/100|[from] item: Leftovers
|-heal|p1a: Skarmory|81/100|[from] item: Leftovers
|upkeep
|turn|82
|
|t:|1729877186
|switch|p1a: Swampert|Swampert, M|57/100
|-damage|p1a: Swampert|32/100|[from] Spikes
|move|p2a: Gengar|Thunderbolt|p1a: Swampert
|-immune|p1a: Swampert
|
|-weather|Sandstorm|[upkeep]
|-damage|p2a: Gengar|40/100|[from] Sandstorm
|-heal|p2a: Gengar|46/100|[from] item: Leftovers
|-heal|p1a: Swampert|38/100|[from] item: Leftovers
|upkeep
|turn|83
|inactive|CCGeek has 240 seconds left.
|
|t:|1729877208
|switch|p2a: Milotic|Milotic, M|76/100
|-damage|p2a: Milotic|51/100|[from] Spikes
|move|p1a: Swampert|Protect||[still]
|-fail|p1a: Swampert
|
|-weather|Sandstorm|[upkeep]
|-damage|p2a: Milotic|45/100|[from] Sandstorm
|-heal|p2a: Milotic|51/100|[from] item: Leftovers
|-heal|p1a: Swampert|44/100|[from] item: Leftovers
|upkeep
|turn|84
|
|t:|1729877213
|move|p1a: Swampert|Protect|p1a: Swampert
|-singleturn|p1a: Swampert|Protect
|move|p2a: Milotic|Recover|p2a: Milotic
|-heal|p2a: Milotic|100/100
|
|-weather|Sandstorm|[upkeep]
|-damage|p2a: Milotic|94/100|[from] Sandstorm
|-heal|p2a: Milotic|100/100|[from] item: Leftovers
|-heal|p1a: Swampert|51/100|[from] item: Leftovers
|upkeep
|turn|85
|
|t:|1729877223
|switch|p1a: Skarmory|Skarmory, M|81/100
|move|p2a: Milotic|Surf|p1a: Skarmory
|-damage|p1a: Skarmory|48/100
|
|-weather|Sandstorm|[upkeep]
|-damage|p2a: Milotic|94/100|[from] Sandstorm
|-heal|p2a: Milotic|100/100|[from] item: Leftovers
|-heal|p1a: Skarmory|54/100|[from] item: Leftovers
|upkeep
|turn|86
|
|t:|1729877231
|move|p1a: Skarmory|Protect|p1a: Skarmory
|-singleturn|p1a: Skarmory|Protect
|move|p2a: Milotic|Surf|p1a: Skarmory
|-activate|p1a: Skarmory|Protect
|
|-weather|Sandstorm|[upkeep]
|-damage|p2a: Milotic|94/100|[from] Sandstorm
|-heal|p2a: Milotic|100/100|[from] item: Leftovers
|-heal|p1a: Skarmory|60/100|[from] item: Leftovers
|upkeep
|turn|87
|
|t:|1729877234
|move|p2a: Milotic|Surf|p1a: Skarmory
|-damage|p1a: Skarmory|32/100
|move|p1a: Skarmory|Roar|p2a: Milotic
|drag|p2a: Skarmory|Skarmory, M|65/100
|
|-weather|Sandstorm|[upkeep]
|-heal|p2a: Skarmory|71/100|[from] item: Leftovers
|-heal|p1a: Skarmory|38/100|[from] item: Leftovers
|upkeep
|turn|88
|
|t:|1729877238
|move|p1a: Skarmory|Roar|p2a: Skarmory
|drag|p2a: Gengar|Gengar, M|46/100
|
|-weather|Sandstorm|[upkeep]
|-damage|p2a: Gengar|40/100|[from] Sandstorm
|-heal|p2a: Gengar|46/100|[from] item: Leftovers
|-heal|p1a: Skarmory|44/100|[from] item: Leftovers
|upkeep
|turn|89
|
|t:|1729877244
|move|p1a: Skarmory|Protect|p1a: Skarmory
|-singleturn|p1a: Skarmory|Protect
|move|p2a: Gengar|Thunderbolt|p1a: Skarmory
|-activate|p1a: Skarmory|Protect
|
|-weather|Sandstorm|[upkeep]
|-damage|p2a: Gengar|40/100|[from] Sandstorm
|-heal|p2a: Gengar|46/100|[from] item: Leftovers
|-heal|p1a: Skarmory|50/100|[from] item: Leftovers
|upkeep
|turn|90
|inactive|CCGeek has 270 seconds left.
|inactive|CCGeek has 240 seconds left.
|
|t:|1729877301
|switch|p1a: Swampert|Swampert, M|51/100
|-damage|p1a: Swampert|26/100|[from] Spikes
|move|p2a: Gengar|Thunderbolt|p1a: Swampert
|-immune|p1a: Swampert
|
|-weather|Sandstorm|[upkeep]
|-damage|p2a: Gengar|40/100|[from] Sandstorm
|-heal|p2a: Gengar|46/100|[from] item: Leftovers
|-heal|p1a: Swampert|32/100|[from] item: Leftovers
|upkeep
|turn|91
|inactive|CCGeek has 240 seconds left.
|
|t:|1729877324
|switch|p2a: Milotic|Milotic, M|100/100
|-damage|p2a: Milotic|76/100|[from] Spikes
|move|p1a: Swampert|Protect||[still]
|-fail|p1a: Swampert
|
|-weather|Sandstorm|[upkeep]
|-damage|p2a: Milotic|70/100|[from] Sandstorm
|-heal|p2a: Milotic|76/100|[from] item: Leftovers
|-heal|p1a: Swampert|38/100|[from] item: Leftovers
|upkeep
|turn|92
|
|t:|1729877328
|move|p1a: Swampert|Protect|p1a: Swampert
|-singleturn|p1a: Swampert|Protect
|move|p2a: Milotic|Surf|p1a: Swampert
|-activate|p1a: Swampert|Protect
|
|-weather|Sandstorm|[upkeep]
|-damage|p2a: Milotic|70/100|[from] Sandstorm
|-heal|p2a: Milotic|76/100|[from] item: Leftovers
|-heal|p1a: Swampert|44/100|[from] item: Leftovers
|upkeep
|turn|93
|inactive|CCGeek has 240 seconds left.
|
|t:|1729877335
|move|p2a: Milotic|Surf|p1a: Swampert
|-damage|p1a: Swampert|14/100
|move|p1a: Swampert|Earthquake|p2a: Milotic
|-damage|p2a: Milotic|47/100
|
|-weather|Sandstorm|[upkeep]
|-damage|p2a: Milotic|41/100|[from] Sandstorm
|-heal|p2a: Milotic|47/100|[from] item: Leftovers
|-heal|p1a: Swampert|20/100|[from] item: Leftovers
|upkeep
|turn|94
|inactive|CCGeek has 240 seconds left.
|inactive|CCGeek has 210 seconds left.
|
|t:|1729877380
|move|p2a: Milotic|Recover|p2a: Milotic
|-heal|p2a: Milotic|97/100
|move|p1a: Swampert|Earthquake|p2a: Milotic
|-damage|p2a: Milotic|72/100
|
|-weather|Sandstorm|[upkeep]
|-damage|p2a: Milotic|65/100|[from] Sandstorm
|-heal|p2a: Milotic|72/100|[from] item: Leftovers
|-heal|p1a: Swampert|26/100|[from] item: Leftovers
|upkeep
|turn|95
|inactive|CCGeek has 210 seconds left.
|
|t:|1729877387
|move|p1a: Swampert|Protect|p1a: Swampert
|-singleturn|p1a: Swampert|Protect
|move|p2a: Milotic|Recover|p2a: Milotic
|-heal|p2a: Milotic|100/100
|
|-weather|Sandstorm|[upkeep]
|-damage|p2a: Milotic|94/100|[from] Sandstorm
|-heal|p2a: Milotic|100/100|[from] item: Leftovers
|-heal|p1a: Swampert|32/100|[from] item: Leftovers
|upkeep
|turn|96
|
|t:|1729877391
|move|p2a: Milotic|Surf|p1a: Swampert
|-damage|p1a: Swampert|3/100
|move|p1a: Swampert|Earthquake|p2a: Milotic
|-damage|p2a: Milotic|72/100
|
|-weather|Sandstorm|[upkeep]
|-damage|p2a: Milotic|66/100|[from] Sandstorm
|-heal|p2a: Milotic|72/100|[from] item: Leftovers
|-heal|p1a: Swampert|9/100|[from] item: Leftovers
|upkeep
|turn|97
|
|t:|1729877398
|move|p2a: Milotic|Surf|p1a: Swampert
|-damage|p1a: Swampert|0 fnt
|faint|p1a: Swampert
|
|t:|1729877410
|switch|p1a: Tyranitar|Tyranitar, F|82/100 tox
|-damage|p1a: Tyranitar|57/100 tox|[from] Spikes
|
|-weather|Sandstorm|[upkeep]
|-damage|p2a: Milotic|66/100|[from] Sandstorm
|-heal|p1a: Tyranitar|63/100 tox|[from] item: Leftovers
|-damage|p1a: Tyranitar|57/100 tox|[from] psn
|-heal|p2a: Milotic|72/100|[from] item: Leftovers
|upkeep
|turn|98
|
|t:|1729877417
|move|p1a: Tyranitar|Dragon Dance|p1a: Tyranitar
|-boost|p1a: Tyranitar|atk|1
|-boost|p1a: Tyranitar|spe|1
|move|p2a: Milotic|Surf|p1a: Tyranitar
|-supereffective|p1a: Tyranitar
|-damage|p1a: Tyranitar|0 fnt
|faint|p1a: Tyranitar
|
|t:|1729877423
|switch|p1a: Aerodactyl|Aerodactyl, M|29/100
|
|-weather|Sandstorm|[upkeep]
|-damage|p2a: Milotic|66/100|[from] Sandstorm
|-heal|p2a: Milotic|72/100|[from] item: Leftovers
|upkeep
|turn|99
|
|t:|1729877427
|move|p1a: Aerodactyl|Rock Slide|p2a: Milotic
|-damage|p2a: Milotic|36/100
|move|p2a: Milotic|Surf|p1a: Aerodactyl
|-supereffective|p1a: Aerodactyl
|-damage|p1a: Aerodactyl|0 fnt
|faint|p1a: Aerodactyl
|c|☆CCGeek|welps
|c|☆CCGeek|30%
|c|☆AC77|gg
|c|☆CCGeek|gg
|
|t:|1729877453
|switch|p1a: Skarmory|Skarmory, M|50/100
|
|-weather|Sandstorm|[upkeep]
|-damage|p2a: Milotic|30/100|[from] Sandstorm
|-heal|p2a: Milotic|36/100|[from] item: Leftovers
|-heal|p1a: Skarmory|56/100|[from] item: Leftovers
|upkeep
|turn|100
|-message|CCGeek forfeited.
|
|win|AC77

</script>
<script type="application/json" class="data" id="replaydata-smogtours-gen3ou-801845">
{"id":"smogtours-gen3ou-801845","format":"[Gen 3] OU","players":["CCGeek","AC77"],"uploadtime":1729877461,"views":82,"formatid":"gen3ou","rating":null,"private":1,"password":null}
</script>

<script defer src="js/replays.js?9d40a366"></script>
