<!DOCTYPE html>
<meta charset="utf-8" />
<meta name="viewport" content="width=device-width" />

<title>[Gen 3] OU: jpmockman vs. ShotoNC - Replays - Pok&eacute;mon Showdown!</title>

<meta name="description" content="Watch a replay of a Pok&eacute;mon battle between jpmockman and ShotoNC! Format: [Gen 3] OU; Date: Oct 4, 2024" />
<!--

Hey, you! Looking in the source for the replay log?

You can find them in JSON format, just add `.json` at the end of a replay URL.

https://replay.pokemonshowdown.com/gen7randomdoublesbattle-865046831.json

Or, if you only need the log itself, add `.log` instead:

https://replay.pokemonshowdown.com/gen7randomdoublesbattle-865046831.log

-->

<link rel="stylesheet" href="//pokemonshowdown.com/style/global.css?0.023195364461161105" />
<link rel="stylesheet" href="//play.pokemonshowdown.com/style/font-awesome.css?0.13261647063804238" />
<link rel="stylesheet" href="//play.pokemonshowdown.com/style/battle.css?0.8753245789963631" />
<link rel="stylesheet" href="//play.pokemonshowdown.com/style/utilichart.css?0.8627959624976733" />

<!-- Global site tag (gtag.js) - Google Analytics -->
<script async src="https://www.googletagmanager.com/gtag/js?id=UA-26211653-1"></script>
<script>
  window.dataLayer = window.dataLayer || [];
  function gtag(){dataLayer.push(arguments);}
  gtag('js', new Date());

  gtag('config', 'UA-26211653-1');
</script>
<!-- End Google Analytics -->
<!-- Venatus Ad Manager - Install in <HEAD> of page -->
	<script src="https://hb.vntsm.com/v3/live/ad-manager.min.js" type="text/javascript" data-site-id="642aba63ec9a7b11c3c9c1be" data-mode="scan" async></script>
<!-- / Venatus Ad Manager -->

<style>
	@media (max-width:820px) {
		.battle {
			margin: 0 auto;
		}
		.battle-log {
			margin: 7px auto 0;
			max-width: 640px;
			height: 300px;
			position: static;
		}
	}
	.optgroup {
		display: inline-block;
		line-height: 22px;
		font-size: 10pt;
	}
	.optgroup .button {
		height: 25px;
		padding-top: 0;
		padding-bottom: 0;
	}
	.optgroup button.button {
		padding-left: 12px;
		padding-right: 12px;
	}
	.linklist {
		list-style: none;
		margin: 0.5em 0;
		padding: 0;
	}
	.linklist li {
		padding: 2px 0;
	}
	.sidebar {
		float: left;
		width: 320px;
	}
	.bar-wrapper {
		max-width: 1100px;
		margin: 0 auto;
	}
	.bar-wrapper.has-sidebar {
		max-width: 1430px;
	}
	.mainbar {
		margin: 0;
		padding-right: 1px;
	}
	.mainbar.has-sidebar {
		margin-left: 330px;
	}
	@media (min-width: 1511px) {
		.sidebar {
			width: 400px;
		}
		.bar-wrapper.has-sidebar {
			max-width: 1510px;
		}
		.mainbar.has-sidebar {
			margin-left: 410px;
		}
	}
	.section.first-section {
		margin-top: 9px;
	}
	.blocklink small {
		white-space: normal;
	}
	.button {
		vertical-align: middle;
	}
	.replay-controls {
		padding-top: 10px;
	}
	.replay-controls h1 {
		font-size: 16pt;
		font-weight: normal;
		color: #CCC;
	}
	.pagelink {
		text-align: center;
	}
	.pagelink a {
		width: 150px;
	}
	.textbox, .button {
		font-size: 11pt;
		vertical-align: middle;
	}
	@media (max-width: 450px) {
		.button {
			font-size: 9pt;
		}
	}
</style>

<div>

	<header>
		<div class="nav-wrapper"><ul class="nav">
			<li><a class="button nav-first" href="//pokemonshowdown.com/"><img src="//pokemonshowdown.com/images/pokemonshowdownbeta.png" srcset="//pokemonshowdown.com/images/pokemonshowdownbeta.png 1x, //pokemonshowdown.com/images/pokemonshowdownbeta@2x.png 2x" alt="Pok&eacute;mon Showdown" width="146" height="44" /> Home</a></li>
			<li><a class="button" href="//pokemonshowdown.com/dex/">Pok&eacute;dex</a></li>
			<li><a class="button cur" href="/">Replays</a></li>
			<li><a class="button" href="//pokemonshowdown.com/ladder/">Ladder</a></li>
			<li><a class="button nav-last" href="//pokemonshowdown.com/forums/">Forum</a></li>
			<li><a class="button greenbutton nav-first nav-last" href="//play.pokemonshowdown.com/">Play</a></li>
		</ul></div>
	</header>

	<div class="main" id="main">

		<noscript><section class="section">You need to enable JavaScript to use this page; sorry!</section></noscript>

	</div>

</div>

<script defer nomodule src="//play.pokemonshowdown.com/js/lib/ps-polyfill.js"></script>
<script defer src="//play.pokemonshowdown.com/js/lib/preact.min.js"></script>

<script defer src="//play.pokemonshowdown.com/config/config.js?2bddbc15"></script>
<script defer src="//play.pokemonshowdown.com/js/lib/jquery-1.11.0.min.js"></script>
<script defer src="//play.pokemonshowdown.com/js/lib/html-sanitizer-minified.js"></script>
<script defer src="//play.pokemonshowdown.com/js/battle-sound.js"></script>
<script defer src="//play.pokemonshowdown.com/js/battledata.js?0.7209276989879541"></script>
<script defer src="//play.pokemonshowdown.com/data/pokedex-mini.js?0.6111056340867951"></script>
<script defer src="//play.pokemonshowdown.com/data/pokedex-mini-bw.js?0.3532142036491459"></script>
<script defer src="//play.pokemonshowdown.com/data/graphics.js?0.24223875632456182"></script>
<script defer src="//play.pokemonshowdown.com/data/pokedex.js?0.38839984266356864"></script>
<script defer src="//play.pokemonshowdown.com/data/moves.js?0.21866028504024015"></script>
<script defer src="//play.pokemonshowdown.com/data/abilities.js?0.2005157953846628"></script>
<script defer src="//play.pokemonshowdown.com/data/items.js?0.9894211263848525"></script>
<script defer src="//play.pokemonshowdown.com/data/teambuilder-tables.js?0.6008791140282215"></script>
<script defer src="//play.pokemonshowdown.com/js/battle-tooltips.js?0.7580118955022959"></script>
<script defer src="//play.pokemonshowdown.com/js/battle.js?0.6057722274234274"></script>

<script defer src="js/utils.js?e31f9a17"></script>
<script defer src="js/replays-battle.js?7008c182"></script>

<!-- don't scrape this data! just add .json or .log after the URL!
Full API docs: https://github.com/smogon/pokemon-showdown-client/blob/master/WEB-API.md -->
<script type="text/plain" class="log" id="replaylog-smogtours-gen3ou-794776">
|inactive|Battle timer is ON: inactive players will automatically lose when time's up.
|t:|1728084159
|gametype|singles
|player|p1|jpmockman|emmet|
|player|p2|ShotoNC|benga|
|teamsize|p1|6
|teamsize|p2|6
|gen|3
|tier|[Gen 3] OU
|rule|Sleep Clause Mod: Limit one foe put to sleep
|rule|Switch Priority Clause Mod: Faster Pokémon switch first
|rule|Species Clause: Limit one of each Pokémon
|rule|OHKO Clause: OHKO moves are banned
|rule|Evasion Items Clause: Evasion items are banned
|rule|Evasion Moves Clause: Evasion moves are banned
|rule|Endless Battle Clause: Forcing endless battles is banned
|rule|HP Percentage Mod: HP is shown in percentages
|rule|One Boost Passer Clause: Limit one Baton Passer that has a way to boost its stats
|rule|Freeze Clause Mod: Limit one foe frozen
|
|t:|1728084159
|start
|switch|p1a: Zapdos|Zapdos|100/100
|switch|p2a: Tyranitar|Tyranitar, F|100/100
|-weather|Sandstorm|[from] ability: Sand Stream|[of] p2a: Tyranitar
|turn|1
|c|☆jpmockman|glhf
|c|☆ShotoNC|glhf
|inactive|jpmockman has 270 seconds left.
|inactive|ShotoNC has 270 seconds left.
|
|t:|1728084203
|-singleturn|p2a: Tyranitar|move: Focus Punch
|move|p1a: Zapdos|Detect|p1a: Zapdos
|-singleturn|p1a: Zapdos|Protect
|move|p2a: Tyranitar|Focus Punch|p1a: Zapdos
|-activate|p1a: Zapdos|Protect
|
|-weather|Sandstorm|[upkeep]
|-damage|p1a: Zapdos|94/100|[from] Sandstorm
|-heal|p1a: Zapdos|100/100|[from] item: Leftovers
|upkeep
|turn|2
|
|t:|1728084226
|move|p1a: Zapdos|Thunderbolt|p2a: Tyranitar
|-damage|p2a: Tyranitar|63/100
|move|p2a: Tyranitar|Rock Slide|p1a: Zapdos
|-supereffective|p1a: Zapdos
|-damage|p1a: Zapdos|19/100
|
|-weather|Sandstorm|[upkeep]
|-damage|p1a: Zapdos|13/100|[from] Sandstorm
|-heal|p1a: Zapdos|19/100|[from] item: Leftovers
|-heal|p2a: Tyranitar|69/100|[from] item: Leftovers
|upkeep
|turn|3
|inactive|ShotoNC has 270 seconds left.
|
|t:|1728084270
|switch|p1a: Skarmory|Skarmory, F|100/100
|move|p2a: Tyranitar|Rock Slide|p1a: Skarmory
|-damage|p1a: Skarmory|67/100
|
|-weather|Sandstorm|[upkeep]
|-heal|p1a: Skarmory|73/100|[from] item: Leftovers
|-heal|p2a: Tyranitar|75/100|[from] item: Leftovers
|upkeep
|turn|4
|
|t:|1728084294
|move|p1a: Skarmory|Spikes|p2a: Tyranitar
|-sidestart|p2: ShotoNC|Spikes
|move|p2a: Tyranitar|Rock Slide|p1a: Skarmory
|-damage|p1a: Skarmory|42/100
|
|-weather|Sandstorm|[upkeep]
|-heal|p1a: Skarmory|48/100|[from] item: Leftovers
|-heal|p2a: Tyranitar|82/100|[from] item: Leftovers
|upkeep
|turn|5
|inactive|ShotoNC has 240 seconds left.
|
|t:|1728084328
|switch|p2a: Celebi|Celebi|100/100
|-damage|p2a: Celebi|88/100|[from] Spikes
|move|p1a: Skarmory|Protect||[still]
|-fail|p1a: Skarmory
|
|-weather|Sandstorm|[upkeep]
|-damage|p2a: Celebi|82/100|[from] Sandstorm
|-heal|p2a: Celebi|88/100|[from] item: Leftovers
|-heal|p1a: Skarmory|54/100|[from] item: Leftovers
|upkeep
|turn|6
|inactive|ShotoNC has 240 seconds left.
|
|t:|1728084338
|move|p1a: Skarmory|Protect|p1a: Skarmory
|-singleturn|p1a: Skarmory|Protect
|move|p2a: Celebi|Hidden Power|p1a: Skarmory
|-activate|p1a: Skarmory|Protect
|
|-weather|Sandstorm|[upkeep]
|-damage|p2a: Celebi|82/100|[from] Sandstorm
|-heal|p2a: Celebi|88/100|[from] item: Leftovers
|-heal|p1a: Skarmory|60/100|[from] item: Leftovers
|upkeep
|turn|7
|inactive|ShotoNC has 240 seconds left.
|
|t:|1728084348
|switch|p1a: Blissey|Blissey, F|100/100
|move|p2a: Celebi|Hidden Power|p1a: Blissey
|-damage|p1a: Blissey|93/100
|
|-weather|Sandstorm|[upkeep]
|-damage|p2a: Celebi|82/100|[from] Sandstorm
|-damage|p1a: Blissey|87/100|[from] Sandstorm
|-heal|p2a: Celebi|88/100|[from] item: Leftovers
|-heal|p1a: Blissey|93/100|[from] item: Leftovers
|upkeep
|turn|8
|inactive|ShotoNC has 240 seconds left.
|
|t:|1728084359
|move|p2a: Celebi|Leech Seed|p1a: Blissey
|-start|p1a: Blissey|move: Leech Seed
|move|p1a: Blissey|Ice Beam|p2a: Celebi
|-supereffective|p2a: Celebi
|-damage|p2a: Celebi|60/100
|
|-weather|Sandstorm|[upkeep]
|-damage|p2a: Celebi|54/100|[from] Sandstorm
|-damage|p1a: Blissey|87/100|[from] Sandstorm
|-heal|p2a: Celebi|60/100|[from] item: Leftovers
|-heal|p1a: Blissey|93/100|[from] item: Leftovers
|-damage|p1a: Blissey|80/100|[from] Leech Seed|[of] p2a: Celebi
|-heal|p2a: Celebi|83/100|[silent]
|upkeep
|turn|9
|inactive|ShotoNC has 240 seconds left.
|
|t:|1728084393
|move|p2a: Celebi|Psychic|p1a: Blissey
|-crit|p1a: Blissey
|-damage|p1a: Blissey|50/100
|move|p1a: Blissey|Seismic Toss|p2a: Celebi
|-damage|p2a: Celebi|58/100
|
|-weather|Sandstorm|[upkeep]
|-damage|p2a: Celebi|52/100|[from] Sandstorm
|-damage|p1a: Blissey|44/100|[from] Sandstorm
|-heal|p2a: Celebi|58/100|[from] item: Leftovers
|-heal|p1a: Blissey|50/100|[from] item: Leftovers
|-damage|p1a: Blissey|37/100|[from] Leech Seed|[of] p2a: Celebi
|-heal|p2a: Celebi|80/100|[silent]
|upkeep
|turn|10
|inactive|ShotoNC has 210 seconds left.
|
|t:|1728084415
|move|p2a: Celebi|Giga Drain|p1a: Blissey
|-damage|p1a: Blissey|27/100
|-heal|p2a: Celebi|89/100|[from] drain|[of] p1a: Blissey
|move|p1a: Blissey|Soft-Boiled|p1a: Blissey
|-heal|p1a: Blissey|77/100
|
|-weather|Sandstorm|[upkeep]
|-damage|p2a: Celebi|83/100|[from] Sandstorm
|-damage|p1a: Blissey|71/100|[from] Sandstorm
|-heal|p2a: Celebi|89/100|[from] item: Leftovers
|-heal|p1a: Blissey|77/100|[from] item: Leftovers
|-damage|p1a: Blissey|65/100|[from] Leech Seed|[of] p2a: Celebi
|-heal|p2a: Celebi|100/100|[silent]
|upkeep
|turn|11
|inactive|ShotoNC has 210 seconds left.
|
|t:|1728084442
|move|p2a: Celebi|Hidden Power|p1a: Blissey
|-damage|p1a: Blissey|57/100
|move|p1a: Blissey|Ice Beam|p2a: Celebi
|-supereffective|p2a: Celebi
|-damage|p2a: Celebi|70/100
|
|-weather|Sandstorm|[upkeep]
|-damage|p2a: Celebi|64/100|[from] Sandstorm
|-damage|p1a: Blissey|51/100|[from] Sandstorm
|-heal|p2a: Celebi|70/100|[from] item: Leftovers
|-heal|p1a: Blissey|57/100|[from] item: Leftovers
|-damage|p1a: Blissey|45/100|[from] Leech Seed|[of] p2a: Celebi
|-heal|p2a: Celebi|93/100|[silent]
|upkeep
|turn|12
|
|t:|1728084453
|move|p2a: Celebi|Psychic|p1a: Blissey
|-damage|p1a: Blissey|28/100
|-unboost|p1a: Blissey|spd|1
|move|p1a: Blissey|Soft-Boiled|p1a: Blissey
|-heal|p1a: Blissey|78/100
|
|-weather|Sandstorm|[upkeep]
|-damage|p2a: Celebi|87/100|[from] Sandstorm
|-damage|p1a: Blissey|72/100|[from] Sandstorm
|-heal|p2a: Celebi|93/100|[from] item: Leftovers
|-heal|p1a: Blissey|78/100|[from] item: Leftovers
|-damage|p1a: Blissey|66/100|[from] Leech Seed|[of] p2a: Celebi
|-heal|p2a: Celebi|100/100|[silent]
|upkeep
|turn|13
|inactive|jpmockman has 270 seconds left.
|
|t:|1728084478
|switch|p1a: Skarmory|Skarmory, F|60/100
|move|p2a: Celebi|Psychic|p1a: Skarmory
|-resisted|p1a: Skarmory
|-damage|p1a: Skarmory|41/100
|
|-weather|Sandstorm|[upkeep]
|-damage|p2a: Celebi|94/100|[from] Sandstorm
|-heal|p2a: Celebi|100/100|[from] item: Leftovers
|-heal|p1a: Skarmory|47/100|[from] item: Leftovers
|upkeep
|turn|14
|
|t:|1728084487
|move|p1a: Skarmory|Protect|p1a: Skarmory
|-singleturn|p1a: Skarmory|Protect
|move|p2a: Celebi|Hidden Power|p1a: Skarmory
|-activate|p1a: Skarmory|Protect
|
|-weather|Sandstorm|[upkeep]
|-damage|p2a: Celebi|94/100|[from] Sandstorm
|-heal|p2a: Celebi|100/100|[from] item: Leftovers
|-heal|p1a: Skarmory|53/100|[from] item: Leftovers
|upkeep
|turn|15
|
|t:|1728084505
|switch|p1a: Salamence|Salamence, F|100/100
|-ability|p1a: Salamence|Intimidate|boost
|-unboost|p2a: Celebi|atk|1
|move|p2a: Celebi|Hidden Power|p1a: Salamence
|-resisted|p1a: Salamence
|-damage|p1a: Salamence|88/100
|
|-weather|Sandstorm|[upkeep]
|-damage|p1a: Salamence|81/100|[from] Sandstorm
|-damage|p2a: Celebi|94/100|[from] Sandstorm
|-heal|p1a: Salamence|88/100|[from] item: Leftovers
|-heal|p2a: Celebi|100/100|[from] item: Leftovers
|upkeep
|turn|16
|inactive|ShotoNC has 210 seconds left.
|
|t:|1728084527
|switch|p2a: Swampert|Swampert, F|100/100
|-damage|p2a: Swampert|88/100|[from] Spikes
|move|p1a: Salamence|Flamethrower|p2a: Swampert
|-resisted|p2a: Swampert
|-damage|p2a: Swampert|74/100
|
|-weather|Sandstorm|[upkeep]
|-damage|p1a: Salamence|81/100|[from] Sandstorm
|-heal|p1a: Salamence|88/100|[from] item: Leftovers
|-heal|p2a: Swampert|80/100|[from] item: Leftovers
|upkeep
|turn|17
|inactive|ShotoNC has 210 seconds left.
|inactive|ShotoNC has 180 seconds left.
|
|t:|1728084569
|move|p1a: Salamence|Hidden Power|p2a: Swampert
|-supereffective|p2a: Swampert
|-damage|p2a: Swampert|5/100
|move|p2a: Swampert|Earthquake|p1a: Salamence
|-immune|p1a: Salamence
|
|-weather|Sandstorm|[upkeep]
|-damage|p1a: Salamence|81/100|[from] Sandstorm
|-heal|p1a: Salamence|88/100|[from] item: Leftovers
|-heal|p2a: Swampert|12/100|[from] item: Leftovers
|upkeep
|turn|18
|inactive|ShotoNC has 180 seconds left.
|
|t:|1728084598
|switch|p2a: Gengar|Gengar, F|100/100
|move|p1a: Salamence|Dragon Claw|p2a: Gengar
|-damage|p2a: Gengar|59/100
|
|-weather|Sandstorm|[upkeep]
|-damage|p2a: Gengar|53/100|[from] Sandstorm
|-damage|p1a: Salamence|81/100|[from] Sandstorm
|-heal|p2a: Gengar|59/100|[from] item: Leftovers
|-heal|p1a: Salamence|88/100|[from] item: Leftovers
|upkeep
|turn|19
|inactive|ShotoNC has 150 seconds left.
|
|t:|1728084629
|switch|p1a: Blissey|Blissey, F|66/100
|move|p2a: Gengar|Ice Punch|p1a: Blissey
|-damage|p1a: Blissey|58/100
|
|-weather|Sandstorm|[upkeep]
|-damage|p2a: Gengar|53/100|[from] Sandstorm
|-damage|p1a: Blissey|51/100|[from] Sandstorm
|-heal|p2a: Gengar|59/100|[from] item: Leftovers
|-heal|p1a: Blissey|58/100|[from] item: Leftovers
|upkeep
|turn|20
|
|t:|1728084644
|switch|p2a: Celebi|Celebi|100/100
|-damage|p2a: Celebi|88/100|[from] Spikes
|move|p1a: Blissey|Soft-Boiled|p1a: Blissey
|-heal|p1a: Blissey|100/100
|
|-weather|Sandstorm|[upkeep]
|-damage|p2a: Celebi|82/100|[from] Sandstorm
|-damage|p1a: Blissey|94/100|[from] Sandstorm
|-heal|p2a: Celebi|88/100|[from] item: Leftovers
|-heal|p1a: Blissey|100/100|[from] item: Leftovers
|upkeep
|turn|21
|inactive|jpmockman has 270 seconds left.
|
|t:|1728084672
|move|p2a: Celebi|Leech Seed|p1a: Blissey
|-start|p1a: Blissey|move: Leech Seed
|move|p1a: Blissey|Ice Beam|p2a: Celebi
|-supereffective|p2a: Celebi
|-damage|p2a: Celebi|56/100
|
|-weather|Sandstorm|[upkeep]
|-damage|p2a: Celebi|50/100|[from] Sandstorm
|-damage|p1a: Blissey|94/100|[from] Sandstorm
|-heal|p2a: Celebi|56/100|[from] item: Leftovers
|-heal|p1a: Blissey|100/100|[from] item: Leftovers
|-damage|p1a: Blissey|88/100|[from] Leech Seed|[of] p2a: Celebi
|-heal|p2a: Celebi|78/100|[silent]
|upkeep
|turn|22
|
|t:|1728084689
|move|p2a: Celebi|Hidden Power|p1a: Blissey
|-damage|p1a: Blissey|80/100
|move|p1a: Blissey|Ice Beam|p2a: Celebi
|-supereffective|p2a: Celebi
|-damage|p2a: Celebi|46/100
|
|-weather|Sandstorm|[upkeep]
|-damage|p2a: Celebi|40/100|[from] Sandstorm
|-damage|p1a: Blissey|73/100|[from] Sandstorm
|-heal|p2a: Celebi|46/100|[from] item: Leftovers
|-heal|p1a: Blissey|80/100|[from] item: Leftovers
|-damage|p1a: Blissey|67/100|[from] Leech Seed|[of] p2a: Celebi
|-heal|p2a: Celebi|69/100|[silent]
|upkeep
|turn|23
|
|t:|1728084708
|move|p2a: Celebi|Psychic|p1a: Blissey
|-crit|p1a: Blissey
|-damage|p1a: Blissey|35/100
|move|p1a: Blissey|Ice Beam|p2a: Celebi
|-supereffective|p2a: Celebi
|-damage|p2a: Celebi|36/100
|
|-weather|Sandstorm|[upkeep]
|-damage|p2a: Celebi|30/100|[from] Sandstorm
|-damage|p1a: Blissey|29/100|[from] Sandstorm
|-heal|p2a: Celebi|36/100|[from] item: Leftovers
|-heal|p1a: Blissey|35/100|[from] item: Leftovers
|-damage|p1a: Blissey|23/100|[from] Leech Seed|[of] p2a: Celebi
|-heal|p2a: Celebi|58/100|[silent]
|upkeep
|turn|24
|
|t:|1728084720
|move|p2a: Celebi|Psychic|p1a: Blissey
|-damage|p1a: Blissey|8/100
|move|p1a: Blissey|Soft-Boiled|p1a: Blissey
|-heal|p1a: Blissey|58/100
|
|-weather|Sandstorm|[upkeep]
|-damage|p2a: Celebi|52/100|[from] Sandstorm
|-damage|p1a: Blissey|51/100|[from] Sandstorm
|-heal|p2a: Celebi|58/100|[from] item: Leftovers
|-heal|p1a: Blissey|58/100|[from] item: Leftovers
|-damage|p1a: Blissey|45/100|[from] Leech Seed|[of] p2a: Celebi
|-heal|p2a: Celebi|81/100|[silent]
|upkeep
|turn|25
|
|t:|1728084733
|move|p2a: Celebi|Psychic|p1a: Blissey
|-damage|p1a: Blissey|30/100
|-unboost|p1a: Blissey|spd|1
|move|p1a: Blissey|Soft-Boiled|p1a: Blissey
|-heal|p1a: Blissey|80/100
|
|-weather|Sandstorm|[upkeep]
|-damage|p2a: Celebi|75/100|[from] Sandstorm
|-damage|p1a: Blissey|74/100|[from] Sandstorm
|-heal|p2a: Celebi|81/100|[from] item: Leftovers
|-heal|p1a: Blissey|80/100|[from] item: Leftovers
|-damage|p1a: Blissey|67/100|[from] Leech Seed|[of] p2a: Celebi
|-heal|p2a: Celebi|100/100|[silent]
|upkeep
|turn|26
|inactive|ShotoNC has 120 seconds left.
|
|t:|1728084781
|switch|p1a: Salamence|Salamence, F|88/100
|-ability|p1a: Salamence|Intimidate|boost
|-unboost|p2a: Celebi|atk|1
|move|p2a: Celebi|Psychic|p1a: Salamence
|-damage|p1a: Salamence|38/100
|
|-weather|Sandstorm|[upkeep]
|-damage|p1a: Salamence|32/100|[from] Sandstorm
|-damage|p2a: Celebi|94/100|[from] Sandstorm
|-heal|p1a: Salamence|38/100|[from] item: Leftovers
|-heal|p2a: Celebi|100/100|[from] item: Leftovers
|upkeep
|turn|27
|inactive|jpmockman has 270 seconds left.
|inactive|ShotoNC has 90 seconds left.
|
|t:|1728084817
|switch|p1a: Blissey|Blissey, F|67/100
|move|p2a: Celebi|Psychic|p1a: Blissey
|-damage|p1a: Blissey|52/100
|
|-weather|Sandstorm|[upkeep]
|-damage|p2a: Celebi|94/100|[from] Sandstorm
|-damage|p1a: Blissey|46/100|[from] Sandstorm
|-heal|p2a: Celebi|100/100|[from] item: Leftovers
|-heal|p1a: Blissey|52/100|[from] item: Leftovers
|upkeep
|turn|28
|
|t:|1728084826
|move|p2a: Celebi|Leech Seed|p1a: Blissey
|-start|p1a: Blissey|move: Leech Seed
|move|p1a: Blissey|Soft-Boiled|p1a: Blissey
|-heal|p1a: Blissey|100/100
|
|-weather|Sandstorm|[upkeep]
|-damage|p2a: Celebi|94/100|[from] Sandstorm
|-damage|p1a: Blissey|94/100|[from] Sandstorm
|-heal|p2a: Celebi|100/100|[from] item: Leftovers
|-heal|p1a: Blissey|100/100|[from] item: Leftovers
|-damage|p1a: Blissey|88/100|[from] Leech Seed|[of] p2a: Celebi
|upkeep
|turn|29
|
|t:|1728084836
|move|p2a: Celebi|Psychic|p1a: Blissey
|-crit|p1a: Blissey
|-damage|p1a: Blissey|55/100
|move|p1a: Blissey|Ice Beam|p2a: Celebi
|-supereffective|p2a: Celebi
|-damage|p2a: Celebi|69/100
|
|-weather|Sandstorm|[upkeep]
|-damage|p2a: Celebi|63/100|[from] Sandstorm
|-damage|p1a: Blissey|49/100|[from] Sandstorm
|-heal|p2a: Celebi|69/100|[from] item: Leftovers
|-heal|p1a: Blissey|55/100|[from] item: Leftovers
|-damage|p1a: Blissey|42/100|[from] Leech Seed|[of] p2a: Celebi
|-heal|p2a: Celebi|92/100|[silent]
|upkeep
|turn|30
|inactive|jpmockman has 270 seconds left.
|
|t:|1728084847
|move|p2a: Celebi|Psychic|p1a: Blissey
|-damage|p1a: Blissey|25/100
|move|p1a: Blissey|Soft-Boiled|p1a: Blissey
|-heal|p1a: Blissey|75/100
|
|-weather|Sandstorm|[upkeep]
|-damage|p2a: Celebi|86/100|[from] Sandstorm
|-damage|p1a: Blissey|69/100|[from] Sandstorm
|-heal|p2a: Celebi|92/100|[from] item: Leftovers
|-heal|p1a: Blissey|75/100|[from] item: Leftovers
|-damage|p1a: Blissey|63/100|[from] Leech Seed|[of] p2a: Celebi
|-heal|p2a: Celebi|100/100|[silent]
|upkeep
|turn|31
|inactive|jpmockman has 270 seconds left.
|
|t:|1728084863
|switch|p1a: Skarmory|Skarmory, F|53/100
|move|p2a: Celebi|Psychic|p1a: Skarmory
|-resisted|p1a: Skarmory
|-damage|p1a: Skarmory|32/100
|
|-weather|Sandstorm|[upkeep]
|-damage|p2a: Celebi|94/100|[from] Sandstorm
|-heal|p2a: Celebi|100/100|[from] item: Leftovers
|-heal|p1a: Skarmory|38/100|[from] item: Leftovers
|upkeep
|turn|32
|
|t:|1728084872
|move|p1a: Skarmory|Protect|p1a: Skarmory
|-singleturn|p1a: Skarmory|Protect
|move|p2a: Celebi|Hidden Power|p1a: Skarmory
|-activate|p1a: Skarmory|Protect
|
|-weather|Sandstorm|[upkeep]
|-damage|p2a: Celebi|94/100|[from] Sandstorm
|-heal|p2a: Celebi|100/100|[from] item: Leftovers
|-heal|p1a: Skarmory|44/100|[from] item: Leftovers
|upkeep
|turn|33
|
|t:|1728084876
|switch|p1a: Blissey|Blissey, F|63/100
|move|p2a: Celebi|Hidden Power|p1a: Blissey
|-damage|p1a: Blissey|55/100
|
|-weather|Sandstorm|[upkeep]
|-damage|p2a: Celebi|94/100|[from] Sandstorm
|-damage|p1a: Blissey|49/100|[from] Sandstorm
|-heal|p2a: Celebi|100/100|[from] item: Leftovers
|-heal|p1a: Blissey|55/100|[from] item: Leftovers
|upkeep
|turn|34
|inactive|ShotoNC has 120 seconds left.
|
|t:|1728084885
|move|p2a: Celebi|Leech Seed|p1a: Blissey
|-start|p1a: Blissey|move: Leech Seed
|move|p1a: Blissey|Soft-Boiled|p1a: Blissey
|-heal|p1a: Blissey|100/100
|
|-weather|Sandstorm|[upkeep]
|-damage|p2a: Celebi|94/100|[from] Sandstorm
|-damage|p1a: Blissey|94/100|[from] Sandstorm
|-heal|p2a: Celebi|100/100|[from] item: Leftovers
|-heal|p1a: Blissey|100/100|[from] item: Leftovers
|-damage|p1a: Blissey|88/100|[from] Leech Seed|[of] p2a: Celebi
|upkeep
|turn|35
|
|t:|1728084896
|move|p2a: Celebi|Psychic|p1a: Blissey
|-damage|p1a: Blissey|72/100
|move|p1a: Blissey|Ice Beam|p2a: Celebi
|-supereffective|p2a: Celebi
|-damage|p2a: Celebi|69/100
|
|-weather|Sandstorm|[upkeep]
|-damage|p2a: Celebi|63/100|[from] Sandstorm
|-damage|p1a: Blissey|66/100|[from] Sandstorm
|-heal|p2a: Celebi|69/100|[from] item: Leftovers
|-heal|p1a: Blissey|72/100|[from] item: Leftovers
|-damage|p1a: Blissey|59/100|[from] Leech Seed|[of] p2a: Celebi
|-heal|p2a: Celebi|92/100|[silent]
|upkeep
|turn|36
|
|t:|1728084910
|move|p2a: Celebi|Psychic|p1a: Blissey
|-damage|p1a: Blissey|43/100
|move|p1a: Blissey|Soft-Boiled|p1a: Blissey
|-heal|p1a: Blissey|93/100
|
|-weather|Sandstorm|[upkeep]
|-damage|p2a: Celebi|86/100|[from] Sandstorm
|-damage|p1a: Blissey|87/100|[from] Sandstorm
|-heal|p2a: Celebi|92/100|[from] item: Leftovers
|-heal|p1a: Blissey|93/100|[from] item: Leftovers
|-damage|p1a: Blissey|81/100|[from] Leech Seed|[of] p2a: Celebi
|-heal|p2a: Celebi|100/100|[silent]
|upkeep
|turn|37
|inactive|ShotoNC has 120 seconds left.
|
|t:|1728084926
|move|p2a: Celebi|Psychic|p1a: Blissey
|-damage|p1a: Blissey|65/100
|move|p1a: Blissey|Ice Beam|p2a: Celebi
|-supereffective|p2a: Celebi
|-damage|p2a: Celebi|73/100
|-status|p2a: Celebi|frz
|
|-weather|Sandstorm|[upkeep]
|-damage|p2a: Celebi|67/100 frz|[from] Sandstorm
|-damage|p1a: Blissey|59/100|[from] Sandstorm
|-heal|p2a: Celebi|73/100 frz|[from] item: Leftovers
|-heal|p1a: Blissey|65/100|[from] item: Leftovers
|-damage|p1a: Blissey|52/100|[from] Leech Seed|[of] p2a: Celebi
|-heal|p2a: Celebi|95/100 frz|[silent]
|upkeep
|turn|38
|inactive|ShotoNC has 120 seconds left.
|
|t:|1728084940
|-curestatus|p2a: Celebi|frz|[from] ability: Natural Cure
|switch|p2a: Tyranitar|Tyranitar, F|82/100
|-damage|p2a: Tyranitar|69/100|[from] Spikes
|move|p1a: Blissey|Soft-Boiled|p1a: Blissey
|-heal|p1a: Blissey|100/100
|
|-weather|Sandstorm|[upkeep]
|-damage|p1a: Blissey|94/100|[from] Sandstorm
|-heal|p2a: Tyranitar|75/100|[from] item: Leftovers
|-heal|p1a: Blissey|100/100|[from] item: Leftovers
|-damage|p1a: Blissey|88/100|[from] Leech Seed|[of] p2a: Tyranitar
|-heal|p2a: Tyranitar|98/100|[silent]
|upkeep
|turn|39
|inactive|ShotoNC has 120 seconds left.
|inactive|jpmockman has 270 seconds left.
|
|t:|1728084986
|switch|p1a: Salamence|Salamence, F|38/100
|-ability|p1a: Salamence|Intimidate|boost
|-unboost|p2a: Tyranitar|atk|1
|move|p2a: Tyranitar|Rock Slide|p1a: Salamence
|-supereffective|p1a: Salamence
|-damage|p1a: Salamence|0 fnt
|faint|p1a: Salamence
|
|t:|1728084999
|switch|p1a: Solrock|Solrock, shiny|100/100
|
|-weather|Sandstorm|[upkeep]
|-heal|p2a: Tyranitar|100/100|[from] item: Leftovers
|upkeep
|turn|40
|inactive|ShotoNC has 120 seconds left.
|inactive|ShotoNC has 90 seconds left.
|
|t:|1728085036
|switch|p2a: Aerodactyl|Aerodactyl, M|100/100
|move|p1a: Solrock|Hidden Power|p2a: Aerodactyl
|-damage|p2a: Aerodactyl|70/100
|
|-weather|Sandstorm|[upkeep]
|upkeep
|turn|41
|inactive|ShotoNC has 90 seconds left.
|
|t:|1728085061
|move|p2a: Aerodactyl|Hidden Power|p1a: Solrock
|-supereffective|p1a: Solrock
|-damage|p1a: Solrock|32/100
|move|p1a: Solrock|Rock Slide|p2a: Aerodactyl
|-supereffective|p2a: Aerodactyl
|-damage|p2a: Aerodactyl|0 fnt
|faint|p2a: Aerodactyl
|inactive|ShotoNC has 60 seconds left.
|
|t:|1728085083
|switch|p2a: Tyranitar|Tyranitar, F|100/100
|-damage|p2a: Tyranitar|88/100|[from] Spikes
|
|-weather|Sandstorm|[upkeep]
|-heal|p2a: Tyranitar|94/100|[from] item: Leftovers
|-heal|p1a: Solrock|38/100|[from] item: Leftovers
|upkeep
|turn|42
|
|t:|1728085091
|move|p1a: Solrock|Protect|p1a: Solrock
|-singleturn|p1a: Solrock|Protect
|move|p2a: Tyranitar|Hidden Power|p1a: Solrock
|-activate|p1a: Solrock|Protect
|
|-weather|Sandstorm|[upkeep]
|-heal|p2a: Tyranitar|100/100|[from] item: Leftovers
|-heal|p1a: Solrock|44/100|[from] item: Leftovers
|upkeep
|turn|43
|inactive|jpmockman has 270 seconds left.
|inactive|ShotoNC has 60 seconds left.
|
|t:|1728085119
|switch|p1a: Skarmory|Skarmory, F|44/100
|switch|p2a: Celebi|Celebi|95/100
|-damage|p2a: Celebi|83/100|[from] Spikes
|
|-weather|Sandstorm|[upkeep]
|-damage|p2a: Celebi|77/100|[from] Sandstorm
|-heal|p2a: Celebi|83/100|[from] item: Leftovers
|-heal|p1a: Skarmory|50/100|[from] item: Leftovers
|upkeep
|turn|44
|
|t:|1728085130
|move|p1a: Skarmory|Protect|p1a: Skarmory
|-singleturn|p1a: Skarmory|Protect
|move|p2a: Celebi|Hidden Power|p1a: Skarmory
|-activate|p1a: Skarmory|Protect
|
|-weather|Sandstorm|[upkeep]
|-damage|p2a: Celebi|77/100|[from] Sandstorm
|-heal|p2a: Celebi|83/100|[from] item: Leftovers
|-heal|p1a: Skarmory|56/100|[from] item: Leftovers
|upkeep
|turn|45
|
|t:|1728085147
|switch|p1a: Blissey|Blissey, F|88/100
|move|p2a: Celebi|Leech Seed|p1a: Blissey
|-start|p1a: Blissey|move: Leech Seed
|
|-weather|Sandstorm|[upkeep]
|-damage|p2a: Celebi|77/100|[from] Sandstorm
|-damage|p1a: Blissey|82/100|[from] Sandstorm
|-heal|p2a: Celebi|83/100|[from] item: Leftovers
|-heal|p1a: Blissey|88/100|[from] item: Leftovers
|-damage|p1a: Blissey|76/100|[from] Leech Seed|[of] p2a: Celebi
|-heal|p2a: Celebi|100/100|[silent]
|upkeep
|turn|46
|inactive|ShotoNC has 60 seconds left.
|
|t:|1728085163
|move|p2a: Celebi|Psychic|p1a: Blissey
|-damage|p1a: Blissey|60/100
|move|p1a: Blissey|Ice Beam|p2a: Celebi
|-supereffective|p2a: Celebi
|-damage|p2a: Celebi|70/100
|
|-weather|Sandstorm|[upkeep]
|-damage|p2a: Celebi|64/100|[from] Sandstorm
|-damage|p1a: Blissey|54/100|[from] Sandstorm
|-heal|p2a: Celebi|70/100|[from] item: Leftovers
|-heal|p1a: Blissey|60/100|[from] item: Leftovers
|-damage|p1a: Blissey|48/100|[from] Leech Seed|[of] p2a: Celebi
|-heal|p2a: Celebi|93/100|[silent]
|upkeep
|turn|47
|
|t:|1728085188
|switch|p2a: Tyranitar|Tyranitar, F|100/100
|-damage|p2a: Tyranitar|88/100|[from] Spikes
|move|p1a: Blissey|Soft-Boiled|p1a: Blissey
|-heal|p1a: Blissey|98/100
|
|-weather|Sandstorm|[upkeep]
|-damage|p1a: Blissey|92/100|[from] Sandstorm
|-heal|p2a: Tyranitar|94/100|[from] item: Leftovers
|-heal|p1a: Blissey|98/100|[from] item: Leftovers
|-damage|p1a: Blissey|85/100|[from] Leech Seed|[of] p2a: Tyranitar
|-heal|p2a: Tyranitar|100/100|[silent]
|upkeep
|turn|48
|inactive|ShotoNC has 30 seconds left.
|inactive|jpmockman has 270 seconds left.
|
|t:|1728085213
|-singleturn|p2a: Tyranitar|move: Focus Punch
|switch|p1a: Zapdos|Zapdos|19/100
|move|p2a: Tyranitar|Focus Punch|p1a: Zapdos
|-resisted|p1a: Zapdos
|-damage|p1a: Zapdos|0 fnt
|faint|p1a: Zapdos
|inactive|jpmockman has 270 seconds left.
|
|t:|1728085218
|switch|p1a: Solrock|Solrock, shiny|44/100
|
|-weather|Sandstorm|[upkeep]
|-heal|p1a: Solrock|50/100|[from] item: Leftovers
|upkeep
|turn|49
|
|t:|1728085224
|switch|p2a: Celebi|Celebi|93/100
|-damage|p2a: Celebi|80/100|[from] Spikes
|move|p1a: Solrock|Protect||[still]
|-fail|p1a: Solrock
|
|-weather|Sandstorm|[upkeep]
|-damage|p2a: Celebi|74/100|[from] Sandstorm
|-heal|p2a: Celebi|80/100|[from] item: Leftovers
|-heal|p1a: Solrock|56/100|[from] item: Leftovers
|upkeep
|turn|50
|
|t:|1728085234
|move|p1a: Solrock|Protect|p1a: Solrock
|-singleturn|p1a: Solrock|Protect
|move|p2a: Celebi|Giga Drain|p1a: Solrock
|-activate|p1a: Solrock|Protect
|
|-weather|Sandstorm|[upkeep]
|-damage|p2a: Celebi|74/100|[from] Sandstorm
|-heal|p2a: Celebi|80/100|[from] item: Leftovers
|-heal|p1a: Solrock|62/100|[from] item: Leftovers
|upkeep
|turn|51
|
|t:|1728085246
|switch|p1a: Blissey|Blissey, F|85/100
|move|p2a: Celebi|Giga Drain|p1a: Blissey
|-damage|p1a: Blissey|75/100
|-heal|p2a: Celebi|90/100|[from] drain|[of] p1a: Blissey
|
|-weather|Sandstorm|[upkeep]
|-damage|p2a: Celebi|84/100|[from] Sandstorm
|-damage|p1a: Blissey|68/100|[from] Sandstorm
|-heal|p2a: Celebi|90/100|[from] item: Leftovers
|-heal|p1a: Blissey|75/100|[from] item: Leftovers
|upkeep
|turn|52
|
|t:|1728085257
|move|p2a: Celebi|Leech Seed|p1a: Blissey
|-start|p1a: Blissey|move: Leech Seed
|move|p1a: Blissey|Ice Beam|p2a: Celebi
|-supereffective|p2a: Celebi
|-damage|p2a: Celebi|57/100
|-status|p2a: Celebi|frz
|
|-weather|Sandstorm|[upkeep]
|-damage|p2a: Celebi|51/100 frz|[from] Sandstorm
|-damage|p1a: Blissey|68/100|[from] Sandstorm
|-heal|p2a: Celebi|57/100 frz|[from] item: Leftovers
|-heal|p1a: Blissey|75/100|[from] item: Leftovers
|-damage|p1a: Blissey|62/100|[from] Leech Seed|[of] p2a: Celebi
|-heal|p2a: Celebi|80/100 frz|[silent]
|upkeep
|turn|53
|
|t:|1728085280
|-curestatus|p2a: Celebi|frz|[from] ability: Natural Cure
|switch|p2a: Tyranitar|Tyranitar, F|100/100
|-damage|p2a: Tyranitar|88/100|[from] Spikes
|switch|p1a: Solrock|Solrock, shiny|62/100
|
|-weather|Sandstorm|[upkeep]
|-heal|p1a: Solrock|68/100|[from] item: Leftovers
|-heal|p2a: Tyranitar|94/100|[from] item: Leftovers
|upkeep
|turn|54
|inactive|jpmockman has 270 seconds left.
|
|t:|1728085300
|switch|p2a: Swampert|Swampert, F|12/100
|-damage|p2a: Swampert|0 fnt|[from] Spikes
|faint|p2a: Swampert
|
|t:|1728085304
|switch|p2a: Celebi|Celebi|80/100
|-damage|p2a: Celebi|67/100|[from] Spikes
|
|-weather|Sandstorm|[upkeep]
|-damage|p2a: Celebi|61/100|[from] Sandstorm
|-heal|p2a: Celebi|67/100|[from] item: Leftovers
|-heal|p1a: Solrock|74/100|[from] item: Leftovers
|upkeep
|turn|55
|
|t:|1728085313
|move|p1a: Solrock|Protect|p1a: Solrock
|-singleturn|p1a: Solrock|Protect
|move|p2a: Celebi|Leech Seed|p1a: Solrock
|-activate|p1a: Solrock|Protect
|
|-weather|Sandstorm|[upkeep]
|-damage|p2a: Celebi|61/100|[from] Sandstorm
|-heal|p2a: Celebi|67/100|[from] item: Leftovers
|-heal|p1a: Solrock|80/100|[from] item: Leftovers
|upkeep
|turn|56
|
|t:|1728085328
|move|p2a: Celebi|Giga Drain|p1a: Solrock
|-supereffective|p1a: Solrock
|-damage|p1a: Solrock|5/100
|-heal|p2a: Celebi|99/100|[from] drain|[of] p1a: Solrock
|move|p1a: Solrock|Overheat|p2a: Celebi
|-supereffective|p2a: Celebi
|-damage|p2a: Celebi|65/100
|-unboost|p1a: Solrock|spa|2
|
|-weather|Sandstorm|[upkeep]
|-damage|p2a: Celebi|59/100|[from] Sandstorm
|-heal|p2a: Celebi|65/100|[from] item: Leftovers
|-heal|p1a: Solrock|11/100|[from] item: Leftovers
|upkeep
|turn|57
|inactive|ShotoNC has 30 seconds left.
|
|t:|1728085361
|move|p1a: Solrock|Protect|p1a: Solrock
|-singleturn|p1a: Solrock|Protect
|move|p2a: Celebi|Leech Seed|p1a: Solrock
|-activate|p1a: Solrock|Protect
|
|-weather|Sandstorm|[upkeep]
|-damage|p2a: Celebi|59/100|[from] Sandstorm
|-heal|p2a: Celebi|65/100|[from] item: Leftovers
|-heal|p1a: Solrock|17/100|[from] item: Leftovers
|upkeep
|turn|58
|
|t:|1728085368
|switch|p1a: Blissey|Blissey, F|62/100
|move|p2a: Celebi|Giga Drain|p1a: Blissey
|-damage|p1a: Blissey|52/100
|-heal|p2a: Celebi|73/100|[from] drain|[of] p1a: Blissey
|
|-weather|Sandstorm|[upkeep]
|-damage|p2a: Celebi|67/100|[from] Sandstorm
|-damage|p1a: Blissey|46/100|[from] Sandstorm
|-heal|p2a: Celebi|73/100|[from] item: Leftovers
|-heal|p1a: Blissey|52/100|[from] item: Leftovers
|upkeep
|turn|59
|
|t:|1728085378
|move|p2a: Celebi|Leech Seed|p1a: Blissey
|-start|p1a: Blissey|move: Leech Seed
|move|p1a: Blissey|Soft-Boiled|p1a: Blissey
|-heal|p1a: Blissey|100/100
|
|-weather|Sandstorm|[upkeep]
|-damage|p2a: Celebi|67/100|[from] Sandstorm
|-damage|p1a: Blissey|94/100|[from] Sandstorm
|-heal|p2a: Celebi|73/100|[from] item: Leftovers
|-heal|p1a: Blissey|100/100|[from] item: Leftovers
|-damage|p1a: Blissey|88/100|[from] Leech Seed|[of] p2a: Celebi
|-heal|p2a: Celebi|96/100|[silent]
|upkeep
|turn|60
|
|t:|1728085397
|move|p2a: Celebi|Giga Drain|p1a: Blissey
|-damage|p1a: Blissey|78/100
|-heal|p2a: Celebi|100/100|[from] drain|[of] p1a: Blissey
|move|p1a: Blissey|Ice Beam|p2a: Celebi
|-supereffective|p2a: Celebi
|-damage|p2a: Celebi|68/100
|
|-weather|Sandstorm|[upkeep]
|-damage|p2a: Celebi|62/100|[from] Sandstorm
|-damage|p1a: Blissey|72/100|[from] Sandstorm
|-heal|p2a: Celebi|68/100|[from] item: Leftovers
|-heal|p1a: Blissey|78/100|[from] item: Leftovers
|-damage|p1a: Blissey|65/100|[from] Leech Seed|[of] p2a: Celebi
|-heal|p2a: Celebi|91/100|[silent]
|upkeep
|turn|61
|inactive|ShotoNC has 30 seconds left.
|
|t:|1728085419
|switch|p2a: Tyranitar|Tyranitar, F|94/100
|-damage|p2a: Tyranitar|82/100|[from] Spikes
|switch|p1a: Gengar|Gengar, F|100/100
|
|-weather|Sandstorm|[upkeep]
|-damage|p1a: Gengar|94/100|[from] Sandstorm
|-heal|p2a: Tyranitar|88/100|[from] item: Leftovers
|upkeep
|turn|62
|inactive|ShotoNC has 30 seconds left.
|inactive|jpmockman has 270 seconds left.
|inactive|ShotoNC has 20 seconds left.
|
|t:|1728085442
|switch|p1a: Skarmory|Skarmory, F|56/100
|switch|p2a: Skarmory|Skarmory, F|100/100
|
|-weather|Sandstorm|[upkeep]
|-heal|p1a: Skarmory|62/100|[from] item: Leftovers
|upkeep
|turn|63
|inactive|ShotoNC has 30 seconds left this turn.
|
|t:|1728085449
|move|p1a: Skarmory|Spikes|p2a: Skarmory
|-sidestart|p2: ShotoNC|Spikes
|move|p2a: Skarmory|Spikes|p1a: Skarmory
|-sidestart|p1: jpmockman|Spikes
|
|-weather|Sandstorm|[upkeep]
|-heal|p1a: Skarmory|68/100|[from] item: Leftovers
|upkeep
|turn|64
|
|t:|1728085463
|move|p1a: Skarmory|Spikes|p2a: Skarmory
|-sidestart|p2: ShotoNC|Spikes
|move|p2a: Skarmory|Spikes|p1a: Skarmory
|-sidestart|p1: jpmockman|Spikes
|
|-weather|Sandstorm|[upkeep]
|-heal|p1a: Skarmory|74/100|[from] item: Leftovers
|upkeep
|turn|65
|
|t:|1728085466
|move|p2a: Skarmory|Spikes|p1a: Skarmory
|-sidestart|p1: jpmockman|Spikes
|move|p1a: Skarmory|Whirlwind|p2a: Skarmory
|drag|p2a: Celebi|Celebi|91/100
|-damage|p2a: Celebi|66/100|[from] Spikes
|
|-weather|Sandstorm|[upkeep]
|-damage|p2a: Celebi|60/100|[from] Sandstorm
|-heal|p2a: Celebi|66/100|[from] item: Leftovers
|-heal|p1a: Skarmory|80/100|[from] item: Leftovers
|upkeep
|turn|66
|
|t:|1728085479
|move|p1a: Skarmory|Protect|p1a: Skarmory
|-singleturn|p1a: Skarmory|Protect
|move|p2a: Celebi|Hidden Power|p1a: Skarmory
|-activate|p1a: Skarmory|Protect
|
|-weather|Sandstorm|[upkeep]
|-damage|p2a: Celebi|60/100|[from] Sandstorm
|-heal|p2a: Celebi|66/100|[from] item: Leftovers
|-heal|p1a: Skarmory|86/100|[from] item: Leftovers
|upkeep
|turn|67
|
|t:|1728085485
|switch|p1a: Blissey|Blissey, F|65/100
|-damage|p1a: Blissey|41/100|[from] Spikes
|move|p2a: Celebi|Leech Seed|p1a: Blissey|[miss]
|-miss|p2a: Celebi|p1a: Blissey
|
|-weather|Sandstorm|[upkeep]
|-damage|p2a: Celebi|60/100|[from] Sandstorm
|-damage|p1a: Blissey|34/100|[from] Sandstorm
|-heal|p2a: Celebi|66/100|[from] item: Leftovers
|-heal|p1a: Blissey|41/100|[from] item: Leftovers
|upkeep
|turn|68
|
|t:|1728085495
|move|p2a: Celebi|Leech Seed|p1a: Blissey
|-start|p1a: Blissey|move: Leech Seed
|move|p1a: Blissey|Soft-Boiled|p1a: Blissey
|-heal|p1a: Blissey|91/100
|
|-weather|Sandstorm|[upkeep]
|-damage|p2a: Celebi|60/100|[from] Sandstorm
|-damage|p1a: Blissey|84/100|[from] Sandstorm
|-heal|p2a: Celebi|66/100|[from] item: Leftovers
|-heal|p1a: Blissey|91/100|[from] item: Leftovers
|-damage|p1a: Blissey|78/100|[from] Leech Seed|[of] p2a: Celebi
|-heal|p2a: Celebi|88/100|[silent]
|upkeep
|turn|69
|
|t:|1728085511
|move|p2a: Celebi|Hidden Power|p1a: Blissey
|-damage|p1a: Blissey|70/100
|move|p1a: Blissey|Ice Beam|p2a: Celebi
|-supereffective|p2a: Celebi
|-damage|p2a: Celebi|57/100
|-status|p2a: Celebi|frz
|
|-weather|Sandstorm|[upkeep]
|-damage|p2a: Celebi|51/100 frz|[from] Sandstorm
|-damage|p1a: Blissey|64/100|[from] Sandstorm
|-heal|p2a: Celebi|57/100 frz|[from] item: Leftovers
|-heal|p1a: Blissey|70/100|[from] item: Leftovers
|-damage|p1a: Blissey|57/100|[from] Leech Seed|[of] p2a: Celebi
|-heal|p2a: Celebi|80/100 frz|[silent]
|upkeep
|turn|70
|
|t:|1728085528
|-curestatus|p2a: Celebi|frz|[from] ability: Natural Cure
|switch|p2a: Skarmory|Skarmory, F|100/100
|move|p1a: Blissey|Soft-Boiled|p1a: Blissey
|-heal|p1a: Blissey|100/100
|
|-weather|Sandstorm|[upkeep]
|-damage|p1a: Blissey|94/100|[from] Sandstorm
|-heal|p1a: Blissey|100/100|[from] item: Leftovers
|-damage|p1a: Blissey|88/100|[from] Leech Seed|[of] p2a: Skarmory
|upkeep
|turn|71
|
|t:|1728085540
|switch|p1a: Solrock|Solrock, shiny|17/100
|move|p2a: Skarmory|Roar|p1a: Solrock
|drag|p1a: Blissey|Blissey, F|88/100
|-damage|p1a: Blissey|63/100|[from] Spikes
|
|-weather|Sandstorm|[upkeep]
|-damage|p1a: Blissey|57/100|[from] Sandstorm
|-heal|p1a: Blissey|63/100|[from] item: Leftovers
|upkeep
|turn|72
|
|t:|1728085550
|move|p1a: Blissey|Seismic Toss|p2a: Skarmory
|-damage|p2a: Skarmory|70/100
|move|p2a: Skarmory|Roar|p1a: Blissey
|drag|p1a: Solrock|Solrock, shiny|17/100
|
|-weather|Sandstorm|[upkeep]
|-heal|p2a: Skarmory|76/100|[from] item: Leftovers
|-heal|p1a: Solrock|23/100|[from] item: Leftovers
|upkeep
|turn|73
|
|t:|1728085559
|move|p2a: Skarmory|Protect|p2a: Skarmory
|-singleturn|p2a: Skarmory|Protect
|move|p1a: Solrock|Protect||[still]
|-fail|p1a: Solrock
|
|-weather|Sandstorm|[upkeep]
|-heal|p2a: Skarmory|82/100|[from] item: Leftovers
|-heal|p1a: Solrock|29/100|[from] item: Leftovers
|upkeep
|turn|74
|inactive|ShotoNC has 60 seconds left.
|
|t:|1728085569
|move|p1a: Solrock|Protect|p1a: Solrock
|-singleturn|p1a: Solrock|Protect
|move|p2a: Skarmory|Roar|p1a: Solrock
|-activate|p1a: Solrock|Protect
|
|-weather|Sandstorm|[upkeep]
|-heal|p2a: Skarmory|88/100|[from] item: Leftovers
|-heal|p1a: Solrock|35/100|[from] item: Leftovers
|upkeep
|turn|75
|inactive|ShotoNC has 60 seconds left.
|
|t:|1728085586
|move|p2a: Skarmory|Drill Peck|p1a: Solrock
|-resisted|p1a: Solrock
|-damage|p1a: Solrock|23/100
|move|p1a: Solrock|Overheat|p2a: Skarmory
|-supereffective|p2a: Skarmory
|-damage|p2a: Skarmory|50/100
|-unboost|p1a: Solrock|spa|2
|
|-weather|Sandstorm|[upkeep]
|-heal|p2a: Skarmory|56/100|[from] item: Leftovers
|-heal|p1a: Solrock|29/100|[from] item: Leftovers
|upkeep
|turn|76
|inactive|ShotoNC has 60 seconds left.
|
|t:|1728085601
|move|p1a: Solrock|Protect|p1a: Solrock
|-singleturn|p1a: Solrock|Protect
|move|p2a: Skarmory|Roar|p1a: Solrock
|-activate|p1a: Solrock|Protect
|
|-weather|Sandstorm|[upkeep]
|-heal|p2a: Skarmory|62/100|[from] item: Leftovers
|-heal|p1a: Solrock|35/100|[from] item: Leftovers
|upkeep
|turn|77
|
|t:|1728085606
|move|p2a: Skarmory|Drill Peck|p1a: Solrock
|-resisted|p1a: Solrock
|-damage|p1a: Solrock|23/100
|move|p1a: Solrock|Rock Slide|p2a: Skarmory
|-damage|p2a: Skarmory|40/100
|
|-weather|Sandstorm|[upkeep]
|-heal|p2a: Skarmory|46/100|[from] item: Leftovers
|-heal|p1a: Solrock|30/100|[from] item: Leftovers
|upkeep
|turn|78
|
|t:|1728085615
|move|p1a: Solrock|Protect|p1a: Solrock
|-singleturn|p1a: Solrock|Protect
|move|p2a: Skarmory|Roar|p1a: Solrock
|-activate|p1a: Solrock|Protect
|
|-weather|Sandstorm|[upkeep]
|-heal|p2a: Skarmory|52/100|[from] item: Leftovers
|-heal|p1a: Solrock|36/100|[from] item: Leftovers
|upkeep
|turn|79
|
|t:|1728085624
|move|p2a: Skarmory|Drill Peck|p1a: Solrock
|-resisted|p1a: Solrock
|-damage|p1a: Solrock|25/100
|move|p1a: Solrock|Overheat|p2a: Skarmory
|-supereffective|p2a: Skarmory
|-damage|p2a: Skarmory|31/100
|-unboost|p1a: Solrock|spa|2
|
|-weather|Sandstorm|[upkeep]
|-heal|p2a: Skarmory|37/100|[from] item: Leftovers
|-heal|p1a: Solrock|31/100|[from] item: Leftovers
|upkeep
|turn|80
|
|t:|1728085638
|switch|p2a: Celebi|Celebi|80/100
|-damage|p2a: Celebi|55/100|[from] Spikes
|move|p1a: Solrock|Protect||[still]
|-fail|p1a: Solrock
|
|-weather|Sandstorm|[upkeep]
|-damage|p2a: Celebi|49/100|[from] Sandstorm
|-heal|p2a: Celebi|55/100|[from] item: Leftovers
|-heal|p1a: Solrock|37/100|[from] item: Leftovers
|upkeep
|turn|81
|
|t:|1728085650
|move|p1a: Solrock|Protect|p1a: Solrock
|-singleturn|p1a: Solrock|Protect
|move|p2a: Celebi|Leech Seed|p1a: Solrock
|-activate|p1a: Solrock|Protect
|
|-weather|Sandstorm|[upkeep]
|-damage|p2a: Celebi|49/100|[from] Sandstorm
|-heal|p2a: Celebi|55/100|[from] item: Leftovers
|-heal|p1a: Solrock|43/100|[from] item: Leftovers
|upkeep
|turn|82
|
|t:|1728085660
|switch|p1a: Blissey|Blissey, F|63/100
|-damage|p1a: Blissey|38/100|[from] Spikes
|move|p2a: Celebi|Giga Drain|p1a: Blissey
|-damage|p1a: Blissey|27/100
|-heal|p2a: Celebi|65/100|[from] drain|[of] p1a: Blissey
|
|-weather|Sandstorm|[upkeep]
|-damage|p2a: Celebi|59/100|[from] Sandstorm
|-damage|p1a: Blissey|21/100|[from] Sandstorm
|-heal|p2a: Celebi|65/100|[from] item: Leftovers
|-heal|p1a: Blissey|27/100|[from] item: Leftovers
|upkeep
|turn|83
|inactive|ShotoNC has 90 seconds left.
|
|t:|1728085674
|move|p2a: Celebi|Leech Seed|p1a: Blissey
|-start|p1a: Blissey|move: Leech Seed
|move|p1a: Blissey|Soft-Boiled|p1a: Blissey
|-heal|p1a: Blissey|77/100
|
|-weather|Sandstorm|[upkeep]
|-damage|p2a: Celebi|59/100|[from] Sandstorm
|-damage|p1a: Blissey|71/100|[from] Sandstorm
|-heal|p2a: Celebi|65/100|[from] item: Leftovers
|-heal|p1a: Blissey|77/100|[from] item: Leftovers
|-damage|p1a: Blissey|65/100|[from] Leech Seed|[of] p2a: Celebi
|-heal|p2a: Celebi|87/100|[silent]
|upkeep
|turn|84
|inactive|ShotoNC has 90 seconds left.
|
|t:|1728085692
|move|p2a: Celebi|Hidden Power|p1a: Blissey
|-damage|p1a: Blissey|57/100
|move|p1a: Blissey|Ice Beam|p2a: Celebi
|-supereffective|p2a: Celebi
|-damage|p2a: Celebi|58/100
|-status|p2a: Celebi|frz
|
|-weather|Sandstorm|[upkeep]
|-damage|p2a: Celebi|52/100 frz|[from] Sandstorm
|-damage|p1a: Blissey|51/100|[from] Sandstorm
|-heal|p2a: Celebi|58/100 frz|[from] item: Leftovers
|-heal|p1a: Blissey|57/100|[from] item: Leftovers
|-damage|p1a: Blissey|44/100|[from] Leech Seed|[of] p2a: Celebi
|-heal|p2a: Celebi|80/100 frz|[silent]
|upkeep
|turn|85
|
|t:|1728085707
|-curestatus|p2a: Celebi|frz|[from] ability: Natural Cure
|switch|p2a: Tyranitar|Tyranitar, F|88/100
|-damage|p2a: Tyranitar|63/100|[from] Spikes
|move|p1a: Blissey|Soft-Boiled|p1a: Blissey
|-heal|p1a: Blissey|94/100
|
|-weather|Sandstorm|[upkeep]
|-damage|p1a: Blissey|88/100|[from] Sandstorm
|-heal|p2a: Tyranitar|69/100|[from] item: Leftovers
|-heal|p1a: Blissey|94/100|[from] item: Leftovers
|-damage|p1a: Blissey|82/100|[from] Leech Seed|[of] p2a: Tyranitar
|-heal|p2a: Tyranitar|92/100|[silent]
|upkeep
|turn|86
|inactive|ShotoNC has 60 seconds left.
|
|t:|1728085735
|move|p2a: Tyranitar|Hidden Power|p1a: Blissey
|-damage|p1a: Blissey|57/100
|move|p1a: Blissey|Counter|p2a: Tyranitar
|-damage|p2a: Tyranitar|3/100
|
|-weather|Sandstorm|[upkeep]
|-damage|p1a: Blissey|51/100|[from] Sandstorm
|-heal|p2a: Tyranitar|9/100|[from] item: Leftovers
|-heal|p1a: Blissey|57/100|[from] item: Leftovers
|-damage|p1a: Blissey|45/100|[from] Leech Seed|[of] p2a: Tyranitar
|-heal|p2a: Tyranitar|32/100|[silent]
|upkeep
|turn|87
|inactive|ShotoNC has 60 seconds left.
|inactive|jpmockman has 270 seconds left.
|inactive|ShotoNC has 30 seconds left.
|inactive|jpmockman has 240 seconds left.
|inactive|ShotoNC has 20 seconds left.
|
|t:|1728085787
|move|p2a: Tyranitar|Earthquake|p1a: Blissey
|-damage|p1a: Blissey|9/100
|move|p1a: Blissey|Seismic Toss|p2a: Tyranitar
|-damage|p2a: Tyranitar|7/100
|
|-weather|Sandstorm|[upkeep]
|-damage|p1a: Blissey|3/100|[from] Sandstorm
|-heal|p2a: Tyranitar|13/100|[from] item: Leftovers
|-heal|p1a: Blissey|9/100|[from] item: Leftovers
|-damage|p1a: Blissey|0 fnt|[from] Leech Seed|[of] p2a: Tyranitar
|-heal|p2a: Tyranitar|29/100|[silent]
|faint|p1a: Blissey
|upkeep
|inactive|ShotoNC has 25 seconds left this turn.
|inactive|jpmockman has 240 seconds left.
|
|t:|1728085802
|switch|p1a: Gengar|Gengar, F|94/100
|turn|88
|inactive|ShotoNC has 30 seconds left.
|
|t:|1728085814
|move|p1a: Gengar|Thunderbolt|p2a: Tyranitar
|-damage|p2a: Tyranitar|3/100
|move|p2a: Tyranitar|Rock Slide|p1a: Gengar
|-damage|p1a: Gengar|0 fnt
|faint|p1a: Gengar
|inactive|ShotoNC has 30 seconds left this turn.
|inactive|jpmockman has 210 seconds left.
|
|t:|1728085845
|switch|p1a: Skarmory|Skarmory, F|86/100
|
|-weather|Sandstorm|[upkeep]
|-heal|p1a: Skarmory|92/100|[from] item: Leftovers
|-heal|p2a: Tyranitar|9/100|[from] item: Leftovers
|upkeep
|turn|89
|
|t:|1728085853
|move|p2a: Tyranitar|Rock Slide|p1a: Skarmory
|-damage|p1a: Skarmory|57/100
|cant|p1a: Skarmory|flinch
|
|-weather|Sandstorm|[upkeep]
|-heal|p1a: Skarmory|63/100|[from] item: Leftovers
|-heal|p2a: Tyranitar|15/100|[from] item: Leftovers
|upkeep
|turn|90
|
|t:|1728085861
|move|p1a: Skarmory|Protect|p1a: Skarmory
|-singleturn|p1a: Skarmory|Protect
|move|p2a: Tyranitar|Rock Slide|p1a: Skarmory
|-activate|p1a: Skarmory|Protect
|
|-weather|Sandstorm|[upkeep]
|-heal|p1a: Skarmory|69/100|[from] item: Leftovers
|-heal|p2a: Tyranitar|22/100|[from] item: Leftovers
|upkeep
|turn|91
|
|t:|1728085871
|move|p2a: Tyranitar|Rock Slide|p1a: Skarmory
|-damage|p1a: Skarmory|33/100
|move|p1a: Skarmory|Whirlwind|p2a: Tyranitar
|drag|p2a: Celebi|Celebi|80/100
|-damage|p2a: Celebi|55/100|[from] Spikes
|
|-weather|Sandstorm|[upkeep]
|-damage|p2a: Celebi|49/100|[from] Sandstorm
|-heal|p2a: Celebi|55/100|[from] item: Leftovers
|-heal|p1a: Skarmory|39/100|[from] item: Leftovers
|upkeep
|turn|92
|
|t:|1728085884
|move|p1a: Skarmory|Protect|p1a: Skarmory
|-singleturn|p1a: Skarmory|Protect
|move|p2a: Celebi|Hidden Power|p1a: Skarmory
|-activate|p1a: Skarmory|Protect
|
|-weather|Sandstorm|[upkeep]
|-damage|p2a: Celebi|49/100|[from] Sandstorm
|-heal|p2a: Celebi|55/100|[from] item: Leftovers
|-heal|p1a: Skarmory|45/100|[from] item: Leftovers
|upkeep
|turn|93
|
|t:|1728085904
|switch|p1a: Solrock|Solrock, shiny|43/100
|move|p2a: Celebi|Hidden Power|p1a: Solrock
|-resisted|p1a: Solrock
|-damage|p1a: Solrock|30/100
|
|-weather|Sandstorm|[upkeep]
|-damage|p2a: Celebi|49/100|[from] Sandstorm
|-heal|p2a: Celebi|55/100|[from] item: Leftovers
|-heal|p1a: Solrock|36/100|[from] item: Leftovers
|upkeep
|turn|94
|inactive|ShotoNC has 60 seconds left.
|
|t:|1728085922
|move|p1a: Solrock|Protect|p1a: Solrock
|-singleturn|p1a: Solrock|Protect
|move|p2a: Celebi|Leech Seed|p1a: Solrock
|-activate|p1a: Solrock|Protect
|
|-weather|Sandstorm|[upkeep]
|-damage|p2a: Celebi|49/100|[from] Sandstorm
|-heal|p2a: Celebi|55/100|[from] item: Leftovers
|-heal|p1a: Solrock|42/100|[from] item: Leftovers
|upkeep
|turn|95
|inactive|jpmockman has 210 seconds left.
|
|t:|1728085956
|move|p2a: Celebi|Leech Seed|p1a: Solrock
|-start|p1a: Solrock|move: Leech Seed
|move|p1a: Solrock|Overheat|p2a: Celebi|[miss]
|-miss|p1a: Solrock|p2a: Celebi
|
|-weather|Sandstorm|[upkeep]
|-damage|p2a: Celebi|49/100|[from] Sandstorm
|-heal|p2a: Celebi|55/100|[from] item: Leftovers
|-heal|p1a: Solrock|48/100|[from] item: Leftovers
|-damage|p1a: Solrock|35/100|[from] Leech Seed|[of] p2a: Celebi
|-heal|p2a: Celebi|66/100|[silent]
|upkeep
|turn|96
|
|t:|1728085971
|switch|p1a: Skarmory|Skarmory, F|45/100
|move|p2a: Celebi|Hidden Power|p1a: Skarmory
|-supereffective|p1a: Skarmory
|-damage|p1a: Skarmory|4/100
|
|-weather|Sandstorm|[upkeep]
|-damage|p2a: Celebi|60/100|[from] Sandstorm
|-heal|p2a: Celebi|66/100|[from] item: Leftovers
|-heal|p1a: Skarmory|10/100|[from] item: Leftovers
|upkeep
|turn|97
|
|t:|1728085979
|move|p1a: Skarmory|Protect|p1a: Skarmory
|-singleturn|p1a: Skarmory|Protect
|move|p2a: Celebi|Hidden Power|p1a: Skarmory
|-activate|p1a: Skarmory|Protect
|
|-weather|Sandstorm|[upkeep]
|-damage|p2a: Celebi|60/100|[from] Sandstorm
|-heal|p2a: Celebi|66/100|[from] item: Leftovers
|-heal|p1a: Skarmory|16/100|[from] item: Leftovers
|upkeep
|turn|98
|
|t:|1728085983
|switch|p1a: Solrock|Solrock, shiny|35/100
|move|p2a: Celebi|Hidden Power|p1a: Solrock
|-resisted|p1a: Solrock
|-damage|p1a: Solrock|21/100
|
|-weather|Sandstorm|[upkeep]
|-damage|p2a: Celebi|60/100|[from] Sandstorm
|-heal|p2a: Celebi|66/100|[from] item: Leftovers
|-heal|p1a: Solrock|27/100|[from] item: Leftovers
|upkeep
|turn|99
|
|t:|1728085992
|move|p1a: Solrock|Protect|p1a: Solrock
|-singleturn|p1a: Solrock|Protect
|move|p2a: Celebi|Hidden Power|p1a: Solrock
|-activate|p1a: Solrock|Protect
|
|-weather|Sandstorm|[upkeep]
|-damage|p2a: Celebi|60/100|[from] Sandstorm
|-heal|p2a: Celebi|66/100|[from] item: Leftovers
|-heal|p1a: Solrock|33/100|[from] item: Leftovers
|upkeep
|turn|100
|inactive|ShotoNC has 90 seconds left.
|
|t:|1728085999
|move|p2a: Celebi|Leech Seed|p1a: Solrock
|-start|p1a: Solrock|move: Leech Seed
|move|p1a: Solrock|Overheat|p2a: Celebi|[miss]
|-miss|p1a: Solrock|p2a: Celebi
|
|-weather|Sandstorm|[upkeep]
|-damage|p2a: Celebi|60/100|[from] Sandstorm
|-heal|p2a: Celebi|66/100|[from] item: Leftovers
|-heal|p1a: Solrock|39/100|[from] item: Leftovers
|-damage|p1a: Solrock|27/100|[from] Leech Seed|[of] p2a: Celebi
|-heal|p2a: Celebi|77/100|[silent]
|upkeep
|turn|101
|inactive|jpmockman has 240 seconds left.
|
|t:|1728086021
|move|p1a: Solrock|Protect|p1a: Solrock
|-singleturn|p1a: Solrock|Protect
|move|p2a: Celebi|Hidden Power|p1a: Solrock
|-activate|p1a: Solrock|Protect
|
|-weather|Sandstorm|[upkeep]
|-damage|p2a: Celebi|71/100|[from] Sandstorm
|-heal|p2a: Celebi|77/100|[from] item: Leftovers
|-heal|p1a: Solrock|33/100|[from] item: Leftovers
|-damage|p1a: Solrock|20/100|[from] Leech Seed|[of] p2a: Celebi
|-heal|p2a: Celebi|88/100|[silent]
|upkeep
|turn|102
|
|t:|1728086032
|switch|p1a: Skarmory|Skarmory, F|16/100
|move|p2a: Celebi|Hidden Power|p1a: Skarmory
|-supereffective|p1a: Skarmory
|-damage|p1a: Skarmory|0 fnt
|faint|p1a: Skarmory
|
|t:|1728086033
|switch|p1a: Solrock|Solrock, shiny|20/100
|
|-weather|Sandstorm|[upkeep]
|-damage|p2a: Celebi|82/100|[from] Sandstorm
|-heal|p2a: Celebi|88/100|[from] item: Leftovers
|-heal|p1a: Solrock|26/100|[from] item: Leftovers
|upkeep
|turn|103
|c|☆ShotoNC|gg
|
|t:|1728086041
|move|p2a: Celebi|Hidden Power|p1a: Solrock
|-resisted|p1a: Solrock
|-damage|p1a: Solrock|12/100
|move|p1a: Solrock|Overheat|p2a: Celebi
|-supereffective|p2a: Celebi
|-crit|p2a: Celebi
|-damage|p2a: Celebi|23/100
|-unboost|p1a: Solrock|spa|2
|
|-weather|Sandstorm|[upkeep]
|-damage|p2a: Celebi|17/100|[from] Sandstorm
|-heal|p2a: Celebi|23/100|[from] item: Leftovers
|-heal|p1a: Solrock|19/100|[from] item: Leftovers
|upkeep
|turn|104
|c|☆jpmockman|gg
|
|t:|1728086053
|move|p1a: Solrock|Protect|p1a: Solrock
|-singleturn|p1a: Solrock|Protect
|move|p2a: Celebi|Hidden Power|p1a: Solrock
|-activate|p1a: Solrock|Protect
|
|-weather|Sandstorm|[upkeep]
|-damage|p2a: Celebi|17/100|[from] Sandstorm
|-heal|p2a: Celebi|23/100|[from] item: Leftovers
|-heal|p1a: Solrock|25/100|[from] item: Leftovers
|upkeep
|turn|105
|inactive|jpmockman has 270 seconds left.
|
|t:|1728086060
|move|p2a: Celebi|Giga Drain|p1a: Solrock
|-supereffective|p1a: Solrock
|-damage|p1a: Solrock|0 fnt
|-heal|p2a: Celebi|34/100|[from] drain|[of] p1a: Solrock
|faint|p1a: Solrock
|
|win|ShotoNC
|player|p1|

</script>
<script type="application/json" class="data" id="replaydata-smogtours-gen3ou-794776">
{"id":"smogtours-gen3ou-794776","format":"[Gen 3] OU","players":["jpmockman","ShotoNC"],"uploadtime":1728086060,"views":140,"formatid":"gen3ou","rating":null,"private":0,"password":null}
</script>

<script defer src="js/replays.js?9d40a366"></script>
