<!DOCTYPE html>
<meta charset="utf-8" />
<meta name="viewport" content="width=device-width" />

<title>[Gen 3] OU: xgermx vs. Calm Stiege - Replays - Pok&eacute;mon Showdown!</title>

<meta name="description" content="Watch a replay of a Pok&eacute;mon battle between xgermx and Calm Stiege! Format: [Gen 3] OU; Date: Oct 14, 2024" />
<!--

Hey, you! Looking in the source for the replay log?

You can find them in JSON format, just add `.json` at the end of a replay URL.

https://replay.pokemonshowdown.com/gen7randomdoublesbattle-865046831.json

Or, if you only need the log itself, add `.log` instead:

https://replay.pokemonshowdown.com/gen7randomdoublesbattle-865046831.log

-->

<link rel="stylesheet" href="//pokemonshowdown.com/style/global.css?0.023195364461161105" />
<link rel="stylesheet" href="//play.pokemonshowdown.com/style/font-awesome.css?0.13261647063804238" />
<link rel="stylesheet" href="//play.pokemonshowdown.com/style/battle.css?0.8753245789963631" />
<link rel="stylesheet" href="//play.pokemonshowdown.com/style/utilichart.css?0.8627959624976733" />

<!-- Global site tag (gtag.js) - Google Analytics -->
<script async src="https://www.googletagmanager.com/gtag/js?id=UA-26211653-1"></script>
<script>
  window.dataLayer = window.dataLayer || [];
  function gtag(){dataLayer.push(arguments);}
  gtag('js', new Date());

  gtag('config', 'UA-26211653-1');
</script>
<!-- End Google Analytics -->
<!-- Venatus Ad Manager - Install in <HEAD> of page -->
	<script src="https://hb.vntsm.com/v3/live/ad-manager.min.js" type="text/javascript" data-site-id="642aba63ec9a7b11c3c9c1be" data-mode="scan" async></script>
<!-- / Venatus Ad Manager -->

<style>
	@media (max-width:820px) {
		.battle {
			margin: 0 auto;
		}
		.battle-log {
			margin: 7px auto 0;
			max-width: 640px;
			height: 300px;
			position: static;
		}
	}
	.optgroup {
		display: inline-block;
		line-height: 22px;
		font-size: 10pt;
	}
	.optgroup .button {
		height: 25px;
		padding-top: 0;
		padding-bottom: 0;
	}
	.optgroup button.button {
		padding-left: 12px;
		padding-right: 12px;
	}
	.linklist {
		list-style: none;
		margin: 0.5em 0;
		padding: 0;
	}
	.linklist li {
		padding: 2px 0;
	}
	.sidebar {
		float: left;
		width: 320px;
	}
	.bar-wrapper {
		max-width: 1100px;
		margin: 0 auto;
	}
	.bar-wrapper.has-sidebar {
		max-width: 1430px;
	}
	.mainbar {
		margin: 0;
		padding-right: 1px;
	}
	.mainbar.has-sidebar {
		margin-left: 330px;
	}
	@media (min-width: 1511px) {
		.sidebar {
			width: 400px;
		}
		.bar-wrapper.has-sidebar {
			max-width: 1510px;
		}
		.mainbar.has-sidebar {
			margin-left: 410px;
		}
	}
	.section.first-section {
		margin-top: 9px;
	}
	.blocklink small {
		white-space: normal;
	}
	.button {
		vertical-align: middle;
	}
	.replay-controls {
		padding-top: 10px;
	}
	.replay-controls h1 {
		font-size: 16pt;
		font-weight: normal;
		color: #CCC;
	}
	.pagelink {
		text-align: center;
	}
	.pagelink a {
		width: 150px;
	}
	.textbox, .button {
		font-size: 11pt;
		vertical-align: middle;
	}
	@media (max-width: 450px) {
		.button {
			font-size: 9pt;
		}
	}
</style>

<div>

	<header>
		<div class="nav-wrapper"><ul class="nav">
			<li><a class="button nav-first" href="//pokemonshowdown.com/"><img src="//pokemonshowdown.com/images/pokemonshowdownbeta.png" srcset="//pokemonshowdown.com/images/pokemonshowdownbeta.png 1x, //pokemonshowdown.com/images/pokemonshowdownbeta@2x.png 2x" alt="Pok&eacute;mon Showdown" width="146" height="44" /> Home</a></li>
			<li><a class="button" href="//pokemonshowdown.com/dex/">Pok&eacute;dex</a></li>
			<li><a class="button cur" href="/">Replays</a></li>
			<li><a class="button" href="//pokemonshowdown.com/ladder/">Ladder</a></li>
			<li><a class="button nav-last" href="//pokemonshowdown.com/forums/">Forum</a></li>
			<li><a class="button greenbutton nav-first nav-last" href="//play.pokemonshowdown.com/">Play</a></li>
		</ul></div>
	</header>

	<div class="main" id="main">

		<noscript><section class="section">You need to enable JavaScript to use this page; sorry!</section></noscript>

	</div>

</div>

<script defer nomodule src="//play.pokemonshowdown.com/js/lib/ps-polyfill.js"></script>
<script defer src="//play.pokemonshowdown.com/js/lib/preact.min.js"></script>

<script defer src="//play.pokemonshowdown.com/config/config.js?2bddbc15"></script>
<script defer src="//play.pokemonshowdown.com/js/lib/jquery-1.11.0.min.js"></script>
<script defer src="//play.pokemonshowdown.com/js/lib/html-sanitizer-minified.js"></script>
<script defer src="//play.pokemonshowdown.com/js/battle-sound.js"></script>
<script defer src="//play.pokemonshowdown.com/js/battledata.js?0.7209276989879541"></script>
<script defer src="//play.pokemonshowdown.com/data/pokedex-mini.js?0.6111056340867951"></script>
<script defer src="//play.pokemonshowdown.com/data/pokedex-mini-bw.js?0.3532142036491459"></script>
<script defer src="//play.pokemonshowdown.com/data/graphics.js?0.24223875632456182"></script>
<script defer src="//play.pokemonshowdown.com/data/pokedex.js?0.38839984266356864"></script>
<script defer src="//play.pokemonshowdown.com/data/moves.js?0.21866028504024015"></script>
<script defer src="//play.pokemonshowdown.com/data/abilities.js?0.2005157953846628"></script>
<script defer src="//play.pokemonshowdown.com/data/items.js?0.9894211263848525"></script>
<script defer src="//play.pokemonshowdown.com/data/teambuilder-tables.js?0.6008791140282215"></script>
<script defer src="//play.pokemonshowdown.com/js/battle-tooltips.js?0.7580118955022959"></script>
<script defer src="//play.pokemonshowdown.com/js/battle.js?0.6057722274234274"></script>

<script defer src="js/utils.js?e31f9a17"></script>
<script defer src="js/replays-battle.js?7008c182"></script>

<!-- don't scrape this data! just add .json or .log after the URL!
Full API docs: https://github.com/smogon/pokemon-showdown-client/blob/master/WEB-API.md -->
<script type="text/plain" class="log" id="replaylog-smogtours-gen3ou-798716">
|inactive|Battle timer is ON: inactive players will automatically lose when time's up.
|t:|1728933736
|gametype|singles
|player|p1|xgermx|swimmerf-gen4dp|
|player|p2|Calm Stiege|101|
|teamsize|p1|6
|teamsize|p2|6
|gen|3
|tier|[Gen 3] OU
|rule|Sleep Clause Mod: Limit one foe put to sleep
|rule|Switch Priority Clause Mod: Faster Pokémon switch first
|rule|Species Clause: Limit one of each Pokémon
|rule|OHKO Clause: OHKO moves are banned
|rule|Evasion Items Clause: Evasion items are banned
|rule|Evasion Moves Clause: Evasion moves are banned
|rule|Endless Battle Clause: Forcing endless battles is banned
|rule|HP Percentage Mod: HP is shown in percentages
|rule|One Boost Passer Clause: Limit one Baton Passer that has a way to boost its stats
|rule|Freeze Clause Mod: Limit one foe frozen
|
|t:|1728933736
|start
|switch|p1a: Jynx|Jynx, F|100/100
|switch|p2a: Zapdos|Zapdos|100/100
|turn|1
|c|☆Calm Stiege|hfgl
|
|t:|1728933760
|switch|p1a: Magneton|Magneton|100/100
|switch|p2a: Charizard|Charizard, M|100/100
|
|upkeep
|turn|2
|c|☆xgermx|you too
|
|t:|1728933776
|switch|p1a: Suicune|Suicune|100/100
|move|p2a: Charizard|Substitute|p2a: Charizard
|-start|p2a: Charizard|Substitute
|-damage|p2a: Charizard|76/100
|
|-heal|p2a: Charizard|82/100|[from] item: Leftovers
|upkeep
|turn|3
|
|t:|1728933783
|move|p2a: Charizard|Hidden Power|p1a: Suicune
|-supereffective|p1a: Suicune
|-damage|p1a: Suicune|62/100
|move|p1a: Suicune|Calm Mind|p1a: Suicune
|-boost|p1a: Suicune|spa|1
|-boost|p1a: Suicune|spd|1
|
|-heal|p2a: Charizard|88/100|[from] item: Leftovers
|-heal|p1a: Suicune|68/100|[from] item: Leftovers
|upkeep
|turn|4
|
|t:|1728933793
|switch|p2a: Celebi|Celebi|100/100
|move|p1a: Suicune|Surf|p2a: Celebi
|-resisted|p2a: Celebi
|-damage|p2a: Celebi|79/100
|
|-heal|p2a: Celebi|85/100|[from] item: Leftovers
|-heal|p1a: Suicune|75/100|[from] item: Leftovers
|upkeep
|turn|5
|
|t:|1728933814
|switch|p1a: Blissey|Blissey, F|100/100
|move|p2a: Celebi|Leech Seed|p1a: Blissey
|-start|p1a: Blissey|move: Leech Seed
|
|-heal|p2a: Celebi|91/100|[from] item: Leftovers
|-damage|p1a: Blissey|88/100|[from] Leech Seed|[of] p2a: Celebi
|-heal|p2a: Celebi|100/100|[silent]
|upkeep
|turn|6
|
|t:|1728933822
|move|p2a: Celebi|Psychic|p1a: Blissey
|-damage|p1a: Blissey|72/100
|move|p1a: Blissey|Toxic|p2a: Celebi
|-status|p2a: Celebi|tox
|
|-damage|p2a: Celebi|94/100 tox|[from] psn
|-heal|p1a: Blissey|78/100|[from] item: Leftovers
|-damage|p1a: Blissey|65/100|[from] Leech Seed|[of] p2a: Celebi
|-heal|p2a: Celebi|100/100 tox|[silent]
|upkeep
|turn|7
|
|t:|1728933836
|-curestatus|p2a: Celebi|tox|[from] ability: Natural Cure
|switch|p2a: Charizard|Charizard, M|88/100
|switch|p1a: Jynx|Jynx, F|100/100
|
|-heal|p2a: Charizard|94/100|[from] item: Leftovers
|upkeep
|turn|8
|
|t:|1728933845
|move|p1a: Jynx|Lovely Kiss|p2a: Charizard
|-status|p2a: Charizard|slp|[from] move: Lovely Kiss
|cant|p2a: Charizard|slp
|
|-heal|p2a: Charizard|99/100 slp|[from] item: Leftovers
|upkeep
|turn|9
|inactive|xgermx has 270 seconds left.
|
|t:|1728933878
|switch|p2a: Snorlax|Snorlax, F|100/100
|move|p1a: Jynx|Substitute|p1a: Jynx
|-start|p1a: Jynx|Substitute
|-damage|p1a: Jynx|75/100
|
|-heal|p1a: Jynx|82/100|[from] item: Leftovers
|upkeep
|turn|10
|inactive|xgermx has 270 seconds left.
|
|t:|1728933900
|move|p1a: Jynx|Calm Mind|p1a: Jynx
|-boost|p1a: Jynx|spa|1
|-boost|p1a: Jynx|spd|1
|move|p2a: Snorlax|Return|p1a: Jynx
|-end|p1a: Jynx|Substitute
|
|-heal|p1a: Jynx|88/100|[from] item: Leftovers
|upkeep
|turn|11
|
|t:|1728933927
|switch|p1a: Magneton|Magneton|100/100
|move|p2a: Snorlax|Curse|p2a: Snorlax
|-unboost|p2a: Snorlax|spe|1
|-boost|p2a: Snorlax|atk|1
|-boost|p2a: Snorlax|def|1
|
|upkeep
|turn|12
|
|t:|1728933934
|move|p1a: Magneton|Thunderbolt|p2a: Snorlax
|-damage|p2a: Snorlax|77/100
|move|p2a: Snorlax|Return|p1a: Magneton
|-resisted|p1a: Magneton
|-damage|p1a: Magneton|60/100
|
|-heal|p1a: Magneton|66/100|[from] item: Leftovers
|-heal|p2a: Snorlax|83/100|[from] item: Leftovers
|upkeep
|turn|13
|
|t:|1728933943
|move|p1a: Magneton|Thunderbolt|p2a: Snorlax
|-damage|p2a: Snorlax|58/100
|move|p2a: Snorlax|Return|p1a: Magneton
|-resisted|p1a: Magneton
|-damage|p1a: Magneton|28/100
|
|-heal|p1a: Magneton|34/100|[from] item: Leftovers
|-heal|p2a: Snorlax|64/100|[from] item: Leftovers
|upkeep
|turn|14
|
|t:|1728933951
|move|p1a: Magneton|Thunderbolt|p2a: Snorlax
|-damage|p2a: Snorlax|41/100
|move|p2a: Snorlax|Return|p1a: Magneton
|-resisted|p1a: Magneton
|-damage|p1a: Magneton|0 fnt
|faint|p1a: Magneton
|
|t:|1728933975
|switch|p1a: Claydol|Claydol|100/100
|
|-heal|p2a: Snorlax|47/100|[from] item: Leftovers
|upkeep
|turn|15
|
|t:|1728933982
|move|p1a: Claydol|Explosion|p2a: Snorlax
|-damage|p2a: Snorlax|0 fnt
|faint|p1a: Claydol
|faint|p2a: Snorlax
|
|t:|1728934000
|switch|p1a: Jynx|Jynx, F|88/100
|switch|p2a: Forretress|Forretress, F|100/100
|
|-heal|p1a: Jynx|94/100|[from] item: Leftovers
|upkeep
|turn|16
|inactive|xgermx has 240 seconds left.
|
|t:|1728934019
|switch|p1a: Suicune|Suicune|75/100
|move|p2a: Forretress|Spikes|p1a: Suicune
|-sidestart|p1: xgermx|Spikes
|
|-heal|p1a: Suicune|81/100|[from] item: Leftovers
|upkeep
|turn|17
|
|t:|1728934025
|move|p1a: Suicune|Calm Mind|p1a: Suicune
|-boost|p1a: Suicune|spa|1
|-boost|p1a: Suicune|spd|1
|move|p2a: Forretress|Spikes|p1a: Suicune
|-sidestart|p1: xgermx|Spikes
|
|-heal|p1a: Suicune|87/100|[from] item: Leftovers
|upkeep
|turn|18
|
|t:|1728934033
|move|p1a: Suicune|Calm Mind|p1a: Suicune
|-boost|p1a: Suicune|spa|1
|-boost|p1a: Suicune|spd|1
|move|p2a: Forretress|Spikes|p1a: Suicune
|-sidestart|p1: xgermx|Spikes
|
|-heal|p1a: Suicune|93/100|[from] item: Leftovers
|upkeep
|turn|19
|
|t:|1728934043
|move|p1a: Suicune|Surf|p2a: Forretress
|-damage|p2a: Forretress|42/100
|move|p2a: Forretress|Explosion|p1a: Suicune
|-damage|p1a: Suicune|27/100
|faint|p2a: Forretress
|
|t:|1728934046
|switch|p2a: Zapdos|Zapdos|100/100
|
|-heal|p1a: Suicune|33/100|[from] item: Leftovers
|upkeep
|turn|20
|
|t:|1728934064
|move|p2a: Zapdos|Drill Peck|p1a: Suicune
|-damage|p1a: Suicune|1/100
|move|p1a: Suicune|Rest|p1a: Suicune
|-status|p1a: Suicune|slp|[from] move: Rest
|-heal|p1a: Suicune|100/100 slp|[silent]
|
|upkeep
|turn|21
|
|t:|1728934074
|switch|p2a: Celebi|Celebi|100/100
|cant|p1a: Suicune|slp
|
|upkeep
|turn|22
|
|t:|1728934085
|switch|p1a: Blissey|Blissey, F|65/100
|-damage|p1a: Blissey|40/100|[from] Spikes
|move|p2a: Celebi|Leech Seed|p1a: Blissey
|-start|p1a: Blissey|move: Leech Seed
|
|-heal|p1a: Blissey|46/100|[from] item: Leftovers
|-damage|p1a: Blissey|34/100|[from] Leech Seed|[of] p2a: Celebi
|upkeep
|turn|23
|
|t:|1728934094
|switch|p2a: Zapdos|Zapdos|100/100
|move|p1a: Blissey|Soft-Boiled|p1a: Blissey
|-heal|p1a: Blissey|84/100
|
|-heal|p1a: Blissey|90/100|[from] item: Leftovers
|-damage|p1a: Blissey|78/100|[from] Leech Seed|[of] p2a: Zapdos
|upkeep
|turn|24
|
|t:|1728934105
|switch|p1a: Suicune|Suicune|100/100 slp
|-damage|p1a: Suicune|76/100 slp|[from] Spikes
|move|p2a: Zapdos|Drill Peck|p1a: Suicune
|-damage|p1a: Suicune|46/100 slp
|
|-heal|p1a: Suicune|52/100 slp|[from] item: Leftovers
|upkeep
|turn|25
|
|t:|1728934112
|move|p2a: Zapdos|Drill Peck|p1a: Suicune
|-damage|p1a: Suicune|22/100 slp
|cant|p1a: Suicune|slp
|
|-heal|p1a: Suicune|29/100 slp|[from] item: Leftovers
|upkeep
|turn|26
|inactive|xgermx has 270 seconds left.
|
|t:|1728934119
|move|p2a: Zapdos|Drill Peck|p1a: Suicune
|-damage|p1a: Suicune|1/100 slp
|-curestatus|p1a: Suicune|slp|[msg]
|move|p1a: Suicune|Surf|p2a: Zapdos
|-damage|p2a: Zapdos|63/100
|
|-heal|p1a: Suicune|7/100|[from] item: Leftovers
|upkeep
|turn|27
|
|t:|1728934127
|move|p2a: Zapdos|Drill Peck|p1a: Suicune
|-damage|p1a: Suicune|0 fnt
|faint|p1a: Suicune
|inactive|xgermx has 270 seconds left.
|
|t:|1728934142
|switch|p1a: Dugtrio|Dugtrio, M|100/100
|-damage|p1a: Dugtrio|76/100|[from] Spikes
|
|upkeep
|turn|28
|inactive|xgermx has 270 seconds left.
|
|t:|1728934157
|move|p1a: Dugtrio|Rock Slide|p2a: Zapdos
|-supereffective|p2a: Zapdos
|-damage|p2a: Zapdos|0 fnt
|faint|p2a: Zapdos
|
|t:|1728934161
|switch|p2a: Celebi|Celebi|100/100
|
|upkeep
|turn|29
|
|t:|1728934171
|switch|p1a: Blissey|Blissey, F|78/100
|-damage|p1a: Blissey|53/100|[from] Spikes
|move|p2a: Celebi|Leech Seed|p1a: Blissey
|-start|p1a: Blissey|move: Leech Seed
|
|-heal|p1a: Blissey|59/100|[from] item: Leftovers
|-damage|p1a: Blissey|46/100|[from] Leech Seed|[of] p2a: Celebi
|upkeep
|turn|30
|
|t:|1728934184
|switch|p2a: Blissey|Blissey, F|100/100
|move|p1a: Blissey|Soft-Boiled|p1a: Blissey
|-heal|p1a: Blissey|96/100
|
|-heal|p1a: Blissey|100/100|[from] item: Leftovers
|-damage|p1a: Blissey|88/100|[from] Leech Seed|[of] p2a: Blissey
|upkeep
|turn|31
|
|t:|1728934192
|move|p1a: Blissey|Toxic|p2a: Blissey
|-status|p2a: Blissey|tox
|move|p2a: Blissey|Calm Mind|p2a: Blissey
|-boost|p2a: Blissey|spa|1
|-boost|p2a: Blissey|spd|1
|
|-heal|p1a: Blissey|94/100|[from] item: Leftovers
|-damage|p1a: Blissey|82/100|[from] Leech Seed|[of] p2a: Blissey
|-damage|p2a: Blissey|94/100 tox|[from] psn
|upkeep
|turn|32
|inactive|xgermx has 270 seconds left.
|
|t:|1728934232
|switch|p1a: Jynx|Jynx, F|94/100
|-damage|p1a: Jynx|69/100|[from] Spikes
|move|p2a: Blissey|Ice Beam|p1a: Jynx
|-resisted|p1a: Jynx
|-damage|p1a: Jynx|45/100
|
|-heal|p1a: Jynx|52/100|[from] item: Leftovers
|-heal|p2a: Blissey|100/100 tox|[from] item: Leftovers
|-damage|p2a: Blissey|88/100 tox|[from] psn
|upkeep
|turn|33
|
|t:|1728934245
|move|p1a: Jynx|Calm Mind|p1a: Jynx
|-boost|p1a: Jynx|spa|1
|-boost|p1a: Jynx|spd|1
|move|p2a: Blissey|Thunderbolt|p1a: Jynx
|-damage|p1a: Jynx|21/100
|
|-heal|p1a: Jynx|28/100|[from] item: Leftovers
|-heal|p2a: Blissey|94/100 tox|[from] item: Leftovers
|-damage|p2a: Blissey|76/100 tox|[from] psn
|upkeep
|turn|34
|inactive|xgermx has 240 seconds left.
|
|t:|1728934278
|-curestatus|p2a: Blissey|tox|[from] ability: Natural Cure
|switch|p2a: Celebi|Celebi|100/100
|move|p1a: Jynx|Calm Mind|p1a: Jynx
|-boost|p1a: Jynx|spa|1
|-boost|p1a: Jynx|spd|1
|
|-heal|p1a: Jynx|34/100|[from] item: Leftovers
|upkeep
|turn|35
|inactive|xgermx has 240 seconds left.
|
|t:|1728934288
|move|p1a: Jynx|Substitute|p1a: Jynx
|-start|p1a: Jynx|Substitute
|-damage|p1a: Jynx|9/100
|move|p2a: Celebi|Hidden Power|p1a: Jynx
|-supereffective|p1a: Jynx
|-end|p1a: Jynx|Substitute
|
|-heal|p1a: Jynx|15/100|[from] item: Leftovers
|upkeep
|turn|36
|
|t:|1728934297
|switch|p2a: Blissey|Blissey, F|76/100
|move|p1a: Jynx|Ice Beam|p2a: Blissey
|-damage|p2a: Blissey|38/100
|
|-heal|p1a: Jynx|21/100|[from] item: Leftovers
|-heal|p2a: Blissey|44/100|[from] item: Leftovers
|upkeep
|turn|37
|
|t:|1728934310
|move|p1a: Jynx|Calm Mind|p1a: Jynx
|-boost|p1a: Jynx|spa|1
|-boost|p1a: Jynx|spd|1
|move|p2a: Blissey|Soft-Boiled|p2a: Blissey
|-heal|p2a: Blissey|94/100
|
|-heal|p1a: Jynx|28/100|[from] item: Leftovers
|-heal|p2a: Blissey|99/100|[from] item: Leftovers
|upkeep
|turn|38
|inactive|xgermx has 240 seconds left.
|inactive|xgermx has 210 seconds left.
|
|t:|1728934356
|move|p1a: Jynx|Substitute|p1a: Jynx
|-start|p1a: Jynx|Substitute
|-damage|p1a: Jynx|3/100
|move|p2a: Blissey|Calm Mind|p2a: Blissey
|-boost|p2a: Blissey|spa|1
|-boost|p2a: Blissey|spd|1
|
|-heal|p1a: Jynx|9/100|[from] item: Leftovers
|-heal|p2a: Blissey|100/100|[from] item: Leftovers
|upkeep
|turn|39
|
|t:|1728934366
|move|p1a: Jynx|Calm Mind|p1a: Jynx
|-boost|p1a: Jynx|spa|1
|-boost|p1a: Jynx|spd|1
|move|p2a: Blissey|Calm Mind|p2a: Blissey
|-boost|p2a: Blissey|spa|1
|-boost|p2a: Blissey|spd|1
|
|-heal|p1a: Jynx|15/100|[from] item: Leftovers
|upkeep
|turn|40
|
|t:|1728934373
|move|p1a: Jynx|Ice Beam|p2a: Blissey
|-damage|p2a: Blissey|75/100
|move|p2a: Blissey|Calm Mind|p2a: Blissey
|-boost|p2a: Blissey|spa|1
|-boost|p2a: Blissey|spd|1
|
|-heal|p1a: Jynx|21/100|[from] item: Leftovers
|-heal|p2a: Blissey|81/100|[from] item: Leftovers
|upkeep
|turn|41
|
|t:|1728934381
|move|p1a: Jynx|Ice Beam|p2a: Blissey
|-damage|p2a: Blissey|59/100
|move|p2a: Blissey|Calm Mind|p2a: Blissey
|-boost|p2a: Blissey|spa|1
|-boost|p2a: Blissey|spd|1
|
|-heal|p1a: Jynx|28/100|[from] item: Leftovers
|-heal|p2a: Blissey|65/100|[from] item: Leftovers
|upkeep
|turn|42
|
|t:|1728934389
|move|p1a: Jynx|Ice Beam|p2a: Blissey
|-damage|p2a: Blissey|47/100
|move|p2a: Blissey|Soft-Boiled|p2a: Blissey
|-heal|p2a: Blissey|97/100
|
|-heal|p1a: Jynx|34/100|[from] item: Leftovers
|-heal|p2a: Blissey|100/100|[from] item: Leftovers
|upkeep
|turn|43
|
|t:|1728934410
|switch|p1a: Blissey|Blissey, F|82/100
|-damage|p1a: Blissey|57/100|[from] Spikes
|move|p2a: Blissey|Thunderbolt|p1a: Blissey
|-damage|p1a: Blissey|27/100
|
|-heal|p1a: Blissey|33/100|[from] item: Leftovers
|upkeep
|turn|44
|
|t:|1728934418
|move|p1a: Blissey|Soft-Boiled|p1a: Blissey
|-heal|p1a: Blissey|83/100
|move|p2a: Blissey|Ice Beam|p1a: Blissey
|-damage|p1a: Blissey|50/100
|
|-heal|p1a: Blissey|56/100|[from] item: Leftovers
|upkeep
|turn|45
|
|t:|1728934426
|move|p1a: Blissey|Soft-Boiled|p1a: Blissey
|-heal|p1a: Blissey|100/100
|move|p2a: Blissey|Calm Mind|p2a: Blissey
|-boost|p2a: Blissey|spa|1
|-boost|p2a: Blissey|spd|1
|
|upkeep
|turn|46
|
|t:|1728934432
|move|p1a: Blissey|Toxic|p2a: Blissey
|-status|p2a: Blissey|tox
|move|p2a: Blissey|Ice Beam|p1a: Blissey
|-damage|p1a: Blissey|63/100
|
|-heal|p1a: Blissey|69/100|[from] item: Leftovers
|-damage|p2a: Blissey|94/100 tox|[from] psn
|upkeep
|turn|47
|inactive|xgermx has 240 seconds left.
|
|t:|1728934450
|move|p1a: Blissey|Soft-Boiled|p1a: Blissey
|-heal|p1a: Blissey|100/100
|move|p2a: Blissey|Ice Beam|p1a: Blissey
|-damage|p1a: Blissey|68/100
|
|-heal|p1a: Blissey|74/100|[from] item: Leftovers
|-heal|p2a: Blissey|100/100 tox|[from] item: Leftovers
|-damage|p2a: Blissey|88/100 tox|[from] psn
|upkeep
|turn|48
|
|t:|1728934461
|-curestatus|p2a: Blissey|tox|[from] ability: Natural Cure
|switch|p2a: Celebi|Celebi|100/100
|move|p1a: Blissey|Ice Beam|p2a: Celebi
|-supereffective|p2a: Celebi
|-damage|p2a: Celebi|63/100
|
|-heal|p2a: Celebi|69/100|[from] item: Leftovers
|-heal|p1a: Blissey|80/100|[from] item: Leftovers
|upkeep
|turn|49
|
|t:|1728934478
|move|p2a: Celebi|Giga Drain|p1a: Blissey
|-damage|p1a: Blissey|68/100
|-heal|p2a: Celebi|81/100|[from] drain|[of] p1a: Blissey
|move|p1a: Blissey|Ice Beam|p2a: Celebi
|-supereffective|p2a: Celebi
|-damage|p2a: Celebi|42/100
|
|-heal|p2a: Celebi|48/100|[from] item: Leftovers
|-heal|p1a: Blissey|74/100|[from] item: Leftovers
|upkeep
|turn|50
|
|t:|1728934494
|switch|p1a: Dugtrio|Dugtrio, M|76/100
|-damage|p1a: Dugtrio|51/100|[from] Spikes
|move|p2a: Celebi|Leech Seed|p1a: Dugtrio|[miss]
|-miss|p2a: Celebi|p1a: Dugtrio
|
|-heal|p2a: Celebi|54/100|[from] item: Leftovers
|upkeep
|turn|51
|
|t:|1728934505
|move|p1a: Dugtrio|Hidden Power|p2a: Celebi
|-supereffective|p2a: Celebi
|-damage|p2a: Celebi|0 fnt
|faint|p2a: Celebi
|
|t:|1728934507
|switch|p2a: Charizard|Charizard, M|99/100 slp
|
|-heal|p2a: Charizard|100/100 slp|[from] item: Leftovers
|upkeep
|turn|52
|
|t:|1728934530
|switch|p1a: Jynx|Jynx, F|34/100
|-damage|p1a: Jynx|9/100|[from] Spikes
|cant|p2a: Charizard|slp
|
|-heal|p1a: Jynx|15/100|[from] item: Leftovers
|upkeep
|turn|53
|
|t:|1728934537
|switch|p2a: Blissey|Blissey, F|88/100
|move|p1a: Jynx|Ice Beam|p2a: Blissey
|-damage|p2a: Blissey|69/100
|
|-heal|p1a: Jynx|21/100|[from] item: Leftovers
|-heal|p2a: Blissey|75/100|[from] item: Leftovers
|upkeep
|turn|54
|
|t:|1728934551
|move|p1a: Jynx|Ice Beam|p2a: Blissey
|-damage|p2a: Blissey|56/100
|move|p2a: Blissey|Calm Mind|p2a: Blissey
|-boost|p2a: Blissey|spa|1
|-boost|p2a: Blissey|spd|1
|
|-heal|p1a: Jynx|28/100|[from] item: Leftovers
|-heal|p2a: Blissey|62/100|[from] item: Leftovers
|upkeep
|turn|55
|
|t:|1728934560
|switch|p1a: Blissey|Blissey, F|74/100
|-damage|p1a: Blissey|49/100|[from] Spikes
|move|p2a: Blissey|Soft-Boiled|p2a: Blissey
|-heal|p2a: Blissey|100/100
|
|-heal|p1a: Blissey|55/100|[from] item: Leftovers
|upkeep
|turn|56
|
|t:|1728934569
|move|p1a: Blissey|Soft-Boiled|p1a: Blissey
|-heal|p1a: Blissey|100/100
|move|p2a: Blissey|Ice Beam|p1a: Blissey
|-damage|p1a: Blissey|85/100
|-status|p1a: Blissey|frz
|
|-heal|p1a: Blissey|92/100 frz|[from] item: Leftovers
|upkeep
|turn|57
|
|t:|1728934583
|-curestatus|p1a: Blissey|frz|[from] ability: Natural Cure
|switch|p1a: Jynx|Jynx, F|28/100
|-damage|p1a: Jynx|3/100|[from] Spikes
|move|p2a: Blissey|Calm Mind|p2a: Blissey
|-boost|p2a: Blissey|spa|1
|-boost|p2a: Blissey|spd|1
|
|-heal|p1a: Jynx|9/100|[from] item: Leftovers
|upkeep
|turn|58
|
|t:|1728934592
|switch|p1a: Blissey|Blissey, F|92/100
|-damage|p1a: Blissey|67/100|[from] Spikes
|move|p2a: Blissey|Ice Beam|p1a: Blissey
|-damage|p1a: Blissey|46/100
|
|-heal|p1a: Blissey|53/100|[from] item: Leftovers
|upkeep
|turn|59
|inactive|xgermx has 240 seconds left.
|
|t:|1728934601
|move|p1a: Blissey|Soft-Boiled|p1a: Blissey
|-heal|p1a: Blissey|100/100
|move|p2a: Blissey|Calm Mind|p2a: Blissey
|-boost|p2a: Blissey|spa|1
|-boost|p2a: Blissey|spd|1
|
|upkeep
|turn|60
|
|t:|1728934608
|move|p1a: Blissey|Toxic|p2a: Blissey
|-status|p2a: Blissey|tox
|move|p2a: Blissey|Calm Mind|p2a: Blissey
|-boost|p2a: Blissey|spa|1
|-boost|p2a: Blissey|spd|1
|
|-damage|p2a: Blissey|94/100 tox|[from] psn
|upkeep
|turn|61
|inactive|xgermx has 240 seconds left.
|
|t:|1728934630
|move|p1a: Blissey|Heal Bell|p1a: Blissey
|-activate|p1a: Blissey|move: Heal Bell
|move|p2a: Blissey|Ice Beam|p1a: Blissey
|-damage|p1a: Blissey|73/100
|
|-heal|p1a: Blissey|79/100|[from] item: Leftovers
|-heal|p2a: Blissey|100/100 tox|[from] item: Leftovers
|-damage|p2a: Blissey|88/100 tox|[from] psn
|upkeep
|turn|62
|inactive|xgermx has 240 seconds left.
|
|t:|1728934641
|-curestatus|p2a: Blissey|tox|[from] ability: Natural Cure
|switch|p2a: Charizard|Charizard, M|100/100 slp
|move|p1a: Blissey|Heal Bell|p1a: Blissey
|-activate|p1a: Blissey|move: Heal Bell
|
|-heal|p1a: Blissey|85/100|[from] item: Leftovers
|upkeep
|turn|63
|inactive|xgermx has 240 seconds left.
|
|t:|1728934648
|switch|p2a: Blissey|Blissey, F|88/100
|move|p1a: Blissey|Ice Beam|p2a: Blissey
|-damage|p2a: Blissey|79/100
|
|-heal|p1a: Blissey|91/100|[from] item: Leftovers
|-heal|p2a: Blissey|85/100|[from] item: Leftovers
|upkeep
|turn|64
|inactive|xgermx has 240 seconds left.
|
|t:|1728934663
|switch|p2a: Charizard|Charizard, M|100/100 slp
|move|p1a: Blissey|Toxic||[still]
|-fail|p1a: Blissey
|
|-heal|p1a: Blissey|97/100|[from] item: Leftovers
|upkeep
|turn|65
|inactive|xgermx has 240 seconds left.
|
|t:|1728934671
|switch|p2a: Blissey|Blissey, F|85/100
|move|p1a: Blissey|Ice Beam|p2a: Blissey
|-damage|p2a: Blissey|76/100
|
|-heal|p1a: Blissey|100/100|[from] item: Leftovers
|-heal|p2a: Blissey|82/100|[from] item: Leftovers
|upkeep
|turn|66
|
|t:|1728934680
|switch|p1a: Dugtrio|Dugtrio, M|51/100
|-damage|p1a: Dugtrio|26/100|[from] Spikes
|move|p2a: Blissey|Thunderbolt|p1a: Dugtrio
|-immune|p1a: Dugtrio
|
|-heal|p2a: Blissey|88/100|[from] item: Leftovers
|upkeep
|turn|67
|inactive|xgermx has 240 seconds left.
|
|t:|1728934696
|switch|p1a: Jynx|Jynx, F|9/100
|-damage|p1a: Jynx|0 fnt|[from] Spikes
|faint|p1a: Jynx
|
|t:|1728934700
|switch|p1a: Blissey|Blissey, F|100/100
|-damage|p1a: Blissey|76/100|[from] Spikes
|
|-heal|p1a: Blissey|82/100|[from] item: Leftovers
|-heal|p2a: Blissey|95/100|[from] item: Leftovers
|upkeep
|turn|68
|
|t:|1728934706
|switch|p2a: Charizard|Charizard, M|100/100 slp
|move|p1a: Blissey|Ice Beam|p2a: Charizard
|-damage|p2a: Charizard|70/100 slp
|
|-heal|p2a: Charizard|76/100 slp|[from] item: Leftovers
|-heal|p1a: Blissey|88/100|[from] item: Leftovers
|upkeep
|turn|69
|
|t:|1728934715
|-singleturn|p2a: Charizard|move: Focus Punch
|move|p1a: Blissey|Toxic||[still]
|-fail|p1a: Blissey
|-curestatus|p2a: Charizard|slp|[msg]
|move|p2a: Charizard|Focus Punch|p1a: Blissey
|-supereffective|p1a: Blissey
|-damage|p1a: Blissey|26/100
|
|-heal|p2a: Charizard|82/100|[from] item: Leftovers
|-heal|p1a: Blissey|32/100|[from] item: Leftovers
|upkeep
|turn|70
|
|t:|1728934729
|move|p2a: Charizard|Substitute|p2a: Charizard
|-start|p2a: Charizard|Substitute
|-damage|p2a: Charizard|57/100
|move|p1a: Blissey|Soft-Boiled|p1a: Blissey
|-heal|p1a: Blissey|82/100
|
|-heal|p2a: Charizard|63/100|[from] item: Leftovers
|-heal|p1a: Blissey|88/100|[from] item: Leftovers
|upkeep
|turn|71
|
|t:|1728934737
|-singleturn|p2a: Charizard|move: Focus Punch
|move|p1a: Blissey|Ice Beam|p2a: Charizard
|-end|p2a: Charizard|Substitute
|move|p2a: Charizard|Focus Punch|p1a: Blissey
|-supereffective|p1a: Blissey
|-damage|p1a: Blissey|30/100
|
|-heal|p2a: Charizard|69/100|[from] item: Leftovers
|-heal|p1a: Blissey|36/100|[from] item: Leftovers
|upkeep
|turn|72
|
|t:|1728934746
|move|p2a: Charizard|Fire Blast|p1a: Blissey
|-damage|p1a: Blissey|13/100
|move|p1a: Blissey|Ice Beam|p2a: Charizard
|-damage|p2a: Charizard|37/100
|
|-heal|p2a: Charizard|43/100|[from] item: Leftovers
|-heal|p1a: Blissey|19/100|[from] item: Leftovers
|upkeep
|turn|73
|inactive|xgermx has 270 seconds left.
|
|t:|1728934755
|move|p2a: Charizard|Fire Blast|p1a: Blissey
|-damage|p1a: Blissey|0 fnt
|faint|p1a: Blissey
|
|t:|1728934760
|switch|p1a: Dugtrio|Dugtrio, M|26/100
|-damage|p1a: Dugtrio|1/100|[from] Spikes
|
|-heal|p2a: Charizard|49/100|[from] item: Leftovers
|upkeep
|turn|74
|
|t:|1728934765
|move|p1a: Dugtrio|Rock Slide|p2a: Charizard
|-supereffective|p2a: Charizard
|-damage|p2a: Charizard|0 fnt
|faint|p2a: Charizard
|
|t:|1728934768
|switch|p2a: Blissey|Blissey, F|95/100
|
|-heal|p2a: Blissey|100/100|[from] item: Leftovers
|upkeep
|turn|75
|
|t:|1728934772
|move|p1a: Dugtrio|Rock Slide|p2a: Blissey
|-damage|p2a: Blissey|67/100
|move|p2a: Blissey|Ice Beam|p1a: Dugtrio
|-supereffective|p1a: Dugtrio
|-damage|p1a: Dugtrio|0 fnt
|faint|p1a: Dugtrio
|
|win|Calm Stiege
|c|☆xgermx|gg
|c|☆Calm Stiege|gg
|c|☆Calm Stiege|close
|c|☆Calm Stiege|was tense
|c|☆xgermx|yeah
|c|☆xgermx|do you have all the replays?
|c|☆Calm Stiege|yh i have them thanks
|c|☆xgermx|bye

</script>
<script type="application/json" class="data" id="replaydata-smogtours-gen3ou-798716">
{"id":"smogtours-gen3ou-798716","format":"[Gen 3] OU","players":["xgermx","Calm Stiege"],"uploadtime":1728934772,"views":99,"formatid":"gen3ou","rating":null,"private":0,"password":null}
</script>

<script defer src="js/replays.js?9d40a366"></script>
