<!DOCTYPE html>
<meta charset="utf-8" />
<meta name="viewport" content="width=device-width" />

<title>[Gen 3] OU: corvid_queen vs. socalson - Replays - Pok&eacute;mon Showdown!</title>

<meta name="description" content="Watch a replay of a Pok&eacute;mon battle between corvid_queen and socalson! Format: [Gen 3] OU; Date: Oct 8, 2024" />
<!--

Hey, you! Looking in the source for the replay log?

You can find them in JSON format, just add `.json` at the end of a replay URL.

https://replay.pokemonshowdown.com/gen7randomdoublesbattle-865046831.json

Or, if you only need the log itself, add `.log` instead:

https://replay.pokemonshowdown.com/gen7randomdoublesbattle-865046831.log

-->

<link rel="stylesheet" href="//pokemonshowdown.com/style/global.css?0.023195364461161105" />
<link rel="stylesheet" href="//play.pokemonshowdown.com/style/font-awesome.css?0.13261647063804238" />
<link rel="stylesheet" href="//play.pokemonshowdown.com/style/battle.css?0.8753245789963631" />
<link rel="stylesheet" href="//play.pokemonshowdown.com/style/utilichart.css?0.8627959624976733" />

<!-- Global site tag (gtag.js) - Google Analytics -->
<script async src="https://www.googletagmanager.com/gtag/js?id=UA-26211653-1"></script>
<script>
  window.dataLayer = window.dataLayer || [];
  function gtag(){dataLayer.push(arguments);}
  gtag('js', new Date());

  gtag('config', 'UA-26211653-1');
</script>
<!-- End Google Analytics -->
<!-- Venatus Ad Manager - Install in <HEAD> of page -->
	<script src="https://hb.vntsm.com/v3/live/ad-manager.min.js" type="text/javascript" data-site-id="642aba63ec9a7b11c3c9c1be" data-mode="scan" async></script>
<!-- / Venatus Ad Manager -->

<style>
	@media (max-width:820px) {
		.battle {
			margin: 0 auto;
		}
		.battle-log {
			margin: 7px auto 0;
			max-width: 640px;
			height: 300px;
			position: static;
		}
	}
	.optgroup {
		display: inline-block;
		line-height: 22px;
		font-size: 10pt;
	}
	.optgroup .button {
		height: 25px;
		padding-top: 0;
		padding-bottom: 0;
	}
	.optgroup button.button {
		padding-left: 12px;
		padding-right: 12px;
	}
	.linklist {
		list-style: none;
		margin: 0.5em 0;
		padding: 0;
	}
	.linklist li {
		padding: 2px 0;
	}
	.sidebar {
		float: left;
		width: 320px;
	}
	.bar-wrapper {
		max-width: 1100px;
		margin: 0 auto;
	}
	.bar-wrapper.has-sidebar {
		max-width: 1430px;
	}
	.mainbar {
		margin: 0;
		padding-right: 1px;
	}
	.mainbar.has-sidebar {
		margin-left: 330px;
	}
	@media (min-width: 1511px) {
		.sidebar {
			width: 400px;
		}
		.bar-wrapper.has-sidebar {
			max-width: 1510px;
		}
		.mainbar.has-sidebar {
			margin-left: 410px;
		}
	}
	.section.first-section {
		margin-top: 9px;
	}
	.blocklink small {
		white-space: normal;
	}
	.button {
		vertical-align: middle;
	}
	.replay-controls {
		padding-top: 10px;
	}
	.replay-controls h1 {
		font-size: 16pt;
		font-weight: normal;
		color: #CCC;
	}
	.pagelink {
		text-align: center;
	}
	.pagelink a {
		width: 150px;
	}
	.textbox, .button {
		font-size: 11pt;
		vertical-align: middle;
	}
	@media (max-width: 450px) {
		.button {
			font-size: 9pt;
		}
	}
</style>

<div>

	<header>
		<div class="nav-wrapper"><ul class="nav">
			<li><a class="button nav-first" href="//pokemonshowdown.com/"><img src="//pokemonshowdown.com/images/pokemonshowdownbeta.png" srcset="//pokemonshowdown.com/images/pokemonshowdownbeta.png 1x, //pokemonshowdown.com/images/pokemonshowdownbeta@2x.png 2x" alt="Pok&eacute;mon Showdown" width="146" height="44" /> Home</a></li>
			<li><a class="button" href="//pokemonshowdown.com/dex/">Pok&eacute;dex</a></li>
			<li><a class="button cur" href="/">Replays</a></li>
			<li><a class="button" href="//pokemonshowdown.com/ladder/">Ladder</a></li>
			<li><a class="button nav-last" href="//pokemonshowdown.com/forums/">Forum</a></li>
			<li><a class="button greenbutton nav-first nav-last" href="//play.pokemonshowdown.com/">Play</a></li>
		</ul></div>
	</header>

	<div class="main" id="main">

		<noscript><section class="section">You need to enable JavaScript to use this page; sorry!</section></noscript>

	</div>

</div>

<script defer nomodule src="//play.pokemonshowdown.com/js/lib/ps-polyfill.js"></script>
<script defer src="//play.pokemonshowdown.com/js/lib/preact.min.js"></script>

<script defer src="//play.pokemonshowdown.com/config/config.js?2bddbc15"></script>
<script defer src="//play.pokemonshowdown.com/js/lib/jquery-1.11.0.min.js"></script>
<script defer src="//play.pokemonshowdown.com/js/lib/html-sanitizer-minified.js"></script>
<script defer src="//play.pokemonshowdown.com/js/battle-sound.js"></script>
<script defer src="//play.pokemonshowdown.com/js/battledata.js?0.7209276989879541"></script>
<script defer src="//play.pokemonshowdown.com/data/pokedex-mini.js?0.6111056340867951"></script>
<script defer src="//play.pokemonshowdown.com/data/pokedex-mini-bw.js?0.3532142036491459"></script>
<script defer src="//play.pokemonshowdown.com/data/graphics.js?0.24223875632456182"></script>
<script defer src="//play.pokemonshowdown.com/data/pokedex.js?0.38839984266356864"></script>
<script defer src="//play.pokemonshowdown.com/data/moves.js?0.21866028504024015"></script>
<script defer src="//play.pokemonshowdown.com/data/abilities.js?0.2005157953846628"></script>
<script defer src="//play.pokemonshowdown.com/data/items.js?0.9894211263848525"></script>
<script defer src="//play.pokemonshowdown.com/data/teambuilder-tables.js?0.6008791140282215"></script>
<script defer src="//play.pokemonshowdown.com/js/battle-tooltips.js?0.7580118955022959"></script>
<script defer src="//play.pokemonshowdown.com/js/battle.js?0.6057722274234274"></script>

<script defer src="js/utils.js?e31f9a17"></script>
<script defer src="js/replays-battle.js?7008c182"></script>

<!-- don't scrape this data! just add .json or .log after the URL!
Full API docs: https://github.com/smogon/pokemon-showdown-client/blob/master/WEB-API.md -->
<script type="text/plain" class="log" id="replaylog-smogtours-gen3ou-796316">
|inactive|Battle timer is ON: inactive players will automatically lose when time's up.
|t:|1728353856
|gametype|singles
|player|p1|corvid_queen|guitarist|
|player|p2|socalson|barry|
|teamsize|p1|6
|teamsize|p2|6
|gen|3
|tier|[Gen 3] OU
|rule|Sleep Clause Mod: Limit one foe put to sleep
|rule|Switch Priority Clause Mod: Faster Pokémon switch first
|rule|Species Clause: Limit one of each Pokémon
|rule|OHKO Clause: OHKO moves are banned
|rule|Evasion Items Clause: Evasion items are banned
|rule|Evasion Moves Clause: Evasion moves are banned
|rule|Endless Battle Clause: Forcing endless battles is banned
|rule|HP Percentage Mod: HP is shown in percentages
|rule|One Boost Passer Clause: Limit one Baton Passer that has a way to boost its stats
|rule|Freeze Clause Mod: Limit one foe frozen
|
|t:|1728353856
|start
|switch|p1a: Salamence|Salamence, M|100/100
|switch|p2a: Lunk|Tyranitar, F|100/100
|-ability|p1a: Salamence|Intimidate|boost
|-unboost|p2a: Lunk|atk|1
|-weather|Sandstorm|[from] ability: Sand Stream|[of] p2a: Lunk
|turn|1
|inactive|corvid_queen has 270 seconds left.
|
|t:|1728353890
|switch|p2a: Castle Wall|Skarmory, M|100/100
|move|p1a: Salamence|Fire Blast|p2a: Castle Wall|[miss]
|-miss|p1a: Salamence|p2a: Castle Wall
|
|-weather|Sandstorm|[upkeep]
|-damage|p1a: Salamence|94/100|[from] Sandstorm
|upkeep
|turn|2
|
|t:|1728353905
|move|p1a: Salamence|Fire Blast|p2a: Castle Wall
|-supereffective|p2a: Castle Wall
|-damage|p2a: Castle Wall|44/100
|move|p2a: Castle Wall|Spikes|p1a: Salamence
|-sidestart|p1: corvid_queen|Spikes
|
|-weather|Sandstorm|[upkeep]
|-damage|p1a: Salamence|88/100|[from] Sandstorm
|-heal|p2a: Castle Wall|50/100|[from] item: Leftovers
|upkeep
|turn|3
|
|t:|1728353914
|move|p2a: Castle Wall|Protect|p2a: Castle Wall
|-singleturn|p2a: Castle Wall|Protect
|move|p1a: Salamence|Fire Blast|p2a: Castle Wall
|-activate|p2a: Castle Wall|Protect
|
|-weather|Sandstorm|[upkeep]
|-damage|p1a: Salamence|82/100|[from] Sandstorm
|-heal|p2a: Castle Wall|56/100|[from] item: Leftovers
|upkeep
|turn|4
|
|t:|1728353942
|switch|p2a: Preg|Snorlax, F|100/100
|move|p1a: Salamence|Brick Break|p2a: Preg
|-supereffective|p2a: Preg
|-damage|p2a: Preg|56/100
|
|-weather|Sandstorm|[upkeep]
|-damage|p1a: Salamence|76/100|[from] Sandstorm
|-damage|p2a: Preg|50/100|[from] Sandstorm
|-heal|p2a: Preg|56/100|[from] item: Leftovers
|upkeep
|turn|5
|inactive|corvid_queen has 270 seconds left.
|
|t:|1728353981
|move|p1a: Salamence|Brick Break|p2a: Preg
|-supereffective|p2a: Preg
|-damage|p2a: Preg|11/100
|move|p2a: Preg|Return|p1a: Salamence
|-damage|p1a: Salamence|21/100
|
|-weather|Sandstorm|[upkeep]
|-damage|p1a: Salamence|15/100|[from] Sandstorm
|-damage|p2a: Preg|5/100|[from] Sandstorm
|-heal|p2a: Preg|11/100|[from] item: Leftovers
|upkeep
|turn|6
|
|t:|1728353993
|move|p1a: Salamence|Brick Break|p2a: Preg
|-supereffective|p2a: Preg
|-damage|p2a: Preg|0 fnt
|faint|p2a: Preg
|
|t:|1728354002
|switch|p2a: Castle Wall|Skarmory, M|56/100
|
|-weather|Sandstorm|[upkeep]
|-damage|p1a: Salamence|9/100|[from] Sandstorm
|-heal|p2a: Castle Wall|62/100|[from] item: Leftovers
|upkeep
|turn|7
|inactive|corvid_queen has 270 seconds left.
|
|t:|1728354009
|switch|p1a: Zapdos|Zapdos|100/100
|move|p2a: Castle Wall|Protect||[still]
|-fail|p2a: Castle Wall
|
|-weather|Sandstorm|[upkeep]
|-damage|p1a: Zapdos|94/100|[from] Sandstorm
|-heal|p1a: Zapdos|100/100|[from] item: Leftovers
|-heal|p2a: Castle Wall|68/100|[from] item: Leftovers
|upkeep
|turn|8
|
|t:|1728354014
|switch|p2a: Egg|Blissey, F|100/100
|move|p1a: Zapdos|Thunderbolt|p2a: Egg
|-damage|p2a: Egg|84/100
|
|-weather|Sandstorm|[upkeep]
|-damage|p1a: Zapdos|94/100|[from] Sandstorm
|-damage|p2a: Egg|78/100|[from] Sandstorm
|-heal|p1a: Zapdos|100/100|[from] item: Leftovers
|-heal|p2a: Egg|84/100|[from] item: Leftovers
|upkeep
|turn|9
|inactive|corvid_queen has 270 seconds left.
|
|t:|1728354036
|switch|p1a: Tyranitar|Tyranitar, M|100/100
|-damage|p1a: Tyranitar|88/100|[from] Spikes
|move|p2a: Egg|Ice Beam|p1a: Tyranitar
|-damage|p1a: Tyranitar|64/100
|
|-weather|Sandstorm|[upkeep]
|-damage|p2a: Egg|78/100|[from] Sandstorm
|-heal|p1a: Tyranitar|70/100|[from] item: Leftovers
|-heal|p2a: Egg|84/100|[from] item: Leftovers
|upkeep
|turn|10
|inactive|corvid_queen has 270 seconds left.
|inactive|socalson has 270 seconds left.
|inactive|socalson has 240 seconds left.
|
|t:|1728354097
|-singleturn|p1a: Tyranitar|move: Focus Punch
|switch|p2a: Dunk|Swampert, M|100/100
|move|p1a: Tyranitar|Focus Punch|p2a: Dunk
|-damage|p2a: Dunk|49/100
|
|-weather|Sandstorm|[upkeep]
|-heal|p1a: Tyranitar|76/100|[from] item: Leftovers
|-heal|p2a: Dunk|55/100|[from] item: Leftovers
|upkeep
|turn|11
|inactive|corvid_queen has 270 seconds left.
|
|t:|1728354131
|switch|p1a: Celebi|Celebi|100/100
|-damage|p1a: Celebi|88/100|[from] Spikes
|move|p2a: Dunk|Hydro Pump|p1a: Celebi
|-resisted|p1a: Celebi
|-damage|p1a: Celebi|65/100
|
|-weather|Sandstorm|[upkeep]
|-damage|p1a: Celebi|59/100|[from] Sandstorm
|-heal|p1a: Celebi|65/100|[from] item: Leftovers
|-heal|p2a: Dunk|61/100|[from] item: Leftovers
|upkeep
|turn|12
|
|t:|1728354142
|switch|p2a: Lunk|Tyranitar, F|100/100
|move|p1a: Celebi|Leech Seed|p2a: Lunk|[miss]
|-miss|p1a: Celebi|p2a: Lunk
|
|-weather|Sandstorm|[upkeep]
|-damage|p1a: Celebi|59/100|[from] Sandstorm
|-heal|p1a: Celebi|65/100|[from] item: Leftovers
|upkeep
|turn|13
|inactive|corvid_queen has 240 seconds left.
|
|t:|1728354171
|switch|p1a: Metagross|Metagross|100/100
|-damage|p1a: Metagross|88/100|[from] Spikes
|move|p2a: Lunk|Rock Slide|p1a: Metagross
|-resisted|p1a: Metagross
|-damage|p1a: Metagross|72/100
|
|-weather|Sandstorm|[upkeep]
|-heal|p1a: Metagross|78/100|[from] item: Leftovers
|upkeep
|turn|14
|inactive|corvid_queen has 240 seconds left.
|
|t:|1728354183
|switch|p2a: Castle Wall|Skarmory, M|68/100
|move|p1a: Metagross|Agility|p1a: Metagross
|-boost|p1a: Metagross|spe|2
|
|-weather|Sandstorm|[upkeep]
|-heal|p1a: Metagross|84/100|[from] item: Leftovers
|-heal|p2a: Castle Wall|74/100|[from] item: Leftovers
|upkeep
|turn|15
|inactive|corvid_queen has 240 seconds left.
|inactive|corvid_queen has 210 seconds left.
|
|t:|1728354225
|switch|p1a: Zapdos|Zapdos|100/100
|move|p2a: Castle Wall|Roar|p1a: Zapdos
|drag|p1a: Salamence|Salamence, M|9/100
|-ability|p1a: Salamence|Intimidate|boost
|-unboost|p2a: Castle Wall|atk|1
|
|-weather|Sandstorm|[upkeep]
|-damage|p1a: Salamence|3/100|[from] Sandstorm
|-heal|p2a: Castle Wall|80/100|[from] item: Leftovers
|upkeep
|turn|16
|inactive|corvid_queen has 210 seconds left.
|
|t:|1728354237
|switch|p1a: Zapdos|Zapdos|100/100
|move|p2a: Castle Wall|Protect||[still]
|-fail|p2a: Castle Wall
|
|-weather|Sandstorm|[upkeep]
|-damage|p1a: Zapdos|94/100|[from] Sandstorm
|-heal|p1a: Zapdos|100/100|[from] item: Leftovers
|-heal|p2a: Castle Wall|86/100|[from] item: Leftovers
|upkeep
|turn|17
|inactive|corvid_queen has 210 seconds left.
|
|t:|1728354247
|switch|p2a: Egg|Blissey, F|84/100
|move|p1a: Zapdos|Thunderbolt|p2a: Egg
|-damage|p2a: Egg|65/100
|
|-weather|Sandstorm|[upkeep]
|-damage|p1a: Zapdos|94/100|[from] Sandstorm
|-damage|p2a: Egg|59/100|[from] Sandstorm
|-heal|p1a: Zapdos|100/100|[from] item: Leftovers
|-heal|p2a: Egg|65/100|[from] item: Leftovers
|upkeep
|turn|18
|inactive|corvid_queen has 210 seconds left.
|inactive|socalson has 270 seconds left.
|
|t:|1728354259
|switch|p2a: Dunk|Swampert, M|61/100
|move|p1a: Zapdos|Baton Pass|p1a: Zapdos
|inactive|corvid_queen has 210 seconds left.
|
|t:|1728354276
|switch|p1a: Celebi|Celebi|65/100|[from] Baton Pass
|-damage|p1a: Celebi|53/100|[from] Spikes
|
|-weather|Sandstorm|[upkeep]
|-damage|p1a: Celebi|47/100|[from] Sandstorm
|-heal|p1a: Celebi|53/100|[from] item: Leftovers
|-heal|p2a: Dunk|67/100|[from] item: Leftovers
|upkeep
|turn|19
|inactive|socalson has 270 seconds left.
|
|t:|1728354289
|switch|p2a: Castle Wall|Skarmory, M|86/100
|move|p1a: Celebi|Giga Drain|p2a: Castle Wall
|-resisted|p2a: Castle Wall
|-damage|p2a: Castle Wall|80/100
|-heal|p1a: Celebi|55/100|[from] drain|[of] p2a: Castle Wall
|
|-weather|Sandstorm|[upkeep]
|-damage|p1a: Celebi|49/100|[from] Sandstorm
|-heal|p1a: Celebi|55/100|[from] item: Leftovers
|-heal|p2a: Castle Wall|86/100|[from] item: Leftovers
|upkeep
|turn|20
|inactive|corvid_queen has 180 seconds left.
|inactive|socalson has 270 seconds left.
|inactive|socalson has 240 seconds left.
|
|t:|1728354362
|switch|p1a: Salamence|Salamence, M|3/100
|-ability|p1a: Salamence|Intimidate|boost
|-unboost|p2a: Castle Wall|atk|1
|move|p2a: Castle Wall|Spikes|p1a: Salamence
|-sidestart|p1: corvid_queen|Spikes
|
|-weather|Sandstorm|[upkeep]
|-damage|p1a: Salamence|0 fnt|[from] Sandstorm
|faint|p1a: Salamence
|-heal|p2a: Castle Wall|92/100|[from] item: Leftovers
|upkeep
|
|t:|1728354376
|switch|p1a: Tyranitar|Tyranitar, M|76/100
|-damage|p1a: Tyranitar|60/100|[from] Spikes
|turn|21
|
|t:|1728354384
|-singleturn|p1a: Tyranitar|move: Focus Punch
|move|p2a: Castle Wall|Protect|p2a: Castle Wall
|-singleturn|p2a: Castle Wall|Protect
|move|p1a: Tyranitar|Focus Punch|p2a: Castle Wall
|-activate|p2a: Castle Wall|Protect
|
|-weather|Sandstorm|[upkeep]
|-heal|p1a: Tyranitar|66/100|[from] item: Leftovers
|-heal|p2a: Castle Wall|98/100|[from] item: Leftovers
|upkeep
|turn|22
|
|t:|1728354394
|-singleturn|p1a: Tyranitar|move: Focus Punch
|move|p2a: Castle Wall|Drill Peck|p1a: Tyranitar
|-resisted|p1a: Tyranitar
|-damage|p1a: Tyranitar|60/100
|move|p1a: Tyranitar|Focus Punch||[still]
|cant|p1a: Tyranitar|Focus Punch|Focus Punch
|
|-weather|Sandstorm|[upkeep]
|-heal|p1a: Tyranitar|66/100|[from] item: Leftovers
|-heal|p2a: Castle Wall|100/100|[from] item: Leftovers
|upkeep
|turn|23
|
|t:|1728354411
|move|p1a: Tyranitar|Dragon Dance|p1a: Tyranitar
|-boost|p1a: Tyranitar|atk|1
|-boost|p1a: Tyranitar|spe|1
|move|p2a: Castle Wall|Roar|p1a: Tyranitar
|drag|p1a: Celebi|Celebi|55/100
|-damage|p1a: Celebi|39/100|[from] Spikes
|
|-weather|Sandstorm|[upkeep]
|-damage|p1a: Celebi|33/100|[from] Sandstorm
|-heal|p1a: Celebi|39/100|[from] item: Leftovers
|upkeep
|turn|24
|
|t:|1728354426
|move|p1a: Celebi|Leech Seed|p2a: Castle Wall
|-start|p2a: Castle Wall|move: Leech Seed
|move|p2a: Castle Wall|Drill Peck|p1a: Celebi
|-supereffective|p1a: Celebi
|-damage|p1a: Celebi|13/100
|
|-weather|Sandstorm|[upkeep]
|-damage|p1a: Celebi|7/100|[from] Sandstorm
|-heal|p1a: Celebi|13/100|[from] item: Leftovers
|-damage|p2a: Castle Wall|88/100|[from] Leech Seed|[of] p1a: Celebi
|-heal|p1a: Celebi|23/100|[silent]
|upkeep
|turn|25
|
|t:|1728354441
|switch|p1a: Metagross|Metagross|84/100
|-damage|p1a: Metagross|68/100|[from] Spikes
|switch|p2a: Lunk|Tyranitar, F|100/100
|
|-weather|Sandstorm|[upkeep]
|-heal|p1a: Metagross|74/100|[from] item: Leftovers
|upkeep
|turn|26
|
|t:|1728354451
|switch|p2a: Castle Wall|Skarmory, M|88/100
|move|p1a: Metagross|Meteor Mash|p2a: Castle Wall
|-resisted|p2a: Castle Wall
|-damage|p2a: Castle Wall|65/100
|
|-weather|Sandstorm|[upkeep]
|-heal|p1a: Metagross|80/100|[from] item: Leftovers
|-heal|p2a: Castle Wall|71/100|[from] item: Leftovers
|upkeep
|turn|27
|inactive|socalson has 270 seconds left.
|
|t:|1728354466
|move|p1a: Metagross|Meteor Mash|p2a: Castle Wall
|-resisted|p2a: Castle Wall
|-damage|p2a: Castle Wall|48/100
|-boost|p1a: Metagross|atk|1
|move|p2a: Castle Wall|Roar|p1a: Metagross
|drag|p1a: Celebi|Celebi|23/100
|-damage|p1a: Celebi|7/100|[from] Spikes
|
|-weather|Sandstorm|[upkeep]
|-damage|p1a: Celebi|1/100|[from] Sandstorm
|-heal|p1a: Celebi|7/100|[from] item: Leftovers
|-heal|p2a: Castle Wall|54/100|[from] item: Leftovers
|upkeep
|turn|28
|inactive|socalson has 270 seconds left.
|
|t:|1728354478
|move|p1a: Celebi|Leech Seed|p2a: Castle Wall
|-start|p2a: Castle Wall|move: Leech Seed
|move|p2a: Castle Wall|Spikes|p1a: Celebi
|-sidestart|p1: corvid_queen|Spikes
|
|-weather|Sandstorm|[upkeep]
|-damage|p1a: Celebi|1/100|[from] Sandstorm
|-heal|p1a: Celebi|7/100|[from] item: Leftovers
|-heal|p2a: Castle Wall|60/100|[from] item: Leftovers
|-damage|p2a: Castle Wall|48/100|[from] Leech Seed|[of] p1a: Celebi
|-heal|p1a: Celebi|17/100|[silent]
|upkeep
|turn|29
|inactive|socalson has 270 seconds left.
|
|t:|1728354490
|switch|p2a: Dunk|Swampert, M|67/100
|move|p1a: Celebi|Psychic|p2a: Dunk
|-damage|p2a: Dunk|22/100
|
|-weather|Sandstorm|[upkeep]
|-damage|p1a: Celebi|11/100|[from] Sandstorm
|-heal|p1a: Celebi|17/100|[from] item: Leftovers
|-heal|p2a: Dunk|28/100|[from] item: Leftovers
|upkeep
|turn|30
|inactive|socalson has 270 seconds left.
|
|t:|1728354511
|switch|p2a: Castle Wall|Skarmory, M|48/100
|move|p1a: Celebi|Giga Drain|p2a: Castle Wall
|-resisted|p2a: Castle Wall
|-damage|p2a: Castle Wall|42/100
|-heal|p1a: Celebi|20/100|[from] drain|[of] p2a: Castle Wall
|
|-weather|Sandstorm|[upkeep]
|-damage|p1a: Celebi|13/100|[from] Sandstorm
|-heal|p1a: Celebi|20/100|[from] item: Leftovers
|-heal|p2a: Castle Wall|48/100|[from] item: Leftovers
|upkeep
|turn|31
|
|t:|1728354529
|move|p1a: Celebi|Leech Seed|p2a: Castle Wall
|-start|p2a: Castle Wall|move: Leech Seed
|move|p2a: Castle Wall|Roar|p1a: Celebi
|drag|p1a: Metagross|Metagross|80/100
|-damage|p1a: Metagross|55/100|[from] Spikes
|
|-weather|Sandstorm|[upkeep]
|-heal|p1a: Metagross|61/100|[from] item: Leftovers
|-heal|p2a: Castle Wall|54/100|[from] item: Leftovers
|-damage|p2a: Castle Wall|42/100|[from] Leech Seed|[of] p1a: Metagross
|-heal|p1a: Metagross|73/100|[silent]
|upkeep
|turn|32
|inactive|socalson has 270 seconds left.
|
|t:|1728354541
|switch|p2a: Dunk|Swampert, M|28/100
|move|p1a: Metagross|Meteor Mash|p2a: Dunk
|-resisted|p2a: Dunk
|-damage|p2a: Dunk|1/100
|
|-weather|Sandstorm|[upkeep]
|-heal|p1a: Metagross|79/100|[from] item: Leftovers
|-heal|p2a: Dunk|7/100|[from] item: Leftovers
|upkeep
|turn|33
|inactive|socalson has 270 seconds left.
|
|t:|1728354567
|move|p1a: Metagross|Meteor Mash|p2a: Dunk
|-resisted|p2a: Dunk
|-damage|p2a: Dunk|0 fnt
|faint|p2a: Dunk
|
|t:|1728354573
|switch|p2a: Leg|Metagross, shiny|100/100
|
|-weather|Sandstorm|[upkeep]
|-heal|p1a: Metagross|85/100|[from] item: Leftovers
|upkeep
|turn|34
|
|t:|1728354595
|switch|p1a: Celebi|Celebi|20/100
|-damage|p1a: Celebi|0 fnt|[from] Spikes
|faint|p1a: Celebi
|
|t:|1728354601
|switch|p1a: Swampert|Swampert, M|100/100
|-damage|p1a: Swampert|76/100|[from] Spikes
|
|-weather|Sandstorm|[upkeep]
|-heal|p1a: Swampert|82/100|[from] item: Leftovers
|upkeep
|turn|35
|
|t:|1728354611
|move|p2a: Leg|Psychic|p1a: Swampert
|-crit|p1a: Swampert
|-damage|p1a: Swampert|6/100
|move|p1a: Swampert|Earthquake|p2a: Leg
|-supereffective|p2a: Leg
|-crit|p2a: Leg
|-damage|p2a: Leg|0 fnt
|faint|p2a: Leg
|
|t:|1728354619
|switch|p2a: Castle Wall|Skarmory, M|42/100
|
|-weather|Sandstorm|[upkeep]
|-heal|p2a: Castle Wall|48/100|[from] item: Leftovers
|-heal|p1a: Swampert|12/100|[from] item: Leftovers
|upkeep
|turn|36
|inactive|socalson has 270 seconds left.
|
|t:|1728354636
|move|p2a: Castle Wall|Protect|p2a: Castle Wall
|-singleturn|p2a: Castle Wall|Protect
|move|p1a: Swampert|Hydro Pump|p2a: Castle Wall
|-activate|p2a: Castle Wall|Protect
|
|-weather|Sandstorm|[upkeep]
|-heal|p2a: Castle Wall|54/100|[from] item: Leftovers
|-heal|p1a: Swampert|18/100|[from] item: Leftovers
|upkeep
|turn|37
|
|t:|1728354642
|switch|p2a: Egg|Blissey, F|65/100
|move|p1a: Swampert|Hydro Pump|p2a: Egg
|-damage|p2a: Egg|36/100
|
|-weather|Sandstorm|[upkeep]
|-damage|p2a: Egg|30/100|[from] Sandstorm
|-heal|p1a: Swampert|24/100|[from] item: Leftovers
|-heal|p2a: Egg|36/100|[from] item: Leftovers
|upkeep
|turn|38
|
|t:|1728354650
|-singleturn|p1a: Swampert|move: Focus Punch
|move|p2a: Egg|Soft-Boiled|p2a: Egg
|-heal|p2a: Egg|86/100
|move|p1a: Swampert|Focus Punch|p2a: Egg
|-supereffective|p2a: Egg
|-damage|p2a: Egg|8/100
|
|-weather|Sandstorm|[upkeep]
|-damage|p2a: Egg|2/100|[from] Sandstorm
|-heal|p1a: Swampert|31/100|[from] item: Leftovers
|-heal|p2a: Egg|8/100|[from] item: Leftovers
|upkeep
|turn|39
|
|t:|1728354660
|-singleturn|p1a: Swampert|move: Focus Punch
|move|p2a: Egg|Ice Beam|p1a: Swampert
|-damage|p1a: Swampert|6/100
|move|p1a: Swampert|Focus Punch||[still]
|cant|p1a: Swampert|Focus Punch|Focus Punch
|
|-weather|Sandstorm|[upkeep]
|-damage|p2a: Egg|2/100|[from] Sandstorm
|-heal|p1a: Swampert|12/100|[from] item: Leftovers
|-heal|p2a: Egg|8/100|[from] item: Leftovers
|upkeep
|turn|40
|
|t:|1728354670
|move|p1a: Swampert|Earthquake|p2a: Egg
|-damage|p2a: Egg|0 fnt
|faint|p2a: Egg
|
|t:|1728354681
|switch|p2a: Lunk|Tyranitar, F|100/100
|
|-weather|Sandstorm|[upkeep]
|-heal|p1a: Swampert|19/100|[from] item: Leftovers
|upkeep
|turn|41
|
|t:|1728354686
|switch|p2a: Castle Wall|Skarmory, M|54/100
|move|p1a: Swampert|Hydro Pump|p2a: Castle Wall
|-damage|p2a: Castle Wall|0 fnt
|faint|p2a: Castle Wall
|
|t:|1728354688
|switch|p2a: Lunk|Tyranitar, F|100/100
|
|-weather|Sandstorm|[upkeep]
|-heal|p1a: Swampert|25/100|[from] item: Leftovers
|upkeep
|turn|42
|c|☆socalson|gg
|
|t:|1728354694
|move|p2a: Lunk|Earthquake|p1a: Swampert
|-damage|p1a: Swampert|0 fnt
|faint|p1a: Swampert
|c|☆corvid_queen|gg
|
|t:|1728354699
|switch|p1a: Metagross|Metagross|85/100
|-damage|p1a: Metagross|61/100|[from] Spikes
|
|-weather|Sandstorm|[upkeep]
|-heal|p1a: Metagross|67/100|[from] item: Leftovers
|upkeep
|turn|43
|
|t:|1728354703
|move|p1a: Metagross|Meteor Mash|p2a: Lunk|[miss]
|-miss|p1a: Metagross|p2a: Lunk
|move|p2a: Lunk|Earthquake|p1a: Metagross
|-supereffective|p1a: Metagross
|-damage|p1a: Metagross|6/100
|
|-weather|Sandstorm|[upkeep]
|-heal|p1a: Metagross|12/100|[from] item: Leftovers
|upkeep
|turn|44
|
|t:|1728354709
|move|p1a: Metagross|Meteor Mash|p2a: Lunk
|-supereffective|p2a: Lunk
|-damage|p2a: Lunk|7/100
|move|p2a: Lunk|Earthquake|p1a: Metagross
|-supereffective|p1a: Metagross
|-damage|p1a: Metagross|0 fnt
|faint|p1a: Metagross
|
|t:|1728354715
|switch|p1a: Tyranitar|Tyranitar, M|66/100
|-damage|p1a: Tyranitar|42/100|[from] Spikes
|
|-weather|Sandstorm|[upkeep]
|-heal|p1a: Tyranitar|48/100|[from] item: Leftovers
|-heal|p2a: Lunk|13/100|[from] item: Leftovers
|upkeep
|turn|45
|
|t:|1728354718
|move|p1a: Tyranitar|Earthquake|p2a: Lunk
|-supereffective|p2a: Lunk
|-damage|p2a: Lunk|0 fnt
|faint|p2a: Lunk
|
|win|corvid_queen

</script>
<script type="application/json" class="data" id="replaydata-smogtours-gen3ou-796316">
{"id":"smogtours-gen3ou-796316","format":"[Gen 3] OU","players":["corvid_queen","socalson"],"uploadtime":1728354718,"views":96,"formatid":"gen3ou","rating":null,"private":0,"password":null}
</script>

<script defer src="js/replays.js?9d40a366"></script>
