<!DOCTYPE html>
<meta charset="utf-8" />
<meta name="viewport" content="width=device-width" />

<title>[Gen 3] OU: ALlCE vs. xXEricXx - Replays - Pok&eacute;mon Showdown!</title>

<meta name="description" content="Watch a replay of a Pok&eacute;mon battle between ALlCE and xXEricXx! Format: [Gen 3] OU; Date: Oct 23, 2024" />
<!--

Hey, you! Looking in the source for the replay log?

You can find them in JSON format, just add `.json` at the end of a replay URL.

https://replay.pokemonshowdown.com/gen7randomdoublesbattle-865046831.json

Or, if you only need the log itself, add `.log` instead:

https://replay.pokemonshowdown.com/gen7randomdoublesbattle-865046831.log

-->

<link rel="stylesheet" href="//pokemonshowdown.com/style/global.css?0.767286132409787" />
<link rel="stylesheet" href="//play.pokemonshowdown.com/style/font-awesome.css?0.9266228007934947" />
<link rel="stylesheet" href="//play.pokemonshowdown.com/style/battle.css?0.7924700842790926" />
<link rel="stylesheet" href="//play.pokemonshowdown.com/style/utilichart.css?0.8777417872839479" />

<!-- Global site tag (gtag.js) - Google Analytics -->
<script async src="https://www.googletagmanager.com/gtag/js?id=UA-26211653-1"></script>
<script>
  window.dataLayer = window.dataLayer || [];
  function gtag(){dataLayer.push(arguments);}
  gtag('js', new Date());

  gtag('config', 'UA-26211653-1');
</script>
<!-- End Google Analytics -->
<!-- Venatus Ad Manager - Install in <HEAD> of page -->
	<script src="https://hb.vntsm.com/v3/live/ad-manager.min.js" type="text/javascript" data-site-id="642aba63ec9a7b11c3c9c1be" data-mode="scan" async></script>
<!-- / Venatus Ad Manager -->

<style>
	@media (max-width:820px) {
		.battle {
			margin: 0 auto;
		}
		.battle-log {
			margin: 7px auto 0;
			max-width: 640px;
			height: 300px;
			position: static;
		}
	}
	.optgroup {
		display: inline-block;
		line-height: 22px;
		font-size: 10pt;
	}
	.optgroup .button {
		height: 25px;
		padding-top: 0;
		padding-bottom: 0;
	}
	.optgroup button.button {
		padding-left: 12px;
		padding-right: 12px;
	}
	.linklist {
		list-style: none;
		margin: 0.5em 0;
		padding: 0;
	}
	.linklist li {
		padding: 2px 0;
	}
	.sidebar {
		float: left;
		width: 320px;
	}
	.bar-wrapper {
		max-width: 1100px;
		margin: 0 auto;
	}
	.bar-wrapper.has-sidebar {
		max-width: 1430px;
	}
	.mainbar {
		margin: 0;
		padding-right: 1px;
	}
	.mainbar.has-sidebar {
		margin-left: 330px;
	}
	@media (min-width: 1511px) {
		.sidebar {
			width: 400px;
		}
		.bar-wrapper.has-sidebar {
			max-width: 1510px;
		}
		.mainbar.has-sidebar {
			margin-left: 410px;
		}
	}
	.section.first-section {
		margin-top: 9px;
	}
	.blocklink small {
		white-space: normal;
	}
	.button {
		vertical-align: middle;
	}
	.replay-controls {
		padding-top: 10px;
	}
	.replay-controls h1 {
		font-size: 16pt;
		font-weight: normal;
		color: #CCC;
	}
	.pagelink {
		text-align: center;
	}
	.pagelink a {
		width: 150px;
	}
	.textbox, .button {
		font-size: 11pt;
		vertical-align: middle;
	}
	@media (max-width: 450px) {
		.button {
			font-size: 9pt;
		}
	}
</style>

<div>

	<header>
		<div class="nav-wrapper"><ul class="nav">
			<li><a class="button nav-first" href="//pokemonshowdown.com/"><img src="//pokemonshowdown.com/images/pokemonshowdownbeta.png" srcset="//pokemonshowdown.com/images/pokemonshowdownbeta.png 1x, //pokemonshowdown.com/images/pokemonshowdownbeta@2x.png 2x" alt="Pok&eacute;mon Showdown" width="146" height="44" /> Home</a></li>
			<li><a class="button" href="//pokemonshowdown.com/dex/">Pok&eacute;dex</a></li>
			<li><a class="button cur" href="/">Replays</a></li>
			<li><a class="button" href="//pokemonshowdown.com/ladder/">Ladder</a></li>
			<li><a class="button nav-last" href="//pokemonshowdown.com/forums/">Forum</a></li>
			<li><a class="button greenbutton nav-first nav-last" href="//play.pokemonshowdown.com/">Play</a></li>
		</ul></div>
	</header>

	<div class="main" id="main">

		<noscript><section class="section">You need to enable JavaScript to use this page; sorry!</section></noscript>

	</div>

</div>

<script defer nomodule src="//play.pokemonshowdown.com/js/lib/ps-polyfill.js"></script>
<script defer src="//play.pokemonshowdown.com/js/lib/preact.min.js"></script>

<script defer src="//play.pokemonshowdown.com/config/config.js?6dec07f6"></script>
<script defer src="//play.pokemonshowdown.com/js/lib/jquery-1.11.0.min.js"></script>
<script defer src="//play.pokemonshowdown.com/js/lib/html-sanitizer-minified.js"></script>
<script defer src="//play.pokemonshowdown.com/js/battle-sound.js"></script>
<script defer src="//play.pokemonshowdown.com/js/battledata.js?0.6315294753075389"></script>
<script defer src="//play.pokemonshowdown.com/data/pokedex-mini.js?0.7603743185311358"></script>
<script defer src="//play.pokemonshowdown.com/data/pokedex-mini-bw.js?0.030888842834281283"></script>
<script defer src="//play.pokemonshowdown.com/data/graphics.js?0.05593094747507488"></script>
<script defer src="//play.pokemonshowdown.com/data/pokedex.js?0.47064822249611904"></script>
<script defer src="//play.pokemonshowdown.com/data/moves.js?0.8583693120512459"></script>
<script defer src="//play.pokemonshowdown.com/data/abilities.js?0.16017181182386842"></script>
<script defer src="//play.pokemonshowdown.com/data/items.js?0.4163379185673943"></script>
<script defer src="//play.pokemonshowdown.com/data/teambuilder-tables.js?0.31075597372830477"></script>
<script defer src="//play.pokemonshowdown.com/js/battle-tooltips.js?0.6536193500708172"></script>
<script defer src="//play.pokemonshowdown.com/js/battle.js?0.1916591943277901"></script>

<script defer src="js/utils.js?e31f9a17"></script>
<script defer src="js/replays-battle.js?7008c182"></script>

<!-- don't scrape this data! just add .json or .log after the URL!
Full API docs: https://github.com/smogon/pokemon-showdown-client/blob/master/WEB-API.md -->
<script type="text/plain" class="log" id="replaylog-smogtours-gen3ou-801478">
|inactive|Battle timer is ON: inactive players will automatically lose when time's up.
|t:|1729726514
|gametype|singles
|player|p1|ALlCE|#splxvsharks|
|player|p2|xXEricXx|red|
|teamsize|p1|6
|teamsize|p2|6
|gen|3
|tier|[Gen 3] OU
|rule|Sleep Clause Mod: Limit one foe put to sleep
|rule|Switch Priority Clause Mod: Faster Pokémon switch first
|rule|Species Clause: Limit one of each Pokémon
|rule|OHKO Clause: OHKO moves are banned
|rule|Evasion Items Clause: Evasion items are banned
|rule|Evasion Moves Clause: Evasion moves are banned
|rule|Endless Battle Clause: Forcing endless battles is banned
|rule|HP Percentage Mod: HP is shown in percentages
|rule|One Boost Passer Clause: Limit one Baton Passer that has a way to boost its stats
|rule|Freeze Clause Mod: Limit one foe frozen
|
|t:|1729726514
|start
|switch|p1a: Metagross|Metagross|100/100
|switch|p2a: Tyranitar|Tyranitar, M|100/100
|-weather|Sandstorm|[from] ability: Sand Stream|[of] p2a: Tyranitar
|turn|1
|c|☆xXEricXx|hf
|c|☆ALlCE|hf!
|c|☆ALlCE|/log ALlCE made the replay of this battle unlisted.
|
|t:|1729726531
|switch|p2a: Skarmory|Skarmory, M|100/100
|move|p1a: Metagross|Meteor Mash|p2a: Skarmory|[miss]
|-miss|p1a: Metagross|p2a: Skarmory
|
|-weather|Sandstorm|[upkeep]
|upkeep
|turn|2
|
|t:|1729726543
|switch|p2a: Celebi|Celebi|100/100
|move|p1a: Metagross|Meteor Mash|p2a: Celebi
|-damage|p2a: Celebi|45/100
|
|-weather|Sandstorm|[upkeep]
|-damage|p2a: Celebi|39/100|[from] Sandstorm
|-heal|p2a: Celebi|45/100|[from] item: Leftovers
|upkeep
|turn|3
|inactive|xXEricXx has 270 seconds left.
|
|t:|1729726584
|switch|p2a: Swampert|Swampert, F, shiny|100/100
|move|p1a: Metagross|Meteor Mash|p2a: Swampert
|-resisted|p2a: Swampert
|-damage|p2a: Swampert|74/100
|
|-weather|Sandstorm|[upkeep]
|-heal|p2a: Swampert|80/100|[from] item: Leftovers
|upkeep
|turn|4
|
|t:|1729726590
|switch|p1a: Celebi|Celebi|100/100
|move|p2a: Swampert|Earthquake|p1a: Celebi
|-resisted|p1a: Celebi
|-damage|p1a: Celebi|85/100
|
|-weather|Sandstorm|[upkeep]
|-damage|p1a: Celebi|78/100|[from] Sandstorm
|-heal|p1a: Celebi|85/100|[from] item: Leftovers
|-heal|p2a: Swampert|86/100|[from] item: Leftovers
|upkeep
|turn|5
|inactive|xXEricXx has 270 seconds left.
|
|t:|1729726615
|switch|p1a: Snorlax|Snorlax, F|100/100
|switch|p2a: Skarmory|Skarmory, M|100/100
|
|-weather|Sandstorm|[upkeep]
|-damage|p1a: Snorlax|94/100|[from] Sandstorm
|-heal|p1a: Snorlax|100/100|[from] item: Leftovers
|upkeep
|turn|6
|
|t:|1729726628
|move|p2a: Skarmory|Spikes|p1a: Snorlax
|-sidestart|p1: ALlCE|Spikes
|move|p1a: Snorlax|Curse|p1a: Snorlax
|-unboost|p1a: Snorlax|spe|1
|-boost|p1a: Snorlax|atk|1
|-boost|p1a: Snorlax|def|1
|
|-weather|Sandstorm|[upkeep]
|-damage|p1a: Snorlax|94/100|[from] Sandstorm
|-heal|p1a: Snorlax|100/100|[from] item: Leftovers
|upkeep
|turn|7
|
|t:|1729726634
|move|p2a: Skarmory|Protect|p2a: Skarmory
|-singleturn|p2a: Skarmory|Protect
|move|p1a: Snorlax|Double-Edge|p2a: Skarmory
|-activate|p2a: Skarmory|Protect
|
|-weather|Sandstorm|[upkeep]
|-damage|p1a: Snorlax|94/100|[from] Sandstorm
|-heal|p1a: Snorlax|100/100|[from] item: Leftovers
|upkeep
|turn|8
|
|t:|1729726642
|move|p1a: Snorlax|Double-Edge|p2a: Skarmory
|-resisted|p2a: Skarmory
|-damage|p2a: Skarmory|70/100
|-damage|p1a: Snorlax|93/100|[from] Recoil|[of] p2a: Skarmory
|move|p2a: Skarmory|Roar|p1a: Snorlax
|drag|p1a: Celebi|Celebi|85/100
|-damage|p1a: Celebi|72/100|[from] Spikes
|
|-weather|Sandstorm|[upkeep]
|-damage|p1a: Celebi|66/100|[from] Sandstorm
|-heal|p1a: Celebi|72/100|[from] item: Leftovers
|-heal|p2a: Skarmory|76/100|[from] item: Leftovers
|upkeep
|turn|9
|
|t:|1729726651
|move|p1a: Celebi|Leech Seed|p2a: Skarmory|[miss]
|-miss|p1a: Celebi|p2a: Skarmory
|move|p2a: Skarmory|Drill Peck|p1a: Celebi
|-supereffective|p1a: Celebi
|-damage|p1a: Celebi|29/100
|
|-weather|Sandstorm|[upkeep]
|-damage|p1a: Celebi|23/100|[from] Sandstorm
|-heal|p1a: Celebi|29/100|[from] item: Leftovers
|-heal|p2a: Skarmory|82/100|[from] item: Leftovers
|upkeep
|turn|10
|
|t:|1729726656
|switch|p1a: Salamence|Salamence, M|100/100
|-ability|p1a: Salamence|Intimidate|boost
|-unboost|p2a: Skarmory|atk|1
|move|p2a: Skarmory|Spikes|p1a: Salamence
|-sidestart|p1: ALlCE|Spikes
|
|-weather|Sandstorm|[upkeep]
|-damage|p1a: Salamence|94/100|[from] Sandstorm
|-heal|p1a: Salamence|100/100|[from] item: Leftovers
|-heal|p2a: Skarmory|88/100|[from] item: Leftovers
|upkeep
|turn|11
|
|t:|1729726662
|switch|p2a: Starmie|Starmie, shiny|100/100
|move|p1a: Salamence|Wish|p1a: Salamence
|
|-weather|Sandstorm|[upkeep]
|-damage|p2a: Starmie|94/100|[from] Sandstorm
|-damage|p1a: Salamence|94/100|[from] Sandstorm
|-heal|p2a: Starmie|100/100|[from] item: Leftovers
|-heal|p1a: Salamence|100/100|[from] item: Leftovers
|upkeep
|turn|12
|
|t:|1729726672
|switch|p1a: Metagross|Metagross|100/100
|-damage|p1a: Metagross|84/100|[from] Spikes
|move|p2a: Starmie|Surf|p1a: Metagross
|-damage|p1a: Metagross|48/100
|
|-heal|p1a: Metagross|98/100|[from] move: Wish|[wisher] Salamence
|-weather|Sandstorm|[upkeep]
|-damage|p2a: Starmie|94/100|[from] Sandstorm
|-heal|p2a: Starmie|100/100|[from] item: Leftovers
|upkeep
|turn|13
|
|t:|1729726682
|move|p2a: Starmie|Thunder Wave|p1a: Metagross
|-status|p1a: Metagross|par
|move|p1a: Metagross|Explosion|p2a: Starmie
|-damage|p2a: Starmie|0 fnt
|faint|p1a: Metagross
|faint|p2a: Starmie
|
|t:|1729726704
|switch|p2a: Aerodactyl|Aerodactyl, M|100/100
|switch|p1a: Salamence|Salamence, M|100/100
|-ability|p1a: Salamence|Intimidate|boost
|-unboost|p2a: Aerodactyl|atk|1
|
|-weather|Sandstorm|[upkeep]
|-damage|p1a: Salamence|94/100|[from] Sandstorm
|-heal|p1a: Salamence|100/100|[from] item: Leftovers
|upkeep
|turn|14
|
|t:|1729726714
|switch|p1a: Claydol|Claydol|100/100
|move|p2a: Aerodactyl|Rock Slide|p1a: Claydol
|-resisted|p1a: Claydol
|-damage|p1a: Claydol|79/100
|
|-weather|Sandstorm|[upkeep]
|-heal|p1a: Claydol|85/100|[from] item: Leftovers
|upkeep
|turn|15
|
|t:|1729726721
|switch|p2a: Celebi|Celebi|45/100
|move|p1a: Claydol|Rapid Spin|p2a: Celebi
|-damage|p2a: Celebi|42/100
|-sideend|p1: ALlCE|Spikes|[from] move: Rapid Spin|[of] p1a: Claydol
|
|-weather|Sandstorm|[upkeep]
|-damage|p2a: Celebi|35/100|[from] Sandstorm
|-heal|p1a: Claydol|91/100|[from] item: Leftovers
|-heal|p2a: Celebi|42/100|[from] item: Leftovers
|upkeep
|turn|16
|
|t:|1729726726
|move|p1a: Claydol|Shadow Ball|p2a: Celebi
|-supereffective|p2a: Celebi
|-damage|p2a: Celebi|17/100
|move|p2a: Celebi|Recover|p2a: Celebi
|-heal|p2a: Celebi|67/100
|
|-weather|Sandstorm|[upkeep]
|-damage|p2a: Celebi|61/100|[from] Sandstorm
|-heal|p1a: Claydol|97/100|[from] item: Leftovers
|-heal|p2a: Celebi|67/100|[from] item: Leftovers
|upkeep
|turn|17
|c|☆ALlCE|worst pokemon of all time?
|
|t:|1729726745
|move|p1a: Claydol|Explosion|p2a: Celebi
|-damage|p2a: Celebi|0 fnt
|faint|p1a: Claydol
|faint|p2a: Celebi
|
|t:|1729726754
|switch|p1a: Salamence|Salamence, M|100/100
|switch|p2a: Aerodactyl|Aerodactyl, M|100/100
|-ability|p1a: Salamence|Intimidate|boost
|-unboost|p2a: Aerodactyl|atk|1
|
|-weather|Sandstorm|[upkeep]
|-damage|p1a: Salamence|94/100|[from] Sandstorm
|-heal|p1a: Salamence|100/100|[from] item: Leftovers
|upkeep
|turn|18
|c|☆xXEricXx|lol
|
|t:|1729726762
|switch|p2a: Skarmory|Skarmory, M|88/100
|switch|p1a: Celebi|Celebi|29/100
|
|-weather|Sandstorm|[upkeep]
|-damage|p1a: Celebi|23/100|[from] Sandstorm
|-heal|p1a: Celebi|29/100|[from] item: Leftovers
|-heal|p2a: Skarmory|94/100|[from] item: Leftovers
|upkeep
|turn|19
|
|t:|1729726770
|switch|p1a: Salamence|Salamence, M|100/100
|-ability|p1a: Salamence|Intimidate|boost
|-unboost|p2a: Skarmory|atk|1
|move|p2a: Skarmory|Drill Peck|p1a: Salamence
|-damage|p1a: Salamence|82/100
|
|-weather|Sandstorm|[upkeep]
|-damage|p1a: Salamence|76/100|[from] Sandstorm
|-heal|p1a: Salamence|82/100|[from] item: Leftovers
|-heal|p2a: Skarmory|100/100|[from] item: Leftovers
|upkeep
|turn|20
|
|t:|1729726778
|move|p1a: Salamence|Wish|p1a: Salamence
|move|p2a: Skarmory|Spikes|p1a: Salamence
|-sidestart|p1: ALlCE|Spikes
|
|-weather|Sandstorm|[upkeep]
|-damage|p1a: Salamence|76/100|[from] Sandstorm
|-heal|p1a: Salamence|82/100|[from] item: Leftovers
|upkeep
|turn|21
|
|t:|1729726782
|move|p1a: Salamence|Fire Blast|p2a: Skarmory
|-supereffective|p2a: Skarmory
|-damage|p2a: Skarmory|22/100
|move|p2a: Skarmory|Drill Peck|p1a: Salamence
|-crit|p1a: Salamence
|-damage|p1a: Salamence|26/100
|
|-heal|p1a: Salamence|76/100|[from] move: Wish|[wisher] Salamence
|-weather|Sandstorm|[upkeep]
|-damage|p1a: Salamence|70/100|[from] Sandstorm
|-heal|p1a: Salamence|76/100|[from] item: Leftovers
|-heal|p2a: Skarmory|28/100|[from] item: Leftovers
|upkeep
|turn|22
|
|t:|1729726790
|switch|p2a: Aerodactyl|Aerodactyl, M|100/100
|move|p1a: Salamence|Wish|p1a: Salamence
|
|-weather|Sandstorm|[upkeep]
|-damage|p1a: Salamence|70/100|[from] Sandstorm
|-heal|p1a: Salamence|76/100|[from] item: Leftovers
|upkeep
|turn|23
|
|t:|1729726795
|switch|p1a: Suicune|Suicune|100/100
|-damage|p1a: Suicune|88/100|[from] Spikes
|move|p2a: Aerodactyl|Rock Slide|p1a: Suicune
|-damage|p1a: Suicune|53/100
|
|-heal|p1a: Suicune|100/100|[from] move: Wish|[wisher] Salamence
|-weather|Sandstorm|[upkeep]
|-damage|p1a: Suicune|94/100|[from] Sandstorm
|-heal|p1a: Suicune|100/100|[from] item: Leftovers
|upkeep
|turn|24
|
|t:|1729726802
|switch|p2a: Swampert|Swampert, F, shiny|86/100
|move|p1a: Suicune|Calm Mind|p1a: Suicune
|-boost|p1a: Suicune|spa|1
|-boost|p1a: Suicune|spd|1
|
|-weather|Sandstorm|[upkeep]
|-damage|p1a: Suicune|94/100|[from] Sandstorm
|-heal|p1a: Suicune|100/100|[from] item: Leftovers
|-heal|p2a: Swampert|93/100|[from] item: Leftovers
|upkeep
|turn|25
|
|t:|1729726806
|move|p1a: Suicune|Surf|p2a: Swampert
|-damage|p2a: Swampert|32/100
|move|p2a: Swampert|Roar|p1a: Suicune
|drag|p1a: Snorlax|Snorlax, F|93/100
|-damage|p1a: Snorlax|81/100|[from] Spikes
|
|-weather|Sandstorm|[upkeep]
|-damage|p1a: Snorlax|75/100|[from] Sandstorm
|-heal|p2a: Swampert|38/100|[from] item: Leftovers
|-heal|p1a: Snorlax|81/100|[from] item: Leftovers
|upkeep
|turn|26
|
|t:|1729726813
|switch|p2a: Skarmory|Skarmory, M|28/100
|move|p1a: Snorlax|Double-Edge|p2a: Skarmory
|-resisted|p2a: Skarmory
|-damage|p2a: Skarmory|6/100
|-damage|p1a: Snorlax|76/100|[from] Recoil|[of] p2a: Skarmory
|
|-weather|Sandstorm|[upkeep]
|-damage|p1a: Snorlax|70/100|[from] Sandstorm
|-heal|p2a: Skarmory|12/100|[from] item: Leftovers
|-heal|p1a: Snorlax|76/100|[from] item: Leftovers
|upkeep
|turn|27
|
|t:|1729726830
|switch|p2a: Aerodactyl|Aerodactyl, M|100/100
|move|p1a: Snorlax|Double-Edge|p2a: Aerodactyl
|-resisted|p2a: Aerodactyl
|-damage|p2a: Aerodactyl|56/100
|-damage|p1a: Snorlax|67/100|[from] Recoil|[of] p2a: Aerodactyl
|
|-weather|Sandstorm|[upkeep]
|-damage|p1a: Snorlax|60/100|[from] Sandstorm
|-heal|p1a: Snorlax|67/100|[from] item: Leftovers
|upkeep
|turn|28
|
|t:|1729726837
|switch|p1a: Celebi|Celebi|29/100
|-damage|p1a: Celebi|17/100|[from] Spikes
|move|p2a: Aerodactyl|Rock Slide|p1a: Celebi
|-damage|p1a: Celebi|0 fnt
|faint|p1a: Celebi
|
|t:|1729726840
|switch|p1a: Suicune|Suicune|100/100
|-damage|p1a: Suicune|88/100|[from] Spikes
|
|-weather|Sandstorm|[upkeep]
|-damage|p1a: Suicune|82/100|[from] Sandstorm
|-heal|p1a: Suicune|88/100|[from] item: Leftovers
|upkeep
|turn|29
|
|t:|1729726852
|move|p2a: Aerodactyl|Rock Slide|p1a: Suicune
|-crit|p1a: Suicune
|-damage|p1a: Suicune|16/100
|move|p1a: Suicune|Surf|p2a: Aerodactyl
|-supereffective|p2a: Aerodactyl
|-damage|p2a: Aerodactyl|0 fnt
|faint|p2a: Aerodactyl
|
|t:|1729726863
|switch|p2a: Tyranitar|Tyranitar, M|100/100
|
|-weather|Sandstorm|[upkeep]
|-damage|p1a: Suicune|10/100|[from] Sandstorm
|-heal|p1a: Suicune|16/100|[from] item: Leftovers
|upkeep
|turn|30
|
|t:|1729726867
|move|p1a: Suicune|Surf|p2a: Tyranitar
|-supereffective|p2a: Tyranitar
|-damage|p2a: Tyranitar|34/100
|move|p2a: Tyranitar|Dragon Dance|p2a: Tyranitar
|-boost|p2a: Tyranitar|atk|1
|-boost|p2a: Tyranitar|spe|1
|
|-weather|Sandstorm|[upkeep]
|-damage|p1a: Suicune|10/100|[from] Sandstorm
|-heal|p2a: Tyranitar|40/100|[from] item: Leftovers
|-heal|p1a: Suicune|16/100|[from] item: Leftovers
|upkeep
|turn|31
|
|t:|1729726879
|move|p2a: Tyranitar|Rock Slide|p1a: Suicune|[miss]
|-miss|p2a: Tyranitar|p1a: Suicune
|move|p1a: Suicune|Surf|p2a: Tyranitar
|-supereffective|p2a: Tyranitar
|-damage|p2a: Tyranitar|0 fnt
|faint|p2a: Tyranitar
|c|☆ALlCE|ggs!
|
|t:|1729726884
|switch|p2a: Skarmory|Skarmory, M|12/100
|
|-weather|Sandstorm|[upkeep]
|-damage|p1a: Suicune|10/100|[from] Sandstorm
|-heal|p1a: Suicune|16/100|[from] item: Leftovers
|-heal|p2a: Skarmory|18/100|[from] item: Leftovers
|upkeep
|turn|32
|
|t:|1729726893
|move|p1a: Suicune|Surf|p2a: Skarmory
|-damage|p2a: Skarmory|0 fnt
|faint|p2a: Skarmory
|
|t:|1729726897
|switch|p2a: Swampert|Swampert, F, shiny|38/100
|
|-weather|Sandstorm|[upkeep]
|-damage|p1a: Suicune|10/100|[from] Sandstorm
|-heal|p1a: Suicune|16/100|[from] item: Leftovers
|-heal|p2a: Swampert|44/100|[from] item: Leftovers
|upkeep
|turn|33
|
|t:|1729726902
|move|p1a: Suicune|Rest|p1a: Suicune
|-status|p1a: Suicune|slp|[from] move: Rest
|-heal|p1a: Suicune|100/100 slp|[silent]
|move|p2a: Swampert|Earthquake|p1a: Suicune
|-damage|p1a: Suicune|70/100 slp
|
|-weather|Sandstorm|[upkeep]
|-damage|p1a: Suicune|64/100 slp|[from] Sandstorm
|-heal|p1a: Suicune|70/100 slp|[from] item: Leftovers
|-heal|p2a: Swampert|51/100|[from] item: Leftovers
|upkeep
|turn|34
|
|t:|1729726908
|cant|p1a: Suicune|slp
|move|p1a: Suicune|Sleep Talk|p1a: Suicune
|move|p1a: Suicune|Rest|p1a: Suicune|[from]Sleep Talk
|move|p2a: Swampert|Earthquake|p1a: Suicune
|-damage|p1a: Suicune|44/100 slp
|
|-weather|Sandstorm|[upkeep]
|-damage|p1a: Suicune|38/100 slp|[from] Sandstorm
|-heal|p1a: Suicune|44/100 slp|[from] item: Leftovers
|-heal|p2a: Swampert|57/100|[from] item: Leftovers
|upkeep
|turn|35
|
|t:|1729726914
|cant|p1a: Suicune|slp
|move|p1a: Suicune|Sleep Talk|p1a: Suicune
|move|p1a: Suicune|Surf|p2a: Swampert|[from]Sleep Talk
|-damage|p2a: Swampert|18/100
|move|p2a: Swampert|Earthquake|p1a: Suicune
|-damage|p1a: Suicune|15/100 slp
|
|-weather|Sandstorm|[upkeep]
|-damage|p1a: Suicune|9/100 slp|[from] Sandstorm
|-heal|p1a: Suicune|15/100 slp|[from] item: Leftovers
|-heal|p2a: Swampert|24/100|[from] item: Leftovers
|upkeep
|turn|36
|
|t:|1729726923
|-curestatus|p1a: Suicune|slp|[msg]
|move|p1a: Suicune|Surf|p2a: Swampert
|-damage|p2a: Swampert|0 fnt
|faint|p2a: Swampert
|
|win|ALlCE
|c|☆xXEricXx|gg
|player|p2|

</script>
<script type="application/json" class="data" id="replaydata-smogtours-gen3ou-801478">
{"id":"smogtours-gen3ou-801478","format":"[Gen 3] OU","players":["ALlCE","xXEricXx"],"uploadtime":1729726923,"views":117,"formatid":"gen3ou","rating":null,"private":1,"password":null}
</script>

<script defer src="js/replays.js?9d40a366"></script>
