<!DOCTYPE html>
<meta charset="utf-8" />
<meta name="viewport" content="width=device-width" />

<title>[Gen 3] OU: ilikeeatingcrayons vs. Organic Oranges - Replays - Pok&eacute;mon Showdown!</title>

<meta name="description" content="Watch a replay of a Pok&eacute;mon battle between ilikeeatingcrayons and Organic Oranges! Format: [Gen 3] OU; Date: Oct 15, 2024" />
<!--

Hey, you! Looking in the source for the replay log?

You can find them in JSON format, just add `.json` at the end of a replay URL.

https://replay.pokemonshowdown.com/gen7randomdoublesbattle-865046831.json

Or, if you only need the log itself, add `.log` instead:

https://replay.pokemonshowdown.com/gen7randomdoublesbattle-865046831.log

-->

<link rel="stylesheet" href="//pokemonshowdown.com/style/global.css?0.767286132409787" />
<link rel="stylesheet" href="//play.pokemonshowdown.com/style/font-awesome.css?0.9266228007934947" />
<link rel="stylesheet" href="//play.pokemonshowdown.com/style/battle.css?0.7924700842790926" />
<link rel="stylesheet" href="//play.pokemonshowdown.com/style/utilichart.css?0.8777417872839479" />

<!-- Global site tag (gtag.js) - Google Analytics -->
<script async src="https://www.googletagmanager.com/gtag/js?id=UA-26211653-1"></script>
<script>
  window.dataLayer = window.dataLayer || [];
  function gtag(){dataLayer.push(arguments);}
  gtag('js', new Date());

  gtag('config', 'UA-26211653-1');
</script>
<!-- End Google Analytics -->
<!-- Venatus Ad Manager - Install in <HEAD> of page -->
	<script src="https://hb.vntsm.com/v3/live/ad-manager.min.js" type="text/javascript" data-site-id="642aba63ec9a7b11c3c9c1be" data-mode="scan" async></script>
<!-- / Venatus Ad Manager -->

<style>
	@media (max-width:820px) {
		.battle {
			margin: 0 auto;
		}
		.battle-log {
			margin: 7px auto 0;
			max-width: 640px;
			height: 300px;
			position: static;
		}
	}
	.optgroup {
		display: inline-block;
		line-height: 22px;
		font-size: 10pt;
	}
	.optgroup .button {
		height: 25px;
		padding-top: 0;
		padding-bottom: 0;
	}
	.optgroup button.button {
		padding-left: 12px;
		padding-right: 12px;
	}
	.linklist {
		list-style: none;
		margin: 0.5em 0;
		padding: 0;
	}
	.linklist li {
		padding: 2px 0;
	}
	.sidebar {
		float: left;
		width: 320px;
	}
	.bar-wrapper {
		max-width: 1100px;
		margin: 0 auto;
	}
	.bar-wrapper.has-sidebar {
		max-width: 1430px;
	}
	.mainbar {
		margin: 0;
		padding-right: 1px;
	}
	.mainbar.has-sidebar {
		margin-left: 330px;
	}
	@media (min-width: 1511px) {
		.sidebar {
			width: 400px;
		}
		.bar-wrapper.has-sidebar {
			max-width: 1510px;
		}
		.mainbar.has-sidebar {
			margin-left: 410px;
		}
	}
	.section.first-section {
		margin-top: 9px;
	}
	.blocklink small {
		white-space: normal;
	}
	.button {
		vertical-align: middle;
	}
	.replay-controls {
		padding-top: 10px;
	}
	.replay-controls h1 {
		font-size: 16pt;
		font-weight: normal;
		color: #CCC;
	}
	.pagelink {
		text-align: center;
	}
	.pagelink a {
		width: 150px;
	}
	.textbox, .button {
		font-size: 11pt;
		vertical-align: middle;
	}
	@media (max-width: 450px) {
		.button {
			font-size: 9pt;
		}
	}
</style>

<div>

	<header>
		<div class="nav-wrapper"><ul class="nav">
			<li><a class="button nav-first" href="//pokemonshowdown.com/"><img src="//pokemonshowdown.com/images/pokemonshowdownbeta.png" srcset="//pokemonshowdown.com/images/pokemonshowdownbeta.png 1x, //pokemonshowdown.com/images/pokemonshowdownbeta@2x.png 2x" alt="Pok&eacute;mon Showdown" width="146" height="44" /> Home</a></li>
			<li><a class="button" href="//pokemonshowdown.com/dex/">Pok&eacute;dex</a></li>
			<li><a class="button cur" href="/">Replays</a></li>
			<li><a class="button" href="//pokemonshowdown.com/ladder/">Ladder</a></li>
			<li><a class="button nav-last" href="//pokemonshowdown.com/forums/">Forum</a></li>
			<li><a class="button greenbutton nav-first nav-last" href="//play.pokemonshowdown.com/">Play</a></li>
		</ul></div>
	</header>

	<div class="main" id="main">

		<noscript><section class="section">You need to enable JavaScript to use this page; sorry!</section></noscript>

	</div>

</div>

<script defer nomodule src="//play.pokemonshowdown.com/js/lib/ps-polyfill.js"></script>
<script defer src="//play.pokemonshowdown.com/js/lib/preact.min.js"></script>

<script defer src="//play.pokemonshowdown.com/config/config.js?6dec07f6"></script>
<script defer src="//play.pokemonshowdown.com/js/lib/jquery-1.11.0.min.js"></script>
<script defer src="//play.pokemonshowdown.com/js/lib/html-sanitizer-minified.js"></script>
<script defer src="//play.pokemonshowdown.com/js/battle-sound.js"></script>
<script defer src="//play.pokemonshowdown.com/js/battledata.js?0.6315294753075389"></script>
<script defer src="//play.pokemonshowdown.com/data/pokedex-mini.js?0.7603743185311358"></script>
<script defer src="//play.pokemonshowdown.com/data/pokedex-mini-bw.js?0.030888842834281283"></script>
<script defer src="//play.pokemonshowdown.com/data/graphics.js?0.05593094747507488"></script>
<script defer src="//play.pokemonshowdown.com/data/pokedex.js?0.47064822249611904"></script>
<script defer src="//play.pokemonshowdown.com/data/moves.js?0.8583693120512459"></script>
<script defer src="//play.pokemonshowdown.com/data/abilities.js?0.16017181182386842"></script>
<script defer src="//play.pokemonshowdown.com/data/items.js?0.4163379185673943"></script>
<script defer src="//play.pokemonshowdown.com/data/teambuilder-tables.js?0.31075597372830477"></script>
<script defer src="//play.pokemonshowdown.com/js/battle-tooltips.js?0.6536193500708172"></script>
<script defer src="//play.pokemonshowdown.com/js/battle.js?0.1916591943277901"></script>

<script defer src="js/utils.js?e31f9a17"></script>
<script defer src="js/replays-battle.js?7008c182"></script>

<!-- don't scrape this data! just add .json or .log after the URL!
Full API docs: https://github.com/smogon/pokemon-showdown-client/blob/master/WEB-API.md -->
<script type="text/plain" class="log" id="replaylog-smogtours-gen3ou-798917">
|inactive|Battle timer is ON: inactive players will automatically lose when time's up.
|t:|1729012192
|gametype|singles
|player|p1|ilikeeatingcrayons|youngster-gen4dp|
|player|p2|Organic Oranges|psychic-gen4|
|teamsize|p1|6
|teamsize|p2|6
|gen|3
|tier|[Gen 3] OU
|rule|Sleep Clause Mod: Limit one foe put to sleep
|rule|Switch Priority Clause Mod: Faster Pokémon switch first
|rule|Species Clause: Limit one of each Pokémon
|rule|OHKO Clause: OHKO moves are banned
|rule|Evasion Items Clause: Evasion items are banned
|rule|Evasion Moves Clause: Evasion moves are banned
|rule|Endless Battle Clause: Forcing endless battles is banned
|rule|HP Percentage Mod: HP is shown in percentages
|rule|One Boost Passer Clause: Limit one Baton Passer that has a way to boost its stats
|rule|Freeze Clause Mod: Limit one foe frozen
|
|t:|1729012192
|start
|switch|p1a: Disco|Salamence, M|100/100
|switch|p2a: Metagross|Metagross|100/100
|-ability|p1a: Disco|Intimidate|boost
|-fail|p2a: Metagross|unboost|[from] ability: Clear Body|[of] p2a: Metagross
|turn|1
|inactive|ilikeeatingcrayons also wants the timer to be on.
|c|☆ilikeeatingcrayons|Glhf
|
|t:|1729012209
|move|p1a: Disco|Fire Blast|p2a: Metagross
|-supereffective|p2a: Metagross
|-damage|p2a: Metagross|10/100
|move|p2a: Metagross|Meteor Mash|p1a: Disco
|-damage|p1a: Disco|3/100
|
|-heal|p1a: Disco|9/100|[from] item: Leftovers
|upkeep
|turn|2
|c|☆Organic Oranges|u2
|
|t:|1729012229
|switch|p2a: Replay|Snorlax, F, shiny|100/100
|move|p1a: Disco|Brick Break|p2a: Replay
|-supereffective|p2a: Replay
|-damage|p2a: Replay|61/100
|
|-heal|p1a: Disco|15/100|[from] item: Leftovers
|-heal|p2a: Replay|67/100|[from] item: Leftovers
|upkeep
|turn|3
|
|t:|1729012242
|switch|p1a: EDM|Forretress, M|100/100
|move|p2a: Replay|Body Slam|p1a: EDM
|-resisted|p1a: EDM
|-damage|p1a: EDM|86/100
|-status|p1a: EDM|par
|
|-heal|p2a: Replay|74/100|[from] item: Leftovers
|-heal|p1a: EDM|92/100 par|[from] item: Leftovers
|upkeep
|turn|4
|
|t:|1729012252
|switch|p2a: Suicune|Suicune, shiny|100/100
|cant|p1a: EDM|par
|
|-heal|p1a: EDM|99/100 par|[from] item: Leftovers
|upkeep
|turn|5
|
|t:|1729012258
|move|p2a: Suicune|Substitute|p2a: Suicune
|-start|p2a: Suicune|Substitute
|-damage|p2a: Suicune|75/100
|move|p1a: EDM|Explosion|p2a: Suicune
|-end|p2a: Suicune|Substitute
|faint|p1a: EDM
|
|t:|1729012266
|switch|p1a: Pop|Blissey, F|100/100
|
|-heal|p2a: Suicune|82/100|[from] item: Leftovers
|upkeep
|turn|6
|
|t:|1729012278
|move|p2a: Suicune|Substitute|p2a: Suicune
|-start|p2a: Suicune|Substitute
|-damage|p2a: Suicune|57/100
|move|p1a: Pop|Seismic Toss|p2a: Suicune
|-activate|p2a: Suicune|Substitute|[damage]
|
|-heal|p2a: Suicune|63/100|[from] item: Leftovers
|upkeep
|turn|7
|
|t:|1729012286
|move|p2a: Suicune|Calm Mind|p2a: Suicune
|-boost|p2a: Suicune|spa|1
|-boost|p2a: Suicune|spd|1
|move|p1a: Pop|Seismic Toss|p2a: Suicune
|-end|p2a: Suicune|Substitute
|
|-heal|p2a: Suicune|69/100|[from] item: Leftovers
|upkeep
|turn|8
|
|t:|1729012302
|move|p2a: Suicune|Substitute|p2a: Suicune
|-start|p2a: Suicune|Substitute
|-damage|p2a: Suicune|44/100
|move|p1a: Pop|Seismic Toss|p2a: Suicune
|-activate|p2a: Suicune|Substitute|[damage]
|
|-heal|p2a: Suicune|50/100|[from] item: Leftovers
|upkeep
|turn|9
|inactive|Organic Oranges has 270 seconds left.
|
|t:|1729012331
|move|p2a: Suicune|Calm Mind|p2a: Suicune
|-boost|p2a: Suicune|spa|1
|-boost|p2a: Suicune|spd|1
|move|p1a: Pop|Seismic Toss|p2a: Suicune
|-end|p2a: Suicune|Substitute
|
|-heal|p2a: Suicune|56/100|[from] item: Leftovers
|upkeep
|turn|10
|inactive|Organic Oranges has 270 seconds left.
|
|t:|1729012346
|move|p2a: Suicune|Substitute|p2a: Suicune
|-start|p2a: Suicune|Substitute
|-damage|p2a: Suicune|31/100
|move|p1a: Pop|Seismic Toss|p2a: Suicune
|-activate|p2a: Suicune|Substitute|[damage]
|
|-heal|p2a: Suicune|38/100|[from] item: Leftovers
|upkeep
|turn|11
|inactive|Organic Oranges has 270 seconds left.
|
|t:|1729012364
|move|p2a: Suicune|Ice Beam|p1a: Pop
|-damage|p1a: Pop|82/100
|move|p1a: Pop|Seismic Toss|p2a: Suicune
|-end|p2a: Suicune|Substitute
|
|-heal|p2a: Suicune|44/100|[from] item: Leftovers
|-heal|p1a: Pop|88/100|[from] item: Leftovers
|upkeep
|turn|12
|inactive|Organic Oranges has 270 seconds left.
|
|t:|1729012374
|move|p2a: Suicune|Substitute|p2a: Suicune
|-start|p2a: Suicune|Substitute
|-damage|p2a: Suicune|19/100
|move|p1a: Pop|Seismic Toss|p2a: Suicune
|-activate|p2a: Suicune|Substitute|[damage]
|
|-heal|p2a: Suicune|25/100|[from] item: Leftovers
|-heal|p1a: Pop|94/100|[from] item: Leftovers
|upkeep
|turn|13
|inactive|Organic Oranges has 270 seconds left.
|
|t:|1729012382
|move|p2a: Suicune|Ice Beam|p1a: Pop
|-damage|p1a: Pop|77/100
|move|p1a: Pop|Seismic Toss|p2a: Suicune
|-end|p2a: Suicune|Substitute
|
|-heal|p2a: Suicune|31/100|[from] item: Leftovers
|-heal|p1a: Pop|83/100|[from] item: Leftovers
|upkeep
|turn|14
|inactive|Organic Oranges has 270 seconds left.
|
|t:|1729012396
|move|p2a: Suicune|Substitute|p2a: Suicune
|-start|p2a: Suicune|Substitute
|-damage|p2a: Suicune|6/100
|move|p1a: Pop|Seismic Toss|p2a: Suicune
|-activate|p2a: Suicune|Substitute|[damage]
|
|-heal|p2a: Suicune|12/100|[from] item: Leftovers
|-heal|p1a: Pop|89/100|[from] item: Leftovers
|upkeep
|turn|15
|
|t:|1729012404
|move|p2a: Suicune|Ice Beam|p1a: Pop
|-damage|p1a: Pop|71/100
|move|p1a: Pop|Seismic Toss|p2a: Suicune
|-end|p2a: Suicune|Substitute
|
|-heal|p2a: Suicune|19/100|[from] item: Leftovers
|-heal|p1a: Pop|77/100|[from] item: Leftovers
|upkeep
|turn|16
|
|t:|1729012412
|move|p2a: Suicune|Ice Beam|p1a: Pop
|-crit|p1a: Pop
|-damage|p1a: Pop|43/100
|move|p1a: Pop|Seismic Toss|p2a: Suicune
|-damage|p2a: Suicune|0 fnt
|faint|p2a: Suicune
|
|t:|1729012423
|switch|p2a: Swampert|Swampert, M|100/100
|
|-heal|p1a: Pop|49/100|[from] item: Leftovers
|upkeep
|turn|17
|
|t:|1729012428
|move|p2a: Swampert|Substitute|p2a: Swampert
|-start|p2a: Swampert|Substitute
|-damage|p2a: Swampert|75/100
|move|p1a: Pop|Counter|p2a: Swampert
|
|-heal|p2a: Swampert|82/100|[from] item: Leftovers
|-heal|p1a: Pop|55/100|[from] item: Leftovers
|upkeep
|turn|18
|
|t:|1729012436
|-singleturn|p2a: Swampert|move: Focus Punch
|move|p1a: Pop|Soft-Boiled|p1a: Pop
|-heal|p1a: Pop|100/100
|move|p2a: Swampert|Focus Punch|p1a: Pop
|-supereffective|p1a: Pop
|-damage|p1a: Pop|35/100
|
|-heal|p2a: Swampert|88/100|[from] item: Leftovers
|-heal|p1a: Pop|42/100|[from] item: Leftovers
|upkeep
|turn|19
|
|t:|1729012453
|move|p2a: Swampert|Ice Beam|p1a: Pop
|-damage|p1a: Pop|34/100
|move|p1a: Pop|Seismic Toss|p2a: Swampert
|-activate|p2a: Swampert|Substitute|[damage]
|
|-heal|p2a: Swampert|94/100|[from] item: Leftovers
|-heal|p1a: Pop|41/100|[from] item: Leftovers
|upkeep
|turn|20
|
|t:|1729012461
|-singleturn|p2a: Swampert|move: Focus Punch
|move|p1a: Pop|Soft-Boiled|p1a: Pop
|-heal|p1a: Pop|91/100
|move|p2a: Swampert|Focus Punch|p1a: Pop
|-supereffective|p1a: Pop
|-damage|p1a: Pop|21/100
|
|-heal|p2a: Swampert|99/100|[from] item: Leftovers
|-heal|p1a: Pop|27/100|[from] item: Leftovers
|upkeep
|turn|21
|
|t:|1729012475
|-singleturn|p2a: Swampert|move: Focus Punch
|move|p1a: Pop|Seismic Toss|p2a: Swampert
|-end|p2a: Swampert|Substitute
|move|p2a: Swampert|Focus Punch|p1a: Pop
|-supereffective|p1a: Pop
|-damage|p1a: Pop|0 fnt
|faint|p1a: Pop
|
|t:|1729012479
|switch|p1a: Rock|Jirachi|100/100
|
|-heal|p2a: Swampert|100/100|[from] item: Leftovers
|upkeep
|turn|22
|
|t:|1729012496
|switch|p2a: Metagross|Metagross|10/100
|move|p1a: Rock|Toxic|p2a: Metagross|[miss]
|-miss|p1a: Rock|p2a: Metagross
|
|upkeep
|turn|23
|
|t:|1729012503
|move|p1a: Rock|Fire Punch|p2a: Metagross
|-supereffective|p2a: Metagross
|-damage|p2a: Metagross|0 fnt
|faint|p2a: Metagross
|
|t:|1729012512
|switch|p2a: Replay|Snorlax, F, shiny|74/100
|
|-heal|p2a: Replay|80/100|[from] item: Leftovers
|upkeep
|turn|24
|
|t:|1729012517
|move|p1a: Rock|Fire Punch|p2a: Replay
|-damage|p2a: Replay|69/100
|move|p2a: Replay|Body Slam|p1a: Rock
|-resisted|p1a: Rock
|-damage|p1a: Rock|87/100
|
|-heal|p1a: Rock|93/100|[from] item: Leftovers
|-heal|p2a: Replay|75/100|[from] item: Leftovers
|upkeep
|turn|25
|
|t:|1729012527
|switch|p2a: Turn it down|Magneton, shiny|100/100
|move|p1a: Rock|Fire Punch|p2a: Turn it down
|-supereffective|p2a: Turn it down
|-damage|p2a: Turn it down|41/100
|-status|p2a: Turn it down|brn
|
|-damage|p2a: Turn it down|28/100 brn|[from] brn
|-heal|p1a: Rock|99/100|[from] item: Leftovers
|upkeep
|turn|26
|
|t:|1729012539
|move|p1a: Rock|Protect|p1a: Rock
|-singleturn|p1a: Rock|Protect
|move|p2a: Turn it down|Thunder Wave|p1a: Rock
|-activate|p1a: Rock|Protect
|
|-damage|p2a: Turn it down|16/100 brn|[from] brn
|-heal|p1a: Rock|100/100|[from] item: Leftovers
|upkeep
|turn|27
|
|t:|1729012553
|move|p1a: Rock|Protect||[still]
|-fail|p1a: Rock
|move|p2a: Turn it down|Thunder Wave|p1a: Rock
|-status|p1a: Rock|par
|
|-damage|p2a: Turn it down|3/100 brn|[from] brn
|upkeep
|turn|28
|
|t:|1729012562
|move|p1a: Rock|Protect|p1a: Rock
|-singleturn|p1a: Rock|Protect
|move|p2a: Turn it down|Thunderbolt|p1a: Rock
|-activate|p1a: Rock|Protect
|
|-damage|p2a: Turn it down|0 fnt|[from] brn
|faint|p2a: Turn it down
|upkeep
|
|t:|1729012574
|switch|p2a: Swampert|Swampert, M|100/100
|turn|29
|
|t:|1729012580
|move|p2a: Swampert|Substitute|p2a: Swampert
|-start|p2a: Swampert|Substitute
|-damage|p2a: Swampert|75/100
|cant|p1a: Rock|par
|
|-heal|p2a: Swampert|82/100|[from] item: Leftovers
|upkeep
|turn|30
|
|t:|1729012588
|-singleturn|p2a: Swampert|move: Focus Punch
|switch|p1a: Rap|Aerodactyl, M|100/100
|move|p2a: Swampert|Focus Punch|p1a: Rap
|-damage|p1a: Rap|39/100
|
|-heal|p2a: Swampert|88/100|[from] item: Leftovers
|upkeep
|turn|31
|
|t:|1729012597
|move|p1a: Rap|Double-Edge|p2a: Swampert
|-end|p2a: Swampert|Substitute
|move|p2a: Swampert|Ice Beam|p1a: Rap
|-supereffective|p1a: Rap
|-damage|p1a: Rap|0 fnt
|faint|p1a: Rap
|
|t:|1729012607
|switch|p1a: Country|Tyranitar, M|100/100
|-weather|Sandstorm|[from] ability: Sand Stream|[of] p1a: Country
|
|-weather|Sandstorm|[upkeep]
|-heal|p2a: Swampert|94/100|[from] item: Leftovers
|upkeep
|turn|32
|
|t:|1729012620
|switch|p2a: Listen2UAllDay|Salamence, F, shiny|100/100
|-ability|p2a: Listen2UAllDay|Intimidate|boost
|-unboost|p1a: Country|atk|1
|move|p1a: Country|Crunch|p2a: Listen2UAllDay
|-damage|p2a: Listen2UAllDay|59/100
|
|-weather|Sandstorm|[upkeep]
|-damage|p2a: Listen2UAllDay|52/100|[from] Sandstorm
|-heal|p2a: Listen2UAllDay|59/100|[from] item: Leftovers
|upkeep
|turn|33
|
|t:|1729012630
|switch|p2a: Replay|Snorlax, F, shiny|75/100
|switch|p1a: Disco|Salamence, M|15/100
|-ability|p1a: Disco|Intimidate|boost
|-unboost|p2a: Replay|atk|1
|
|-weather|Sandstorm|[upkeep]
|-damage|p1a: Disco|9/100|[from] Sandstorm
|-damage|p2a: Replay|69/100|[from] Sandstorm
|-heal|p1a: Disco|15/100|[from] item: Leftovers
|-heal|p2a: Replay|75/100|[from] item: Leftovers
|upkeep
|turn|34
|
|t:|1729012642
|move|p1a: Disco|Brick Break|p2a: Replay
|-supereffective|p2a: Replay
|-damage|p2a: Replay|32/100
|move|p2a: Replay|Body Slam|p1a: Disco
|-damage|p1a: Disco|0 fnt
|faint|p1a: Disco
|
|t:|1729012647
|switch|p1a: Rock|Jirachi|100/100 par
|
|-weather|Sandstorm|[upkeep]
|-damage|p2a: Replay|25/100|[from] Sandstorm
|-heal|p2a: Replay|32/100|[from] item: Leftovers
|upkeep
|turn|35
|
|t:|1729012663
|move|p2a: Replay|Self-Destruct|p1a: Rock
|-resisted|p1a: Rock
|-damage|p1a: Rock|60/100 par
|faint|p2a: Replay
|
|t:|1729012670
|switch|p2a: Swampert|Swampert, M|94/100
|
|-weather|Sandstorm|[upkeep]
|-heal|p2a: Swampert|99/100|[from] item: Leftovers
|-heal|p1a: Rock|66/100 par|[from] item: Leftovers
|upkeep
|turn|36
|
|t:|1729012676
|move|p2a: Swampert|Substitute|p2a: Swampert
|-start|p2a: Swampert|Substitute
|-damage|p2a: Swampert|75/100
|cant|p1a: Rock|par
|
|-weather|Sandstorm|[upkeep]
|-heal|p2a: Swampert|81/100|[from] item: Leftovers
|-heal|p1a: Rock|73/100 par|[from] item: Leftovers
|upkeep
|turn|37
|
|t:|1729012697
|move|p2a: Swampert|Earthquake|p1a: Rock
|-supereffective|p1a: Rock
|-damage|p1a: Rock|26/100 par
|move|p1a: Rock|Fire Punch|p2a: Swampert
|-resisted|p2a: Swampert
|-activate|p2a: Swampert|Substitute|[damage]
|
|-weather|Sandstorm|[upkeep]
|-heal|p2a: Swampert|88/100|[from] item: Leftovers
|-heal|p1a: Rock|32/100 par|[from] item: Leftovers
|upkeep
|turn|38
|
|t:|1729012707
|move|p1a: Rock|Protect|p1a: Rock
|-singleturn|p1a: Rock|Protect
|move|p2a: Swampert|Earthquake|p1a: Rock
|-activate|p1a: Rock|Protect
|
|-weather|Sandstorm|[upkeep]
|-heal|p2a: Swampert|94/100|[from] item: Leftovers
|-heal|p1a: Rock|39/100 par|[from] item: Leftovers
|upkeep
|turn|39
|
|t:|1729012715
|move|p1a: Rock|Protect|p1a: Rock
|-singleturn|p1a: Rock|Protect
|move|p2a: Swampert|Earthquake|p1a: Rock
|-activate|p1a: Rock|Protect
|
|-weather|Sandstorm|[upkeep]
|-heal|p2a: Swampert|99/100|[from] item: Leftovers
|-heal|p1a: Rock|45/100 par|[from] item: Leftovers
|upkeep
|turn|40
|
|t:|1729012726
|move|p2a: Swampert|Earthquake|p1a: Rock
|-supereffective|p1a: Rock
|-crit|p1a: Rock
|-damage|p1a: Rock|0 fnt
|faint|p1a: Rock
|
|t:|1729012728
|switch|p1a: Country|Tyranitar, M|100/100
|
|-weather|Sandstorm|[upkeep]
|-heal|p2a: Swampert|100/100|[from] item: Leftovers
|upkeep
|turn|41
|
|t:|1729012734
|-singleturn|p2a: Swampert|move: Focus Punch
|move|p1a: Country|Crunch|p2a: Swampert
|-end|p2a: Swampert|Substitute
|move|p2a: Swampert|Focus Punch|p1a: Country
|-supereffective|p1a: Country
|-damage|p1a: Country|0 fnt
|faint|p1a: Country
|
|win|Organic Oranges
|c|☆ilikeeatingcrayons|Gg

</script>
<script type="application/json" class="data" id="replaydata-smogtours-gen3ou-798917">
{"id":"smogtours-gen3ou-798917","format":"[Gen 3] OU","players":["ilikeeatingcrayons","Organic Oranges"],"uploadtime":1729012734,"views":184,"formatid":"gen3ou","rating":null,"private":0,"password":null}
</script>

<script defer src="js/replays.js?9d40a366"></script>
