<!DOCTYPE html>
<meta charset="utf-8" />
<meta name="viewport" content="width=device-width" />

<title>[Gen 3] OU: garhamsandich vs. Just_Leonardo - Replays - Pok&eacute;mon Showdown!</title>

<meta name="description" content="Watch a replay of a Pok&eacute;mon battle between garhamsandich and Just_Leonardo! Format: [Gen 3] OU; Date: Nov 9, 2024" />
<!--

Hey, you! Looking in the source for the replay log?

You can find them in JSON format, just add `.json` at the end of a replay URL.

https://replay.pokemonshowdown.com/gen7randomdoublesbattle-865046831.json

Or, if you only need the log itself, add `.log` instead:

https://replay.pokemonshowdown.com/gen7randomdoublesbattle-865046831.log

-->

<link rel="stylesheet" href="//pokemonshowdown.com/style/global.css?0.023195364461161105" />
<link rel="stylesheet" href="//play.pokemonshowdown.com/style/font-awesome.css?0.13261647063804238" />
<link rel="stylesheet" href="//play.pokemonshowdown.com/style/battle.css?0.8753245789963631" />
<link rel="stylesheet" href="//play.pokemonshowdown.com/style/utilichart.css?0.8627959624976733" />

<!-- Global site tag (gtag.js) - Google Analytics -->
<script async src="https://www.googletagmanager.com/gtag/js?id=UA-26211653-1"></script>
<script>
  window.dataLayer = window.dataLayer || [];
  function gtag(){dataLayer.push(arguments);}
  gtag('js', new Date());

  gtag('config', 'UA-26211653-1');
</script>
<!-- End Google Analytics -->
<!-- Venatus Ad Manager - Install in <HEAD> of page -->
	<script src="https://hb.vntsm.com/v3/live/ad-manager.min.js" type="text/javascript" data-site-id="642aba63ec9a7b11c3c9c1be" data-mode="scan" async></script>
<!-- / Venatus Ad Manager -->

<style>
	@media (max-width:820px) {
		.battle {
			margin: 0 auto;
		}
		.battle-log {
			margin: 7px auto 0;
			max-width: 640px;
			height: 300px;
			position: static;
		}
	}
	.optgroup {
		display: inline-block;
		line-height: 22px;
		font-size: 10pt;
	}
	.optgroup .button {
		height: 25px;
		padding-top: 0;
		padding-bottom: 0;
	}
	.optgroup button.button {
		padding-left: 12px;
		padding-right: 12px;
	}
	.linklist {
		list-style: none;
		margin: 0.5em 0;
		padding: 0;
	}
	.linklist li {
		padding: 2px 0;
	}
	.sidebar {
		float: left;
		width: 320px;
	}
	.bar-wrapper {
		max-width: 1100px;
		margin: 0 auto;
	}
	.bar-wrapper.has-sidebar {
		max-width: 1430px;
	}
	.mainbar {
		margin: 0;
		padding-right: 1px;
	}
	.mainbar.has-sidebar {
		margin-left: 330px;
	}
	@media (min-width: 1511px) {
		.sidebar {
			width: 400px;
		}
		.bar-wrapper.has-sidebar {
			max-width: 1510px;
		}
		.mainbar.has-sidebar {
			margin-left: 410px;
		}
	}
	.section.first-section {
		margin-top: 9px;
	}
	.blocklink small {
		white-space: normal;
	}
	.button {
		vertical-align: middle;
	}
	.replay-controls {
		padding-top: 10px;
	}
	.replay-controls h1 {
		font-size: 16pt;
		font-weight: normal;
		color: #CCC;
	}
	.pagelink {
		text-align: center;
	}
	.pagelink a {
		width: 150px;
	}
	.textbox, .button {
		font-size: 11pt;
		vertical-align: middle;
	}
	@media (max-width: 450px) {
		.button {
			font-size: 9pt;
		}
	}
</style>

<div>

	<header>
		<div class="nav-wrapper"><ul class="nav">
			<li><a class="button nav-first" href="//pokemonshowdown.com/"><img src="//pokemonshowdown.com/images/pokemonshowdownbeta.png" srcset="//pokemonshowdown.com/images/pokemonshowdownbeta.png 1x, //pokemonshowdown.com/images/pokemonshowdownbeta@2x.png 2x" alt="Pok&eacute;mon Showdown" width="146" height="44" /> Home</a></li>
			<li><a class="button" href="//pokemonshowdown.com/dex/">Pok&eacute;dex</a></li>
			<li><a class="button cur" href="/">Replays</a></li>
			<li><a class="button" href="//pokemonshowdown.com/ladder/">Ladder</a></li>
			<li><a class="button nav-last" href="//pokemonshowdown.com/forums/">Forum</a></li>
			<li><a class="button greenbutton nav-first nav-last" href="//play.pokemonshowdown.com/">Play</a></li>
		</ul></div>
	</header>

	<div class="main" id="main">

		<noscript><section class="section">You need to enable JavaScript to use this page; sorry!</section></noscript>

	</div>

</div>

<script defer nomodule src="//play.pokemonshowdown.com/js/lib/ps-polyfill.js"></script>
<script defer src="//play.pokemonshowdown.com/js/lib/preact.min.js"></script>

<script defer src="//play.pokemonshowdown.com/config/config.js?2bddbc15"></script>
<script defer src="//play.pokemonshowdown.com/js/lib/jquery-1.11.0.min.js"></script>
<script defer src="//play.pokemonshowdown.com/js/lib/html-sanitizer-minified.js"></script>
<script defer src="//play.pokemonshowdown.com/js/battle-sound.js"></script>
<script defer src="//play.pokemonshowdown.com/js/battledata.js?0.7209276989879541"></script>
<script defer src="//play.pokemonshowdown.com/data/pokedex-mini.js?0.6111056340867951"></script>
<script defer src="//play.pokemonshowdown.com/data/pokedex-mini-bw.js?0.3532142036491459"></script>
<script defer src="//play.pokemonshowdown.com/data/graphics.js?0.24223875632456182"></script>
<script defer src="//play.pokemonshowdown.com/data/pokedex.js?0.38839984266356864"></script>
<script defer src="//play.pokemonshowdown.com/data/moves.js?0.21866028504024015"></script>
<script defer src="//play.pokemonshowdown.com/data/abilities.js?0.2005157953846628"></script>
<script defer src="//play.pokemonshowdown.com/data/items.js?0.9894211263848525"></script>
<script defer src="//play.pokemonshowdown.com/data/teambuilder-tables.js?0.6008791140282215"></script>
<script defer src="//play.pokemonshowdown.com/js/battle-tooltips.js?0.7580118955022959"></script>
<script defer src="//play.pokemonshowdown.com/js/battle.js?0.6057722274234274"></script>

<script defer src="js/utils.js?e31f9a17"></script>
<script defer src="js/replays-battle.js?7008c182"></script>

<!-- don't scrape this data! just add .json or .log after the URL!
Full API docs: https://github.com/smogon/pokemon-showdown-client/blob/master/WEB-API.md -->
<script type="text/plain" class="log" id="replaylog-smogtours-gen3ou-805562">
|inactive|Battle timer is ON: inactive players will automatically lose when time's up.
|t:|1731186417
|gametype|singles
|player|p1|garhamsandich|101|
|player|p2|Just_Leonardo|hiker-gen4|
|teamsize|p1|6
|teamsize|p2|6
|gen|3
|tier|[Gen 3] OU
|rule|Sleep Clause Mod: Limit one foe put to sleep
|rule|Switch Priority Clause Mod: Faster Pokémon switch first
|rule|Species Clause: Limit one of each Pokémon
|rule|OHKO Clause: OHKO moves are banned
|rule|Evasion Items Clause: Evasion items are banned
|rule|Evasion Moves Clause: Evasion moves are banned
|rule|Endless Battle Clause: Forcing endless battles is banned
|rule|HP Percentage Mod: HP is shown in percentages
|rule|One Boost Passer Clause: Limit one Baton Passer that has a way to boost its stats
|rule|Freeze Clause Mod: Limit one foe frozen
|
|t:|1731186417
|start
|switch|p1a: Metagross|Metagross|100/100
|switch|p2a: Terry|Tyranitar, M|100/100
|-weather|Sandstorm|[from] ability: Sand Stream|[of] p2a: Terry
|turn|1
|c|☆Just_Leonardo|hf
|
|t:|1731186434
|switch|p2a: Sky baby|Jirachi|100/100
|move|p1a: Metagross|Meteor Mash|p2a: Sky baby
|-resisted|p2a: Sky baby
|-damage|p2a: Sky baby|73/100
|
|-weather|Sandstorm|[upkeep]
|-heal|p2a: Sky baby|79/100|[from] item: Leftovers
|upkeep
|turn|2
|c|☆garhamsandich|u2 bestie
|inactive|garhamsandich has 270 seconds left.
|inactive|Just_Leonardo has 270 seconds left.
|
|t:|1731186478
|switch|p1a: Starmie|Starmie|100/100
|move|p2a: Sky baby|Toxic|p1a: Starmie
|-status|p1a: Starmie|tox
|
|-weather|Sandstorm|[upkeep]
|-damage|p1a: Starmie|94/100 tox|[from] Sandstorm
|-heal|p1a: Starmie|100/100 tox|[from] item: Leftovers
|-damage|p1a: Starmie|94/100 tox|[from] psn
|-heal|p2a: Sky baby|85/100|[from] item: Leftovers
|upkeep
|turn|3
|inactive|Just_Leonardo has 270 seconds left.
|inactive|garhamsandich has 270 seconds left.
|
|t:|1731186501
|-curestatus|p1a: Starmie|tox|[from] ability: Natural Cure
|switch|p1a: Celebi|Celebi|100/100
|move|p2a: Sky baby|Protect||[still]
|-fail|p2a: Sky baby
|
|-weather|Sandstorm|[upkeep]
|-damage|p1a: Celebi|94/100|[from] Sandstorm
|-heal|p2a: Sky baby|91/100|[from] item: Leftovers
|-heal|p1a: Celebi|100/100|[from] item: Leftovers
|upkeep
|turn|4
|inactive|garhamsandich has 270 seconds left.
|
|t:|1731186508
|switch|p2a: Drake|Salamence, M|100/100
|-ability|p2a: Drake|Intimidate|boost
|-unboost|p1a: Celebi|atk|1
|move|p1a: Celebi|Leech Seed|p2a: Drake|[miss]
|-miss|p1a: Celebi|p2a: Drake
|
|-weather|Sandstorm|[upkeep]
|-damage|p2a: Drake|94/100|[from] Sandstorm
|-damage|p1a: Celebi|94/100|[from] Sandstorm
|-heal|p2a: Drake|100/100|[from] item: Leftovers
|-heal|p1a: Celebi|100/100|[from] item: Leftovers
|upkeep
|turn|5
|inactive|Just_Leonardo has 270 seconds left.
|inactive|garhamsandich has 270 seconds left.
|
|t:|1731186528
|switch|p1a: Starmie|Starmie|94/100
|move|p2a: Drake|Dragon Claw|p1a: Starmie
|-damage|p1a: Starmie|62/100
|
|-weather|Sandstorm|[upkeep]
|-damage|p2a: Drake|94/100|[from] Sandstorm
|-damage|p1a: Starmie|56/100|[from] Sandstorm
|-heal|p2a: Drake|100/100|[from] item: Leftovers
|-heal|p1a: Starmie|62/100|[from] item: Leftovers
|upkeep
|turn|6
|inactive|garhamsandich has 270 seconds left.
|inactive|Just_Leonardo has 240 seconds left.
|inactive|Just_Leonardo has 210 seconds left.
|
|t:|1731186603
|switch|p2a: Joy|Blissey, F|100/100
|move|p1a: Starmie|Recover|p1a: Starmie
|-heal|p1a: Starmie|100/100
|
|-weather|Sandstorm|[upkeep]
|-damage|p1a: Starmie|94/100|[from] Sandstorm
|-damage|p2a: Joy|94/100|[from] Sandstorm
|-heal|p1a: Starmie|100/100|[from] item: Leftovers
|-heal|p2a: Joy|100/100|[from] item: Leftovers
|upkeep
|turn|7
|
|t:|1731186609
|switch|p1a: Metagross|Metagross|100/100
|move|p2a: Joy|Thunderbolt|p1a: Metagross
|-damage|p1a: Metagross|75/100
|
|-weather|Sandstorm|[upkeep]
|-damage|p2a: Joy|94/100|[from] Sandstorm
|-heal|p2a: Joy|100/100|[from] item: Leftovers
|upkeep
|turn|8
|
|t:|1731186628
|switch|p2a: Giovanna|Forretress, F, shiny|100/100
|move|p1a: Metagross|Earthquake|p2a: Giovanna
|-damage|p2a: Giovanna|55/100
|
|-weather|Sandstorm|[upkeep]
|-heal|p2a: Giovanna|61/100|[from] item: Leftovers
|upkeep
|turn|9
|
|t:|1731186634
|switch|p2a: Drake|Salamence, M|100/100
|-ability|p2a: Drake|Intimidate|boost
|-fail|p1a: Metagross|unboost|[from] ability: Clear Body|[of] p1a: Metagross
|move|p1a: Metagross|Earthquake|p2a: Drake
|-immune|p2a: Drake
|
|-weather|Sandstorm|[upkeep]
|-damage|p2a: Drake|94/100|[from] Sandstorm
|-heal|p2a: Drake|100/100|[from] item: Leftovers
|upkeep
|turn|10
|
|t:|1731186646
|switch|p1a: Starmie|Starmie|100/100
|move|p2a: Drake|Dragon Claw|p1a: Starmie
|-damage|p1a: Starmie|67/100
|
|-weather|Sandstorm|[upkeep]
|-damage|p2a: Drake|94/100|[from] Sandstorm
|-damage|p1a: Starmie|61/100|[from] Sandstorm
|-heal|p2a: Drake|100/100|[from] item: Leftovers
|-heal|p1a: Starmie|67/100|[from] item: Leftovers
|upkeep
|turn|11
|
|t:|1731186660
|switch|p2a: Joy|Blissey, F|100/100
|move|p1a: Starmie|Recover|p1a: Starmie
|-heal|p1a: Starmie|100/100
|
|-weather|Sandstorm|[upkeep]
|-damage|p1a: Starmie|94/100|[from] Sandstorm
|-damage|p2a: Joy|94/100|[from] Sandstorm
|-heal|p1a: Starmie|100/100|[from] item: Leftovers
|-heal|p2a: Joy|100/100|[from] item: Leftovers
|upkeep
|turn|12
|
|t:|1731186668
|switch|p1a: Celebi|Celebi|100/100
|switch|p2a: Sky baby|Jirachi|91/100
|
|-weather|Sandstorm|[upkeep]
|-damage|p1a: Celebi|94/100|[from] Sandstorm
|-heal|p2a: Sky baby|98/100|[from] item: Leftovers
|-heal|p1a: Celebi|100/100|[from] item: Leftovers
|upkeep
|turn|13
|inactive|Just_Leonardo has 210 seconds left.
|
|t:|1731186683
|switch|p1a: Starmie|Starmie|100/100
|move|p2a: Sky baby|Wish|p2a: Sky baby
|
|-weather|Sandstorm|[upkeep]
|-damage|p1a: Starmie|94/100|[from] Sandstorm
|-heal|p1a: Starmie|100/100|[from] item: Leftovers
|-heal|p2a: Sky baby|100/100|[from] item: Leftovers
|upkeep
|turn|14
|inactive|Just_Leonardo has 210 seconds left.
|
|t:|1731186695
|switch|p2a: Joy|Blissey, F|100/100
|move|p1a: Starmie|Thunder Wave|p2a: Joy
|-status|p2a: Joy|par
|
|-weather|Sandstorm|[upkeep]
|-damage|p1a: Starmie|94/100|[from] Sandstorm
|-damage|p2a: Joy|94/100 par|[from] Sandstorm
|-heal|p1a: Starmie|100/100|[from] item: Leftovers
|-heal|p2a: Joy|100/100 par|[from] item: Leftovers
|upkeep
|turn|15
|
|t:|1731186699
|switch|p1a: Metagross|Metagross|75/100
|move|p2a: Joy|Thunderbolt|p1a: Metagross
|-damage|p1a: Metagross|49/100
|
|-weather|Sandstorm|[upkeep]
|-damage|p2a: Joy|94/100 par|[from] Sandstorm
|-heal|p2a: Joy|100/100 par|[from] item: Leftovers
|upkeep
|turn|16
|inactive|Just_Leonardo has 210 seconds left.
|
|t:|1731186724
|-curestatus|p2a: Joy|par|[from] ability: Natural Cure
|switch|p2a: Sky baby|Jirachi|100/100
|move|p1a: Metagross|Meteor Mash|p2a: Sky baby
|-resisted|p2a: Sky baby
|-damage|p2a: Sky baby|74/100
|
|-weather|Sandstorm|[upkeep]
|-heal|p2a: Sky baby|81/100|[from] item: Leftovers
|upkeep
|turn|17
|
|t:|1731186733
|switch|p1a: Celebi|Celebi|100/100
|move|p2a: Sky baby|Toxic|p1a: Celebi
|-status|p1a: Celebi|tox
|
|-weather|Sandstorm|[upkeep]
|-damage|p1a: Celebi|94/100 tox|[from] Sandstorm
|-heal|p1a: Celebi|100/100 tox|[from] item: Leftovers
|-heal|p2a: Sky baby|87/100|[from] item: Leftovers
|-damage|p1a: Celebi|94/100 tox|[from] psn
|upkeep
|turn|18
|
|t:|1731186738
|-curestatus|p1a: Celebi|tox|[from] ability: Natural Cure
|switch|p1a: Starmie|Starmie|100/100
|move|p2a: Sky baby|Wish|p2a: Sky baby
|
|-weather|Sandstorm|[upkeep]
|-damage|p1a: Starmie|94/100|[from] Sandstorm
|-heal|p1a: Starmie|100/100|[from] item: Leftovers
|-heal|p2a: Sky baby|93/100|[from] item: Leftovers
|upkeep
|turn|19
|
|t:|1731186747
|switch|p1a: Jirachi|Jirachi|100/100
|switch|p2a: Giovanna|Forretress, F, shiny|61/100
|
|-heal|p2a: Giovanna|100/100|[from] move: Wish|[wisher] Sky baby
|-weather|Sandstorm|[upkeep]
|upkeep
|turn|20
|
|t:|1731186767
|switch|p2a: Terry|Tyranitar, M|100/100
|move|p1a: Jirachi|Wish|p1a: Jirachi
|
|-weather|Sandstorm|[upkeep]
|upkeep
|turn|21
|
|t:|1731186778
|switch|p1a: Tyranitar|Tyranitar, M|100/100
|move|p2a: Terry|Fire Blast|p1a: Tyranitar
|-resisted|p1a: Tyranitar
|-damage|p1a: Tyranitar|83/100
|
|-heal|p1a: Tyranitar|100/100|[from] move: Wish|[wisher] Jirachi
|-weather|Sandstorm|[upkeep]
|upkeep
|turn|22
|
|t:|1731186795
|switch|p2a: Axol|Swampert, M|100/100
|move|p1a: Tyranitar|Earthquake|p2a: Axol
|-damage|p2a: Axol|63/100
|
|-weather|Sandstorm|[upkeep]
|-heal|p2a: Axol|69/100|[from] item: Leftovers
|upkeep
|turn|23
|
|t:|1731186800
|switch|p1a: Celebi|Celebi|94/100
|move|p2a: Axol|Surf|p1a: Celebi
|-resisted|p1a: Celebi
|-damage|p1a: Celebi|86/100
|
|-weather|Sandstorm|[upkeep]
|-damage|p1a: Celebi|80/100|[from] Sandstorm
|-heal|p1a: Celebi|86/100|[from] item: Leftovers
|-heal|p2a: Axol|75/100|[from] item: Leftovers
|upkeep
|turn|24
|
|t:|1731186808
|move|p2a: Axol|Protect|p2a: Axol
|-singleturn|p2a: Axol|Protect
|move|p1a: Celebi|Leech Seed|p2a: Axol
|-activate|p2a: Axol|Protect
|
|-weather|Sandstorm|[upkeep]
|-damage|p1a: Celebi|80/100|[from] Sandstorm
|-heal|p1a: Celebi|86/100|[from] item: Leftovers
|-heal|p2a: Axol|81/100|[from] item: Leftovers
|upkeep
|turn|25
|
|t:|1731186817
|switch|p2a: Joy|Blissey, F|100/100
|move|p1a: Celebi|Leech Seed|p2a: Joy
|-start|p2a: Joy|move: Leech Seed
|
|-weather|Sandstorm|[upkeep]
|-damage|p1a: Celebi|80/100|[from] Sandstorm
|-damage|p2a: Joy|94/100|[from] Sandstorm
|-heal|p1a: Celebi|86/100|[from] item: Leftovers
|-heal|p2a: Joy|100/100|[from] item: Leftovers
|-damage|p2a: Joy|88/100|[from] Leech Seed|[of] p1a: Celebi
|-heal|p1a: Celebi|100/100|[silent]
|upkeep
|turn|26
|
|t:|1731186824
|switch|p1a: Starmie|Starmie|100/100
|switch|p2a: Sky baby|Jirachi|93/100
|
|-weather|Sandstorm|[upkeep]
|-damage|p1a: Starmie|94/100|[from] Sandstorm
|-heal|p1a: Starmie|100/100|[from] item: Leftovers
|-heal|p2a: Sky baby|99/100|[from] item: Leftovers
|upkeep
|turn|27
|
|t:|1731186834
|switch|p2a: Joy|Blissey, F|88/100
|move|p1a: Starmie|Thunder Wave|p2a: Joy
|-status|p2a: Joy|par
|
|-weather|Sandstorm|[upkeep]
|-damage|p1a: Starmie|94/100|[from] Sandstorm
|-damage|p2a: Joy|82/100 par|[from] Sandstorm
|-heal|p1a: Starmie|100/100|[from] item: Leftovers
|-heal|p2a: Joy|88/100 par|[from] item: Leftovers
|upkeep
|turn|28
|
|t:|1731186839
|switch|p1a: Tyranitar|Tyranitar, M|100/100
|move|p2a: Joy|Thunderbolt|p1a: Tyranitar
|-damage|p1a: Tyranitar|76/100
|-status|p1a: Tyranitar|par
|
|-weather|Sandstorm|[upkeep]
|-damage|p2a: Joy|82/100 par|[from] Sandstorm
|-heal|p2a: Joy|88/100 par|[from] item: Leftovers
|upkeep
|turn|29
|inactive|Just_Leonardo has 270 seconds left.
|
|t:|1731186884
|-singleturn|p1a: Tyranitar|move: Focus Punch
|-curestatus|p2a: Joy|par|[from] ability: Natural Cure
|switch|p2a: Drake|Salamence, M|100/100
|-ability|p2a: Drake|Intimidate|boost
|-unboost|p1a: Tyranitar|atk|1
|move|p1a: Tyranitar|Focus Punch|p2a: Drake
|-resisted|p2a: Drake
|-damage|p2a: Drake|66/100
|
|-weather|Sandstorm|[upkeep]
|-damage|p2a: Drake|60/100|[from] Sandstorm
|-heal|p2a: Drake|66/100|[from] item: Leftovers
|upkeep
|turn|30
|
|t:|1731186893
|switch|p1a: Starmie|Starmie|100/100
|move|p2a: Drake|Dragon Claw|p1a: Starmie
|-damage|p1a: Starmie|63/100
|
|-weather|Sandstorm|[upkeep]
|-damage|p2a: Drake|60/100|[from] Sandstorm
|-damage|p1a: Starmie|57/100|[from] Sandstorm
|-heal|p2a: Drake|66/100|[from] item: Leftovers
|-heal|p1a: Starmie|63/100|[from] item: Leftovers
|upkeep
|turn|31
|
|t:|1731186903
|switch|p2a: Terry|Tyranitar, M|100/100
|move|p1a: Starmie|Recover|p1a: Starmie
|-heal|p1a: Starmie|100/100
|
|-weather|Sandstorm|[upkeep]
|-damage|p1a: Starmie|94/100|[from] Sandstorm
|-heal|p1a: Starmie|100/100|[from] item: Leftovers
|upkeep
|turn|32
|
|t:|1731186920
|switch|p1a: Tyranitar|Tyranitar, M|76/100 par
|move|p2a: Terry|Crunch|p1a: Tyranitar
|-resisted|p1a: Tyranitar
|-damage|p1a: Tyranitar|57/100 par
|
|-weather|Sandstorm|[upkeep]
|upkeep
|turn|33
|inactive|Just_Leonardo has 240 seconds left.
|
|t:|1731186943
|switch|p2a: Giovanna|Forretress, F, shiny|100/100
|switch|p1a: Jirachi|Jirachi|100/100
|
|-weather|Sandstorm|[upkeep]
|upkeep
|turn|34
|inactive|Just_Leonardo has 240 seconds left.
|
|t:|1731186958
|switch|p2a: Axol|Swampert, M|81/100
|move|p1a: Jirachi|Fire Punch|p2a: Axol
|-resisted|p2a: Axol
|-damage|p2a: Axol|73/100
|
|-weather|Sandstorm|[upkeep]
|-heal|p2a: Axol|79/100|[from] item: Leftovers
|upkeep
|turn|35
|
|t:|1731186964
|move|p1a: Jirachi|Wish|p1a: Jirachi
|move|p2a: Axol|Surf|p1a: Jirachi
|-damage|p1a: Jirachi|76/100
|
|-weather|Sandstorm|[upkeep]
|-heal|p1a: Jirachi|83/100|[from] item: Leftovers
|-heal|p2a: Axol|86/100|[from] item: Leftovers
|upkeep
|turn|36
|
|t:|1731186983
|switch|p1a: Metagross|Metagross|49/100
|move|p2a: Axol|Surf|p1a: Metagross
|-damage|p1a: Metagross|16/100
|
|-heal|p1a: Metagross|66/100|[from] move: Wish|[wisher] Jirachi
|-weather|Sandstorm|[upkeep]
|-heal|p2a: Axol|92/100|[from] item: Leftovers
|upkeep
|turn|37
|
|t:|1731186990
|switch|p1a: Celebi|Celebi|100/100
|move|p2a: Axol|Protect||[still]
|-fail|p2a: Axol
|
|-weather|Sandstorm|[upkeep]
|-damage|p1a: Celebi|94/100|[from] Sandstorm
|-heal|p1a: Celebi|100/100|[from] item: Leftovers
|-heal|p2a: Axol|98/100|[from] item: Leftovers
|upkeep
|turn|38
|
|t:|1731186997
|move|p2a: Axol|Protect|p2a: Axol
|-singleturn|p2a: Axol|Protect
|move|p1a: Celebi|Psychic|p2a: Axol
|-activate|p2a: Axol|Protect
|
|-weather|Sandstorm|[upkeep]
|-damage|p1a: Celebi|94/100|[from] Sandstorm
|-heal|p1a: Celebi|100/100|[from] item: Leftovers
|-heal|p2a: Axol|100/100|[from] item: Leftovers
|upkeep
|turn|39
|inactive|Just_Leonardo has 270 seconds left.
|
|t:|1731187010
|switch|p1a: Starmie|Starmie|100/100
|switch|p2a: Sky baby|Jirachi|99/100
|
|-weather|Sandstorm|[upkeep]
|-damage|p1a: Starmie|94/100|[from] Sandstorm
|-heal|p1a: Starmie|100/100|[from] item: Leftovers
|-heal|p2a: Sky baby|100/100|[from] item: Leftovers
|upkeep
|turn|40
|
|t:|1731187015
|switch|p2a: Joy|Blissey, F|88/100
|move|p1a: Starmie|Surf|p2a: Joy
|-damage|p2a: Joy|75/100
|
|-weather|Sandstorm|[upkeep]
|-damage|p1a: Starmie|94/100|[from] Sandstorm
|-damage|p2a: Joy|69/100|[from] Sandstorm
|-heal|p1a: Starmie|100/100|[from] item: Leftovers
|-heal|p2a: Joy|75/100|[from] item: Leftovers
|upkeep
|turn|41
|
|t:|1731187021
|switch|p1a: Celebi|Celebi|100/100
|move|p2a: Joy|Thunderbolt|p1a: Celebi
|-resisted|p1a: Celebi
|-damage|p1a: Celebi|93/100
|
|-weather|Sandstorm|[upkeep]
|-damage|p1a: Celebi|87/100|[from] Sandstorm
|-damage|p2a: Joy|69/100|[from] Sandstorm
|-heal|p1a: Celebi|93/100|[from] item: Leftovers
|-heal|p2a: Joy|75/100|[from] item: Leftovers
|upkeep
|turn|42
|
|t:|1731187026
|switch|p1a: Starmie|Starmie|100/100
|move|p2a: Joy|Thunderbolt|p1a: Starmie
|-supereffective|p1a: Starmie
|-damage|p1a: Starmie|54/100
|
|-weather|Sandstorm|[upkeep]
|-damage|p1a: Starmie|48/100|[from] Sandstorm
|-damage|p2a: Joy|69/100|[from] Sandstorm
|-heal|p1a: Starmie|54/100|[from] item: Leftovers
|-heal|p2a: Joy|75/100|[from] item: Leftovers
|upkeep
|turn|43
|
|t:|1731187032
|switch|p1a: Celebi|Celebi|93/100
|move|p2a: Joy|Calm Mind|p2a: Joy
|-boost|p2a: Joy|spa|1
|-boost|p2a: Joy|spd|1
|
|-weather|Sandstorm|[upkeep]
|-damage|p1a: Celebi|87/100|[from] Sandstorm
|-damage|p2a: Joy|69/100|[from] Sandstorm
|-heal|p1a: Celebi|93/100|[from] item: Leftovers
|-heal|p2a: Joy|75/100|[from] item: Leftovers
|upkeep
|turn|44
|
|t:|1731187036
|move|p1a: Celebi|Leech Seed|p2a: Joy
|-start|p2a: Joy|move: Leech Seed
|move|p2a: Joy|Ice Beam|p1a: Celebi
|-supereffective|p1a: Celebi
|-damage|p1a: Celebi|48/100
|-status|p1a: Celebi|frz
|
|-weather|Sandstorm|[upkeep]
|-damage|p1a: Celebi|42/100 frz|[from] Sandstorm
|-damage|p2a: Joy|69/100|[from] Sandstorm
|-heal|p1a: Celebi|48/100 frz|[from] item: Leftovers
|-heal|p2a: Joy|75/100|[from] item: Leftovers
|-damage|p2a: Joy|62/100|[from] Leech Seed|[of] p1a: Celebi
|-heal|p1a: Celebi|68/100 frz|[silent]
|upkeep
|turn|45
|
|t:|1731187040
|-curestatus|p1a: Celebi|frz|[from] ability: Natural Cure
|switch|p1a: Jirachi|Jirachi|83/100
|switch|p2a: Drake|Salamence, M|66/100
|-ability|p2a: Drake|Intimidate|boost
|-unboost|p1a: Jirachi|atk|1
|
|-weather|Sandstorm|[upkeep]
|-damage|p2a: Drake|60/100|[from] Sandstorm
|-heal|p2a: Drake|66/100|[from] item: Leftovers
|-heal|p1a: Jirachi|89/100|[from] item: Leftovers
|upkeep
|turn|46
|inactive|Just_Leonardo has 270 seconds left.
|
|t:|1731187090
|switch|p2a: Terry|Tyranitar, M|100/100
|move|p1a: Jirachi|Fire Punch|p2a: Terry
|-resisted|p2a: Terry
|-damage|p2a: Terry|94/100
|
|-weather|Sandstorm|[upkeep]
|-heal|p1a: Jirachi|95/100|[from] item: Leftovers
|-heal|p2a: Terry|99/100|[from] item: Leftovers
|upkeep
|turn|47
|
|t:|1731187101
|move|p1a: Jirachi|Protect|p1a: Jirachi
|-singleturn|p1a: Jirachi|Protect
|move|p2a: Terry|Fire Blast|p1a: Jirachi
|-activate|p1a: Jirachi|Protect
|
|-weather|Sandstorm|[upkeep]
|-heal|p1a: Jirachi|100/100|[from] item: Leftovers
|-heal|p2a: Terry|100/100|[from] item: Leftovers
|upkeep
|turn|48
|
|t:|1731187110
|move|p1a: Jirachi|Wish|p1a: Jirachi
|move|p2a: Terry|Crunch|p1a: Jirachi
|-damage|p1a: Jirachi|70/100
|
|-weather|Sandstorm|[upkeep]
|-heal|p1a: Jirachi|76/100|[from] item: Leftovers
|upkeep
|turn|49
|
|t:|1731187114
|move|p1a: Jirachi|Fire Punch|p2a: Terry
|-resisted|p2a: Terry
|-damage|p2a: Terry|93/100
|move|p2a: Terry|Roar|p1a: Jirachi
|drag|p1a: Tyranitar|Tyranitar, M|57/100 par
|
|-heal|p1a: Tyranitar|100/100 par|[from] move: Wish|[wisher] Jirachi
|-weather|Sandstorm|[upkeep]
|-heal|p2a: Terry|99/100|[from] item: Leftovers
|upkeep
|turn|50
|inactive|Just_Leonardo has 270 seconds left.
|
|t:|1731187168
|switch|p2a: Giovanna|Forretress, F, shiny|100/100
|move|p1a: Tyranitar|Earthquake|p2a: Giovanna
|-damage|p2a: Giovanna|57/100
|
|-weather|Sandstorm|[upkeep]
|-heal|p2a: Giovanna|63/100|[from] item: Leftovers
|upkeep
|turn|51
|
|t:|1731187183
|switch|p1a: Jirachi|Jirachi|76/100
|move|p2a: Giovanna|Spikes|p1a: Jirachi
|-sidestart|p1: garhamsandich|Spikes
|
|-weather|Sandstorm|[upkeep]
|-heal|p1a: Jirachi|82/100|[from] item: Leftovers
|-heal|p2a: Giovanna|69/100|[from] item: Leftovers
|upkeep
|turn|52
|
|t:|1731187197
|switch|p2a: Terry|Tyranitar, M|99/100
|move|p1a: Jirachi|Wish|p1a: Jirachi
|
|-weather|Sandstorm|[upkeep]
|-heal|p1a: Jirachi|88/100|[from] item: Leftovers
|-heal|p2a: Terry|100/100|[from] item: Leftovers
|upkeep
|turn|53
|
|t:|1731187201
|move|p1a: Jirachi|Fire Punch|p2a: Terry
|-resisted|p2a: Terry
|-damage|p2a: Terry|93/100
|-status|p2a: Terry|brn
|move|p2a: Terry|Fire Blast|p1a: Jirachi
|-supereffective|p1a: Jirachi
|-damage|p1a: Jirachi|22/100
|
|-heal|p1a: Jirachi|72/100|[from] move: Wish|[wisher] Jirachi
|-weather|Sandstorm|[upkeep]
|-heal|p1a: Jirachi|78/100|[from] item: Leftovers
|-heal|p2a: Terry|99/100 brn|[from] item: Leftovers
|-damage|p2a: Terry|87/100 brn|[from] brn
|upkeep
|turn|54
|
|t:|1731187214
|move|p1a: Jirachi|Wish|p1a: Jirachi
|move|p2a: Terry|Roar|p1a: Jirachi
|drag|p1a: Salamence|Salamence, F|100/100
|-ability|p1a: Salamence|Intimidate|boost
|-unboost|p2a: Terry|atk|1
|
|-weather|Sandstorm|[upkeep]
|-damage|p1a: Salamence|94/100|[from] Sandstorm
|-heal|p1a: Salamence|100/100|[from] item: Leftovers
|-heal|p2a: Terry|93/100 brn|[from] item: Leftovers
|-damage|p2a: Terry|81/100 brn|[from] brn
|upkeep
|turn|55
|
|t:|1731187229
|move|p1a: Salamence|Wish||[still]
|-fail|p1a: Salamence
|move|p2a: Terry|Roar|p1a: Salamence
|drag|p1a: Celebi|Celebi|68/100
|-damage|p1a: Celebi|56/100|[from] Spikes
|
|-heal|p1a: Celebi|100/100|[from] move: Wish|[wisher] Jirachi
|-weather|Sandstorm|[upkeep]
|-damage|p1a: Celebi|94/100|[from] Sandstorm
|-heal|p1a: Celebi|100/100|[from] item: Leftovers
|-heal|p2a: Terry|87/100 brn|[from] item: Leftovers
|-damage|p2a: Terry|75/100 brn|[from] brn
|upkeep
|turn|56
|c|☆garhamsandich|serene grace burn on that thang 
|
|t:|1731187244
|switch|p2a: Drake|Salamence, M|66/100
|-ability|p2a: Drake|Intimidate|boost
|-unboost|p1a: Celebi|atk|1
|move|p1a: Celebi|Leech Seed|p2a: Drake
|-start|p2a: Drake|move: Leech Seed
|
|-weather|Sandstorm|[upkeep]
|-damage|p2a: Drake|60/100|[from] Sandstorm
|-damage|p1a: Celebi|94/100|[from] Sandstorm
|-heal|p2a: Drake|66/100|[from] item: Leftovers
|-damage|p2a: Drake|54/100|[from] Leech Seed|[of] p1a: Celebi
|-heal|p1a: Celebi|100/100|[silent]
|upkeep
|turn|57
|
|t:|1731187260
|move|p2a: Drake|Fire Blast|p1a: Celebi
|-supereffective|p1a: Celebi
|-damage|p1a: Celebi|55/100
|move|p1a: Celebi|Psychic|p2a: Drake
|-damage|p2a: Drake|12/100
|
|-weather|Sandstorm|[upkeep]
|-damage|p2a: Drake|6/100|[from] Sandstorm
|-damage|p1a: Celebi|49/100|[from] Sandstorm
|-heal|p2a: Drake|12/100|[from] item: Leftovers
|-damage|p2a: Drake|0 fnt|[from] Leech Seed|[of] p1a: Celebi
|-heal|p1a: Celebi|59/100|[silent]
|faint|p2a: Drake
|-heal|p1a: Celebi|65/100|[from] item: Leftovers
|upkeep
|inactive|Just_Leonardo has 240 seconds left.
|inactive|Just_Leonardo has 210 seconds left.
|inactive|Just_Leonardo has 180 seconds left.
|inactive|Just_Leonardo has 150 seconds left.
|
|t:|1731187374
|switch|p2a: Terry|Tyranitar, M|75/100 brn
|turn|58
|
|t:|1731187377
|move|p1a: Celebi|Recover|p1a: Celebi
|-heal|p1a: Celebi|100/100
|move|p2a: Terry|Crunch|p1a: Celebi
|-supereffective|p1a: Celebi
|-damage|p1a: Celebi|54/100
|-unboost|p1a: Celebi|spd|1
|
|-weather|Sandstorm|[upkeep]
|-damage|p1a: Celebi|48/100|[from] Sandstorm
|-heal|p1a: Celebi|54/100|[from] item: Leftovers
|-heal|p2a: Terry|81/100 brn|[from] item: Leftovers
|-damage|p2a: Terry|68/100 brn|[from] brn
|upkeep
|turn|59
|inactive|Just_Leonardo has 150 seconds left.
|
|t:|1731187397
|-activate|p1a: Celebi|move: Pursuit
|move|p2a: Terry|Pursuit|p1a: Celebi|[from]Pursuit
|-supereffective|p1a: Celebi
|-damage|p1a: Celebi|0 fnt
|faint|p1a: Celebi
|-hint|Previously chosen switches continue in Gen 2-4 after a Pursuit target faints.
|switch|p1a: Salamence|Salamence, F|100/100
|-ability|p1a: Salamence|Intimidate|boost
|-unboost|p2a: Terry|atk|1
|
|-weather|Sandstorm|[upkeep]
|-damage|p1a: Salamence|94/100|[from] Sandstorm
|-heal|p1a: Salamence|100/100|[from] item: Leftovers
|-heal|p2a: Terry|75/100 brn|[from] item: Leftovers
|-damage|p2a: Terry|62/100 brn|[from] brn
|upkeep
|turn|60
|
|t:|1731187404
|switch|p2a: Joy|Blissey, F|62/100
|move|p1a: Salamence|Wish|p1a: Salamence
|
|-weather|Sandstorm|[upkeep]
|-damage|p1a: Salamence|94/100|[from] Sandstorm
|-damage|p2a: Joy|56/100|[from] Sandstorm
|-heal|p1a: Salamence|100/100|[from] item: Leftovers
|-heal|p2a: Joy|62/100|[from] item: Leftovers
|upkeep
|turn|61
|
|t:|1731187409
|switch|p1a: Metagross|Metagross|66/100
|-damage|p1a: Metagross|54/100|[from] Spikes
|move|p2a: Joy|Soft-Boiled|p2a: Joy
|-heal|p2a: Joy|100/100
|
|-heal|p1a: Metagross|100/100|[from] move: Wish|[wisher] Salamence
|-weather|Sandstorm|[upkeep]
|-damage|p2a: Joy|94/100|[from] Sandstorm
|-heal|p2a: Joy|100/100|[from] item: Leftovers
|upkeep
|turn|62
|
|t:|1731187426
|switch|p2a: Giovanna|Forretress, F, shiny|69/100
|move|p1a: Metagross|Earthquake|p2a: Giovanna
|-damage|p2a: Giovanna|27/100
|
|-weather|Sandstorm|[upkeep]
|-heal|p2a: Giovanna|34/100|[from] item: Leftovers
|upkeep
|turn|63
|
|t:|1731187431
|switch|p2a: Axol|Swampert, M|100/100
|move|p1a: Metagross|Earthquake|p2a: Axol
|-damage|p2a: Axol|59/100
|
|-weather|Sandstorm|[upkeep]
|-heal|p2a: Axol|66/100|[from] item: Leftovers
|upkeep
|turn|64
|
|t:|1731187443
|switch|p1a: Jirachi|Jirachi|78/100
|-damage|p1a: Jirachi|66/100|[from] Spikes
|move|p2a: Axol|Protect||[still]
|-fail|p2a: Axol
|
|-weather|Sandstorm|[upkeep]
|-heal|p1a: Jirachi|72/100|[from] item: Leftovers
|-heal|p2a: Axol|72/100|[from] item: Leftovers
|upkeep
|turn|65
|
|t:|1731187448
|move|p1a: Jirachi|Wish|p1a: Jirachi
|move|p2a: Axol|Surf|p1a: Jirachi
|-damage|p1a: Jirachi|47/100
|
|-weather|Sandstorm|[upkeep]
|-heal|p1a: Jirachi|53/100|[from] item: Leftovers
|-heal|p2a: Axol|78/100|[from] item: Leftovers
|upkeep
|turn|66
|
|t:|1731187453
|switch|p1a: Starmie|Starmie|54/100
|-damage|p1a: Starmie|42/100|[from] Spikes
|move|p2a: Axol|Surf|p1a: Starmie
|-resisted|p1a: Starmie
|-damage|p1a: Starmie|29/100
|
|-heal|p1a: Starmie|79/100|[from] move: Wish|[wisher] Jirachi
|-weather|Sandstorm|[upkeep]
|-damage|p1a: Starmie|73/100|[from] Sandstorm
|-heal|p1a: Starmie|79/100|[from] item: Leftovers
|-heal|p2a: Axol|84/100|[from] item: Leftovers
|upkeep
|turn|67
|
|t:|1731187457
|move|p2a: Axol|Protect|p2a: Axol
|-singleturn|p2a: Axol|Protect
|move|p1a: Starmie|Rapid Spin|p2a: Axol
|-activate|p2a: Axol|Protect
|
|-weather|Sandstorm|[upkeep]
|-damage|p1a: Starmie|73/100|[from] Sandstorm
|-heal|p1a: Starmie|79/100|[from] item: Leftovers
|-heal|p2a: Axol|90/100|[from] item: Leftovers
|upkeep
|turn|68
|
|t:|1731187464
|move|p1a: Starmie|Rapid Spin|p2a: Axol
|-damage|p2a: Axol|88/100
|-sideend|p1: garhamsandich|Spikes|[from] move: Rapid Spin|[of] p1a: Starmie
|move|p2a: Axol|Toxic|p1a: Starmie|[miss]
|-miss|p2a: Axol|p1a: Starmie
|
|-weather|Sandstorm|[upkeep]
|-damage|p1a: Starmie|73/100|[from] Sandstorm
|-heal|p1a: Starmie|79/100|[from] item: Leftovers
|-heal|p2a: Axol|94/100|[from] item: Leftovers
|upkeep
|turn|69
|
|t:|1731187467
|switch|p1a: Jirachi|Jirachi|53/100
|move|p2a: Axol|Protect||[still]
|-fail|p2a: Axol
|
|-weather|Sandstorm|[upkeep]
|-heal|p1a: Jirachi|59/100|[from] item: Leftovers
|-heal|p2a: Axol|99/100|[from] item: Leftovers
|upkeep
|turn|70
|
|t:|1731187471
|move|p1a: Jirachi|Wish|p1a: Jirachi
|move|p2a: Axol|Surf|p1a: Jirachi
|-damage|p1a: Jirachi|34/100
|
|-weather|Sandstorm|[upkeep]
|-heal|p1a: Jirachi|41/100|[from] item: Leftovers
|-heal|p2a: Axol|100/100|[from] item: Leftovers
|upkeep
|turn|71
|
|t:|1731187483
|move|p1a: Jirachi|Body Slam|p2a: Axol
|-damage|p2a: Axol|89/100
|-status|p2a: Axol|par
|move|p2a: Axol|Refresh|p2a: Axol
|-curestatus|p2a: Axol|par|[msg]
|
|-heal|p1a: Jirachi|91/100|[from] move: Wish|[wisher] Jirachi
|-weather|Sandstorm|[upkeep]
|-heal|p1a: Jirachi|97/100|[from] item: Leftovers
|-heal|p2a: Axol|96/100|[from] item: Leftovers
|upkeep
|turn|72
|
|t:|1731187493
|switch|p1a: Starmie|Starmie|79/100
|move|p2a: Axol|Surf|p1a: Starmie
|-resisted|p1a: Starmie
|-damage|p1a: Starmie|66/100
|
|-weather|Sandstorm|[upkeep]
|-damage|p1a: Starmie|59/100|[from] Sandstorm
|-heal|p1a: Starmie|66/100|[from] item: Leftovers
|-heal|p2a: Axol|100/100|[from] item: Leftovers
|upkeep
|turn|73
|
|t:|1731187496
|switch|p2a: Joy|Blissey, F|100/100
|move|p1a: Starmie|Recover|p1a: Starmie
|-heal|p1a: Starmie|100/100
|
|-weather|Sandstorm|[upkeep]
|-damage|p1a: Starmie|94/100|[from] Sandstorm
|-damage|p2a: Joy|94/100|[from] Sandstorm
|-heal|p1a: Starmie|100/100|[from] item: Leftovers
|-heal|p2a: Joy|100/100|[from] item: Leftovers
|upkeep
|turn|74
|inactive|Just_Leonardo has 240 seconds left.
|
|t:|1731187510
|switch|p1a: Tyranitar|Tyranitar, M|100/100 par
|move|p2a: Joy|Thunderbolt|p1a: Tyranitar
|-damage|p1a: Tyranitar|76/100 par
|
|-weather|Sandstorm|[upkeep]
|-damage|p2a: Joy|94/100|[from] Sandstorm
|-heal|p2a: Joy|100/100|[from] item: Leftovers
|upkeep
|turn|75
|inactive|Just_Leonardo has 240 seconds left.
|
|t:|1731187534
|switch|p2a: Terry|Tyranitar, M|62/100 brn
|move|p1a: Tyranitar|Earthquake|p2a: Terry
|-supereffective|p2a: Terry
|-damage|p2a: Terry|0 fnt
|faint|p2a: Terry
|
|t:|1731187537
|switch|p2a: Axol|Swampert, M|100/100
|
|-weather|Sandstorm|[upkeep]
|upkeep
|turn|76
|
|t:|1731187541
|switch|p1a: Starmie|Starmie|100/100
|move|p2a: Axol|Surf|p1a: Starmie
|-resisted|p1a: Starmie
|-damage|p1a: Starmie|87/100
|
|-weather|Sandstorm|[upkeep]
|-damage|p1a: Starmie|81/100|[from] Sandstorm
|-heal|p1a: Starmie|87/100|[from] item: Leftovers
|upkeep
|turn|77
|
|t:|1731187545
|switch|p2a: Joy|Blissey, F|100/100
|move|p1a: Starmie|Surf|p2a: Joy
|-damage|p2a: Joy|87/100
|
|-weather|Sandstorm|[upkeep]
|-damage|p1a: Starmie|81/100|[from] Sandstorm
|-damage|p2a: Joy|81/100|[from] Sandstorm
|-heal|p1a: Starmie|87/100|[from] item: Leftovers
|-heal|p2a: Joy|87/100|[from] item: Leftovers
|upkeep
|turn|78
|
|t:|1731187549
|switch|p1a: Tyranitar|Tyranitar, M|76/100 par
|move|p2a: Joy|Thunderbolt|p1a: Tyranitar
|-damage|p1a: Tyranitar|51/100 par
|
|-weather|Sandstorm|[upkeep]
|-damage|p2a: Joy|81/100|[from] Sandstorm
|-heal|p2a: Joy|87/100|[from] item: Leftovers
|upkeep
|turn|79
|
|t:|1731187556
|move|p2a: Joy|Thunderbolt|p1a: Tyranitar
|-damage|p1a: Tyranitar|27/100 par
|move|p1a: Tyranitar|Rock Slide|p2a: Joy|[miss]
|-miss|p1a: Tyranitar|p2a: Joy
|
|-weather|Sandstorm|[upkeep]
|-damage|p2a: Joy|81/100|[from] Sandstorm
|-heal|p2a: Joy|87/100|[from] item: Leftovers
|upkeep
|turn|80
|inactive|Just_Leonardo has 270 seconds left.
|
|t:|1731187564
|switch|p2a: Sky baby|Jirachi|100/100
|switch|p1a: Metagross|Metagross|100/100
|
|-weather|Sandstorm|[upkeep]
|upkeep
|turn|81
|
|t:|1731187572
|switch|p1a: Jirachi|Jirachi|97/100
|move|p2a: Sky baby|Protect||[still]
|-fail|p2a: Sky baby
|
|-weather|Sandstorm|[upkeep]
|-heal|p1a: Jirachi|100/100|[from] item: Leftovers
|upkeep
|turn|82
|
|t:|1731187574
|move|p2a: Sky baby|Fire Punch|p1a: Jirachi
|-supereffective|p1a: Jirachi
|-damage|p1a: Jirachi|71/100
|move|p1a: Jirachi|Wish|p1a: Jirachi
|
|-weather|Sandstorm|[upkeep]
|-heal|p1a: Jirachi|77/100|[from] item: Leftovers
|upkeep
|turn|83
|
|t:|1731187579
|switch|p1a: Tyranitar|Tyranitar, M|27/100 par
|move|p2a: Sky baby|Wish|p2a: Sky baby
|
|-heal|p1a: Tyranitar|77/100 par|[from] move: Wish|[wisher] Jirachi
|-weather|Sandstorm|[upkeep]
|upkeep
|turn|84
|
|t:|1731187584
|switch|p2a: Axol|Swampert, M|100/100
|move|p1a: Tyranitar|Earthquake|p2a: Axol
|-damage|p2a: Axol|57/100
|
|-heal|p2a: Axol|100/100|[from] move: Wish|[wisher] Sky baby
|-weather|Sandstorm|[upkeep]
|upkeep
|turn|85
|
|t:|1731187592
|switch|p1a: Starmie|Starmie|87/100
|move|p2a: Axol|Toxic|p1a: Starmie
|-status|p1a: Starmie|tox
|
|-weather|Sandstorm|[upkeep]
|-damage|p1a: Starmie|81/100 tox|[from] Sandstorm
|-heal|p1a: Starmie|87/100 tox|[from] item: Leftovers
|-damage|p1a: Starmie|81/100 tox|[from] psn
|upkeep
|turn|86
|
|t:|1731187597
|-curestatus|p1a: Starmie|tox|[from] ability: Natural Cure
|switch|p1a: Jirachi|Jirachi|77/100
|move|p2a: Axol|Surf|p1a: Jirachi
|-crit|p1a: Jirachi
|-damage|p1a: Jirachi|27/100
|
|-weather|Sandstorm|[upkeep]
|-heal|p1a: Jirachi|33/100|[from] item: Leftovers
|upkeep
|turn|87
|
|t:|1731187602
|move|p1a: Jirachi|Wish|p1a: Jirachi
|move|p2a: Axol|Surf|p1a: Jirachi
|-damage|p1a: Jirachi|8/100
|
|-weather|Sandstorm|[upkeep]
|-heal|p1a: Jirachi|14/100|[from] item: Leftovers
|upkeep
|turn|88
|
|t:|1731187605
|switch|p2a: Sky baby|Jirachi|100/100
|move|p1a: Jirachi|Protect||[still]
|-fail|p1a: Jirachi
|
|-heal|p1a: Jirachi|64/100|[from] move: Wish|[wisher] Jirachi
|-weather|Sandstorm|[upkeep]
|-heal|p1a: Jirachi|70/100|[from] item: Leftovers
|upkeep
|turn|89
|
|t:|1731187616
|move|p2a: Sky baby|Fire Punch|p1a: Jirachi
|-supereffective|p1a: Jirachi
|-damage|p1a: Jirachi|43/100
|-status|p1a: Jirachi|brn
|move|p1a: Jirachi|Fire Punch|p2a: Sky baby
|-supereffective|p2a: Sky baby
|-damage|p2a: Sky baby|71/100
|
|-weather|Sandstorm|[upkeep]
|-heal|p2a: Sky baby|78/100|[from] item: Leftovers
|-heal|p1a: Jirachi|49/100 brn|[from] item: Leftovers
|-damage|p1a: Jirachi|36/100 brn|[from] brn
|upkeep
|turn|90
|
|t:|1731187633
|switch|p1a: Starmie|Starmie|81/100
|move|p2a: Sky baby|Wish|p2a: Sky baby
|
|-weather|Sandstorm|[upkeep]
|-damage|p1a: Starmie|75/100|[from] Sandstorm
|-heal|p1a: Starmie|81/100|[from] item: Leftovers
|-heal|p2a: Sky baby|84/100|[from] item: Leftovers
|upkeep
|turn|91
|
|t:|1731187652
|switch|p2a: Joy|Blissey, F|87/100
|move|p1a: Starmie|Recover|p1a: Starmie
|-heal|p1a: Starmie|100/100
|
|-heal|p2a: Joy|100/100|[from] move: Wish|[wisher] Sky baby
|-weather|Sandstorm|[upkeep]
|-damage|p1a: Starmie|94/100|[from] Sandstorm
|-damage|p2a: Joy|94/100|[from] Sandstorm
|-heal|p1a: Starmie|100/100|[from] item: Leftovers
|-heal|p2a: Joy|100/100|[from] item: Leftovers
|upkeep
|turn|92
|
|t:|1731187659
|switch|p1a: Tyranitar|Tyranitar, M|77/100 par
|move|p2a: Joy|Thunderbolt|p1a: Tyranitar
|-damage|p1a: Tyranitar|52/100 par
|
|-weather|Sandstorm|[upkeep]
|-damage|p2a: Joy|94/100|[from] Sandstorm
|-heal|p2a: Joy|100/100|[from] item: Leftovers
|upkeep
|turn|93
|
|t:|1731187680
|-singleturn|p1a: Tyranitar|move: Focus Punch
|switch|p2a: Giovanna|Forretress, F, shiny|34/100
|move|p1a: Tyranitar|Focus Punch|p2a: Giovanna
|-damage|p2a: Giovanna|0 fnt
|faint|p2a: Giovanna
|
|t:|1731187682
|switch|p2a: Axol|Swampert, M|100/100
|
|-weather|Sandstorm|[upkeep]
|upkeep
|turn|94
|
|t:|1731187689
|switch|p1a: Starmie|Starmie|100/100
|move|p2a: Axol|Surf|p1a: Starmie
|-resisted|p1a: Starmie
|-damage|p1a: Starmie|87/100
|
|-weather|Sandstorm|[upkeep]
|-damage|p1a: Starmie|80/100|[from] Sandstorm
|-heal|p1a: Starmie|87/100|[from] item: Leftovers
|upkeep
|turn|95
|
|t:|1731187696
|switch|p2a: Joy|Blissey, F|100/100
|move|p1a: Starmie|Surf|p2a: Joy
|-damage|p2a: Joy|88/100
|
|-weather|Sandstorm|[upkeep]
|-damage|p1a: Starmie|80/100|[from] Sandstorm
|-damage|p2a: Joy|82/100|[from] Sandstorm
|-heal|p1a: Starmie|87/100|[from] item: Leftovers
|-heal|p2a: Joy|88/100|[from] item: Leftovers
|upkeep
|turn|96
|
|t:|1731187699
|switch|p1a: Metagross|Metagross|100/100
|switch|p2a: Axol|Swampert, M|100/100
|
|-weather|Sandstorm|[upkeep]
|upkeep
|turn|97
|
|t:|1731187702
|switch|p1a: Starmie|Starmie|87/100
|move|p2a: Axol|Protect||[still]
|-fail|p2a: Axol
|
|-weather|Sandstorm|[upkeep]
|-damage|p1a: Starmie|80/100|[from] Sandstorm
|-heal|p1a: Starmie|87/100|[from] item: Leftovers
|upkeep
|turn|98
|
|t:|1731187708
|switch|p2a: Joy|Blissey, F|88/100
|move|p1a: Starmie|Thunder Wave|p2a: Joy
|-status|p2a: Joy|par
|
|-weather|Sandstorm|[upkeep]
|-damage|p1a: Starmie|80/100|[from] Sandstorm
|-damage|p2a: Joy|82/100 par|[from] Sandstorm
|-heal|p1a: Starmie|87/100|[from] item: Leftovers
|-heal|p2a: Joy|88/100 par|[from] item: Leftovers
|upkeep
|turn|99
|
|t:|1731187711
|switch|p1a: Metagross|Metagross|100/100
|move|p2a: Joy|Thunderbolt|p1a: Metagross
|-damage|p1a: Metagross|71/100
|
|-weather|Sandstorm|[upkeep]
|-damage|p2a: Joy|82/100 par|[from] Sandstorm
|-heal|p2a: Joy|88/100 par|[from] item: Leftovers
|upkeep
|turn|100
|
|t:|1731187727
|move|p1a: Metagross|Earthquake|p2a: Joy
|-damage|p2a: Joy|25/100 par
|cant|p2a: Joy|par
|
|-weather|Sandstorm|[upkeep]
|-damage|p2a: Joy|19/100 par|[from] Sandstorm
|-heal|p2a: Joy|25/100 par|[from] item: Leftovers
|upkeep
|turn|101
|
|t:|1731187731
|move|p1a: Metagross|Earthquake|p2a: Joy
|-damage|p2a: Joy|0 fnt
|faint|p2a: Joy
|
|t:|1731187733
|switch|p2a: Axol|Swampert, M|100/100
|
|-weather|Sandstorm|[upkeep]
|upkeep
|turn|102
|c|☆Just_Leonardo|gg
|-message|Just_Leonardo forfeited.
|
|win|garhamsandich
|player|p2|

</script>
<script type="application/json" class="data" id="replaydata-smogtours-gen3ou-805562">
{"id":"smogtours-gen3ou-805562","format":"[Gen 3] OU","players":["garhamsandich","Just_Leonardo"],"uploadtime":1731187748,"views":25,"formatid":"gen3ou","rating":null,"private":0,"password":null}
</script>

<script defer src="js/replays.js?9d40a366"></script>
