<!DOCTYPE html>
<meta charset="utf-8" />
<meta name="viewport" content="width=device-width" />

<title>[Gen 3] OU: ccczzx vs. Dhrabb - Replays - Pok&eacute;mon Showdown!</title>

<meta name="description" content="Watch a replay of a Pok&eacute;mon battle between ccczzx and Dhrabb! Format: [Gen 3] OU; Date: Oct 18, 2024" />
<!--

Hey, you! Looking in the source for the replay log?

You can find them in JSON format, just add `.json` at the end of a replay URL.

https://replay.pokemonshowdown.com/gen7randomdoublesbattle-865046831.json

Or, if you only need the log itself, add `.log` instead:

https://replay.pokemonshowdown.com/gen7randomdoublesbattle-865046831.log

-->

<link rel="stylesheet" href="//pokemonshowdown.com/style/global.css?0.023195364461161105" />
<link rel="stylesheet" href="//play.pokemonshowdown.com/style/font-awesome.css?0.13261647063804238" />
<link rel="stylesheet" href="//play.pokemonshowdown.com/style/battle.css?0.8753245789963631" />
<link rel="stylesheet" href="//play.pokemonshowdown.com/style/utilichart.css?0.8627959624976733" />

<!-- Global site tag (gtag.js) - Google Analytics -->
<script async src="https://www.googletagmanager.com/gtag/js?id=UA-26211653-1"></script>
<script>
  window.dataLayer = window.dataLayer || [];
  function gtag(){dataLayer.push(arguments);}
  gtag('js', new Date());

  gtag('config', 'UA-26211653-1');
</script>
<!-- End Google Analytics -->
<!-- Venatus Ad Manager - Install in <HEAD> of page -->
	<script src="https://hb.vntsm.com/v3/live/ad-manager.min.js" type="text/javascript" data-site-id="642aba63ec9a7b11c3c9c1be" data-mode="scan" async></script>
<!-- / Venatus Ad Manager -->

<style>
	@media (max-width:820px) {
		.battle {
			margin: 0 auto;
		}
		.battle-log {
			margin: 7px auto 0;
			max-width: 640px;
			height: 300px;
			position: static;
		}
	}
	.optgroup {
		display: inline-block;
		line-height: 22px;
		font-size: 10pt;
	}
	.optgroup .button {
		height: 25px;
		padding-top: 0;
		padding-bottom: 0;
	}
	.optgroup button.button {
		padding-left: 12px;
		padding-right: 12px;
	}
	.linklist {
		list-style: none;
		margin: 0.5em 0;
		padding: 0;
	}
	.linklist li {
		padding: 2px 0;
	}
	.sidebar {
		float: left;
		width: 320px;
	}
	.bar-wrapper {
		max-width: 1100px;
		margin: 0 auto;
	}
	.bar-wrapper.has-sidebar {
		max-width: 1430px;
	}
	.mainbar {
		margin: 0;
		padding-right: 1px;
	}
	.mainbar.has-sidebar {
		margin-left: 330px;
	}
	@media (min-width: 1511px) {
		.sidebar {
			width: 400px;
		}
		.bar-wrapper.has-sidebar {
			max-width: 1510px;
		}
		.mainbar.has-sidebar {
			margin-left: 410px;
		}
	}
	.section.first-section {
		margin-top: 9px;
	}
	.blocklink small {
		white-space: normal;
	}
	.button {
		vertical-align: middle;
	}
	.replay-controls {
		padding-top: 10px;
	}
	.replay-controls h1 {
		font-size: 16pt;
		font-weight: normal;
		color: #CCC;
	}
	.pagelink {
		text-align: center;
	}
	.pagelink a {
		width: 150px;
	}
	.textbox, .button {
		font-size: 11pt;
		vertical-align: middle;
	}
	@media (max-width: 450px) {
		.button {
			font-size: 9pt;
		}
	}
</style>

<div>

	<header>
		<div class="nav-wrapper"><ul class="nav">
			<li><a class="button nav-first" href="//pokemonshowdown.com/"><img src="//pokemonshowdown.com/images/pokemonshowdownbeta.png" srcset="//pokemonshowdown.com/images/pokemonshowdownbeta.png 1x, //pokemonshowdown.com/images/pokemonshowdownbeta@2x.png 2x" alt="Pok&eacute;mon Showdown" width="146" height="44" /> Home</a></li>
			<li><a class="button" href="//pokemonshowdown.com/dex/">Pok&eacute;dex</a></li>
			<li><a class="button cur" href="/">Replays</a></li>
			<li><a class="button" href="//pokemonshowdown.com/ladder/">Ladder</a></li>
			<li><a class="button nav-last" href="//pokemonshowdown.com/forums/">Forum</a></li>
			<li><a class="button greenbutton nav-first nav-last" href="//play.pokemonshowdown.com/">Play</a></li>
		</ul></div>
	</header>

	<div class="main" id="main">

		<noscript><section class="section">You need to enable JavaScript to use this page; sorry!</section></noscript>

	</div>

</div>

<script defer nomodule src="//play.pokemonshowdown.com/js/lib/ps-polyfill.js"></script>
<script defer src="//play.pokemonshowdown.com/js/lib/preact.min.js"></script>

<script defer src="//play.pokemonshowdown.com/config/config.js?2bddbc15"></script>
<script defer src="//play.pokemonshowdown.com/js/lib/jquery-1.11.0.min.js"></script>
<script defer src="//play.pokemonshowdown.com/js/lib/html-sanitizer-minified.js"></script>
<script defer src="//play.pokemonshowdown.com/js/battle-sound.js"></script>
<script defer src="//play.pokemonshowdown.com/js/battledata.js?0.7209276989879541"></script>
<script defer src="//play.pokemonshowdown.com/data/pokedex-mini.js?0.6111056340867951"></script>
<script defer src="//play.pokemonshowdown.com/data/pokedex-mini-bw.js?0.3532142036491459"></script>
<script defer src="//play.pokemonshowdown.com/data/graphics.js?0.24223875632456182"></script>
<script defer src="//play.pokemonshowdown.com/data/pokedex.js?0.38839984266356864"></script>
<script defer src="//play.pokemonshowdown.com/data/moves.js?0.21866028504024015"></script>
<script defer src="//play.pokemonshowdown.com/data/abilities.js?0.2005157953846628"></script>
<script defer src="//play.pokemonshowdown.com/data/items.js?0.9894211263848525"></script>
<script defer src="//play.pokemonshowdown.com/data/teambuilder-tables.js?0.6008791140282215"></script>
<script defer src="//play.pokemonshowdown.com/js/battle-tooltips.js?0.7580118955022959"></script>
<script defer src="//play.pokemonshowdown.com/js/battle.js?0.6057722274234274"></script>

<script defer src="js/utils.js?e31f9a17"></script>
<script defer src="js/replays-battle.js?7008c182"></script>

<!-- don't scrape this data! just add .json or .log after the URL!
Full API docs: https://github.com/smogon/pokemon-showdown-client/blob/master/WEB-API.md -->
<script type="text/plain" class="log" id="replaylog-smogtours-gen3ou-799536">
|inactive|Battle timer is ON: inactive players will automatically lose when time's up.
|badge|p2|bronze|gen9ou|100-3
|uhtml|medal-msg|<div class="broadcast-blue">Curious what those medals under the avatar are? PS now has Ladder Seasons! For more information, check out the <a href="https://www.smogon.com/forums/threads/3740067/">thread on Smogon.<\/a><\/div>
|t:|1729267468
|gametype|singles
|player|p1|ccczzx|102|
|player|p2|Dhrabb|#wcop2024bangladesh|
|teamsize|p1|6
|teamsize|p2|6
|gen|3
|tier|[Gen 3] OU
|rule|Sleep Clause Mod: Limit one foe put to sleep
|rule|Switch Priority Clause Mod: Faster Pokémon switch first
|rule|Species Clause: Limit one of each Pokémon
|rule|OHKO Clause: OHKO moves are banned
|rule|Evasion Items Clause: Evasion items are banned
|rule|Evasion Moves Clause: Evasion moves are banned
|rule|Endless Battle Clause: Forcing endless battles is banned
|rule|HP Percentage Mod: HP is shown in percentages
|rule|One Boost Passer Clause: Limit one Baton Passer that has a way to boost its stats
|rule|Freeze Clause Mod: Limit one foe frozen
|
|t:|1729267468
|start
|switch|p1a: ciffotar|Tyranitar, F|100/100
|switch|p2a: Medicham|Medicham, F|100/100
|-weather|Sandstorm|[from] ability: Sand Stream|[of] p1a: ciffotar
|turn|1
|c|☆Dhrabb|hf
|inactive|ccczzx has 270 seconds left.
|
|t:|1729267499
|switch|p1a: exswamp|Swampert, M|100/100
|move|p2a: Medicham|Brick Break|p1a: exswamp
|-damage|p1a: exswamp|69/100
|
|-weather|Sandstorm|[upkeep]
|-damage|p2a: Medicham|94/100|[from] Sandstorm
|-heal|p1a: exswamp|75/100|[from] item: Leftovers
|upkeep
|turn|2
|c|☆ccczzx|glhf
|
|t:|1729267520
|move|p2a: Medicham|Brick Break|p1a: exswamp
|-damage|p1a: exswamp|42/100
|move|p1a: exswamp|Surf|p2a: Medicham
|-damage|p2a: Medicham|49/100
|
|-weather|Sandstorm|[upkeep]
|-damage|p2a: Medicham|43/100|[from] Sandstorm
|-heal|p1a: exswamp|49/100|[from] item: Leftovers
|upkeep
|turn|3
|
|t:|1729267524
|move|p1a: exswamp|Protect|p1a: exswamp
|-singleturn|p1a: exswamp|Protect
|move|p2a: Medicham|Brick Break|p1a: exswamp
|-activate|p1a: exswamp|Protect
|
|-weather|Sandstorm|[upkeep]
|-damage|p2a: Medicham|37/100|[from] Sandstorm
|-heal|p1a: exswamp|55/100|[from] item: Leftovers
|upkeep
|turn|4
|
|t:|1729267531
|move|p2a: Medicham|Brick Break|p1a: exswamp
|-damage|p1a: exswamp|21/100
|move|p1a: exswamp|Surf|p2a: Medicham
|-damage|p2a: Medicham|0 fnt
|faint|p2a: Medicham
|
|t:|1729267559
|switch|p2a: Snorlax|Snorlax, M|100/100
|
|-weather|Sandstorm|[upkeep]
|-damage|p2a: Snorlax|94/100|[from] Sandstorm
|-heal|p1a: exswamp|28/100|[from] item: Leftovers
|-heal|p2a: Snorlax|100/100|[from] item: Leftovers
|upkeep
|turn|5
|
|t:|1729267585
|switch|p1a: forze|Forretress, F|100/100
|move|p2a: Snorlax|Body Slam|p1a: forze
|-resisted|p1a: forze
|-damage|p1a: forze|85/100
|-status|p1a: forze|par
|
|-weather|Sandstorm|[upkeep]
|-damage|p2a: Snorlax|94/100|[from] Sandstorm
|-heal|p2a: Snorlax|100/100|[from] item: Leftovers
|-heal|p1a: forze|91/100 par|[from] item: Leftovers
|upkeep
|turn|6
|
|t:|1729267594
|switch|p2a: Magneton|Magneton|100/100
|move|p1a: forze|Spikes|p2a: Magneton
|-sidestart|p2: Dhrabb|Spikes
|
|-weather|Sandstorm|[upkeep]
|-heal|p1a: forze|98/100 par|[from] item: Leftovers
|upkeep
|turn|7
|
|t:|1729267603
|move|p2a: Magneton|Hidden Power|p1a: forze
|-supereffective|p1a: forze
|-damage|p1a: forze|0 fnt
|faint|p1a: forze
|
|t:|1729267622
|switch|p1a: exswamp|Swampert, M|28/100
|
|-weather|Sandstorm|[upkeep]
|-heal|p1a: exswamp|34/100|[from] item: Leftovers
|upkeep
|turn|8
|
|t:|1729267631
|move|p1a: exswamp|Protect|p1a: exswamp
|-singleturn|p1a: exswamp|Protect
|move|p2a: Magneton|Toxic|p1a: exswamp
|-activate|p1a: exswamp|Protect
|
|-weather|Sandstorm|[upkeep]
|-heal|p1a: exswamp|40/100|[from] item: Leftovers
|upkeep
|turn|9
|
|t:|1729267643
|move|p2a: Magneton|Toxic|p1a: exswamp
|-status|p1a: exswamp|tox
|move|p1a: exswamp|Refresh|p1a: exswamp
|-curestatus|p1a: exswamp|tox|[msg]
|
|-weather|Sandstorm|[upkeep]
|-heal|p1a: exswamp|46/100|[from] item: Leftovers
|upkeep
|turn|10
|
|t:|1729267651
|move|p2a: Magneton|Rain Dance|p2a: Magneton
|-weather|RainDance
|move|p1a: exswamp|Surf|p2a: Magneton
|-damage|p2a: Magneton|16/100
|
|-weather|RainDance|[upkeep]
|-heal|p1a: exswamp|52/100|[from] item: Leftovers
|upkeep
|turn|11
|
|t:|1729267663
|move|p2a: Magneton|Toxic|p1a: exswamp|[miss]
|-miss|p2a: Magneton|p1a: exswamp
|move|p1a: exswamp|Toxic|p2a: Magneton
|-immune|p2a: Magneton
|
|-weather|RainDance|[upkeep]
|-heal|p1a: exswamp|59/100|[from] item: Leftovers
|upkeep
|turn|12
|
|t:|1729267677
|move|p2a: Magneton|Toxic|p1a: exswamp
|-status|p1a: exswamp|tox
|move|p1a: exswamp|Surf|p2a: Magneton
|-damage|p2a: Magneton|0 fnt
|faint|p2a: Magneton
|
|t:|1729267681
|switch|p2a: Suicune|Suicune|100/100
|-damage|p2a: Suicune|88/100|[from] Spikes
|
|-weather|RainDance|[upkeep]
|-heal|p2a: Suicune|94/100|[from] item: Leftovers
|-heal|p1a: exswamp|65/100 tox|[from] item: Leftovers
|-damage|p1a: exswamp|59/100 tox|[from] psn
|upkeep
|turn|13
|
|t:|1729267689
|move|p2a: Suicune|Calm Mind|p2a: Suicune
|-boost|p2a: Suicune|spa|1
|-boost|p2a: Suicune|spd|1
|move|p1a: exswamp|Toxic|p2a: Suicune
|-status|p2a: Suicune|tox
|
|-weather|RainDance|[upkeep]
|-heal|p2a: Suicune|100/100 tox|[from] item: Leftovers
|-damage|p2a: Suicune|94/100 tox|[from] psn
|-heal|p1a: exswamp|65/100 tox|[from] item: Leftovers
|-damage|p1a: exswamp|52/100 tox|[from] psn
|upkeep
|turn|14
|
|t:|1729267694
|move|p2a: Suicune|Surf|p1a: exswamp
|-damage|p1a: exswamp|0 fnt
|faint|p1a: exswamp
|
|t:|1729267700
|switch|p1a: blossoms|Blissey, F|100/100
|
|-weather|none
|-heal|p2a: Suicune|100/100 tox|[from] item: Leftovers
|-damage|p2a: Suicune|88/100 tox|[from] psn
|upkeep
|turn|15
|
|t:|1729267706
|move|p2a: Suicune|Surf|p1a: blossoms
|-damage|p1a: blossoms|81/100
|move|p1a: blossoms|Seismic Toss|p2a: Suicune
|-damage|p2a: Suicune|63/100 tox
|
|-heal|p2a: Suicune|70/100 tox|[from] item: Leftovers
|-damage|p2a: Suicune|51/100 tox|[from] psn
|-heal|p1a: blossoms|87/100|[from] item: Leftovers
|upkeep
|turn|16
|
|t:|1729267716
|move|p2a: Suicune|Rest|p2a: Suicune
|-status|p2a: Suicune|slp|[from] move: Rest
|-heal|p2a: Suicune|100/100 slp|[silent]
|move|p1a: blossoms|Seismic Toss|p2a: Suicune
|-damage|p2a: Suicune|76/100 slp
|
|-heal|p2a: Suicune|82/100 slp|[from] item: Leftovers
|-heal|p1a: blossoms|93/100|[from] item: Leftovers
|upkeep
|turn|17
|
|t:|1729267725
|switch|p1a: zazazip|Zapdos|100/100
|cant|p2a: Suicune|slp
|
|-heal|p2a: Suicune|88/100 slp|[from] item: Leftovers
|upkeep
|turn|18
|
|t:|1729267732
|switch|p2a: Snorlax|Snorlax, M|100/100
|-damage|p2a: Snorlax|88/100|[from] Spikes
|move|p1a: zazazip|Thunderbolt|p2a: Snorlax
|-damage|p2a: Snorlax|59/100
|
|-heal|p2a: Snorlax|65/100|[from] item: Leftovers
|upkeep
|turn|19
|
|t:|1729267740
|move|p1a: zazazip|Thunderbolt|p2a: Snorlax
|-damage|p2a: Snorlax|33/100
|move|p2a: Snorlax|Body Slam|p1a: zazazip
|-crit|p1a: zazazip
|-damage|p1a: zazazip|14/100
|
|-heal|p1a: zazazip|20/100|[from] item: Leftovers
|-heal|p2a: Snorlax|39/100|[from] item: Leftovers
|upkeep
|turn|20
|
|t:|1729267747
|move|p1a: zazazip|Thunderbolt|p2a: Snorlax
|-damage|p2a: Snorlax|11/100
|move|p2a: Snorlax|Body Slam|p1a: zazazip
|-damage|p1a: zazazip|0 fnt
|faint|p1a: zazazip
|
|t:|1729267755
|switch|p1a: blossoms|Blissey, F|93/100
|
|-heal|p1a: blossoms|99/100|[from] item: Leftovers
|-heal|p2a: Snorlax|17/100|[from] item: Leftovers
|upkeep
|turn|21
|
|t:|1729267764
|move|p1a: blossoms|Seismic Toss|p2a: Snorlax
|-damage|p2a: Snorlax|0 fnt
|faint|p2a: Snorlax
|
|t:|1729267767
|switch|p2a: Metagross|Metagross|100/100
|-damage|p2a: Metagross|88/100|[from] Spikes
|
|-heal|p2a: Metagross|94/100|[from] item: Leftovers
|-heal|p1a: blossoms|100/100|[from] item: Leftovers
|upkeep
|turn|22
|
|t:|1729267775
|switch|p1a: ciffotar|Tyranitar, F|100/100
|-weather|Sandstorm|[from] ability: Sand Stream|[of] p1a: ciffotar
|move|p2a: Metagross|Meteor Mash|p1a: ciffotar
|-supereffective|p1a: ciffotar
|-damage|p1a: ciffotar|8/100
|-boost|p2a: Metagross|atk|1
|
|-weather|Sandstorm|[upkeep]
|-heal|p2a: Metagross|99/100|[from] item: Leftovers
|-heal|p1a: ciffotar|14/100|[from] item: Leftovers
|upkeep
|turn|23
|c|☆ccczzx|welp
|
|t:|1729267792
|move|p2a: Metagross|Earthquake|p1a: ciffotar
|-supereffective|p1a: ciffotar
|-damage|p1a: ciffotar|0 fnt
|faint|p1a: ciffotar
|
|t:|1729267795
|switch|p1a: hiyas sis|Aerodactyl, F|100/100
|
|-weather|Sandstorm|[upkeep]
|-heal|p2a: Metagross|100/100|[from] item: Leftovers
|upkeep
|turn|24
|
|t:|1729267801
|switch|p2a: Salamence|Salamence, M|100/100
|-ability|p2a: Salamence|Intimidate|boost
|-unboost|p1a: hiyas sis|atk|1
|move|p1a: hiyas sis|Earthquake|p2a: Salamence
|-immune|p2a: Salamence
|
|-weather|Sandstorm|[upkeep]
|-damage|p2a: Salamence|94/100|[from] Sandstorm
|-heal|p2a: Salamence|100/100|[from] item: Leftovers
|upkeep
|turn|25
|
|t:|1729267807
|switch|p1a: blossoms|Blissey, F|100/100
|switch|p2a: Metagross|Metagross|100/100
|-damage|p2a: Metagross|88/100|[from] Spikes
|
|-weather|Sandstorm|[upkeep]
|-damage|p1a: blossoms|94/100|[from] Sandstorm
|-heal|p2a: Metagross|94/100|[from] item: Leftovers
|-heal|p1a: blossoms|100/100|[from] item: Leftovers
|upkeep
|turn|26
|
|t:|1729267829
|move|p2a: Metagross|Agility|p2a: Metagross
|-boost|p2a: Metagross|spe|2
|move|p1a: blossoms|Ice Beam|p2a: Metagross
|-resisted|p2a: Metagross
|-damage|p2a: Metagross|83/100
|
|-weather|Sandstorm|[upkeep]
|-damage|p1a: blossoms|94/100|[from] Sandstorm
|-heal|p2a: Metagross|89/100|[from] item: Leftovers
|-heal|p1a: blossoms|100/100|[from] item: Leftovers
|upkeep
|turn|27
|
|t:|1729267835
|move|p2a: Metagross|Meteor Mash|p1a: blossoms
|-damage|p1a: blossoms|48/100
|-boost|p2a: Metagross|atk|1
|move|p1a: blossoms|Ice Beam|p2a: Metagross
|-resisted|p2a: Metagross
|-damage|p2a: Metagross|76/100
|
|-weather|Sandstorm|[upkeep]
|-damage|p1a: blossoms|42/100|[from] Sandstorm
|-heal|p2a: Metagross|82/100|[from] item: Leftovers
|-heal|p1a: blossoms|48/100|[from] item: Leftovers
|upkeep
|turn|28
|
|t:|1729267839
|move|p2a: Metagross|Meteor Mash|p1a: blossoms
|-damage|p1a: blossoms|0 fnt
|faint|p1a: blossoms
|c|☆ccczzx|ggwp
|c|☆Dhrabb|gg
|
|t:|1729267843
|switch|p1a: hiyas sis|Aerodactyl, F|100/100
|
|-weather|Sandstorm|[upkeep]
|-heal|p2a: Metagross|88/100|[from] item: Leftovers
|upkeep
|turn|29
|
|t:|1729267847
|move|p2a: Metagross|Explosion|p1a: hiyas sis
|-resisted|p1a: hiyas sis
|-damage|p1a: hiyas sis|0 fnt
|faint|p2a: Metagross
|faint|p1a: hiyas sis
|
|win|Dhrabb
|player|p2|
|player|p1|
|player|p2|Dhrabb|#wcop2024bangladesh|
|player|p2|
|player|p1|ccczzx|102|

</script>
<script type="application/json" class="data" id="replaydata-smogtours-gen3ou-799536">
{"id":"smogtours-gen3ou-799536","format":"[Gen 3] OU","players":["ccczzx","Dhrabb"],"uploadtime":1729267847,"views":78,"formatid":"gen3ou","rating":null,"private":0,"password":null}
</script>

<script defer src="js/replays.js?9d40a366"></script>
