<!DOCTYPE html>
<meta charset="utf-8" />
<meta name="viewport" content="width=device-width" />

<title>[Gen 3] OU: ProfessorKid vs. Larkindred - Replays - Pok&eacute;mon Showdown!</title>

<meta name="description" content="Watch a replay of a Pok&eacute;mon battle between ProfessorKid and Larkindred! Format: [Gen 3] OU; Date: Oct 19, 2024" />
<!--

Hey, you! Looking in the source for the replay log?

You can find them in JSON format, just add `.json` at the end of a replay URL.

https://replay.pokemonshowdown.com/gen7randomdoublesbattle-865046831.json

Or, if you only need the log itself, add `.log` instead:

https://replay.pokemonshowdown.com/gen7randomdoublesbattle-865046831.log

-->

<link rel="stylesheet" href="//pokemonshowdown.com/style/global.css?0.767286132409787" />
<link rel="stylesheet" href="//play.pokemonshowdown.com/style/font-awesome.css?0.9266228007934947" />
<link rel="stylesheet" href="//play.pokemonshowdown.com/style/battle.css?0.7924700842790926" />
<link rel="stylesheet" href="//play.pokemonshowdown.com/style/utilichart.css?0.8777417872839479" />

<!-- Global site tag (gtag.js) - Google Analytics -->
<script async src="https://www.googletagmanager.com/gtag/js?id=UA-26211653-1"></script>
<script>
  window.dataLayer = window.dataLayer || [];
  function gtag(){dataLayer.push(arguments);}
  gtag('js', new Date());

  gtag('config', 'UA-26211653-1');
</script>
<!-- End Google Analytics -->
<!-- Venatus Ad Manager - Install in <HEAD> of page -->
	<script src="https://hb.vntsm.com/v3/live/ad-manager.min.js" type="text/javascript" data-site-id="642aba63ec9a7b11c3c9c1be" data-mode="scan" async></script>
<!-- / Venatus Ad Manager -->

<style>
	@media (max-width:820px) {
		.battle {
			margin: 0 auto;
		}
		.battle-log {
			margin: 7px auto 0;
			max-width: 640px;
			height: 300px;
			position: static;
		}
	}
	.optgroup {
		display: inline-block;
		line-height: 22px;
		font-size: 10pt;
	}
	.optgroup .button {
		height: 25px;
		padding-top: 0;
		padding-bottom: 0;
	}
	.optgroup button.button {
		padding-left: 12px;
		padding-right: 12px;
	}
	.linklist {
		list-style: none;
		margin: 0.5em 0;
		padding: 0;
	}
	.linklist li {
		padding: 2px 0;
	}
	.sidebar {
		float: left;
		width: 320px;
	}
	.bar-wrapper {
		max-width: 1100px;
		margin: 0 auto;
	}
	.bar-wrapper.has-sidebar {
		max-width: 1430px;
	}
	.mainbar {
		margin: 0;
		padding-right: 1px;
	}
	.mainbar.has-sidebar {
		margin-left: 330px;
	}
	@media (min-width: 1511px) {
		.sidebar {
			width: 400px;
		}
		.bar-wrapper.has-sidebar {
			max-width: 1510px;
		}
		.mainbar.has-sidebar {
			margin-left: 410px;
		}
	}
	.section.first-section {
		margin-top: 9px;
	}
	.blocklink small {
		white-space: normal;
	}
	.button {
		vertical-align: middle;
	}
	.replay-controls {
		padding-top: 10px;
	}
	.replay-controls h1 {
		font-size: 16pt;
		font-weight: normal;
		color: #CCC;
	}
	.pagelink {
		text-align: center;
	}
	.pagelink a {
		width: 150px;
	}
	.textbox, .button {
		font-size: 11pt;
		vertical-align: middle;
	}
	@media (max-width: 450px) {
		.button {
			font-size: 9pt;
		}
	}
</style>

<div>

	<header>
		<div class="nav-wrapper"><ul class="nav">
			<li><a class="button nav-first" href="//pokemonshowdown.com/"><img src="//pokemonshowdown.com/images/pokemonshowdownbeta.png" srcset="//pokemonshowdown.com/images/pokemonshowdownbeta.png 1x, //pokemonshowdown.com/images/pokemonshowdownbeta@2x.png 2x" alt="Pok&eacute;mon Showdown" width="146" height="44" /> Home</a></li>
			<li><a class="button" href="//pokemonshowdown.com/dex/">Pok&eacute;dex</a></li>
			<li><a class="button cur" href="/">Replays</a></li>
			<li><a class="button" href="//pokemonshowdown.com/ladder/">Ladder</a></li>
			<li><a class="button nav-last" href="//pokemonshowdown.com/forums/">Forum</a></li>
			<li><a class="button greenbutton nav-first nav-last" href="//play.pokemonshowdown.com/">Play</a></li>
		</ul></div>
	</header>

	<div class="main" id="main">

		<noscript><section class="section">You need to enable JavaScript to use this page; sorry!</section></noscript>

	</div>

</div>

<script defer nomodule src="//play.pokemonshowdown.com/js/lib/ps-polyfill.js"></script>
<script defer src="//play.pokemonshowdown.com/js/lib/preact.min.js"></script>

<script defer src="//play.pokemonshowdown.com/config/config.js?6dec07f6"></script>
<script defer src="//play.pokemonshowdown.com/js/lib/jquery-1.11.0.min.js"></script>
<script defer src="//play.pokemonshowdown.com/js/lib/html-sanitizer-minified.js"></script>
<script defer src="//play.pokemonshowdown.com/js/battle-sound.js"></script>
<script defer src="//play.pokemonshowdown.com/js/battledata.js?0.6315294753075389"></script>
<script defer src="//play.pokemonshowdown.com/data/pokedex-mini.js?0.7603743185311358"></script>
<script defer src="//play.pokemonshowdown.com/data/pokedex-mini-bw.js?0.030888842834281283"></script>
<script defer src="//play.pokemonshowdown.com/data/graphics.js?0.05593094747507488"></script>
<script defer src="//play.pokemonshowdown.com/data/pokedex.js?0.47064822249611904"></script>
<script defer src="//play.pokemonshowdown.com/data/moves.js?0.8583693120512459"></script>
<script defer src="//play.pokemonshowdown.com/data/abilities.js?0.16017181182386842"></script>
<script defer src="//play.pokemonshowdown.com/data/items.js?0.4163379185673943"></script>
<script defer src="//play.pokemonshowdown.com/data/teambuilder-tables.js?0.31075597372830477"></script>
<script defer src="//play.pokemonshowdown.com/js/battle-tooltips.js?0.6536193500708172"></script>
<script defer src="//play.pokemonshowdown.com/js/battle.js?0.1916591943277901"></script>

<script defer src="js/utils.js?e31f9a17"></script>
<script defer src="js/replays-battle.js?7008c182"></script>

<!-- don't scrape this data! just add .json or .log after the URL!
Full API docs: https://github.com/smogon/pokemon-showdown-client/blob/master/WEB-API.md -->
<script type="text/plain" class="log" id="replaylog-smogtours-gen3ou-800128">
|inactive|Battle timer is ON: inactive players will automatically lose when time's up.
|t:|1729372519
|gametype|singles
|player|p1|ProfessorKid|169|
|player|p2|Larkindred|iris-gen5bw2|
|teamsize|p1|6
|teamsize|p2|6
|gen|3
|tier|[Gen 3] OU
|rule|Sleep Clause Mod: Limit one foe put to sleep
|rule|Switch Priority Clause Mod: Faster Pokémon switch first
|rule|Species Clause: Limit one of each Pokémon
|rule|OHKO Clause: OHKO moves are banned
|rule|Evasion Items Clause: Evasion items are banned
|rule|Evasion Moves Clause: Evasion moves are banned
|rule|Endless Battle Clause: Forcing endless battles is banned
|rule|HP Percentage Mod: HP is shown in percentages
|rule|One Boost Passer Clause: Limit one Baton Passer that has a way to boost its stats
|rule|Freeze Clause Mod: Limit one foe frozen
|
|t:|1729372519
|start
|switch|p1a: Metagross|Metagross|100/100
|switch|p2a: Hariyama|Hariyama, F|100/100
|turn|1
|
|t:|1729372529
|move|p1a: Metagross|Agility|p1a: Metagross
|-boost|p1a: Metagross|spe|2
|move|p2a: Hariyama|Knock Off|p1a: Metagross
|-damage|p1a: Metagross|98/100
|-enditem|p1a: Metagross|Lum Berry|[from] move: Knock Off|[of] p2a: Hariyama
|-hint|In Gens 3-4, Knock Off only makes the target's item unusable; it cannot obtain a new item.
|
|upkeep
|turn|2
|
|t:|1729372537
|switch|p2a: Jirachi|Jirachi|100/100
|move|p1a: Metagross|Meteor Mash|p2a: Jirachi
|-resisted|p2a: Jirachi
|-damage|p2a: Jirachi|77/100
|
|-heal|p2a: Jirachi|83/100|[from] item: Leftovers
|upkeep
|turn|3
|
|t:|1729372543
|move|p1a: Metagross|Earthquake|p2a: Jirachi
|-supereffective|p2a: Jirachi
|-damage|p2a: Jirachi|24/100
|move|p2a: Jirachi|Body Slam|p1a: Metagross
|-resisted|p1a: Metagross
|-damage|p1a: Metagross|91/100
|-status|p1a: Metagross|par
|
|-heal|p2a: Jirachi|30/100|[from] item: Leftovers
|upkeep
|turn|4
|
|t:|1729372550
|move|p2a: Jirachi|Protect|p2a: Jirachi
|-singleturn|p2a: Jirachi|Protect
|move|p1a: Metagross|Earthquake|p2a: Jirachi
|-activate|p2a: Jirachi|Protect
|
|-heal|p2a: Jirachi|36/100|[from] item: Leftovers
|upkeep
|turn|5
|
|t:|1729372556
|switch|p2a: Flygon|Flygon, F|100/100
|move|p1a: Metagross|Earthquake|p2a: Flygon
|-immune|p2a: Flygon
|
|upkeep
|turn|6
|
|t:|1729372560
|move|p2a: Flygon|Substitute|p2a: Flygon
|-start|p2a: Flygon|Substitute
|-damage|p2a: Flygon|76/100
|move|p1a: Metagross|Explosion|p2a: Flygon
|-end|p2a: Flygon|Substitute
|faint|p1a: Metagross
|
|t:|1729372572
|switch|p1a: Salamence|Salamence, F|100/100
|-ability|p1a: Salamence|Intimidate|boost
|-unboost|p2a: Flygon|atk|1
|
|-heal|p2a: Flygon|82/100|[from] item: Leftovers
|upkeep
|turn|7
|
|t:|1729372580
|switch|p2a: jimothycool.com|Porygon2, shiny|100/100
|-ability|p2a: jimothycool.com|Intimidate|[from] ability: Trace|[of] p1a: Salamence
|move|p1a: Salamence|Dragon Dance|p1a: Salamence
|-boost|p1a: Salamence|atk|1
|-boost|p1a: Salamence|spe|1
|
|upkeep
|turn|8
|
|t:|1729372597
|switch|p1a: Suicune|Suicune|100/100
|move|p2a: jimothycool.com|Ice Beam|p1a: Suicune
|-resisted|p1a: Suicune
|-damage|p1a: Suicune|93/100
|
|-heal|p1a: Suicune|99/100|[from] item: Leftovers
|upkeep
|turn|9
|
|t:|1729372607
|move|p1a: Suicune|Calm Mind|p1a: Suicune
|-boost|p1a: Suicune|spa|1
|-boost|p1a: Suicune|spd|1
|move|p2a: jimothycool.com|Thunder Wave|p1a: Suicune
|-status|p1a: Suicune|par
|
|-heal|p1a: Suicune|100/100 par|[from] item: Leftovers
|upkeep
|turn|10
|
|t:|1729372614
|switch|p2a: Jirachi|Jirachi|36/100
|move|p1a: Suicune|Calm Mind|p1a: Suicune
|-boost|p1a: Suicune|spa|1
|-boost|p1a: Suicune|spd|1
|
|-heal|p2a: Jirachi|43/100|[from] item: Leftovers
|upkeep
|turn|11
|
|t:|1729372617
|move|p2a: Jirachi|Wish|p2a: Jirachi
|move|p1a: Suicune|Surf|p2a: Jirachi
|-damage|p2a: Jirachi|0 fnt
|faint|p2a: Jirachi
|
|t:|1729372628
|switch|p2a: Tyranitar|Tyranitar, M|100/100
|-weather|Sandstorm|[from] ability: Sand Stream|[of] p2a: Tyranitar
|
|-weather|Sandstorm|[upkeep]
|-damage|p1a: Suicune|94/100 par|[from] Sandstorm
|-heal|p1a: Suicune|100/100 par|[from] item: Leftovers
|upkeep
|turn|12
|
|t:|1729372631
|move|p2a: Tyranitar|Substitute|p2a: Tyranitar
|-start|p2a: Tyranitar|Substitute
|-damage|p2a: Tyranitar|75/100
|move|p1a: Suicune|Surf|p2a: Tyranitar
|-supereffective|p2a: Tyranitar
|-end|p2a: Tyranitar|Substitute
|
|-heal|p2a: Tyranitar|100/100|[from] move: Wish|[wisher] Jirachi
|-weather|Sandstorm|[upkeep]
|-damage|p1a: Suicune|94/100 par|[from] Sandstorm
|-heal|p1a: Suicune|100/100 par|[from] item: Leftovers
|upkeep
|turn|13
|
|t:|1729372636
|move|p2a: Tyranitar|Substitute|p2a: Tyranitar
|-start|p2a: Tyranitar|Substitute
|-damage|p2a: Tyranitar|75/100
|move|p1a: Suicune|Roar|p2a: Tyranitar
|drag|p2a: Hariyama|Hariyama, F|100/100
|
|-weather|Sandstorm|[upkeep]
|-damage|p2a: Hariyama|94/100|[from] Sandstorm
|-damage|p1a: Suicune|94/100 par|[from] Sandstorm
|-heal|p2a: Hariyama|100/100|[from] item: Leftovers
|-heal|p1a: Suicune|100/100 par|[from] item: Leftovers
|upkeep
|turn|14
|
|t:|1729372643
|move|p2a: Hariyama|Rock Slide|p1a: Suicune
|-damage|p1a: Suicune|83/100 par
|cant|p1a: Suicune|flinch
|
|-weather|Sandstorm|[upkeep]
|-damage|p2a: Hariyama|94/100|[from] Sandstorm
|-damage|p1a: Suicune|77/100 par|[from] Sandstorm
|-heal|p2a: Hariyama|100/100|[from] item: Leftovers
|-heal|p1a: Suicune|83/100 par|[from] item: Leftovers
|upkeep
|turn|15
|
|t:|1729372648
|move|p2a: Hariyama|Rock Slide|p1a: Suicune
|-crit|p1a: Suicune
|-damage|p1a: Suicune|50/100 par
|cant|p1a: Suicune|par
|
|-weather|Sandstorm|[upkeep]
|-damage|p2a: Hariyama|94/100|[from] Sandstorm
|-damage|p1a: Suicune|44/100 par|[from] Sandstorm
|-heal|p2a: Hariyama|100/100|[from] item: Leftovers
|-heal|p1a: Suicune|50/100 par|[from] item: Leftovers
|upkeep
|turn|16
|
|t:|1729372653
|move|p2a: Hariyama|Rock Slide|p1a: Suicune
|-damage|p1a: Suicune|33/100 par
|move|p1a: Suicune|Surf|p2a: Hariyama
|-damage|p2a: Hariyama|25/100
|
|-weather|Sandstorm|[upkeep]
|-damage|p2a: Hariyama|19/100|[from] Sandstorm
|-damage|p1a: Suicune|27/100 par|[from] Sandstorm
|-heal|p2a: Hariyama|25/100|[from] item: Leftovers
|-heal|p1a: Suicune|33/100 par|[from] item: Leftovers
|upkeep
|turn|17
|
|t:|1729372658
|move|p2a: Hariyama|Rock Slide|p1a: Suicune
|-damage|p1a: Suicune|15/100 par
|cant|p1a: Suicune|flinch
|
|-weather|Sandstorm|[upkeep]
|-damage|p2a: Hariyama|19/100|[from] Sandstorm
|-damage|p1a: Suicune|9/100 par|[from] Sandstorm
|-heal|p2a: Hariyama|25/100|[from] item: Leftovers
|-heal|p1a: Suicune|15/100 par|[from] item: Leftovers
|upkeep
|turn|18
|
|t:|1729372667
|move|p2a: Hariyama|Brick Break|p1a: Suicune
|-damage|p1a: Suicune|0 fnt
|faint|p1a: Suicune
|
|t:|1729372682
|switch|p1a: Salamence|Salamence, F|100/100
|-ability|p1a: Salamence|Intimidate|boost
|-unboost|p2a: Hariyama|atk|1
|
|-weather|Sandstorm|[upkeep]
|-damage|p1a: Salamence|94/100|[from] Sandstorm
|-damage|p2a: Hariyama|19/100|[from] Sandstorm
|-heal|p1a: Salamence|100/100|[from] item: Leftovers
|-heal|p2a: Hariyama|25/100|[from] item: Leftovers
|upkeep
|turn|19
|
|t:|1729372693
|move|p1a: Salamence|Dragon Dance|p1a: Salamence
|-boost|p1a: Salamence|atk|1
|-boost|p1a: Salamence|spe|1
|move|p2a: Hariyama|Rock Slide|p1a: Salamence
|-supereffective|p1a: Salamence
|-crit|p1a: Salamence
|-damage|p1a: Salamence|0 fnt
|faint|p1a: Salamence
|c|☆Larkindred|wow
|c|☆Larkindred|mb
|c|☆ProfessorKid|this game is fucked
|inactive|ProfessorKid has 270 seconds left.
|c|☆Larkindred|that crit was really lucky
|c|☆ProfessorKid|dude the last two games have been absurd
|inactive|ProfessorKid has 240 seconds left.
|c|☆ProfessorKid|jimothy needs to upload this set honestly
|
|t:|1729372747
|switch|p1a: Dugtrio|Dugtrio, M|100/100
|
|-weather|Sandstorm|[upkeep]
|-damage|p2a: Hariyama|19/100|[from] Sandstorm
|-heal|p2a: Hariyama|25/100|[from] item: Leftovers
|upkeep
|turn|20
|
|t:|1729372750
|move|p1a: Dugtrio|Aerial Ace|p2a: Hariyama
|-supereffective|p2a: Hariyama
|-damage|p2a: Hariyama|0 fnt
|faint|p2a: Hariyama
|
|t:|1729372756
|switch|p2a: jimothycool.com|Porygon2, shiny|100/100
|-ability|p2a: jimothycool.com|Arena Trap|[from] ability: Trace|[of] p1a: Dugtrio
|
|-weather|Sandstorm|[upkeep]
|-damage|p2a: jimothycool.com|94/100|[from] Sandstorm
|-heal|p2a: jimothycool.com|100/100|[from] item: Leftovers
|upkeep
|turn|21
|
|t:|1729372766
|move|p1a: Dugtrio|Aerial Ace|p2a: jimothycool.com
|-damage|p2a: jimothycool.com|83/100
|move|p2a: jimothycool.com|Recover|p2a: jimothycool.com
|-heal|p2a: jimothycool.com|100/100
|
|-weather|Sandstorm|[upkeep]
|-damage|p2a: jimothycool.com|94/100|[from] Sandstorm
|-heal|p2a: jimothycool.com|100/100|[from] item: Leftovers
|upkeep
|turn|22
|
|t:|1729372770
|move|p1a: Dugtrio|Aerial Ace|p2a: jimothycool.com
|-damage|p2a: jimothycool.com|84/100
|move|p2a: jimothycool.com|Ice Beam|p1a: Dugtrio
|-supereffective|p1a: Dugtrio
|-damage|p1a: Dugtrio|1/100
|-status|p1a: Dugtrio|frz
|
|-weather|Sandstorm|[upkeep]
|-damage|p2a: jimothycool.com|78/100|[from] Sandstorm
|-heal|p2a: jimothycool.com|84/100|[from] item: Leftovers
|upkeep
|turn|23
|
|t:|1729372779
|cant|p1a: Dugtrio|frz
|move|p2a: jimothycool.com|Ice Beam|p1a: Dugtrio
|-supereffective|p1a: Dugtrio
|-damage|p1a: Dugtrio|0 fnt
|faint|p1a: Dugtrio
|
|t:|1729372788
|switch|p1a: Breloom|Breloom, M|100/100
|
|-weather|Sandstorm|[upkeep]
|-damage|p1a: Breloom|94/100|[from] Sandstorm
|-damage|p2a: jimothycool.com|78/100|[from] Sandstorm
|-heal|p1a: Breloom|100/100|[from] item: Leftovers
|-heal|p2a: jimothycool.com|84/100|[from] item: Leftovers
|upkeep
|turn|24
|
|t:|1729372790
|move|p1a: Breloom|Spore|p2a: jimothycool.com
|-status|p2a: jimothycool.com|slp|[from] move: Spore
|cant|p2a: jimothycool.com|slp
|
|-weather|Sandstorm|[upkeep]
|-damage|p1a: Breloom|94/100|[from] Sandstorm
|-damage|p2a: jimothycool.com|78/100 slp|[from] Sandstorm
|-heal|p1a: Breloom|100/100|[from] item: Leftovers
|-heal|p2a: jimothycool.com|84/100 slp|[from] item: Leftovers
|upkeep
|turn|25
|
|t:|1729372794
|move|p1a: Breloom|Substitute|p1a: Breloom
|-start|p1a: Breloom|Substitute
|-damage|p1a: Breloom|76/100
|cant|p2a: jimothycool.com|slp
|
|-weather|Sandstorm|[upkeep]
|-damage|p1a: Breloom|70/100|[from] Sandstorm
|-damage|p2a: jimothycool.com|78/100 slp|[from] Sandstorm
|-heal|p1a: Breloom|76/100|[from] item: Leftovers
|-heal|p2a: jimothycool.com|84/100 slp|[from] item: Leftovers
|upkeep
|turn|26
|
|t:|1729372799
|move|p1a: Breloom|Leech Seed|p2a: jimothycool.com
|-start|p2a: jimothycool.com|move: Leech Seed
|cant|p2a: jimothycool.com|slp
|
|-weather|Sandstorm|[upkeep]
|-damage|p1a: Breloom|70/100|[from] Sandstorm
|-damage|p2a: jimothycool.com|78/100 slp|[from] Sandstorm
|-heal|p1a: Breloom|76/100|[from] item: Leftovers
|-heal|p2a: jimothycool.com|84/100 slp|[from] item: Leftovers
|-damage|p2a: jimothycool.com|71/100 slp|[from] Leech Seed|[of] p1a: Breloom
|-heal|p1a: Breloom|93/100|[silent]
|upkeep
|turn|27
|
|t:|1729372804
|move|p1a: Breloom|Spore|p2a: jimothycool.com
|-fail|p2a: jimothycool.com|slp
|-curestatus|p2a: jimothycool.com|slp|[msg]
|move|p2a: jimothycool.com|Ice Beam|p1a: Breloom
|-supereffective|p1a: Breloom
|-end|p1a: Breloom|Substitute
|
|-weather|Sandstorm|[upkeep]
|-damage|p1a: Breloom|87/100|[from] Sandstorm
|-damage|p2a: jimothycool.com|65/100|[from] Sandstorm
|-heal|p1a: Breloom|93/100|[from] item: Leftovers
|-heal|p2a: jimothycool.com|71/100|[from] item: Leftovers
|-damage|p2a: jimothycool.com|59/100|[from] Leech Seed|[of] p1a: Breloom
|-heal|p1a: Breloom|100/100|[silent]
|upkeep
|turn|28
|
|t:|1729372812
|switch|p2a: Starmie|Starmie|100/100
|move|p1a: Breloom|Spore|p2a: Starmie
|-status|p2a: Starmie|slp|[from] move: Spore
|
|-weather|Sandstorm|[upkeep]
|-damage|p2a: Starmie|94/100 slp|[from] Sandstorm
|-damage|p1a: Breloom|94/100|[from] Sandstorm
|-heal|p2a: Starmie|100/100 slp|[from] item: Leftovers
|-heal|p1a: Breloom|100/100|[from] item: Leftovers
|upkeep
|turn|29
|
|t:|1729372820
|-curestatus|p2a: Starmie|slp|[from] ability: Natural Cure
|switch|p2a: Flygon|Flygon, F|82/100
|move|p1a: Breloom|Substitute|p1a: Breloom
|-start|p1a: Breloom|Substitute
|-damage|p1a: Breloom|76/100
|
|-weather|Sandstorm|[upkeep]
|-damage|p1a: Breloom|70/100|[from] Sandstorm
|-heal|p2a: Flygon|88/100|[from] item: Leftovers
|-heal|p1a: Breloom|76/100|[from] item: Leftovers
|upkeep
|turn|30
|inactive|ProfessorKid has 270 seconds left.
|
|t:|1729372864
|move|p2a: Flygon|Substitute|p2a: Flygon
|-start|p2a: Flygon|Substitute
|-damage|p2a: Flygon|63/100
|move|p1a: Breloom|Leech Seed||[still]
|-fail|p1a: Breloom
|
|-weather|Sandstorm|[upkeep]
|-damage|p1a: Breloom|70/100|[from] Sandstorm
|-heal|p2a: Flygon|69/100|[from] item: Leftovers
|-heal|p1a: Breloom|76/100|[from] item: Leftovers
|upkeep
|turn|31
|
|t:|1729372880
|-singleturn|p1a: Breloom|move: Focus Punch
|move|p2a: Flygon|Hidden Power|p1a: Breloom
|-end|p1a: Breloom|Substitute
|move|p1a: Breloom|Focus Punch|p2a: Flygon
|-end|p2a: Flygon|Substitute
|
|-weather|Sandstorm|[upkeep]
|-damage|p1a: Breloom|70/100|[from] Sandstorm
|-heal|p2a: Flygon|75/100|[from] item: Leftovers
|-heal|p1a: Breloom|76/100|[from] item: Leftovers
|upkeep
|turn|32
|inactive|ProfessorKid has 270 seconds left.
|
|t:|1729372890
|switch|p1a: Blissey|Blissey, F|100/100
|move|p2a: Flygon|Substitute|p2a: Flygon
|-start|p2a: Flygon|Substitute
|-damage|p2a: Flygon|50/100
|
|-weather|Sandstorm|[upkeep]
|-damage|p1a: Blissey|94/100|[from] Sandstorm
|-heal|p2a: Flygon|56/100|[from] item: Leftovers
|-heal|p1a: Blissey|100/100|[from] item: Leftovers
|upkeep
|turn|33
|
|t:|1729372906
|move|p2a: Flygon|Earthquake|p1a: Blissey
|-damage|p1a: Blissey|63/100
|move|p1a: Blissey|Seismic Toss|p2a: Flygon
|-end|p2a: Flygon|Substitute
|
|-weather|Sandstorm|[upkeep]
|-damage|p1a: Blissey|57/100|[from] Sandstorm
|-heal|p2a: Flygon|62/100|[from] item: Leftovers
|-heal|p1a: Blissey|63/100|[from] item: Leftovers
|upkeep
|turn|34
|
|t:|1729372912
|move|p2a: Flygon|Substitute|p2a: Flygon
|-start|p2a: Flygon|Substitute
|-damage|p2a: Flygon|37/100
|move|p1a: Blissey|Wish|p1a: Blissey
|
|-weather|Sandstorm|[upkeep]
|-damage|p1a: Blissey|57/100|[from] Sandstorm
|-heal|p2a: Flygon|43/100|[from] item: Leftovers
|-heal|p1a: Blissey|63/100|[from] item: Leftovers
|upkeep
|turn|35
|
|t:|1729372914
|move|p2a: Flygon|Earthquake|p1a: Blissey
|-damage|p1a: Blissey|28/100
|move|p1a: Blissey|Seismic Toss|p2a: Flygon
|-end|p2a: Flygon|Substitute
|
|-heal|p1a: Blissey|78/100|[from] move: Wish|[wisher] Blissey
|-weather|Sandstorm|[upkeep]
|-damage|p1a: Blissey|72/100|[from] Sandstorm
|-heal|p2a: Flygon|49/100|[from] item: Leftovers
|-heal|p1a: Blissey|78/100|[from] item: Leftovers
|upkeep
|turn|36
|
|t:|1729372926
|switch|p2a: Tyranitar|Tyranitar, M|75/100
|move|p1a: Blissey|Seismic Toss|p2a: Tyranitar
|-damage|p2a: Tyranitar|51/100
|
|-weather|Sandstorm|[upkeep]
|-damage|p1a: Blissey|72/100|[from] Sandstorm
|-heal|p2a: Tyranitar|57/100|[from] item: Leftovers
|-heal|p1a: Blissey|78/100|[from] item: Leftovers
|upkeep
|turn|37
|inactive|ProfessorKid has 270 seconds left.
|
|t:|1729372965
|-singleturn|p2a: Tyranitar|move: Focus Punch
|switch|p1a: Breloom|Breloom, M|76/100
|move|p2a: Tyranitar|Focus Punch|p1a: Breloom
|-damage|p1a: Breloom|0 fnt
|faint|p1a: Breloom
|
|t:|1729372972
|switch|p1a: Blissey|Blissey, F|78/100
|
|-weather|Sandstorm|[upkeep]
|-damage|p1a: Blissey|72/100|[from] Sandstorm
|-heal|p2a: Tyranitar|63/100|[from] item: Leftovers
|-heal|p1a: Blissey|78/100|[from] item: Leftovers
|upkeep
|turn|38
|
|t:|1729372976
|move|p2a: Tyranitar|Rock Slide|p1a: Blissey
|-damage|p1a: Blissey|37/100
|move|p1a: Blissey|Seismic Toss|p2a: Tyranitar
|-damage|p2a: Tyranitar|38/100
|
|-weather|Sandstorm|[upkeep]
|-damage|p1a: Blissey|31/100|[from] Sandstorm
|-heal|p2a: Tyranitar|45/100|[from] item: Leftovers
|-heal|p1a: Blissey|37/100|[from] item: Leftovers
|upkeep
|turn|39
|
|t:|1729372982
|move|p2a: Tyranitar|Rock Slide|p1a: Blissey
|-damage|p1a: Blissey|1/100
|move|p1a: Blissey|Seismic Toss|p2a: Tyranitar
|-damage|p2a: Tyranitar|20/100
|
|-weather|Sandstorm|[upkeep]
|-damage|p1a: Blissey|0 fnt|[from] Sandstorm
|faint|p1a: Blissey
|
|win|Larkindred
|upkeep

</script>
<script type="application/json" class="data" id="replaydata-smogtours-gen3ou-800128">
{"id":"smogtours-gen3ou-800128","format":"[Gen 3] OU","players":["ProfessorKid","Larkindred"],"uploadtime":1729372982,"views":129,"formatid":"gen3ou","rating":null,"private":0,"password":null}
</script>

<script defer src="js/replays.js?9d40a366"></script>
