<!DOCTYPE html>
<meta charset="utf-8" />
<meta name="viewport" content="width=device-width" />

<title>[Gen 3] OU: LTG vs. SaunkGod - Replays - Pok&eacute;mon Showdown!</title>

<meta name="description" content="Watch a replay of a Pok&eacute;mon battle between LTG and SaunkGod! Format: [Gen 3] OU; Date: Oct 28, 2024" />
<!--

Hey, you! Looking in the source for the replay log?

You can find them in JSON format, just add `.json` at the end of a replay URL.

https://replay.pokemonshowdown.com/gen7randomdoublesbattle-865046831.json

Or, if you only need the log itself, add `.log` instead:

https://replay.pokemonshowdown.com/gen7randomdoublesbattle-865046831.log

-->

<link rel="stylesheet" href="//pokemonshowdown.com/style/global.css?0.023195364461161105" />
<link rel="stylesheet" href="//play.pokemonshowdown.com/style/font-awesome.css?0.13261647063804238" />
<link rel="stylesheet" href="//play.pokemonshowdown.com/style/battle.css?0.8753245789963631" />
<link rel="stylesheet" href="//play.pokemonshowdown.com/style/utilichart.css?0.8627959624976733" />

<!-- Global site tag (gtag.js) - Google Analytics -->
<script async src="https://www.googletagmanager.com/gtag/js?id=UA-26211653-1"></script>
<script>
  window.dataLayer = window.dataLayer || [];
  function gtag(){dataLayer.push(arguments);}
  gtag('js', new Date());

  gtag('config', 'UA-26211653-1');
</script>
<!-- End Google Analytics -->
<!-- Venatus Ad Manager - Install in <HEAD> of page -->
	<script src="https://hb.vntsm.com/v3/live/ad-manager.min.js" type="text/javascript" data-site-id="642aba63ec9a7b11c3c9c1be" data-mode="scan" async></script>
<!-- / Venatus Ad Manager -->

<style>
	@media (max-width:820px) {
		.battle {
			margin: 0 auto;
		}
		.battle-log {
			margin: 7px auto 0;
			max-width: 640px;
			height: 300px;
			position: static;
		}
	}
	.optgroup {
		display: inline-block;
		line-height: 22px;
		font-size: 10pt;
	}
	.optgroup .button {
		height: 25px;
		padding-top: 0;
		padding-bottom: 0;
	}
	.optgroup button.button {
		padding-left: 12px;
		padding-right: 12px;
	}
	.linklist {
		list-style: none;
		margin: 0.5em 0;
		padding: 0;
	}
	.linklist li {
		padding: 2px 0;
	}
	.sidebar {
		float: left;
		width: 320px;
	}
	.bar-wrapper {
		max-width: 1100px;
		margin: 0 auto;
	}
	.bar-wrapper.has-sidebar {
		max-width: 1430px;
	}
	.mainbar {
		margin: 0;
		padding-right: 1px;
	}
	.mainbar.has-sidebar {
		margin-left: 330px;
	}
	@media (min-width: 1511px) {
		.sidebar {
			width: 400px;
		}
		.bar-wrapper.has-sidebar {
			max-width: 1510px;
		}
		.mainbar.has-sidebar {
			margin-left: 410px;
		}
	}
	.section.first-section {
		margin-top: 9px;
	}
	.blocklink small {
		white-space: normal;
	}
	.button {
		vertical-align: middle;
	}
	.replay-controls {
		padding-top: 10px;
	}
	.replay-controls h1 {
		font-size: 16pt;
		font-weight: normal;
		color: #CCC;
	}
	.pagelink {
		text-align: center;
	}
	.pagelink a {
		width: 150px;
	}
	.textbox, .button {
		font-size: 11pt;
		vertical-align: middle;
	}
	@media (max-width: 450px) {
		.button {
			font-size: 9pt;
		}
	}
</style>

<div>

	<header>
		<div class="nav-wrapper"><ul class="nav">
			<li><a class="button nav-first" href="//pokemonshowdown.com/"><img src="//pokemonshowdown.com/images/pokemonshowdownbeta.png" srcset="//pokemonshowdown.com/images/pokemonshowdownbeta.png 1x, //pokemonshowdown.com/images/pokemonshowdownbeta@2x.png 2x" alt="Pok&eacute;mon Showdown" width="146" height="44" /> Home</a></li>
			<li><a class="button" href="//pokemonshowdown.com/dex/">Pok&eacute;dex</a></li>
			<li><a class="button cur" href="/">Replays</a></li>
			<li><a class="button" href="//pokemonshowdown.com/ladder/">Ladder</a></li>
			<li><a class="button nav-last" href="//pokemonshowdown.com/forums/">Forum</a></li>
			<li><a class="button greenbutton nav-first nav-last" href="//play.pokemonshowdown.com/">Play</a></li>
		</ul></div>
	</header>

	<div class="main" id="main">

		<noscript><section class="section">You need to enable JavaScript to use this page; sorry!</section></noscript>

	</div>

</div>

<script defer nomodule src="//play.pokemonshowdown.com/js/lib/ps-polyfill.js"></script>
<script defer src="//play.pokemonshowdown.com/js/lib/preact.min.js"></script>

<script defer src="//play.pokemonshowdown.com/config/config.js?2bddbc15"></script>
<script defer src="//play.pokemonshowdown.com/js/lib/jquery-1.11.0.min.js"></script>
<script defer src="//play.pokemonshowdown.com/js/lib/html-sanitizer-minified.js"></script>
<script defer src="//play.pokemonshowdown.com/js/battle-sound.js"></script>
<script defer src="//play.pokemonshowdown.com/js/battledata.js?0.7209276989879541"></script>
<script defer src="//play.pokemonshowdown.com/data/pokedex-mini.js?0.6111056340867951"></script>
<script defer src="//play.pokemonshowdown.com/data/pokedex-mini-bw.js?0.3532142036491459"></script>
<script defer src="//play.pokemonshowdown.com/data/graphics.js?0.24223875632456182"></script>
<script defer src="//play.pokemonshowdown.com/data/pokedex.js?0.38839984266356864"></script>
<script defer src="//play.pokemonshowdown.com/data/moves.js?0.21866028504024015"></script>
<script defer src="//play.pokemonshowdown.com/data/abilities.js?0.2005157953846628"></script>
<script defer src="//play.pokemonshowdown.com/data/items.js?0.9894211263848525"></script>
<script defer src="//play.pokemonshowdown.com/data/teambuilder-tables.js?0.6008791140282215"></script>
<script defer src="//play.pokemonshowdown.com/js/battle-tooltips.js?0.7580118955022959"></script>
<script defer src="//play.pokemonshowdown.com/js/battle.js?0.6057722274234274"></script>

<script defer src="js/utils.js?e31f9a17"></script>
<script defer src="js/replays-battle.js?7008c182"></script>

<!-- don't scrape this data! just add .json or .log after the URL!
Full API docs: https://github.com/smogon/pokemon-showdown-client/blob/master/WEB-API.md -->
<script type="text/plain" class="log" id="replaylog-smogtours-gen3ou-803172">
|inactive|Battle timer is ON: inactive players will automatically lose when time's up.
|t:|1730153747
|gametype|singles
|player|p1|LTG|#ltg|
|player|p2|SaunkGod|blue-gen3two|
|teamsize|p1|6
|teamsize|p2|6
|gen|3
|tier|[Gen 3] OU
|rule|Sleep Clause Mod: Limit one foe put to sleep
|rule|Switch Priority Clause Mod: Faster Pokémon switch first
|rule|Species Clause: Limit one of each Pokémon
|rule|OHKO Clause: OHKO moves are banned
|rule|Evasion Items Clause: Evasion items are banned
|rule|Evasion Moves Clause: Evasion moves are banned
|rule|Endless Battle Clause: Forcing endless battles is banned
|rule|HP Percentage Mod: HP is shown in percentages
|rule|One Boost Passer Clause: Limit one Baton Passer that has a way to boost its stats
|rule|Freeze Clause Mod: Limit one foe frozen
|
|t:|1730153747
|start
|switch|p1a: Skarmory|Skarmory, M|100/100
|switch|p2a: Zapdos|Zapdos|100/100
|turn|1
|inactive|LTG has 270 seconds left.
|
|t:|1730153789
|switch|p1a: Snorlax|Snorlax, M|100/100
|move|p2a: Zapdos|Substitute|p2a: Zapdos
|-start|p2a: Zapdos|Substitute
|-damage|p2a: Zapdos|76/100
|
|-heal|p2a: Zapdos|82/100|[from] item: Leftovers
|upkeep
|turn|2
|
|t:|1730153808
|move|p2a: Zapdos|Baton Pass|p2a: Zapdos
|
|t:|1730153809
|switch|p2a: Celebi|Celebi|100/100|[from] Baton Pass
|move|p1a: Snorlax|Body Slam|p2a: Celebi
|-end|p2a: Celebi|Substitute
|
|upkeep
|turn|3
|
|t:|1730153818
|switch|p1a: Celebi|Celebi|100/100
|move|p2a: Celebi|Leech Seed|p1a: Celebi
|-immune|p1a: Celebi
|
|upkeep
|turn|4
|
|t:|1730153827
|move|p2a: Celebi|Calm Mind|p2a: Celebi
|-boost|p2a: Celebi|spa|1
|-boost|p2a: Celebi|spd|1
|move|p1a: Celebi|Baton Pass|p1a: Celebi
|inactive|LTG has 270 seconds left.
|inactive|LTG has 240 seconds left.
|
|t:|1730153895
|switch|p1a: Skarmory|Skarmory, M|100/100|[from] Baton Pass
|
|upkeep
|turn|5
|
|t:|1730153900
|move|p2a: Celebi|Hidden Power|p1a: Skarmory
|-supereffective|p1a: Skarmory
|-damage|p1a: Skarmory|41/100
|move|p1a: Skarmory|Roar|p2a: Celebi
|drag|p2a: Zapdos|Zapdos|82/100
|
|-heal|p2a: Zapdos|88/100|[from] item: Leftovers
|-heal|p1a: Skarmory|47/100|[from] item: Leftovers
|upkeep
|turn|6
|
|t:|1730153914
|switch|p1a: Snorlax|Snorlax, M|100/100
|move|p2a: Zapdos|Thunderbolt|p1a: Snorlax
|-damage|p1a: Snorlax|71/100
|-status|p1a: Snorlax|par
|
|-heal|p2a: Zapdos|94/100|[from] item: Leftovers
|-heal|p1a: Snorlax|77/100 par|[from] item: Leftovers
|upkeep
|turn|7
|
|t:|1730153920
|switch|p2a: Celebi|Celebi|100/100
|cant|p1a: Snorlax|par
|
|-heal|p1a: Snorlax|83/100 par|[from] item: Leftovers
|upkeep
|turn|8
|
|t:|1730153930
|switch|p1a: Celebi|Celebi|100/100
|move|p2a: Celebi|Calm Mind|p2a: Celebi
|-boost|p2a: Celebi|spa|1
|-boost|p2a: Celebi|spd|1
|
|upkeep
|turn|9
|
|t:|1730153942
|switch|p1a: Tyranitar|Tyranitar, M|100/100
|-weather|Sandstorm|[from] ability: Sand Stream|[of] p1a: Tyranitar
|move|p2a: Celebi|Hidden Power|p1a: Tyranitar
|-resisted|p1a: Tyranitar
|-damage|p1a: Tyranitar|86/100
|
|-weather|Sandstorm|[upkeep]
|-damage|p2a: Celebi|94/100|[from] Sandstorm
|-heal|p2a: Celebi|100/100|[from] item: Leftovers
|upkeep
|turn|10
|inactive|SaunkGod has 270 seconds left.
|inactive|SaunkGod has 240 seconds left.
|inactive|LTG has 240 seconds left.
|
|t:|1730154009
|switch|p2a: Swampert|Swampert, M|100/100
|move|p1a: Tyranitar|Hidden Power|p2a: Swampert
|-damage|p2a: Swampert|83/100
|
|-weather|Sandstorm|[upkeep]
|-heal|p2a: Swampert|89/100|[from] item: Leftovers
|upkeep
|turn|11
|inactive|LTG has 240 seconds left.
|inactive|SaunkGod has 240 seconds left.
|
|t:|1730154028
|switch|p1a: Snorlax|Snorlax, M|83/100 par
|move|p2a: Swampert|Surf|p1a: Snorlax
|-damage|p1a: Snorlax|67/100 par
|
|-weather|Sandstorm|[upkeep]
|-damage|p1a: Snorlax|61/100 par|[from] Sandstorm
|-heal|p2a: Swampert|96/100|[from] item: Leftovers
|-heal|p1a: Snorlax|67/100 par|[from] item: Leftovers
|upkeep
|turn|12
|inactive|LTG has 240 seconds left.
|
|t:|1730154039
|switch|p2a: Celebi|Celebi|100/100
|move|p1a: Snorlax|Self-Destruct|p2a: Celebi
|-damage|p2a: Celebi|0 fnt
|faint|p1a: Snorlax
|faint|p2a: Celebi
|inactive|LTG has 240 seconds left.
|inactive|SaunkGod has 240 seconds left.
|
|t:|1730154067
|switch|p2a: Zapdos|Zapdos|94/100
|switch|p1a: Celebi|Celebi|100/100
|
|-weather|Sandstorm|[upkeep]
|-damage|p2a: Zapdos|88/100|[from] Sandstorm
|-damage|p1a: Celebi|94/100|[from] Sandstorm
|-heal|p2a: Zapdos|94/100|[from] item: Leftovers
|-heal|p1a: Celebi|100/100|[from] item: Leftovers
|upkeep
|turn|13
|inactive|SaunkGod has 240 seconds left.
|inactive|LTG has 210 seconds left.
|
|t:|1730154119
|move|p2a: Zapdos|Substitute|p2a: Zapdos
|-start|p2a: Zapdos|Substitute
|-damage|p2a: Zapdos|69/100
|move|p1a: Celebi|Swords Dance|p1a: Celebi
|-boost|p1a: Celebi|atk|2
|
|-weather|Sandstorm|[upkeep]
|-damage|p2a: Zapdos|63/100|[from] Sandstorm
|-damage|p1a: Celebi|94/100|[from] Sandstorm
|-heal|p2a: Zapdos|69/100|[from] item: Leftovers
|-heal|p1a: Celebi|100/100|[from] item: Leftovers
|upkeep
|turn|14
|inactive|LTG has 180 seconds left.
|inactive|SaunkGod has 210 seconds left.
|
|t:|1730154160
|move|p2a: Zapdos|Baton Pass|p2a: Zapdos
|
|t:|1730154164
|switch|p2a: Ludicolo|Ludicolo, M, shiny|100/100|[from] Baton Pass
|move|p1a: Celebi|Swords Dance|p1a: Celebi
|-boost|p1a: Celebi|atk|2
|
|-weather|Sandstorm|[upkeep]
|-damage|p1a: Celebi|94/100|[from] Sandstorm
|-damage|p2a: Ludicolo|95/100|[from] Sandstorm
|-heal|p1a: Celebi|100/100|[from] item: Leftovers
|-heal|p2a: Ludicolo|100/100|[from] item: Leftovers
|upkeep
|turn|15
|
|t:|1730154182
|move|p1a: Celebi|Hidden Power|p2a: Ludicolo
|-end|p2a: Ludicolo|Substitute
|move|p2a: Ludicolo|Ice Beam|p1a: Celebi
|-supereffective|p1a: Celebi
|-damage|p1a: Celebi|50/100
|
|-weather|Sandstorm|[upkeep]
|-damage|p1a: Celebi|44/100|[from] Sandstorm
|-damage|p2a: Ludicolo|95/100|[from] Sandstorm
|-heal|p1a: Celebi|50/100|[from] item: Leftovers
|-heal|p2a: Ludicolo|100/100|[from] item: Leftovers
|upkeep
|turn|16
|
|t:|1730154193
|move|p1a: Celebi|Baton Pass|p1a: Celebi
|
|t:|1730154202
|switch|p1a: Magneton|Magneton|100/100|[from] Baton Pass
|move|p2a: Ludicolo|Rain Dance|p2a: Ludicolo
|-weather|RainDance
|
|-weather|RainDance|[upkeep]
|upkeep
|turn|17
|
|t:|1730154226
|move|p2a: Ludicolo|Surf|p1a: Magneton
|-damage|p1a: Magneton|0 fnt
|faint|p1a: Magneton
|
|t:|1730154229
|switch|p1a: Tyranitar|Tyranitar, M|86/100
|-weather|Sandstorm|[from] ability: Sand Stream|[of] p1a: Tyranitar
|
|-weather|Sandstorm|[upkeep]
|-damage|p2a: Ludicolo|95/100|[from] Sandstorm
|-heal|p2a: Ludicolo|100/100|[from] item: Leftovers
|upkeep
|turn|18
|
|t:|1730154254
|switch|p2a: Swampert|Swampert, M|96/100
|move|p1a: Tyranitar|Hidden Power|p2a: Swampert
|-damage|p2a: Swampert|77/100
|
|-weather|Sandstorm|[upkeep]
|-heal|p2a: Swampert|84/100|[from] item: Leftovers
|upkeep
|turn|19
|inactive|LTG has 150 seconds left.
|
|t:|1730154293
|switch|p1a: Celebi|Celebi|50/100
|move|p2a: Swampert|Ice Beam|p1a: Celebi
|-supereffective|p1a: Celebi
|-damage|p1a: Celebi|19/100
|
|-weather|Sandstorm|[upkeep]
|-damage|p1a: Celebi|13/100|[from] Sandstorm
|-heal|p1a: Celebi|19/100|[from] item: Leftovers
|-heal|p2a: Swampert|90/100|[from] item: Leftovers
|upkeep
|turn|20
|
|t:|1730154306
|switch|p2a: Zapdos|Zapdos|69/100
|move|p1a: Celebi|Recover|p1a: Celebi
|-heal|p1a: Celebi|69/100
|
|-weather|Sandstorm|[upkeep]
|-damage|p2a: Zapdos|63/100|[from] Sandstorm
|-damage|p1a: Celebi|63/100|[from] Sandstorm
|-heal|p2a: Zapdos|69/100|[from] item: Leftovers
|-heal|p1a: Celebi|69/100|[from] item: Leftovers
|upkeep
|turn|21
|inactive|LTG has 150 seconds left.
|
|t:|1730154321
|move|p2a: Zapdos|Substitute|p2a: Zapdos
|-start|p2a: Zapdos|Substitute
|-damage|p2a: Zapdos|44/100
|move|p1a: Celebi|Swords Dance|p1a: Celebi
|-boost|p1a: Celebi|atk|2
|
|-weather|Sandstorm|[upkeep]
|-damage|p2a: Zapdos|38/100|[from] Sandstorm
|-damage|p1a: Celebi|63/100|[from] Sandstorm
|-heal|p2a: Zapdos|44/100|[from] item: Leftovers
|-heal|p1a: Celebi|69/100|[from] item: Leftovers
|upkeep
|turn|22
|
|t:|1730154338
|move|p2a: Zapdos|Hidden Power|p1a: Celebi
|-supereffective|p1a: Celebi
|-damage|p1a: Celebi|28/100
|move|p1a: Celebi|Recover|p1a: Celebi
|-heal|p1a: Celebi|78/100
|
|-weather|Sandstorm|[upkeep]
|-damage|p2a: Zapdos|38/100|[from] Sandstorm
|-damage|p1a: Celebi|72/100|[from] Sandstorm
|-heal|p2a: Zapdos|44/100|[from] item: Leftovers
|-heal|p1a: Celebi|78/100|[from] item: Leftovers
|upkeep
|turn|23
|
|t:|1730154344
|move|p2a: Zapdos|Baton Pass|p2a: Zapdos
|
|t:|1730154355
|switch|p2a: Ludicolo|Ludicolo, M, shiny|100/100|[from] Baton Pass
|move|p1a: Celebi|Recover|p1a: Celebi
|-heal|p1a: Celebi|100/100
|
|-weather|Sandstorm|[upkeep]
|-damage|p1a: Celebi|94/100|[from] Sandstorm
|-damage|p2a: Ludicolo|95/100|[from] Sandstorm
|-heal|p1a: Celebi|100/100|[from] item: Leftovers
|-heal|p2a: Ludicolo|100/100|[from] item: Leftovers
|upkeep
|turn|24
|
|t:|1730154366
|move|p1a: Celebi|Hidden Power|p2a: Ludicolo
|-end|p2a: Ludicolo|Substitute
|move|p2a: Ludicolo|Ice Beam|p1a: Celebi
|-supereffective|p1a: Celebi
|-damage|p1a: Celebi|53/100
|
|-weather|Sandstorm|[upkeep]
|-damage|p1a: Celebi|47/100|[from] Sandstorm
|-damage|p2a: Ludicolo|95/100|[from] Sandstorm
|-heal|p1a: Celebi|53/100|[from] item: Leftovers
|-heal|p2a: Ludicolo|100/100|[from] item: Leftovers
|upkeep
|turn|25
|
|t:|1730154378
|move|p1a: Celebi|Recover|p1a: Celebi
|-heal|p1a: Celebi|100/100
|move|p2a: Ludicolo|Rain Dance|p2a: Ludicolo
|-weather|RainDance
|
|-weather|RainDance|[upkeep]
|upkeep
|turn|26
|
|t:|1730154388
|move|p2a: Ludicolo|Ice Beam|p1a: Celebi
|-supereffective|p1a: Celebi
|-damage|p1a: Celebi|55/100
|move|p1a: Celebi|Recover|p1a: Celebi
|-heal|p1a: Celebi|100/100
|
|-weather|RainDance|[upkeep]
|upkeep
|turn|27
|
|t:|1730154395
|move|p2a: Ludicolo|Ice Beam|p1a: Celebi
|-supereffective|p1a: Celebi
|-damage|p1a: Celebi|49/100
|move|p1a: Celebi|Recover|p1a: Celebi
|-heal|p1a: Celebi|99/100
|
|-weather|RainDance|[upkeep]
|-heal|p1a: Celebi|100/100|[from] item: Leftovers
|upkeep
|turn|28
|
|t:|1730154402
|move|p2a: Ludicolo|Ice Beam|p1a: Celebi
|-supereffective|p1a: Celebi
|-damage|p1a: Celebi|51/100
|move|p1a: Celebi|Recover|p1a: Celebi
|-heal|p1a: Celebi|100/100
|
|-weather|RainDance|[upkeep]
|upkeep
|turn|29
|
|t:|1730154407
|move|p2a: Ludicolo|Ice Beam|p1a: Celebi
|-supereffective|p1a: Celebi
|-damage|p1a: Celebi|53/100
|-status|p1a: Celebi|frz
|-curestatus|p1a: Celebi|frz|[msg]
|move|p1a: Celebi|Recover|p1a: Celebi
|-heal|p1a: Celebi|100/100
|
|-weather|none
|upkeep
|turn|30
|inactive|LTG has 180 seconds left.
|
|t:|1730154422
|move|p1a: Celebi|Hidden Power|p2a: Ludicolo
|-damage|p2a: Ludicolo|48/100
|move|p2a: Ludicolo|Rain Dance|p2a: Ludicolo
|-weather|RainDance
|
|-weather|RainDance|[upkeep]
|-heal|p2a: Ludicolo|54/100|[from] item: Leftovers
|upkeep
|turn|31
|
|t:|1730154440
|move|p2a: Ludicolo|Ice Beam|p1a: Celebi
|-supereffective|p1a: Celebi
|-damage|p1a: Celebi|52/100
|-status|p1a: Celebi|frz
|cant|p1a: Celebi|frz
|
|-weather|RainDance|[upkeep]
|-heal|p2a: Ludicolo|60/100|[from] item: Leftovers
|-heal|p1a: Celebi|58/100 frz|[from] item: Leftovers
|upkeep
|turn|32
|
|t:|1730154448
|-curestatus|p1a: Celebi|frz|[from] ability: Natural Cure
|switch|p1a: Tyranitar|Tyranitar, M|86/100
|-weather|Sandstorm|[from] ability: Sand Stream|[of] p1a: Tyranitar
|move|p2a: Ludicolo|Ice Beam|p1a: Tyranitar
|-damage|p1a: Tyranitar|60/100
|
|-weather|Sandstorm|[upkeep]
|-damage|p2a: Ludicolo|54/100|[from] Sandstorm
|-heal|p2a: Ludicolo|60/100|[from] item: Leftovers
|upkeep
|turn|33
|inactive|SaunkGod has 270 seconds left.
|
|t:|1730154499
|switch|p1a: Celebi|Celebi|58/100
|move|p2a: Ludicolo|Surf|p1a: Celebi
|-resisted|p1a: Celebi
|-crit|p1a: Celebi
|-damage|p1a: Celebi|21/100
|
|-weather|Sandstorm|[upkeep]
|-damage|p1a: Celebi|15/100|[from] Sandstorm
|-damage|p2a: Ludicolo|54/100|[from] Sandstorm
|-heal|p1a: Celebi|21/100|[from] item: Leftovers
|-heal|p2a: Ludicolo|60/100|[from] item: Leftovers
|upkeep
|turn|34
|inactive|LTG has 180 seconds left.
|inactive|SaunkGod has 240 seconds left.
|
|t:|1730154523
|move|p1a: Celebi|Recover|p1a: Celebi
|-heal|p1a: Celebi|71/100
|move|p2a: Ludicolo|Rain Dance|p2a: Ludicolo
|-weather|RainDance
|
|-weather|RainDance|[upkeep]
|-heal|p2a: Ludicolo|66/100|[from] item: Leftovers
|-heal|p1a: Celebi|77/100|[from] item: Leftovers
|upkeep
|turn|35
|inactive|LTG has 180 seconds left.
|
|t:|1730154537
|switch|p1a: Tyranitar|Tyranitar, M|60/100
|-weather|Sandstorm|[from] ability: Sand Stream|[of] p1a: Tyranitar
|move|p2a: Ludicolo|Ice Beam|p1a: Tyranitar
|-damage|p1a: Tyranitar|33/100
|
|-weather|Sandstorm|[upkeep]
|-damage|p2a: Ludicolo|60/100|[from] Sandstorm
|-heal|p2a: Ludicolo|66/100|[from] item: Leftovers
|upkeep
|turn|36
|inactive|LTG has 180 seconds left.
|
|t:|1730154556
|switch|p2a: Dugtrio|Dugtrio, M|100/100
|move|p1a: Tyranitar|Hidden Power|p2a: Dugtrio
|-damage|p2a: Dugtrio|33/100
|
|-weather|Sandstorm|[upkeep]
|upkeep
|turn|37
|inactive|LTG has 180 seconds left.
|
|t:|1730154570
|move|p2a: Dugtrio|Hidden Power|p1a: Tyranitar
|-supereffective|p1a: Tyranitar
|-damage|p1a: Tyranitar|0 fnt
|faint|p1a: Tyranitar
|inactive|LTG has 180 seconds left.
|
|t:|1730154596
|switch|p1a: Skarmory|Skarmory, M|47/100
|
|-weather|Sandstorm|[upkeep]
|-heal|p1a: Skarmory|53/100|[from] item: Leftovers
|upkeep
|turn|38
|
|t:|1730154612
|move|p2a: Dugtrio|Hidden Power|p1a: Skarmory
|-resisted|p1a: Skarmory
|-damage|p1a: Skarmory|48/100
|move|p1a: Skarmory|Toxic|p2a: Dugtrio
|-status|p2a: Dugtrio|tox
|
|-weather|Sandstorm|[upkeep]
|-damage|p2a: Dugtrio|27/100 tox|[from] psn
|-heal|p1a: Skarmory|54/100|[from] item: Leftovers
|upkeep
|turn|39
|
|t:|1730154631
|switch|p2a: Zapdos|Zapdos|44/100
|move|p1a: Skarmory|Spikes|p2a: Zapdos
|-sidestart|p2: SaunkGod|Spikes
|
|-weather|Sandstorm|[upkeep]
|-damage|p2a: Zapdos|38/100|[from] Sandstorm
|-heal|p2a: Zapdos|44/100|[from] item: Leftovers
|-heal|p1a: Skarmory|60/100|[from] item: Leftovers
|upkeep
|turn|40
|
|t:|1730154639
|switch|p1a: Celebi|Celebi|77/100
|move|p2a: Zapdos|Thunderbolt|p1a: Celebi
|-resisted|p1a: Celebi
|-damage|p1a: Celebi|53/100
|
|-weather|Sandstorm|[upkeep]
|-damage|p2a: Zapdos|38/100|[from] Sandstorm
|-damage|p1a: Celebi|47/100|[from] Sandstorm
|-heal|p2a: Zapdos|44/100|[from] item: Leftovers
|-heal|p1a: Celebi|53/100|[from] item: Leftovers
|upkeep
|turn|41
|
|t:|1730154644
|move|p2a: Zapdos|Substitute|p2a: Zapdos
|-start|p2a: Zapdos|Substitute
|-damage|p2a: Zapdos|20/100
|move|p1a: Celebi|Recover|p1a: Celebi
|-heal|p1a: Celebi|100/100
|
|-weather|Sandstorm|[upkeep]
|-damage|p2a: Zapdos|13/100|[from] Sandstorm
|-damage|p1a: Celebi|94/100|[from] Sandstorm
|-heal|p2a: Zapdos|20/100|[from] item: Leftovers
|-heal|p1a: Celebi|100/100|[from] item: Leftovers
|upkeep
|turn|42
|inactive|LTG has 180 seconds left.
|
|t:|1730154658
|switch|p1a: Skarmory|Skarmory, M|60/100
|move|p2a: Zapdos|Baton Pass|p2a: Zapdos
|
|t:|1730154665
|switch|p2a: Swampert|Swampert, M|90/100|[from] Baton Pass
|-damage|p2a: Swampert|77/100|[from] Spikes
|
|-weather|Sandstorm|[upkeep]
|-heal|p1a: Skarmory|66/100|[from] item: Leftovers
|-heal|p2a: Swampert|84/100|[from] item: Leftovers
|upkeep
|turn|43
|
|t:|1730154672
|move|p1a: Skarmory|Protect|p1a: Skarmory
|-singleturn|p1a: Skarmory|Protect
|move|p2a: Swampert|Rain Dance|p2a: Swampert
|-weather|RainDance
|
|-weather|RainDance|[upkeep]
|-heal|p1a: Skarmory|72/100|[from] item: Leftovers
|-heal|p2a: Swampert|90/100|[from] item: Leftovers
|upkeep
|turn|44
|
|t:|1730154681
|switch|p1a: Celebi|Celebi|100/100
|move|p2a: Swampert|Surf|p1a: Celebi
|-resisted|p1a: Celebi
|-damage|p1a: Celebi|84/100
|
|-weather|RainDance|[upkeep]
|-heal|p1a: Celebi|90/100|[from] item: Leftovers
|-heal|p2a: Swampert|96/100|[from] item: Leftovers
|upkeep
|turn|45
|inactive|LTG has 180 seconds left.
|
|t:|1730154715
|move|p1a: Celebi|Recover|p1a: Celebi
|-heal|p1a: Celebi|100/100
|move|p2a: Swampert|Ice Beam|p1a: Celebi
|-supereffective|p1a: Celebi
|-damage|p1a: Celebi|67/100
|
|-weather|RainDance|[upkeep]
|-heal|p1a: Celebi|73/100|[from] item: Leftovers
|-heal|p2a: Swampert|100/100|[from] item: Leftovers
|upkeep
|turn|46
|inactive|LTG has 180 seconds left.
|
|t:|1730154729
|move|p1a: Celebi|Recover|p1a: Celebi
|-heal|p1a: Celebi|100/100
|move|p2a: Swampert|Ice Beam|p1a: Celebi
|-supereffective|p1a: Celebi
|-damage|p1a: Celebi|70/100
|
|-weather|RainDance|[upkeep]
|-heal|p1a: Celebi|76/100|[from] item: Leftovers
|upkeep
|turn|47
|inactive|LTG has 180 seconds left.
|
|t:|1730154737
|move|p1a: Celebi|Swords Dance|p1a: Celebi
|-boost|p1a: Celebi|atk|2
|move|p2a: Swampert|Ice Beam|p1a: Celebi
|-supereffective|p1a: Celebi
|-damage|p1a: Celebi|43/100
|
|-weather|none
|-heal|p1a: Celebi|49/100|[from] item: Leftovers
|upkeep
|turn|48
|
|t:|1730154739
|move|p1a: Celebi|Recover|p1a: Celebi
|-heal|p1a: Celebi|99/100
|move|p2a: Swampert|Ice Beam|p1a: Celebi
|-supereffective|p1a: Celebi
|-damage|p1a: Celebi|65/100
|
|-heal|p1a: Celebi|72/100|[from] item: Leftovers
|upkeep
|turn|49
|inactive|LTG has 180 seconds left.
|
|t:|1730154777
|move|p1a: Celebi|Hidden Power|p2a: Swampert
|-end|p2a: Swampert|Substitute
|move|p2a: Swampert|Rain Dance|p2a: Swampert
|-weather|RainDance
|
|-weather|RainDance|[upkeep]
|-heal|p1a: Celebi|78/100|[from] item: Leftovers
|upkeep
|turn|50
|
|t:|1730154783
|move|p1a: Celebi|Hidden Power|p2a: Swampert
|-damage|p2a: Swampert|79/100
|move|p2a: Swampert|Ice Beam|p1a: Celebi
|-supereffective|p1a: Celebi
|-damage|p1a: Celebi|48/100
|
|-weather|RainDance|[upkeep]
|-heal|p1a: Celebi|54/100|[from] item: Leftovers
|-heal|p2a: Swampert|85/100|[from] item: Leftovers
|upkeep
|turn|51
|
|t:|1730154791
|switch|p2a: Dugtrio|Dugtrio, M|27/100 tox
|-damage|p2a: Dugtrio|14/100 tox|[from] Spikes
|move|p1a: Celebi|Recover|p1a: Celebi
|-heal|p1a: Celebi|100/100
|
|-weather|RainDance|[upkeep]
|-damage|p2a: Dugtrio|8/100 tox|[from] psn
|upkeep
|turn|52
|
|t:|1730154798
|move|p2a: Dugtrio|Hidden Power|p1a: Celebi
|-supereffective|p1a: Celebi
|-damage|p1a: Celebi|30/100
|move|p1a: Celebi|Recover|p1a: Celebi
|-heal|p1a: Celebi|80/100
|
|-weather|RainDance|[upkeep]
|-damage|p2a: Dugtrio|0 fnt|[from] psn
|faint|p2a: Dugtrio
|-heal|p1a: Celebi|87/100|[from] item: Leftovers
|upkeep
|
|t:|1730154817
|switch|p2a: Ludicolo|Ludicolo, M, shiny|66/100
|-damage|p2a: Ludicolo|53/100|[from] Spikes
|turn|53
|
|t:|1730154836
|move|p2a: Ludicolo|Ice Beam|p1a: Celebi
|-supereffective|p1a: Celebi
|-damage|p1a: Celebi|39/100
|move|p1a: Celebi|Baton Pass|p1a: Celebi
|
|t:|1730154839
|switch|p1a: Aerodactyl|Aerodactyl, M|100/100|[from] Baton Pass
|
|-weather|none
|-heal|p2a: Ludicolo|59/100|[from] item: Leftovers
|upkeep
|turn|54
|
|t:|1730154858
|move|p1a: Aerodactyl|Double-Edge|p2a: Ludicolo
|-damage|p2a: Ludicolo|0 fnt
|faint|p2a: Ludicolo
|
|t:|1730154884
|switch|p2a: Swampert|Swampert, M|85/100
|-damage|p2a: Swampert|73/100|[from] Spikes
|
|-heal|p2a: Swampert|79/100|[from] item: Leftovers
|upkeep
|turn|55
|inactive|SaunkGod has 270 seconds left.
|inactive|LTG has 180 seconds left.
|inactive|LTG has 150 seconds left.
|inactive|LTG has 120 seconds left.
|
|t:|1730154964
|switch|p1a: Skarmory|Skarmory, M|72/100
|move|p2a: Swampert|Rain Dance|p2a: Swampert
|-weather|RainDance
|
|-weather|RainDance|[upkeep]
|-heal|p1a: Skarmory|78/100|[from] item: Leftovers
|-heal|p2a: Swampert|85/100|[from] item: Leftovers
|upkeep
|turn|56
|inactive|LTG has 120 seconds left.
|
|t:|1730154975
|switch|p2a: Zapdos|Zapdos|20/100
|move|p1a: Skarmory|Toxic|p2a: Zapdos
|-status|p2a: Zapdos|tox
|
|-weather|RainDance|[upkeep]
|-heal|p2a: Zapdos|26/100 tox|[from] item: Leftovers
|-damage|p2a: Zapdos|20/100 tox|[from] psn
|-heal|p1a: Skarmory|84/100|[from] item: Leftovers
|upkeep
|turn|57
|
|t:|1730154984
|move|p1a: Skarmory|Protect|p1a: Skarmory
|-singleturn|p1a: Skarmory|Protect
|move|p2a: Zapdos|Thunderbolt|p1a: Skarmory
|-activate|p1a: Skarmory|Protect
|
|-weather|RainDance|[upkeep]
|-heal|p2a: Zapdos|26/100 tox|[from] item: Leftovers
|-damage|p2a: Zapdos|13/100 tox|[from] psn
|-heal|p1a: Skarmory|90/100|[from] item: Leftovers
|upkeep
|turn|58
|
|t:|1730154988
|move|p2a: Zapdos|Thunderbolt|p1a: Skarmory
|-supereffective|p1a: Skarmory
|-damage|p1a: Skarmory|0 fnt
|faint|p1a: Skarmory
|
|t:|1730154990
|switch|p1a: Celebi|Celebi|39/100
|
|-weather|RainDance|[upkeep]
|-heal|p2a: Zapdos|20/100 tox|[from] item: Leftovers
|-damage|p2a: Zapdos|1/100 tox|[from] psn
|-heal|p1a: Celebi|45/100|[from] item: Leftovers
|upkeep
|turn|59
|
|t:|1730154996
|move|p2a: Zapdos|Hidden Power|p1a: Celebi
|-supereffective|p1a: Celebi
|-damage|p1a: Celebi|2/100
|move|p1a: Celebi|Recover|p1a: Celebi
|-heal|p1a: Celebi|52/100
|
|-weather|none
|-heal|p2a: Zapdos|7/100 tox|[from] item: Leftovers
|-damage|p2a: Zapdos|0 fnt|[from] psn
|faint|p2a: Zapdos
|-heal|p1a: Celebi|58/100|[from] item: Leftovers
|upkeep
|
|t:|1730155001
|switch|p2a: Kingdra|Kingdra, F|100/100
|-damage|p2a: Kingdra|88/100|[from] Spikes
|turn|60
|
|t:|1730155009
|move|p1a: Celebi|Recover|p1a: Celebi
|-heal|p1a: Celebi|100/100
|move|p2a: Kingdra|Rain Dance|p2a: Kingdra
|-weather|RainDance
|
|-weather|RainDance|[upkeep]
|-heal|p2a: Kingdra|94/100|[from] item: Leftovers
|upkeep
|turn|61
|inactive|LTG has 150 seconds left.
|
|t:|1730155040
|move|p2a: Kingdra|Substitute|p2a: Kingdra
|-start|p2a: Kingdra|Substitute
|-damage|p2a: Kingdra|69/100
|move|p1a: Celebi|Swords Dance|p1a: Celebi
|-boost|p1a: Celebi|atk|2
|
|-weather|RainDance|[upkeep]
|-heal|p2a: Kingdra|75/100|[from] item: Leftovers
|upkeep
|turn|62
|
|t:|1730155046
|move|p2a: Kingdra|Ice Beam|p1a: Celebi
|-supereffective|p1a: Celebi
|-damage|p1a: Celebi|54/100
|move|p1a: Celebi|Hidden Power|p2a: Kingdra
|-end|p2a: Kingdra|Substitute
|
|-weather|RainDance|[upkeep]
|-heal|p2a: Kingdra|81/100|[from] item: Leftovers
|-heal|p1a: Celebi|60/100|[from] item: Leftovers
|upkeep
|turn|63
|
|t:|1730155051
|move|p2a: Kingdra|Ice Beam|p1a: Celebi
|-supereffective|p1a: Celebi
|-damage|p1a: Celebi|8/100
|move|p1a: Celebi|Recover|p1a: Celebi
|-heal|p1a: Celebi|58/100
|
|-weather|RainDance|[upkeep]
|-heal|p2a: Kingdra|87/100|[from] item: Leftovers
|-heal|p1a: Celebi|64/100|[from] item: Leftovers
|upkeep
|turn|64
|inactive|LTG has 150 seconds left.
|
|t:|1730155094
|move|p2a: Kingdra|Substitute|p2a: Kingdra
|-start|p2a: Kingdra|Substitute
|-damage|p2a: Kingdra|63/100
|move|p1a: Celebi|Recover|p1a: Celebi
|-heal|p1a: Celebi|100/100
|
|-weather|none
|-heal|p2a: Kingdra|69/100|[from] item: Leftovers
|upkeep
|turn|65
|
|t:|1730155100
|move|p1a: Celebi|Swords Dance|p1a: Celebi
|-boost|p1a: Celebi|atk|2
|move|p2a: Kingdra|Rain Dance|p2a: Kingdra
|-weather|RainDance
|
|-weather|RainDance|[upkeep]
|-heal|p2a: Kingdra|75/100|[from] item: Leftovers
|upkeep
|turn|66
|
|t:|1730155105
|move|p2a: Kingdra|Ice Beam|p1a: Celebi
|-supereffective|p1a: Celebi
|-damage|p1a: Celebi|52/100
|move|p1a: Celebi|Hidden Power|p2a: Kingdra
|-end|p2a: Kingdra|Substitute
|
|-weather|RainDance|[upkeep]
|-heal|p2a: Kingdra|81/100|[from] item: Leftovers
|-heal|p1a: Celebi|58/100|[from] item: Leftovers
|upkeep
|turn|67
|
|t:|1730155109
|move|p2a: Kingdra|Ice Beam|p1a: Celebi
|-supereffective|p1a: Celebi
|-damage|p1a: Celebi|8/100
|move|p1a: Celebi|Recover|p1a: Celebi
|-heal|p1a: Celebi|58/100
|
|-weather|RainDance|[upkeep]
|-heal|p2a: Kingdra|87/100|[from] item: Leftovers
|-heal|p1a: Celebi|64/100|[from] item: Leftovers
|upkeep
|turn|68
|inactive|LTG has 150 seconds left.
|
|t:|1730155121
|move|p2a: Kingdra|Ice Beam|p1a: Celebi
|-supereffective|p1a: Celebi
|-crit|p1a: Celebi
|-damage|p1a: Celebi|0 fnt
|faint|p1a: Celebi
|c|☆LTG|NOOOOO
|inactive|LTG has 150 seconds left.
|c|☆LTG|ggs
|c|☆SaunkGod|gg
|
|t:|1730155133
|switch|p1a: Aerodactyl|Aerodactyl, M|100/100
|
|-weather|RainDance|[upkeep]
|-heal|p2a: Kingdra|93/100|[from] item: Leftovers
|upkeep
|turn|69
|
|t:|1730155138
|move|p2a: Kingdra|Hydro Pump|p1a: Aerodactyl
|-supereffective|p1a: Aerodactyl
|-damage|p1a: Aerodactyl|0 fnt
|faint|p1a: Aerodactyl
|
|win|SaunkGod
|player|p1|

</script>
<script type="application/json" class="data" id="replaydata-smogtours-gen3ou-803172">
{"id":"smogtours-gen3ou-803172","format":"[Gen 3] OU","players":["LTG","SaunkGod"],"uploadtime":1730155138,"views":100,"formatid":"gen3ou","rating":null,"private":0,"password":null}
</script>

<script defer src="js/replays.js?9d40a366"></script>
