<!DOCTYPE html>
<meta charset="utf-8" />
<meta name="viewport" content="width=device-width" />

<title>[Gen 3] OU: Jfaun vs. deno_nemesis - Replays - Pok&eacute;mon Showdown!</title>

<meta name="description" content="Watch a replay of a Pok&eacute;mon battle between Jfaun and deno_nemesis! Format: [Gen 3] OU; Date: Oct 23, 2024" />
<!--

Hey, you! Looking in the source for the replay log?

You can find them in JSON format, just add `.json` at the end of a replay URL.

https://replay.pokemonshowdown.com/gen7randomdoublesbattle-865046831.json

Or, if you only need the log itself, add `.log` instead:

https://replay.pokemonshowdown.com/gen7randomdoublesbattle-865046831.log

-->

<link rel="stylesheet" href="//pokemonshowdown.com/style/global.css?0.767286132409787" />
<link rel="stylesheet" href="//play.pokemonshowdown.com/style/font-awesome.css?0.9266228007934947" />
<link rel="stylesheet" href="//play.pokemonshowdown.com/style/battle.css?0.7924700842790926" />
<link rel="stylesheet" href="//play.pokemonshowdown.com/style/utilichart.css?0.8777417872839479" />

<!-- Global site tag (gtag.js) - Google Analytics -->
<script async src="https://www.googletagmanager.com/gtag/js?id=UA-26211653-1"></script>
<script>
  window.dataLayer = window.dataLayer || [];
  function gtag(){dataLayer.push(arguments);}
  gtag('js', new Date());

  gtag('config', 'UA-26211653-1');
</script>
<!-- End Google Analytics -->
<!-- Venatus Ad Manager - Install in <HEAD> of page -->
	<script src="https://hb.vntsm.com/v3/live/ad-manager.min.js" type="text/javascript" data-site-id="642aba63ec9a7b11c3c9c1be" data-mode="scan" async></script>
<!-- / Venatus Ad Manager -->

<style>
	@media (max-width:820px) {
		.battle {
			margin: 0 auto;
		}
		.battle-log {
			margin: 7px auto 0;
			max-width: 640px;
			height: 300px;
			position: static;
		}
	}
	.optgroup {
		display: inline-block;
		line-height: 22px;
		font-size: 10pt;
	}
	.optgroup .button {
		height: 25px;
		padding-top: 0;
		padding-bottom: 0;
	}
	.optgroup button.button {
		padding-left: 12px;
		padding-right: 12px;
	}
	.linklist {
		list-style: none;
		margin: 0.5em 0;
		padding: 0;
	}
	.linklist li {
		padding: 2px 0;
	}
	.sidebar {
		float: left;
		width: 320px;
	}
	.bar-wrapper {
		max-width: 1100px;
		margin: 0 auto;
	}
	.bar-wrapper.has-sidebar {
		max-width: 1430px;
	}
	.mainbar {
		margin: 0;
		padding-right: 1px;
	}
	.mainbar.has-sidebar {
		margin-left: 330px;
	}
	@media (min-width: 1511px) {
		.sidebar {
			width: 400px;
		}
		.bar-wrapper.has-sidebar {
			max-width: 1510px;
		}
		.mainbar.has-sidebar {
			margin-left: 410px;
		}
	}
	.section.first-section {
		margin-top: 9px;
	}
	.blocklink small {
		white-space: normal;
	}
	.button {
		vertical-align: middle;
	}
	.replay-controls {
		padding-top: 10px;
	}
	.replay-controls h1 {
		font-size: 16pt;
		font-weight: normal;
		color: #CCC;
	}
	.pagelink {
		text-align: center;
	}
	.pagelink a {
		width: 150px;
	}
	.textbox, .button {
		font-size: 11pt;
		vertical-align: middle;
	}
	@media (max-width: 450px) {
		.button {
			font-size: 9pt;
		}
	}
</style>

<div>

	<header>
		<div class="nav-wrapper"><ul class="nav">
			<li><a class="button nav-first" href="//pokemonshowdown.com/"><img src="//pokemonshowdown.com/images/pokemonshowdownbeta.png" srcset="//pokemonshowdown.com/images/pokemonshowdownbeta.png 1x, //pokemonshowdown.com/images/pokemonshowdownbeta@2x.png 2x" alt="Pok&eacute;mon Showdown" width="146" height="44" /> Home</a></li>
			<li><a class="button" href="//pokemonshowdown.com/dex/">Pok&eacute;dex</a></li>
			<li><a class="button cur" href="/">Replays</a></li>
			<li><a class="button" href="//pokemonshowdown.com/ladder/">Ladder</a></li>
			<li><a class="button nav-last" href="//pokemonshowdown.com/forums/">Forum</a></li>
			<li><a class="button greenbutton nav-first nav-last" href="//play.pokemonshowdown.com/">Play</a></li>
		</ul></div>
	</header>

	<div class="main" id="main">

		<noscript><section class="section">You need to enable JavaScript to use this page; sorry!</section></noscript>

	</div>

</div>

<script defer nomodule src="//play.pokemonshowdown.com/js/lib/ps-polyfill.js"></script>
<script defer src="//play.pokemonshowdown.com/js/lib/preact.min.js"></script>

<script defer src="//play.pokemonshowdown.com/config/config.js?6dec07f6"></script>
<script defer src="//play.pokemonshowdown.com/js/lib/jquery-1.11.0.min.js"></script>
<script defer src="//play.pokemonshowdown.com/js/lib/html-sanitizer-minified.js"></script>
<script defer src="//play.pokemonshowdown.com/js/battle-sound.js"></script>
<script defer src="//play.pokemonshowdown.com/js/battledata.js?0.6315294753075389"></script>
<script defer src="//play.pokemonshowdown.com/data/pokedex-mini.js?0.7603743185311358"></script>
<script defer src="//play.pokemonshowdown.com/data/pokedex-mini-bw.js?0.030888842834281283"></script>
<script defer src="//play.pokemonshowdown.com/data/graphics.js?0.05593094747507488"></script>
<script defer src="//play.pokemonshowdown.com/data/pokedex.js?0.47064822249611904"></script>
<script defer src="//play.pokemonshowdown.com/data/moves.js?0.8583693120512459"></script>
<script defer src="//play.pokemonshowdown.com/data/abilities.js?0.16017181182386842"></script>
<script defer src="//play.pokemonshowdown.com/data/items.js?0.4163379185673943"></script>
<script defer src="//play.pokemonshowdown.com/data/teambuilder-tables.js?0.31075597372830477"></script>
<script defer src="//play.pokemonshowdown.com/js/battle-tooltips.js?0.6536193500708172"></script>
<script defer src="//play.pokemonshowdown.com/js/battle.js?0.1916591943277901"></script>

<script defer src="js/utils.js?e31f9a17"></script>
<script defer src="js/replays-battle.js?7008c182"></script>

<!-- don't scrape this data! just add .json or .log after the URL!
Full API docs: https://github.com/smogon/pokemon-showdown-client/blob/master/WEB-API.md -->
<script type="text/plain" class="log" id="replaylog-smogtours-gen3ou-801476">
|inactive|Battle timer is ON: inactive players will automatically lose when time's up.
|t:|1729725946
|gametype|singles
|player|p1|Jfaun|170|
|player|p2|deno_nemesis|101|
|teamsize|p1|6
|teamsize|p2|6
|gen|3
|tier|[Gen 3] OU
|rule|Sleep Clause Mod: Limit one foe put to sleep
|rule|Switch Priority Clause Mod: Faster Pokémon switch first
|rule|Species Clause: Limit one of each Pokémon
|rule|OHKO Clause: OHKO moves are banned
|rule|Evasion Items Clause: Evasion items are banned
|rule|Evasion Moves Clause: Evasion moves are banned
|rule|Endless Battle Clause: Forcing endless battles is banned
|rule|HP Percentage Mod: HP is shown in percentages
|rule|One Boost Passer Clause: Limit one Baton Passer that has a way to boost its stats
|rule|Freeze Clause Mod: Limit one foe frozen
|
|t:|1729725946
|start
|switch|p1a: Suicune|Suicune|100/100
|switch|p2a: Hariyama|Hariyama, F|100/100
|turn|1
|c|☆deno_nemesis|glhf
|c|☆Jfaun|gl hf!
|inactive|Jfaun has 270 seconds left.
|
|t:|1729725979
|move|p1a: Suicune|Hydro Pump|p2a: Hariyama
|-damage|p2a: Hariyama|43/100
|move|p2a: Hariyama|Cross Chop|p1a: Suicune
|-damage|p1a: Suicune|35/100
|
|-heal|p1a: Suicune|41/100|[from] item: Leftovers
|upkeep
|turn|2
|
|t:|1729725991
|switch|p2a: Porygon2|Porygon2|100/100
|-ability|p2a: Porygon2|Pressure|[from] ability: Trace|[of] p1a: Suicune
|move|p1a: Suicune|Hydro Pump|p2a: Porygon2
|-damage|p2a: Porygon2|50/100
|
|-heal|p1a: Suicune|47/100|[from] item: Leftovers
|-heal|p2a: Porygon2|56/100|[from] item: Leftovers
|upkeep
|turn|3
|inactive|Jfaun has 270 seconds left.
|
|t:|1729726029
|switch|p1a: Regice|Regice|100/100
|move|p2a: Porygon2|Recover|p2a: Porygon2
|-heal|p2a: Porygon2|100/100
|
|upkeep
|turn|4
|inactive|Jfaun has 270 seconds left.
|
|t:|1729726052
|move|p2a: Porygon2|Thunder Wave|p1a: Regice
|-status|p1a: Regice|par
|cant|p1a: Regice|par
|
|upkeep
|turn|5
|
|t:|1729726057
|switch|p2a: Jirachi|Jirachi|100/100
|cant|p1a: Regice|par
|
|upkeep
|turn|6
|inactive|Jfaun has 270 seconds left.
|
|t:|1729726085
|switch|p1a: Dugtrio|Dugtrio, M|100/100
|move|p2a: Jirachi|Wish|p2a: Jirachi
|
|upkeep
|turn|7
|
|t:|1729726101
|switch|p1a: Celebi|Celebi|100/100
|move|p2a: Jirachi|Body Slam|p1a: Celebi
|-damage|p1a: Celebi|88/100
|-status|p1a: Celebi|par
|
|-heal|p1a: Celebi|94/100 par|[from] item: Leftovers
|upkeep
|turn|8
|
|t:|1729726113
|switch|p2a: Weezing|Weezing, M|100/100
|-curestatus|p1a: Celebi|par|[from] ability: Natural Cure
|switch|p1a: Regice|Regice|100/100 par
|
|upkeep
|turn|9
|
|t:|1729726125
|move|p2a: Weezing|Sludge Bomb|p1a: Regice
|-crit|p1a: Regice
|-damage|p1a: Regice|24/100 par
|move|p1a: Regice|Thunder Wave|p2a: Weezing
|-status|p2a: Weezing|par
|
|-heal|p1a: Regice|30/100 par|[from] item: Leftovers
|upkeep
|turn|10
|
|t:|1729726150
|switch|p1a: Moltres|Moltres|100/100
|move|p2a: Weezing|Flamethrower|p1a: Moltres
|-resisted|p1a: Moltres
|-damage|p1a: Moltres|90/100
|
|-heal|p1a: Moltres|96/100|[from] item: Leftovers
|upkeep
|turn|11
|inactive|Jfaun has 240 seconds left.
|inactive|deno_nemesis has 270 seconds left.
|
|t:|1729726193
|switch|p2a: Porygon2|Porygon2|100/100
|-ability|p2a: Porygon2|Pressure|[from] ability: Trace|[of] p1a: Moltres
|move|p1a: Moltres|Flamethrower|p2a: Porygon2
|-damage|p2a: Porygon2|50/100
|
|-heal|p1a: Moltres|100/100|[from] item: Leftovers
|-heal|p2a: Porygon2|56/100|[from] item: Leftovers
|upkeep
|turn|12
|inactive|Jfaun has 240 seconds left.
|
|t:|1729726210
|move|p1a: Moltres|Will-O-Wisp|p2a: Porygon2
|-status|p2a: Porygon2|brn
|move|p2a: Porygon2|Recover|p2a: Porygon2
|-heal|p2a: Porygon2|100/100 brn
|
|-damage|p2a: Porygon2|88/100 brn|[from] brn
|upkeep
|turn|13
|inactive|deno_nemesis has 270 seconds left.
|inactive|Jfaun has 210 seconds left.
|
|t:|1729726244
|switch|p1a: Regice|Regice|30/100 par
|move|p2a: Porygon2|Ice Beam|p1a: Regice
|-resisted|p1a: Regice
|-damage|p1a: Regice|24/100 par
|
|-heal|p2a: Porygon2|94/100 brn|[from] item: Leftovers
|-damage|p2a: Porygon2|82/100 brn|[from] brn
|-heal|p1a: Regice|30/100 par|[from] item: Leftovers
|upkeep
|turn|14
|inactive|deno_nemesis has 270 seconds left.
|inactive|Jfaun has 210 seconds left.
|
|t:|1729726271
|switch|p2a: Jirachi|Jirachi|100/100
|move|p1a: Regice|Thunder Wave|p2a: Jirachi
|-status|p2a: Jirachi|par
|
|-heal|p1a: Regice|36/100 par|[from] item: Leftovers
|upkeep
|turn|15
|inactive|Jfaun has 210 seconds left.
|
|t:|1729726285
|switch|p2a: Porygon2|Porygon2|82/100 brn
|-ability|p2a: Porygon2|Clear Body|[from] ability: Trace|[of] p1a: Regice
|switch|p1a: Celebi|Celebi|94/100
|
|-heal|p1a: Celebi|99/100|[from] item: Leftovers
|-heal|p2a: Porygon2|88/100 brn|[from] item: Leftovers
|-damage|p2a: Porygon2|76/100 brn|[from] brn
|upkeep
|turn|16
|inactive|Jfaun has 210 seconds left.
|
|t:|1729726294
|move|p1a: Celebi|Calm Mind|p1a: Celebi
|-boost|p1a: Celebi|spa|1
|-boost|p1a: Celebi|spd|1
|move|p2a: Porygon2|Ice Beam|p1a: Celebi
|-supereffective|p1a: Celebi
|-damage|p1a: Celebi|74/100
|
|-heal|p1a: Celebi|80/100|[from] item: Leftovers
|-heal|p2a: Porygon2|82/100 brn|[from] item: Leftovers
|-damage|p2a: Porygon2|70/100 brn|[from] brn
|upkeep
|turn|17
|inactive|Jfaun has 210 seconds left.
|
|t:|1729726307
|switch|p2a: Tyranitar|Tyranitar, M|100/100
|-weather|Sandstorm|[from] ability: Sand Stream|[of] p2a: Tyranitar
|move|p1a: Celebi|Calm Mind|p1a: Celebi
|-boost|p1a: Celebi|spa|1
|-boost|p1a: Celebi|spd|1
|
|-weather|Sandstorm|[upkeep]
|-damage|p1a: Celebi|74/100|[from] Sandstorm
|-heal|p1a: Celebi|80/100|[from] item: Leftovers
|upkeep
|turn|18
|inactive|Jfaun has 210 seconds left.
|
|t:|1729726325
|move|p1a: Celebi|Giga Drain|p2a: Tyranitar
|-supereffective|p2a: Tyranitar
|-damage|p2a: Tyranitar|20/100
|-heal|p1a: Celebi|100/100|[from] drain|[of] p2a: Tyranitar
|move|p2a: Tyranitar|Substitute|p2a: Tyranitar
|-fail|p2a: Tyranitar|move: Substitute|[weak]
|
|-weather|Sandstorm|[upkeep]
|-damage|p1a: Celebi|94/100|[from] Sandstorm
|-heal|p1a: Celebi|100/100|[from] item: Leftovers
|-heal|p2a: Tyranitar|26/100|[from] item: Leftovers
|upkeep
|turn|19
|inactive|Jfaun has 210 seconds left.
|inactive|deno_nemesis has 270 seconds left.
|
|t:|1729726342
|switch|p2a: Weezing|Weezing, M|100/100 par
|move|p1a: Celebi|Giga Drain|p2a: Weezing
|-resisted|p2a: Weezing
|-damage|p2a: Weezing|71/100 par
|
|-weather|Sandstorm|[upkeep]
|-damage|p1a: Celebi|94/100|[from] Sandstorm
|-damage|p2a: Weezing|65/100 par|[from] Sandstorm
|-heal|p1a: Celebi|100/100|[from] item: Leftovers
|-heal|p2a: Weezing|71/100 par|[from] item: Leftovers
|upkeep
|turn|20
|inactive|deno_nemesis has 270 seconds left.
|
|t:|1729726349
|move|p1a: Celebi|Psychic|p2a: Weezing
|-supereffective|p2a: Weezing
|-damage|p2a: Weezing|0 fnt
|faint|p2a: Weezing
|inactive|deno_nemesis has 270 seconds left.
|
|t:|1729726360
|switch|p2a: Jirachi|Jirachi|100/100 par
|
|-weather|Sandstorm|[upkeep]
|-damage|p1a: Celebi|94/100|[from] Sandstorm
|-heal|p1a: Celebi|100/100|[from] item: Leftovers
|upkeep
|turn|21
|inactive|Jfaun has 210 seconds left.
|
|t:|1729726382
|move|p1a: Celebi|Baton Pass|p1a: Celebi
|
|t:|1729726383
|switch|p1a: Moltres|Moltres|100/100|[from] Baton Pass
|cant|p2a: Jirachi|par
|
|-weather|Sandstorm|[upkeep]
|-damage|p1a: Moltres|94/100|[from] Sandstorm
|-heal|p1a: Moltres|100/100|[from] item: Leftovers
|upkeep
|turn|22
|inactive|Jfaun has 210 seconds left.
|
|t:|1729726397
|switch|p2a: Hariyama|Hariyama, F|43/100
|move|p1a: Moltres|Flamethrower|p2a: Hariyama
|-crit|p2a: Hariyama
|-damage|p2a: Hariyama|0 fnt
|faint|p2a: Hariyama
|
|t:|1729726399
|switch|p2a: Starmie|Starmie|100/100
|
|-weather|Sandstorm|[upkeep]
|-damage|p2a: Starmie|94/100|[from] Sandstorm
|-damage|p1a: Moltres|94/100|[from] Sandstorm
|-heal|p2a: Starmie|100/100|[from] item: Leftovers
|-heal|p1a: Moltres|100/100|[from] item: Leftovers
|upkeep
|turn|23
|
|t:|1729726409
|move|p2a: Starmie|Thunder Wave|p1a: Moltres
|-status|p1a: Moltres|par
|move|p1a: Moltres|Hidden Power|p2a: Starmie
|-supereffective|p2a: Starmie
|-crit|p2a: Starmie
|-damage|p2a: Starmie|0 fnt
|faint|p2a: Starmie
|
|t:|1729726413
|switch|p2a: Tyranitar|Tyranitar, M|26/100
|
|-weather|Sandstorm|[upkeep]
|-damage|p1a: Moltres|94/100 par|[from] Sandstorm
|-heal|p2a: Tyranitar|32/100|[from] item: Leftovers
|-heal|p1a: Moltres|100/100 par|[from] item: Leftovers
|upkeep
|turn|24
|
|t:|1729726434
|move|p2a: Tyranitar|Substitute|p2a: Tyranitar
|-start|p2a: Tyranitar|Substitute
|-damage|p2a: Tyranitar|7/100
|move|p1a: Moltres|Flamethrower|p2a: Tyranitar
|-resisted|p2a: Tyranitar
|-end|p2a: Tyranitar|Substitute
|
|-weather|Sandstorm|[upkeep]
|-damage|p1a: Moltres|94/100 par|[from] Sandstorm
|-heal|p2a: Tyranitar|14/100|[from] item: Leftovers
|-heal|p1a: Moltres|100/100 par|[from] item: Leftovers
|upkeep
|turn|25
|
|t:|1729726445
|move|p2a: Tyranitar|Rock Slide|p1a: Moltres
|-supereffective|p1a: Moltres
|-damage|p1a: Moltres|0 fnt
|faint|p1a: Moltres
|
|t:|1729726447
|switch|p1a: Dugtrio|Dugtrio, M|100/100
|
|-weather|Sandstorm|[upkeep]
|-heal|p2a: Tyranitar|20/100|[from] item: Leftovers
|upkeep
|turn|26
|
|t:|1729726452
|move|p1a: Dugtrio|Earthquake|p2a: Tyranitar
|-supereffective|p2a: Tyranitar
|-damage|p2a: Tyranitar|0 fnt
|faint|p2a: Tyranitar
|
|t:|1729726462
|switch|p2a: Porygon2|Porygon2|70/100 brn
|-ability|p2a: Porygon2|Arena Trap|[from] ability: Trace|[of] p1a: Dugtrio
|
|-weather|Sandstorm|[upkeep]
|-damage|p2a: Porygon2|64/100 brn|[from] Sandstorm
|-heal|p2a: Porygon2|70/100 brn|[from] item: Leftovers
|-damage|p2a: Porygon2|57/100 brn|[from] brn
|upkeep
|turn|27
|
|t:|1729726470
|move|p1a: Dugtrio|Earthquake|p2a: Porygon2
|-damage|p2a: Porygon2|14/100 brn
|move|p2a: Porygon2|Ice Beam|p1a: Dugtrio
|-supereffective|p1a: Dugtrio
|-crit|p1a: Dugtrio
|-damage|p1a: Dugtrio|0 fnt
|faint|p1a: Dugtrio
|
|t:|1729726478
|switch|p1a: Celebi|Celebi|100/100
|
|-weather|Sandstorm|[upkeep]
|-damage|p1a: Celebi|94/100|[from] Sandstorm
|-damage|p2a: Porygon2|8/100 brn|[from] Sandstorm
|-heal|p1a: Celebi|100/100|[from] item: Leftovers
|-heal|p2a: Porygon2|14/100 brn|[from] item: Leftovers
|-damage|p2a: Porygon2|2/100 brn|[from] brn
|upkeep
|turn|28
|
|t:|1729726481
|move|p1a: Celebi|Calm Mind|p1a: Celebi
|-boost|p1a: Celebi|spa|1
|-boost|p1a: Celebi|spd|1
|move|p2a: Porygon2|Thunder Wave|p1a: Celebi
|-status|p1a: Celebi|par
|
|-weather|Sandstorm|[upkeep]
|-damage|p2a: Porygon2|0 fnt|[from] Sandstorm
|-damage|p1a: Celebi|94/100 par|[from] Sandstorm
|faint|p2a: Porygon2
|-heal|p1a: Celebi|100/100 par|[from] item: Leftovers
|upkeep
|
|t:|1729726484
|switch|p2a: Jirachi|Jirachi|100/100 par
|turn|29
|
|t:|1729726488
|move|p1a: Celebi|Baton Pass|p1a: Celebi
|
|t:|1729726495
|-curestatus|p1a: Celebi|par|[from] ability: Natural Cure
|switch|p1a: Metagross|Metagross|100/100|[from] Baton Pass
|move|p2a: Jirachi|Body Slam|p1a: Metagross
|-resisted|p1a: Metagross
|-damage|p1a: Metagross|93/100
|-status|p1a: Metagross|par
|
|-weather|Sandstorm|[upkeep]
|upkeep
|turn|30
|
|t:|1729726502
|move|p2a: Jirachi|Fire Punch|p1a: Metagross
|-supereffective|p1a: Metagross
|-damage|p1a: Metagross|69/100 par
|cant|p1a: Metagross|par
|
|-weather|Sandstorm|[upkeep]
|upkeep
|turn|31
|
|t:|1729726508
|move|p2a: Jirachi|Protect|p2a: Jirachi
|-singleturn|p2a: Jirachi|Protect
|move|p1a: Metagross|Earthquake|p2a: Jirachi
|-activate|p2a: Jirachi|Protect
|
|-weather|Sandstorm|[upkeep]
|upkeep
|turn|32
|
|t:|1729726512
|move|p2a: Jirachi|Fire Punch|p1a: Metagross
|-supereffective|p1a: Metagross
|-damage|p1a: Metagross|47/100 par
|move|p1a: Metagross|Earthquake|p2a: Jirachi
|-supereffective|p2a: Jirachi
|-damage|p2a: Jirachi|15/100 par
|
|-weather|Sandstorm|[upkeep]
|-heal|p2a: Jirachi|22/100 par|[from] item: Leftovers
|upkeep
|turn|33
|
|t:|1729726516
|move|p2a: Jirachi|Fire Punch|p1a: Metagross
|-supereffective|p1a: Metagross
|-damage|p1a: Metagross|23/100 par
|move|p1a: Metagross|Earthquake|p2a: Jirachi
|-supereffective|p2a: Jirachi
|-damage|p2a: Jirachi|0 fnt
|faint|p2a: Jirachi
|
|win|Jfaun
|c|☆Jfaun|gg
|c|☆deno_nemesis|gg
|player|p2|
|player|p2|deno_nemesis|101|

</script>
<script type="application/json" class="data" id="replaydata-smogtours-gen3ou-801476">
{"id":"smogtours-gen3ou-801476","format":"[Gen 3] OU","players":["Jfaun","deno_nemesis"],"uploadtime":1729726516,"views":77,"formatid":"gen3ou","rating":null,"private":0,"password":null}
</script>

<script defer src="js/replays.js?9d40a366"></script>
