<!DOCTYPE html>
<meta charset="utf-8" />
<meta name="viewport" content="width=device-width" />

<title>[Gen 3] OU: OneWhoRants vs. Wolf Turds - Replays - Pok&eacute;mon Showdown!</title>

<meta name="description" content="Watch a replay of a Pok&eacute;mon battle between OneWhoRants and Wolf Turds! Format: [Gen 3] OU; Date: Oct 20, 2024" />
<!--

Hey, you! Looking in the source for the replay log?

You can find them in JSON format, just add `.json` at the end of a replay URL.

https://replay.pokemonshowdown.com/gen7randomdoublesbattle-865046831.json

Or, if you only need the log itself, add `.log` instead:

https://replay.pokemonshowdown.com/gen7randomdoublesbattle-865046831.log

-->

<link rel="stylesheet" href="//pokemonshowdown.com/style/global.css?0.023195364461161105" />
<link rel="stylesheet" href="//play.pokemonshowdown.com/style/font-awesome.css?0.13261647063804238" />
<link rel="stylesheet" href="//play.pokemonshowdown.com/style/battle.css?0.8753245789963631" />
<link rel="stylesheet" href="//play.pokemonshowdown.com/style/utilichart.css?0.8627959624976733" />

<!-- Global site tag (gtag.js) - Google Analytics -->
<script async src="https://www.googletagmanager.com/gtag/js?id=UA-26211653-1"></script>
<script>
  window.dataLayer = window.dataLayer || [];
  function gtag(){dataLayer.push(arguments);}
  gtag('js', new Date());

  gtag('config', 'UA-26211653-1');
</script>
<!-- End Google Analytics -->
<!-- Venatus Ad Manager - Install in <HEAD> of page -->
	<script src="https://hb.vntsm.com/v3/live/ad-manager.min.js" type="text/javascript" data-site-id="642aba63ec9a7b11c3c9c1be" data-mode="scan" async></script>
<!-- / Venatus Ad Manager -->

<style>
	@media (max-width:820px) {
		.battle {
			margin: 0 auto;
		}
		.battle-log {
			margin: 7px auto 0;
			max-width: 640px;
			height: 300px;
			position: static;
		}
	}
	.optgroup {
		display: inline-block;
		line-height: 22px;
		font-size: 10pt;
	}
	.optgroup .button {
		height: 25px;
		padding-top: 0;
		padding-bottom: 0;
	}
	.optgroup button.button {
		padding-left: 12px;
		padding-right: 12px;
	}
	.linklist {
		list-style: none;
		margin: 0.5em 0;
		padding: 0;
	}
	.linklist li {
		padding: 2px 0;
	}
	.sidebar {
		float: left;
		width: 320px;
	}
	.bar-wrapper {
		max-width: 1100px;
		margin: 0 auto;
	}
	.bar-wrapper.has-sidebar {
		max-width: 1430px;
	}
	.mainbar {
		margin: 0;
		padding-right: 1px;
	}
	.mainbar.has-sidebar {
		margin-left: 330px;
	}
	@media (min-width: 1511px) {
		.sidebar {
			width: 400px;
		}
		.bar-wrapper.has-sidebar {
			max-width: 1510px;
		}
		.mainbar.has-sidebar {
			margin-left: 410px;
		}
	}
	.section.first-section {
		margin-top: 9px;
	}
	.blocklink small {
		white-space: normal;
	}
	.button {
		vertical-align: middle;
	}
	.replay-controls {
		padding-top: 10px;
	}
	.replay-controls h1 {
		font-size: 16pt;
		font-weight: normal;
		color: #CCC;
	}
	.pagelink {
		text-align: center;
	}
	.pagelink a {
		width: 150px;
	}
	.textbox, .button {
		font-size: 11pt;
		vertical-align: middle;
	}
	@media (max-width: 450px) {
		.button {
			font-size: 9pt;
		}
	}
</style>

<div>

	<header>
		<div class="nav-wrapper"><ul class="nav">
			<li><a class="button nav-first" href="//pokemonshowdown.com/"><img src="//pokemonshowdown.com/images/pokemonshowdownbeta.png" srcset="//pokemonshowdown.com/images/pokemonshowdownbeta.png 1x, //pokemonshowdown.com/images/pokemonshowdownbeta@2x.png 2x" alt="Pok&eacute;mon Showdown" width="146" height="44" /> Home</a></li>
			<li><a class="button" href="//pokemonshowdown.com/dex/">Pok&eacute;dex</a></li>
			<li><a class="button cur" href="/">Replays</a></li>
			<li><a class="button" href="//pokemonshowdown.com/ladder/">Ladder</a></li>
			<li><a class="button nav-last" href="//pokemonshowdown.com/forums/">Forum</a></li>
			<li><a class="button greenbutton nav-first nav-last" href="//play.pokemonshowdown.com/">Play</a></li>
		</ul></div>
	</header>

	<div class="main" id="main">

		<noscript><section class="section">You need to enable JavaScript to use this page; sorry!</section></noscript>

	</div>

</div>

<script defer nomodule src="//play.pokemonshowdown.com/js/lib/ps-polyfill.js"></script>
<script defer src="//play.pokemonshowdown.com/js/lib/preact.min.js"></script>

<script defer src="//play.pokemonshowdown.com/config/config.js?2bddbc15"></script>
<script defer src="//play.pokemonshowdown.com/js/lib/jquery-1.11.0.min.js"></script>
<script defer src="//play.pokemonshowdown.com/js/lib/html-sanitizer-minified.js"></script>
<script defer src="//play.pokemonshowdown.com/js/battle-sound.js"></script>
<script defer src="//play.pokemonshowdown.com/js/battledata.js?0.7209276989879541"></script>
<script defer src="//play.pokemonshowdown.com/data/pokedex-mini.js?0.6111056340867951"></script>
<script defer src="//play.pokemonshowdown.com/data/pokedex-mini-bw.js?0.3532142036491459"></script>
<script defer src="//play.pokemonshowdown.com/data/graphics.js?0.24223875632456182"></script>
<script defer src="//play.pokemonshowdown.com/data/pokedex.js?0.38839984266356864"></script>
<script defer src="//play.pokemonshowdown.com/data/moves.js?0.21866028504024015"></script>
<script defer src="//play.pokemonshowdown.com/data/abilities.js?0.2005157953846628"></script>
<script defer src="//play.pokemonshowdown.com/data/items.js?0.9894211263848525"></script>
<script defer src="//play.pokemonshowdown.com/data/teambuilder-tables.js?0.6008791140282215"></script>
<script defer src="//play.pokemonshowdown.com/js/battle-tooltips.js?0.7580118955022959"></script>
<script defer src="//play.pokemonshowdown.com/js/battle.js?0.6057722274234274"></script>

<script defer src="js/utils.js?e31f9a17"></script>
<script defer src="js/replays-battle.js?7008c182"></script>

<!-- don't scrape this data! just add .json or .log after the URL!
Full API docs: https://github.com/smogon/pokemon-showdown-client/blob/master/WEB-API.md -->
<script type="text/plain" class="log" id="replaylog-smogtours-gen3ou-800240">
|inactive|Battle timer is ON: inactive players will automatically lose when time's up.
|t:|1729390615
|gametype|singles
|player|p1|OneWhoRants|1|
|player|p2|Wolf Turds|265|
|teamsize|p1|6
|teamsize|p2|6
|gen|3
|tier|[Gen 3] OU
|rule|Sleep Clause Mod: Limit one foe put to sleep
|rule|Switch Priority Clause Mod: Faster Pokémon switch first
|rule|Species Clause: Limit one of each Pokémon
|rule|OHKO Clause: OHKO moves are banned
|rule|Evasion Items Clause: Evasion items are banned
|rule|Evasion Moves Clause: Evasion moves are banned
|rule|Endless Battle Clause: Forcing endless battles is banned
|rule|HP Percentage Mod: HP is shown in percentages
|rule|One Boost Passer Clause: Limit one Baton Passer that has a way to boost its stats
|rule|Freeze Clause Mod: Limit one foe frozen
|
|t:|1729390615
|start
|switch|p1a: Skarmory|Skarmory, M|100/100
|switch|p2a: Zapdos|Zapdos|100/100
|turn|1
|c|☆Wolf Turds|glhf!
|c|☆OneWhoRants|u2
|
|t:|1729390634
|switch|p1a: Regice|Regice|100/100
|move|p2a: Zapdos|Baton Pass|p2a: Zapdos
|
|t:|1729390642
|switch|p2a: Breloom|Breloom, M, shiny|100/100|[from] Baton Pass
|
|upkeep
|turn|2
|inactive|OneWhoRants has 270 seconds left.
|
|t:|1729390687
|move|p2a: Breloom|Spore|p1a: Regice
|-status|p1a: Regice|slp|[from] move: Spore
|cant|p1a: Regice|slp
|
|upkeep
|turn|3
|
|t:|1729390697
|switch|p1a: Claydol|Claydol|100/100
|move|p2a: Breloom|Substitute|p2a: Breloom
|-start|p2a: Breloom|Substitute
|-damage|p2a: Breloom|76/100
|
|-heal|p2a: Breloom|82/100|[from] item: Leftovers
|upkeep
|turn|4
|
|t:|1729390701
|move|p2a: Breloom|Leech Seed|p1a: Claydol
|-start|p1a: Claydol|move: Leech Seed
|move|p1a: Claydol|Psychic|p2a: Breloom
|-supereffective|p2a: Breloom
|-end|p2a: Breloom|Substitute
|
|-heal|p2a: Breloom|88/100|[from] item: Leftovers
|-damage|p1a: Claydol|88/100|[from] Leech Seed|[of] p2a: Breloom
|-heal|p2a: Breloom|100/100|[silent]
|upkeep
|turn|5
|
|t:|1729390709
|move|p2a: Breloom|Substitute|p2a: Breloom
|-start|p2a: Breloom|Substitute
|-damage|p2a: Breloom|76/100
|move|p1a: Claydol|Rapid Spin|p2a: Breloom
|-activate|p2a: Breloom|Substitute|[damage]
|-end|p1a: Claydol|Leech Seed|[from] move: Rapid Spin|[of] p1a: Claydol
|
|-heal|p2a: Breloom|82/100|[from] item: Leftovers
|-heal|p1a: Claydol|94/100|[from] item: Leftovers
|upkeep
|turn|6
|
|t:|1729390715
|move|p2a: Breloom|Leech Seed|p1a: Claydol
|-start|p1a: Claydol|move: Leech Seed
|move|p1a: Claydol|Psychic|p2a: Breloom
|-supereffective|p2a: Breloom
|-end|p2a: Breloom|Substitute
|
|-heal|p2a: Breloom|88/100|[from] item: Leftovers
|-heal|p1a: Claydol|99/100|[from] item: Leftovers
|-damage|p1a: Claydol|88/100|[from] Leech Seed|[of] p2a: Breloom
|-heal|p2a: Breloom|100/100|[silent]
|upkeep
|turn|7
|
|t:|1729390725
|move|p2a: Breloom|Substitute|p2a: Breloom
|-start|p2a: Breloom|Substitute
|-damage|p2a: Breloom|76/100
|move|p1a: Claydol|Rapid Spin|p2a: Breloom
|-activate|p2a: Breloom|Substitute|[damage]
|-end|p1a: Claydol|Leech Seed|[from] move: Rapid Spin|[of] p1a: Claydol
|
|-heal|p2a: Breloom|82/100|[from] item: Leftovers
|-heal|p1a: Claydol|94/100|[from] item: Leftovers
|upkeep
|turn|8
|
|t:|1729390742
|move|p2a: Breloom|Leech Seed|p1a: Claydol
|-start|p1a: Claydol|move: Leech Seed
|move|p1a: Claydol|Psychic|p2a: Breloom
|-supereffective|p2a: Breloom
|-end|p2a: Breloom|Substitute
|
|-heal|p2a: Breloom|88/100|[from] item: Leftovers
|-heal|p1a: Claydol|99/100|[from] item: Leftovers
|-damage|p1a: Claydol|87/100|[from] Leech Seed|[of] p2a: Breloom
|-heal|p2a: Breloom|100/100|[silent]
|upkeep
|turn|9
|
|t:|1729390749
|switch|p2a: Tyranitar|Tyranitar, F, shiny|100/100
|-weather|Sandstorm|[from] ability: Sand Stream|[of] p2a: Tyranitar
|switch|p1a: Skarmory|Skarmory, M|100/100
|
|-weather|Sandstorm|[upkeep]
|upkeep
|turn|10
|
|t:|1729390774
|move|p1a: Skarmory|Spikes|p2a: Tyranitar
|-sidestart|p2: Wolf Turds|Spikes
|move|p2a: Tyranitar|Flamethrower|p1a: Skarmory
|-supereffective|p1a: Skarmory
|-damage|p1a: Skarmory|45/100
|
|-weather|Sandstorm|[upkeep]
|-heal|p1a: Skarmory|51/100|[from] item: Leftovers
|upkeep
|turn|11
|
|t:|1729390780
|move|p1a: Skarmory|Protect|p1a: Skarmory
|-singleturn|p1a: Skarmory|Protect
|move|p2a: Tyranitar|Flamethrower|p1a: Skarmory
|-activate|p1a: Skarmory|Protect
|
|-weather|Sandstorm|[upkeep]
|-heal|p1a: Skarmory|57/100|[from] item: Leftovers
|upkeep
|turn|12
|
|t:|1729390798
|switch|p1a: Suicune|Suicune|100/100
|move|p2a: Tyranitar|Flamethrower|p1a: Suicune
|-resisted|p1a: Suicune
|-damage|p1a: Suicune|89/100
|
|-weather|Sandstorm|[upkeep]
|-damage|p1a: Suicune|83/100|[from] Sandstorm
|-heal|p1a: Suicune|89/100|[from] item: Leftovers
|upkeep
|turn|13
|
|t:|1729390815
|switch|p2a: Snorlax|Snorlax, M, shiny|100/100
|-damage|p2a: Snorlax|88/100|[from] Spikes
|move|p1a: Suicune|Surf|p2a: Snorlax
|-damage|p2a: Snorlax|64/100
|
|-weather|Sandstorm|[upkeep]
|-damage|p1a: Suicune|83/100|[from] Sandstorm
|-damage|p2a: Snorlax|58/100|[from] Sandstorm
|-heal|p1a: Suicune|89/100|[from] item: Leftovers
|-heal|p2a: Snorlax|64/100|[from] item: Leftovers
|upkeep
|turn|14
|inactive|OneWhoRants has 270 seconds left.
|inactive|Wolf Turds has 270 seconds left.
|inactive|OneWhoRants has 240 seconds left.
|inactive|OneWhoRants has 210 seconds left.
|
|t:|1729390908
|switch|p2a: Zapdos|Zapdos|100/100
|move|p1a: Suicune|Calm Mind|p1a: Suicune
|-boost|p1a: Suicune|spa|1
|-boost|p1a: Suicune|spd|1
|
|-weather|Sandstorm|[upkeep]
|-damage|p2a: Zapdos|94/100|[from] Sandstorm
|-damage|p1a: Suicune|83/100|[from] Sandstorm
|-heal|p2a: Zapdos|100/100|[from] item: Leftovers
|-heal|p1a: Suicune|89/100|[from] item: Leftovers
|upkeep
|turn|15
|inactive|OneWhoRants has 210 seconds left.
|
|t:|1729390926
|move|p2a: Zapdos|Thunderbolt|p1a: Suicune
|-supereffective|p1a: Suicune
|-damage|p1a: Suicune|52/100
|move|p1a: Suicune|Calm Mind|p1a: Suicune
|-boost|p1a: Suicune|spa|1
|-boost|p1a: Suicune|spd|1
|
|-weather|Sandstorm|[upkeep]
|-damage|p2a: Zapdos|94/100|[from] Sandstorm
|-damage|p1a: Suicune|46/100|[from] Sandstorm
|-heal|p2a: Zapdos|100/100|[from] item: Leftovers
|-heal|p1a: Suicune|52/100|[from] item: Leftovers
|upkeep
|turn|16
|inactive|Wolf Turds has 270 seconds left.
|
|t:|1729390953
|move|p2a: Zapdos|Thunderbolt|p1a: Suicune
|-supereffective|p1a: Suicune
|-damage|p1a: Suicune|20/100
|-status|p1a: Suicune|par
|move|p1a: Suicune|Rest|p1a: Suicune
|-status|p1a: Suicune|slp|[from] move: Rest
|-heal|p1a: Suicune|100/100 slp|[silent]
|
|-weather|Sandstorm|[upkeep]
|-damage|p2a: Zapdos|94/100|[from] Sandstorm
|-damage|p1a: Suicune|94/100 slp|[from] Sandstorm
|-heal|p2a: Zapdos|100/100|[from] item: Leftovers
|-heal|p1a: Suicune|100/100 slp|[from] item: Leftovers
|upkeep
|turn|17
|inactive|Wolf Turds has 270 seconds left.
|
|t:|1729390968
|move|p2a: Zapdos|Thunderbolt|p1a: Suicune
|-supereffective|p1a: Suicune
|-damage|p1a: Suicune|73/100 slp
|cant|p1a: Suicune|slp
|move|p1a: Suicune|Sleep Talk|p1a: Suicune
|move|p1a: Suicune|Surf|p2a: Zapdos|[from]Sleep Talk
|-damage|p2a: Zapdos|29/100
|
|-weather|Sandstorm|[upkeep]
|-damage|p2a: Zapdos|23/100|[from] Sandstorm
|-damage|p1a: Suicune|66/100 slp|[from] Sandstorm
|-heal|p2a: Zapdos|29/100|[from] item: Leftovers
|-heal|p1a: Suicune|73/100 slp|[from] item: Leftovers
|upkeep
|turn|18
|inactive|Wolf Turds has 270 seconds left.
|
|t:|1729390996
|move|p2a: Zapdos|Thunderbolt|p1a: Suicune
|-supereffective|p1a: Suicune
|-damage|p1a: Suicune|42/100 slp
|cant|p1a: Suicune|slp
|move|p1a: Suicune|Sleep Talk|p1a: Suicune
|move|p1a: Suicune|Calm Mind|p1a: Suicune|[from]Sleep Talk
|-boost|p1a: Suicune|spa|1
|-boost|p1a: Suicune|spd|1
|
|-weather|Sandstorm|[upkeep]
|-damage|p2a: Zapdos|23/100|[from] Sandstorm
|-damage|p1a: Suicune|36/100 slp|[from] Sandstorm
|-heal|p2a: Zapdos|29/100|[from] item: Leftovers
|-heal|p1a: Suicune|42/100 slp|[from] item: Leftovers
|upkeep
|turn|19
|inactive|OneWhoRants has 210 seconds left.
|
|t:|1729391021
|switch|p2a: Snorlax|Snorlax, M, shiny|64/100
|-damage|p2a: Snorlax|52/100|[from] Spikes
|-curestatus|p1a: Suicune|slp|[msg]
|move|p1a: Suicune|Surf|p2a: Snorlax
|-crit|p2a: Snorlax
|-damage|p2a: Snorlax|0 fnt
|faint|p2a: Snorlax
|inactive|Wolf Turds has 240 seconds left.
|
|t:|1729391061
|switch|p2a: Zapdos|Zapdos|29/100
|
|-weather|Sandstorm|[upkeep]
|-damage|p2a: Zapdos|23/100|[from] Sandstorm
|-damage|p1a: Suicune|36/100|[from] Sandstorm
|-heal|p2a: Zapdos|29/100|[from] item: Leftovers
|-heal|p1a: Suicune|42/100|[from] item: Leftovers
|upkeep
|turn|20
|
|t:|1729391069
|move|p2a: Zapdos|Thunderbolt|p1a: Suicune
|-supereffective|p1a: Suicune
|-damage|p1a: Suicune|17/100
|move|p1a: Suicune|Rest|p1a: Suicune
|-status|p1a: Suicune|slp|[from] move: Rest
|-heal|p1a: Suicune|100/100 slp|[silent]
|
|-weather|Sandstorm|[upkeep]
|-damage|p2a: Zapdos|23/100|[from] Sandstorm
|-damage|p1a: Suicune|94/100 slp|[from] Sandstorm
|-heal|p2a: Zapdos|29/100|[from] item: Leftovers
|-heal|p1a: Suicune|100/100 slp|[from] item: Leftovers
|upkeep
|turn|21
|inactive|Wolf Turds has 240 seconds left.
|
|t:|1729391075
|switch|p2a: Metagross|Metagross, shiny|100/100
|-damage|p2a: Metagross|88/100|[from] Spikes
|cant|p1a: Suicune|slp
|move|p1a: Suicune|Sleep Talk|p1a: Suicune
|move|p1a: Suicune|Rest|p1a: Suicune|[from]Sleep Talk
|
|-weather|Sandstorm|[upkeep]
|-damage|p1a: Suicune|94/100 slp|[from] Sandstorm
|-heal|p1a: Suicune|100/100 slp|[from] item: Leftovers
|upkeep
|turn|22
|
|t:|1729391079
|switch|p1a: Gengar|Gengar, F|100/100
|move|p2a: Metagross|Explosion|p1a: Gengar
|-immune|p1a: Gengar
|faint|p2a: Metagross
|
|t:|1729391082
|switch|p2a: Tyranitar|Tyranitar, F, shiny|100/100
|-damage|p2a: Tyranitar|88/100|[from] Spikes
|
|-weather|Sandstorm|[upkeep]
|-damage|p1a: Gengar|94/100|[from] Sandstorm
|-heal|p1a: Gengar|100/100|[from] item: Leftovers
|-heal|p2a: Tyranitar|94/100|[from] item: Leftovers
|upkeep
|turn|23
|
|t:|1729391101
|move|p1a: Gengar|Hidden Power|p2a: Tyranitar
|-supereffective|p2a: Tyranitar
|-damage|p2a: Tyranitar|53/100
|move|p2a: Tyranitar|Pursuit|p1a: Gengar
|-supereffective|p1a: Gengar
|-damage|p1a: Gengar|45/100
|
|-weather|Sandstorm|[upkeep]
|-damage|p1a: Gengar|39/100|[from] Sandstorm
|-heal|p1a: Gengar|45/100|[from] item: Leftovers
|-heal|p2a: Tyranitar|60/100|[from] item: Leftovers
|upkeep
|turn|24
|inactive|Wolf Turds has 270 seconds left.
|
|t:|1729391117
|move|p1a: Gengar|Hidden Power|p2a: Tyranitar
|-supereffective|p2a: Tyranitar
|-damage|p2a: Tyranitar|15/100
|move|p2a: Tyranitar|Pursuit|p1a: Gengar
|-supereffective|p1a: Gengar
|-damage|p1a: Gengar|0 fnt
|faint|p1a: Gengar
|
|t:|1729391131
|switch|p1a: Suicune|Suicune|100/100 slp
|
|-weather|Sandstorm|[upkeep]
|-damage|p1a: Suicune|94/100 slp|[from] Sandstorm
|-heal|p1a: Suicune|100/100 slp|[from] item: Leftovers
|-heal|p2a: Tyranitar|22/100|[from] item: Leftovers
|upkeep
|turn|25
|inactive|Wolf Turds has 270 seconds left.
|
|t:|1729391148
|-singleturn|p2a: Tyranitar|move: Focus Punch
|cant|p1a: Suicune|slp
|move|p1a: Suicune|Sleep Talk|p1a: Suicune
|move|p1a: Suicune|Calm Mind|p1a: Suicune|[from]Sleep Talk
|-boost|p1a: Suicune|spa|1
|-boost|p1a: Suicune|spd|1
|move|p2a: Tyranitar|Focus Punch|p1a: Suicune
|-damage|p1a: Suicune|69/100 slp
|
|-weather|Sandstorm|[upkeep]
|-damage|p1a: Suicune|62/100 slp|[from] Sandstorm
|-heal|p1a: Suicune|69/100 slp|[from] item: Leftovers
|-heal|p2a: Tyranitar|28/100|[from] item: Leftovers
|upkeep
|turn|26
|
|t:|1729391155
|-singleturn|p2a: Tyranitar|move: Focus Punch
|cant|p1a: Suicune|slp
|move|p1a: Suicune|Sleep Talk|p1a: Suicune
|move|p1a: Suicune|Rest|p1a: Suicune|[from]Sleep Talk
|move|p2a: Tyranitar|Focus Punch|p1a: Suicune
|-damage|p1a: Suicune|41/100 slp
|
|-weather|Sandstorm|[upkeep]
|-damage|p1a: Suicune|34/100 slp|[from] Sandstorm
|-heal|p1a: Suicune|41/100 slp|[from] item: Leftovers
|-heal|p2a: Tyranitar|34/100|[from] item: Leftovers
|upkeep
|turn|27
|inactive|OneWhoRants has 240 seconds left.
|
|t:|1729391163
|-singleturn|p2a: Tyranitar|move: Focus Punch
|-curestatus|p1a: Suicune|slp|[msg]
|move|p1a: Suicune|Sleep Talk|p1a: Suicune
|move|p2a: Tyranitar|Focus Punch|p1a: Suicune
|-damage|p1a: Suicune|12/100
|
|-weather|Sandstorm|[upkeep]
|-damage|p1a: Suicune|5/100|[from] Sandstorm
|-heal|p1a: Suicune|12/100|[from] item: Leftovers
|-heal|p2a: Tyranitar|40/100|[from] item: Leftovers
|upkeep
|turn|28
|inactive|OneWhoRants has 240 seconds left.
|
|t:|1729391182
|switch|p2a: Breloom|Breloom, M, shiny|100/100
|-damage|p2a: Breloom|88/100|[from] Spikes
|move|p1a: Suicune|Surf|p2a: Breloom
|-resisted|p2a: Breloom
|-damage|p2a: Breloom|12/100
|
|-weather|Sandstorm|[upkeep]
|-damage|p2a: Breloom|6/100|[from] Sandstorm
|-damage|p1a: Suicune|5/100|[from] Sandstorm
|-heal|p2a: Breloom|12/100|[from] item: Leftovers
|-heal|p1a: Suicune|12/100|[from] item: Leftovers
|upkeep
|turn|29
|inactive|OneWhoRants has 240 seconds left.
|
|t:|1729391197
|move|p2a: Breloom|Leech Seed|p1a: Suicune
|-start|p1a: Suicune|move: Leech Seed
|move|p1a: Suicune|Rest|p1a: Suicune
|-status|p1a: Suicune|slp|[from] move: Rest
|-heal|p1a: Suicune|100/100 slp|[silent]
|
|-weather|Sandstorm|[upkeep]
|-damage|p2a: Breloom|6/100|[from] Sandstorm
|-damage|p1a: Suicune|94/100 slp|[from] Sandstorm
|-heal|p2a: Breloom|12/100|[from] item: Leftovers
|-heal|p1a: Suicune|100/100 slp|[from] item: Leftovers
|-damage|p1a: Suicune|88/100 slp|[from] Leech Seed|[of] p2a: Breloom
|-heal|p2a: Breloom|33/100|[silent]
|upkeep
|turn|30
|
|t:|1729391205
|switch|p1a: Regice|Regice|100/100 slp
|move|p2a: Breloom|Substitute|p2a: Breloom
|-start|p2a: Breloom|Substitute
|-damage|p2a: Breloom|9/100
|
|-weather|Sandstorm|[upkeep]
|-damage|p2a: Breloom|3/100|[from] Sandstorm
|-damage|p1a: Regice|94/100 slp|[from] Sandstorm
|-heal|p2a: Breloom|9/100|[from] item: Leftovers
|-heal|p1a: Regice|100/100 slp|[from] item: Leftovers
|upkeep
|turn|31
|
|t:|1729391214
|-singleturn|p2a: Breloom|move: Focus Punch
|-curestatus|p1a: Regice|slp|[msg]
|move|p1a: Regice|Ice Beam|p2a: Breloom
|-supereffective|p2a: Breloom
|-end|p2a: Breloom|Substitute
|move|p2a: Breloom|Focus Punch|p1a: Regice
|-supereffective|p1a: Regice
|-damage|p1a: Regice|0 fnt
|faint|p1a: Regice
|inactive|OneWhoRants has 240 seconds left.
|
|t:|1729391233
|switch|p1a: Suicune|Suicune|88/100 slp
|
|-weather|Sandstorm|[upkeep]
|-damage|p2a: Breloom|3/100|[from] Sandstorm
|-damage|p1a: Suicune|82/100 slp|[from] Sandstorm
|-heal|p2a: Breloom|9/100|[from] item: Leftovers
|-heal|p1a: Suicune|88/100 slp|[from] item: Leftovers
|upkeep
|turn|32
|
|t:|1729391240
|move|p2a: Breloom|Leech Seed|p1a: Suicune
|-start|p1a: Suicune|move: Leech Seed
|cant|p1a: Suicune|slp
|move|p1a: Suicune|Sleep Talk|p1a: Suicune
|move|p1a: Suicune|Surf|p2a: Breloom|[from]Sleep Talk
|-resisted|p2a: Breloom
|-damage|p2a: Breloom|0 fnt
|faint|p2a: Breloom
|
|t:|1729391253
|switch|p2a: Suicune|Suicune, shiny|100/100
|-damage|p2a: Suicune|88/100|[from] Spikes
|
|-weather|Sandstorm|[upkeep]
|-damage|p2a: Suicune|82/100|[from] Sandstorm
|-damage|p1a: Suicune|82/100 slp|[from] Sandstorm
|-heal|p2a: Suicune|88/100|[from] item: Leftovers
|-heal|p1a: Suicune|88/100 slp|[from] item: Leftovers
|-damage|p1a: Suicune|76/100 slp|[from] Leech Seed|[of] p2a: Suicune
|-heal|p2a: Suicune|100/100|[silent]
|upkeep
|turn|33
|
|t:|1729391259
|switch|p1a: Skarmory|Skarmory, M|57/100
|move|p2a: Suicune|Calm Mind|p2a: Suicune
|-boost|p2a: Suicune|spa|1
|-boost|p2a: Suicune|spd|1
|
|-weather|Sandstorm|[upkeep]
|-damage|p2a: Suicune|94/100|[from] Sandstorm
|-heal|p2a: Suicune|100/100|[from] item: Leftovers
|-heal|p1a: Skarmory|63/100|[from] item: Leftovers
|upkeep
|turn|34
|
|t:|1729391264
|move|p2a: Suicune|Surf|p1a: Skarmory
|-damage|p1a: Skarmory|18/100
|move|p1a: Skarmory|Roar|p2a: Suicune
|drag|p2a: Zapdos|Zapdos|29/100
|
|-weather|Sandstorm|[upkeep]
|-damage|p2a: Zapdos|23/100|[from] Sandstorm
|-heal|p2a: Zapdos|29/100|[from] item: Leftovers
|-heal|p1a: Skarmory|24/100|[from] item: Leftovers
|upkeep
|turn|35
|inactive|OneWhoRants has 270 seconds left.
|
|t:|1729391277
|move|p2a: Zapdos|Baton Pass|p2a: Zapdos
|
|t:|1729391280
|switch|p2a: Tyranitar|Tyranitar, F, shiny|40/100|[from] Baton Pass
|-damage|p2a: Tyranitar|28/100|[from] Spikes
|move|p1a: Skarmory|Spikes|p2a: Tyranitar
|-sidestart|p2: Wolf Turds|Spikes
|
|-weather|Sandstorm|[upkeep]
|-heal|p1a: Skarmory|30/100|[from] item: Leftovers
|-heal|p2a: Tyranitar|34/100|[from] item: Leftovers
|upkeep
|turn|36
|inactive|OneWhoRants has 270 seconds left.
|
|t:|1729391301
|move|p1a: Skarmory|Spikes|p2a: Tyranitar
|-sidestart|p2: Wolf Turds|Spikes
|move|p2a: Tyranitar|Flamethrower|p1a: Skarmory
|-supereffective|p1a: Skarmory
|-crit|p1a: Skarmory
|-damage|p1a: Skarmory|0 fnt
|faint|p1a: Skarmory
|
|t:|1729391316
|switch|p1a: Metagross|Metagross|100/100
|
|-weather|Sandstorm|[upkeep]
|-heal|p2a: Tyranitar|40/100|[from] item: Leftovers
|upkeep
|turn|37
|
|t:|1729391321
|move|p1a: Metagross|Agility|p1a: Metagross
|-boost|p1a: Metagross|spe|2
|move|p2a: Tyranitar|Flamethrower|p1a: Metagross
|-supereffective|p1a: Metagross
|-damage|p1a: Metagross|38/100
|
|-weather|Sandstorm|[upkeep]
|-heal|p1a: Metagross|44/100|[from] item: Leftovers
|-heal|p2a: Tyranitar|46/100|[from] item: Leftovers
|upkeep
|turn|38
|
|t:|1729391328
|move|p1a: Metagross|Earthquake|p2a: Tyranitar
|-supereffective|p2a: Tyranitar
|-damage|p2a: Tyranitar|0 fnt
|faint|p2a: Tyranitar
|
|t:|1729391331
|switch|p2a: Suicune|Suicune, shiny|100/100
|-damage|p2a: Suicune|75/100|[from] Spikes
|
|-weather|Sandstorm|[upkeep]
|-damage|p2a: Suicune|69/100|[from] Sandstorm
|-heal|p1a: Metagross|50/100|[from] item: Leftovers
|-heal|p2a: Suicune|75/100|[from] item: Leftovers
|upkeep
|turn|39
|inactive|OneWhoRants has 270 seconds left.
|
|t:|1729391353
|switch|p2a: Zapdos|Zapdos|29/100
|move|p1a: Metagross|Earthquake|p2a: Zapdos
|-immune|p2a: Zapdos
|
|-weather|Sandstorm|[upkeep]
|-damage|p2a: Zapdos|23/100|[from] Sandstorm
|-heal|p1a: Metagross|56/100|[from] item: Leftovers
|-heal|p2a: Zapdos|29/100|[from] item: Leftovers
|upkeep
|turn|40
|
|t:|1729391358
|move|p1a: Metagross|Rock Slide|p2a: Zapdos
|-supereffective|p2a: Zapdos
|-damage|p2a: Zapdos|0 fnt
|faint|p2a: Zapdos
|c|☆Wolf Turds|read me all series wp
|
|t:|1729391365
|switch|p2a: Suicune|Suicune, shiny|75/100
|-damage|p2a: Suicune|50/100|[from] Spikes
|
|-weather|Sandstorm|[upkeep]
|-damage|p2a: Suicune|44/100|[from] Sandstorm
|-heal|p1a: Metagross|62/100|[from] item: Leftovers
|-heal|p2a: Suicune|50/100|[from] item: Leftovers
|upkeep
|turn|41
|
|t:|1729391371
|move|p1a: Metagross|Earthquake|p2a: Suicune
|-damage|p2a: Suicune|28/100
|move|p2a: Suicune|Surf|p1a: Metagross
|-damage|p1a: Metagross|28/100
|
|-weather|Sandstorm|[upkeep]
|-damage|p2a: Suicune|22/100|[from] Sandstorm
|-heal|p1a: Metagross|35/100|[from] item: Leftovers
|-heal|p2a: Suicune|28/100|[from] item: Leftovers
|upkeep
|turn|42
|
|t:|1729391378
|move|p1a: Metagross|Earthquake|p2a: Suicune
|-damage|p2a: Suicune|6/100
|move|p2a: Suicune|Rest|p2a: Suicune
|-status|p2a: Suicune|slp|[from] move: Rest
|-heal|p2a: Suicune|100/100 slp|[silent]
|
|-weather|Sandstorm|[upkeep]
|-damage|p2a: Suicune|94/100 slp|[from] Sandstorm
|-heal|p1a: Metagross|41/100|[from] item: Leftovers
|-heal|p2a: Suicune|100/100 slp|[from] item: Leftovers
|upkeep
|turn|43
|
|t:|1729391387
|move|p1a: Metagross|Earthquake|p2a: Suicune
|-damage|p2a: Suicune|79/100 slp
|cant|p2a: Suicune|slp
|move|p2a: Suicune|Sleep Talk|p2a: Suicune
|move|p2a: Suicune|Surf|p1a: Metagross|[from]Sleep Talk
|-damage|p1a: Metagross|6/100
|
|-weather|Sandstorm|[upkeep]
|-damage|p2a: Suicune|73/100 slp|[from] Sandstorm
|-heal|p1a: Metagross|12/100|[from] item: Leftovers
|-heal|p2a: Suicune|79/100 slp|[from] item: Leftovers
|upkeep
|turn|44
|
|t:|1729391394
|move|p1a: Metagross|Earthquake|p2a: Suicune
|-damage|p2a: Suicune|55/100 slp
|cant|p2a: Suicune|slp
|move|p2a: Suicune|Sleep Talk|p2a: Suicune
|move|p2a: Suicune|Rest|p2a: Suicune|[from]Sleep Talk
|
|-weather|Sandstorm|[upkeep]
|-damage|p2a: Suicune|49/100 slp|[from] Sandstorm
|-heal|p1a: Metagross|19/100|[from] item: Leftovers
|-heal|p2a: Suicune|55/100 slp|[from] item: Leftovers
|upkeep
|turn|45
|
|t:|1729391406
|move|p1a: Metagross|Rock Slide|p2a: Suicune|[miss]
|-miss|p1a: Metagross|p2a: Suicune
|-curestatus|p2a: Suicune|slp|[msg]
|move|p2a: Suicune|Rest|p2a: Suicune
|-status|p2a: Suicune|slp|[from] move: Rest
|-heal|p2a: Suicune|100/100 slp|[silent]
|
|-weather|Sandstorm|[upkeep]
|-damage|p2a: Suicune|94/100 slp|[from] Sandstorm
|-heal|p1a: Metagross|25/100|[from] item: Leftovers
|-heal|p2a: Suicune|100/100 slp|[from] item: Leftovers
|upkeep
|turn|46
|
|t:|1729391411
|move|p1a: Metagross|Rock Slide|p2a: Suicune
|-damage|p2a: Suicune|83/100 slp
|cant|p2a: Suicune|slp
|move|p2a: Suicune|Sleep Talk|p2a: Suicune
|move|p2a: Suicune|Calm Mind|p2a: Suicune|[from]Sleep Talk
|-boost|p2a: Suicune|spa|1
|-boost|p2a: Suicune|spd|1
|
|-weather|Sandstorm|[upkeep]
|-damage|p2a: Suicune|77/100 slp|[from] Sandstorm
|-heal|p1a: Metagross|31/100|[from] item: Leftovers
|-heal|p2a: Suicune|83/100 slp|[from] item: Leftovers
|upkeep
|turn|47
|
|t:|1729391416
|move|p1a: Metagross|Meteor Mash|p2a: Suicune
|-resisted|p2a: Suicune
|-damage|p2a: Suicune|67/100 slp
|cant|p2a: Suicune|slp
|move|p2a: Suicune|Sleep Talk|p2a: Suicune
|move|p2a: Suicune|Surf|p1a: Metagross|[from]Sleep Talk
|-damage|p1a: Metagross|0 fnt
|faint|p1a: Metagross
|
|t:|1729391418
|switch|p1a: Claydol|Claydol|87/100
|
|-weather|Sandstorm|[upkeep]
|-damage|p2a: Suicune|61/100 slp|[from] Sandstorm
|-heal|p1a: Claydol|93/100|[from] item: Leftovers
|-heal|p2a: Suicune|67/100 slp|[from] item: Leftovers
|upkeep
|turn|48
|
|t:|1729391425
|move|p1a: Claydol|Explosion|p2a: Suicune
|-damage|p2a: Suicune|0 fnt
|faint|p1a: Claydol
|faint|p2a: Suicune
|
|win|OneWhoRants
|c|☆OneWhoRants|gg
|c|☆Wolf Turds|gg

</script>
<script type="application/json" class="data" id="replaydata-smogtours-gen3ou-800240">
{"id":"smogtours-gen3ou-800240","format":"[Gen 3] OU","players":["OneWhoRants","Wolf Turds"],"uploadtime":1729391425,"views":95,"formatid":"gen3ou","rating":null,"private":0,"password":null}
</script>

<script defer src="js/replays.js?9d40a366"></script>
