<!DOCTYPE html>
<meta charset="utf-8" />
<meta name="viewport" content="width=device-width" />

<title>[Gen 3] OU: ccczzx vs. plznostep - Replays - Pok&eacute;mon Showdown!</title>

<meta name="description" content="Watch a replay of a Pok&eacute;mon battle between ccczzx and plznostep! Format: [Gen 3] OU; Date: Oct 4, 2024" />
<!--

Hey, you! Looking in the source for the replay log?

You can find them in JSON format, just add `.json` at the end of a replay URL.

https://replay.pokemonshowdown.com/gen7randomdoublesbattle-865046831.json

Or, if you only need the log itself, add `.log` instead:

https://replay.pokemonshowdown.com/gen7randomdoublesbattle-865046831.log

-->

<link rel="stylesheet" href="//pokemonshowdown.com/style/global.css?0.023195364461161105" />
<link rel="stylesheet" href="//play.pokemonshowdown.com/style/font-awesome.css?0.13261647063804238" />
<link rel="stylesheet" href="//play.pokemonshowdown.com/style/battle.css?0.8753245789963631" />
<link rel="stylesheet" href="//play.pokemonshowdown.com/style/utilichart.css?0.8627959624976733" />

<!-- Global site tag (gtag.js) - Google Analytics -->
<script async src="https://www.googletagmanager.com/gtag/js?id=UA-26211653-1"></script>
<script>
  window.dataLayer = window.dataLayer || [];
  function gtag(){dataLayer.push(arguments);}
  gtag('js', new Date());

  gtag('config', 'UA-26211653-1');
</script>
<!-- End Google Analytics -->
<!-- Venatus Ad Manager - Install in <HEAD> of page -->
	<script src="https://hb.vntsm.com/v3/live/ad-manager.min.js" type="text/javascript" data-site-id="642aba63ec9a7b11c3c9c1be" data-mode="scan" async></script>
<!-- / Venatus Ad Manager -->

<style>
	@media (max-width:820px) {
		.battle {
			margin: 0 auto;
		}
		.battle-log {
			margin: 7px auto 0;
			max-width: 640px;
			height: 300px;
			position: static;
		}
	}
	.optgroup {
		display: inline-block;
		line-height: 22px;
		font-size: 10pt;
	}
	.optgroup .button {
		height: 25px;
		padding-top: 0;
		padding-bottom: 0;
	}
	.optgroup button.button {
		padding-left: 12px;
		padding-right: 12px;
	}
	.linklist {
		list-style: none;
		margin: 0.5em 0;
		padding: 0;
	}
	.linklist li {
		padding: 2px 0;
	}
	.sidebar {
		float: left;
		width: 320px;
	}
	.bar-wrapper {
		max-width: 1100px;
		margin: 0 auto;
	}
	.bar-wrapper.has-sidebar {
		max-width: 1430px;
	}
	.mainbar {
		margin: 0;
		padding-right: 1px;
	}
	.mainbar.has-sidebar {
		margin-left: 330px;
	}
	@media (min-width: 1511px) {
		.sidebar {
			width: 400px;
		}
		.bar-wrapper.has-sidebar {
			max-width: 1510px;
		}
		.mainbar.has-sidebar {
			margin-left: 410px;
		}
	}
	.section.first-section {
		margin-top: 9px;
	}
	.blocklink small {
		white-space: normal;
	}
	.button {
		vertical-align: middle;
	}
	.replay-controls {
		padding-top: 10px;
	}
	.replay-controls h1 {
		font-size: 16pt;
		font-weight: normal;
		color: #CCC;
	}
	.pagelink {
		text-align: center;
	}
	.pagelink a {
		width: 150px;
	}
	.textbox, .button {
		font-size: 11pt;
		vertical-align: middle;
	}
	@media (max-width: 450px) {
		.button {
			font-size: 9pt;
		}
	}
</style>

<div>

	<header>
		<div class="nav-wrapper"><ul class="nav">
			<li><a class="button nav-first" href="//pokemonshowdown.com/"><img src="//pokemonshowdown.com/images/pokemonshowdownbeta.png" srcset="//pokemonshowdown.com/images/pokemonshowdownbeta.png 1x, //pokemonshowdown.com/images/pokemonshowdownbeta@2x.png 2x" alt="Pok&eacute;mon Showdown" width="146" height="44" /> Home</a></li>
			<li><a class="button" href="//pokemonshowdown.com/dex/">Pok&eacute;dex</a></li>
			<li><a class="button cur" href="/">Replays</a></li>
			<li><a class="button" href="//pokemonshowdown.com/ladder/">Ladder</a></li>
			<li><a class="button nav-last" href="//pokemonshowdown.com/forums/">Forum</a></li>
			<li><a class="button greenbutton nav-first nav-last" href="//play.pokemonshowdown.com/">Play</a></li>
		</ul></div>
	</header>

	<div class="main" id="main">

		<noscript><section class="section">You need to enable JavaScript to use this page; sorry!</section></noscript>

	</div>

</div>

<script defer nomodule src="//play.pokemonshowdown.com/js/lib/ps-polyfill.js"></script>
<script defer src="//play.pokemonshowdown.com/js/lib/preact.min.js"></script>

<script defer src="//play.pokemonshowdown.com/config/config.js?2bddbc15"></script>
<script defer src="//play.pokemonshowdown.com/js/lib/jquery-1.11.0.min.js"></script>
<script defer src="//play.pokemonshowdown.com/js/lib/html-sanitizer-minified.js"></script>
<script defer src="//play.pokemonshowdown.com/js/battle-sound.js"></script>
<script defer src="//play.pokemonshowdown.com/js/battledata.js?0.7209276989879541"></script>
<script defer src="//play.pokemonshowdown.com/data/pokedex-mini.js?0.6111056340867951"></script>
<script defer src="//play.pokemonshowdown.com/data/pokedex-mini-bw.js?0.3532142036491459"></script>
<script defer src="//play.pokemonshowdown.com/data/graphics.js?0.24223875632456182"></script>
<script defer src="//play.pokemonshowdown.com/data/pokedex.js?0.38839984266356864"></script>
<script defer src="//play.pokemonshowdown.com/data/moves.js?0.21866028504024015"></script>
<script defer src="//play.pokemonshowdown.com/data/abilities.js?0.2005157953846628"></script>
<script defer src="//play.pokemonshowdown.com/data/items.js?0.9894211263848525"></script>
<script defer src="//play.pokemonshowdown.com/data/teambuilder-tables.js?0.6008791140282215"></script>
<script defer src="//play.pokemonshowdown.com/js/battle-tooltips.js?0.7580118955022959"></script>
<script defer src="//play.pokemonshowdown.com/js/battle.js?0.6057722274234274"></script>

<script defer src="js/utils.js?e31f9a17"></script>
<script defer src="js/replays-battle.js?7008c182"></script>

<!-- don't scrape this data! just add .json or .log after the URL!
Full API docs: https://github.com/smogon/pokemon-showdown-client/blob/master/WEB-API.md -->
<script type="text/plain" class="log" id="replaylog-smogtours-gen3ou-794589">
|inactive|Battle timer is ON: inactive players will automatically lose when time's up.
|t:|1728061511
|gametype|singles
|player|p1|ccczzx|266|
|player|p2|plznostep|steven|
|teamsize|p1|6
|teamsize|p2|6
|gen|3
|tier|[Gen 3] OU
|rule|Sleep Clause Mod: Limit one foe put to sleep
|rule|Switch Priority Clause Mod: Faster Pokémon switch first
|rule|Species Clause: Limit one of each Pokémon
|rule|OHKO Clause: OHKO moves are banned
|rule|Evasion Items Clause: Evasion items are banned
|rule|Evasion Moves Clause: Evasion moves are banned
|rule|Endless Battle Clause: Forcing endless battles is banned
|rule|HP Percentage Mod: HP is shown in percentages
|rule|One Boost Passer Clause: Limit one Baton Passer that has a way to boost its stats
|rule|Freeze Clause Mod: Limit one foe frozen
|
|t:|1728061511
|start
|switch|p1a: yeah fuck skarm|Skarmory, F|100/100
|switch|p2a: Suicune|Suicune|100/100
|turn|1
|c|☆ccczzx|glhf
|c|☆plznostep|glhf
|
|t:|1728061535
|switch|p2a: Charizard|Charizard, F|100/100
|move|p1a: yeah fuck skarm|Spikes|p2a: Charizard
|-sidestart|p2: plznostep|Spikes
|
|upkeep
|turn|2
|
|t:|1728061548
|move|p1a: yeah fuck skarm|Protect|p1a: yeah fuck skarm
|-singleturn|p1a: yeah fuck skarm|Protect
|move|p2a: Charizard|Fire Blast|p1a: yeah fuck skarm
|-activate|p1a: yeah fuck skarm|Protect
|
|upkeep
|turn|3
|c|☆ccczzx|time to stall out fireblasts
|
|t:|1728061563
|switch|p1a: yoppie|Blissey, F|100/100
|move|p2a: Charizard|Fire Blast|p1a: yoppie|[miss]
|-miss|p2a: Charizard|p1a: yoppie
|
|upkeep
|turn|4
|
|t:|1728061587
|switch|p2a: Metagross|Metagross|100/100
|-damage|p2a: Metagross|88/100|[from] Spikes
|move|p1a: yoppie|Ice Beam|p2a: Metagross
|-resisted|p2a: Metagross
|-damage|p2a: Metagross|74/100
|
|-heal|p2a: Metagross|80/100|[from] item: Leftovers
|upkeep
|turn|5
|inactive|plznostep has 270 seconds left.
|
|t:|1728061623
|switch|p1a: yeah fuck skarm|Skarmory, F|100/100
|move|p2a: Metagross|Meteor Mash|p1a: yeah fuck skarm
|-resisted|p1a: yeah fuck skarm
|-damage|p1a: yeah fuck skarm|83/100
|-boost|p2a: Metagross|atk|1
|
|-heal|p2a: Metagross|87/100|[from] item: Leftovers
|-heal|p1a: yeah fuck skarm|89/100|[from] item: Leftovers
|upkeep
|turn|6
|
|t:|1728061634
|move|p1a: yeah fuck skarm|Protect|p1a: yeah fuck skarm
|-singleturn|p1a: yeah fuck skarm|Protect
|move|p2a: Metagross|Hidden Power|p1a: yeah fuck skarm
|-activate|p1a: yeah fuck skarm|Protect
|
|-heal|p2a: Metagross|93/100|[from] item: Leftovers
|-heal|p1a: yeah fuck skarm|95/100|[from] item: Leftovers
|upkeep
|turn|7
|
|t:|1728061651
|switch|p1a: mister dread|Misdreavus, M|100/100
|move|p2a: Metagross|Hidden Power|p1a: mister dread
|-damage|p1a: mister dread|83/100
|
|-heal|p1a: mister dread|89/100|[from] item: Leftovers
|-heal|p2a: Metagross|99/100|[from] item: Leftovers
|upkeep
|turn|8
|
|t:|1728061665
|switch|p1a: yeah fuck skarm|Skarmory, F|95/100
|switch|p2a: Charizard|Charizard, F|100/100
|
|-heal|p1a: yeah fuck skarm|100/100|[from] item: Leftovers
|upkeep
|turn|9
|
|t:|1728061675
|switch|p1a: yoppie|Blissey, F|100/100
|move|p2a: Charizard|Fire Blast|p1a: yoppie
|-damage|p1a: yoppie|79/100
|
|-heal|p1a: yoppie|85/100|[from] item: Leftovers
|upkeep
|turn|10
|
|t:|1728061684
|switch|p2a: Metagross|Metagross|99/100
|-damage|p2a: Metagross|87/100|[from] Spikes
|move|p1a: yoppie|Ice Beam|p2a: Metagross
|-resisted|p2a: Metagross
|-damage|p2a: Metagross|72/100
|
|-heal|p2a: Metagross|78/100|[from] item: Leftovers
|-heal|p1a: yoppie|91/100|[from] item: Leftovers
|upkeep
|turn|11
|
|t:|1728061699
|switch|p1a: yeah fuck skarm|Skarmory, F|100/100
|move|p2a: Metagross|Hidden Power|p1a: yeah fuck skarm
|-supereffective|p1a: yeah fuck skarm
|-damage|p1a: yeah fuck skarm|64/100
|
|-heal|p2a: Metagross|84/100|[from] item: Leftovers
|-heal|p1a: yeah fuck skarm|70/100|[from] item: Leftovers
|upkeep
|turn|12
|
|t:|1728061708
|switch|p2a: Charizard|Charizard, F|100/100
|move|p1a: yeah fuck skarm|Protect||[still]
|-fail|p1a: yeah fuck skarm
|
|-heal|p1a: yeah fuck skarm|76/100|[from] item: Leftovers
|upkeep
|turn|13
|
|t:|1728061716
|move|p1a: yeah fuck skarm|Protect|p1a: yeah fuck skarm
|-singleturn|p1a: yeah fuck skarm|Protect
|move|p2a: Charizard|Fire Blast|p1a: yeah fuck skarm
|-activate|p1a: yeah fuck skarm|Protect
|
|-heal|p1a: yeah fuck skarm|82/100|[from] item: Leftovers
|upkeep
|turn|14
|
|t:|1728061729
|switch|p1a: yoppie|Blissey, F|91/100
|move|p2a: Charizard|Beat Up|p1a: yoppie
|-damage|p1a: yoppie|82/100
|-damage|p1a: yoppie|65/100
|-damage|p1a: yoppie|56/100
|-damage|p1a: yoppie|40/100
|-crit|p1a: yoppie
|-damage|p1a: yoppie|9/100
|-damage|p1a: yoppie|0 fnt
|-hitcount|p1a: yoppie|6
|faint|p1a: yoppie
|c|☆plznostep|mb for crit
|c|☆ccczzx|its fine, its many hits
|inactive|ccczzx has 270 seconds left.
|
|t:|1728061764
|switch|p1a: zigzaggy|Zapdos|100/100
|
|upkeep
|turn|15
|
|t:|1728061774
|switch|p2a: Raikou|Raikou|100/100
|-damage|p2a: Raikou|88/100|[from] Spikes
|move|p1a: zigzaggy|Thunderbolt|p2a: Raikou
|-resisted|p2a: Raikou
|-damage|p2a: Raikou|69/100
|
|-heal|p2a: Raikou|76/100|[from] item: Leftovers
|upkeep
|turn|16
|
|t:|1728061781
|move|p2a: Raikou|Substitute|p2a: Raikou
|-start|p2a: Raikou|Substitute
|-damage|p2a: Raikou|51/100
|move|p1a: zigzaggy|Roar|p2a: Raikou
|drag|p2a: Charizard|Charizard, F|100/100
|
|upkeep
|turn|17
|
|t:|1728061786
|switch|p2a: Raikou|Raikou|51/100
|-damage|p2a: Raikou|38/100|[from] Spikes
|move|p1a: zigzaggy|Thunderbolt|p2a: Raikou
|-resisted|p2a: Raikou
|-damage|p2a: Raikou|21/100
|-status|p2a: Raikou|par
|
|-heal|p2a: Raikou|27/100 par|[from] item: Leftovers
|upkeep
|turn|18
|
|t:|1728061794
|move|p1a: zigzaggy|Thunderbolt|p2a: Raikou
|-resisted|p2a: Raikou
|-damage|p2a: Raikou|8/100 par
|cant|p2a: Raikou|par
|
|-heal|p2a: Raikou|14/100 par|[from] item: Leftovers
|upkeep
|turn|19
|
|t:|1728061799
|move|p1a: zigzaggy|Thunderbolt|p2a: Raikou
|-resisted|p2a: Raikou
|-damage|p2a: Raikou|0 fnt
|faint|p2a: Raikou
|
|t:|1728061803
|switch|p2a: Tyranitar|Tyranitar, M|100/100
|-damage|p2a: Tyranitar|88/100|[from] Spikes
|-weather|Sandstorm|[from] ability: Sand Stream|[of] p2a: Tyranitar
|
|-weather|Sandstorm|[upkeep]
|-damage|p1a: zigzaggy|94/100|[from] Sandstorm
|-heal|p1a: zigzaggy|100/100|[from] item: Leftovers
|-heal|p2a: Tyranitar|94/100|[from] item: Leftovers
|upkeep
|turn|20
|
|t:|1728061815
|switch|p1a: Flygon|Flygon, F|100/100
|move|p2a: Tyranitar|Rock Slide|p1a: Flygon
|-resisted|p1a: Flygon
|-damage|p1a: Flygon|84/100
|
|-weather|Sandstorm|[upkeep]
|-heal|p1a: Flygon|90/100|[from] item: Leftovers
|-heal|p2a: Tyranitar|100/100|[from] item: Leftovers
|upkeep
|turn|21
|
|t:|1728061824
|switch|p2a: Salamence|Salamence, M|100/100
|-ability|p2a: Salamence|Intimidate|boost
|-unboost|p1a: Flygon|atk|1
|move|p1a: Flygon|Toxic|p2a: Salamence
|-status|p2a: Salamence|tox
|
|-weather|Sandstorm|[upkeep]
|-damage|p2a: Salamence|94/100 tox|[from] Sandstorm
|-heal|p2a: Salamence|100/100 tox|[from] item: Leftovers
|-damage|p2a: Salamence|94/100 tox|[from] psn
|-heal|p1a: Flygon|96/100|[from] item: Leftovers
|upkeep
|turn|22
|
|t:|1728061842
|switch|p1a: yeah fuck skarm|Skarmory, F|82/100
|move|p2a: Salamence|Dragon Dance|p2a: Salamence
|-boost|p2a: Salamence|atk|1
|-boost|p2a: Salamence|spe|1
|
|-weather|Sandstorm|[upkeep]
|-damage|p2a: Salamence|88/100 tox|[from] Sandstorm
|-heal|p2a: Salamence|94/100 tox|[from] item: Leftovers
|-damage|p2a: Salamence|82/100 tox|[from] psn
|-heal|p1a: yeah fuck skarm|88/100|[from] item: Leftovers
|upkeep
|turn|23
|
|t:|1728061857
|switch|p2a: Charizard|Charizard, F|100/100
|move|p1a: yeah fuck skarm|Roar|p2a: Charizard
|drag|p2a: Salamence|Salamence, M|82/100 tox
|-ability|p2a: Salamence|Intimidate|boost
|-unboost|p1a: yeah fuck skarm|atk|1
|
|-weather|Sandstorm|[upkeep]
|-damage|p2a: Salamence|76/100 tox|[from] Sandstorm
|-heal|p2a: Salamence|82/100 tox|[from] item: Leftovers
|-damage|p2a: Salamence|76/100 tox|[from] psn
|-heal|p1a: yeah fuck skarm|94/100|[from] item: Leftovers
|upkeep
|turn|24
|
|t:|1728061862
|switch|p2a: Charizard|Charizard, F|100/100
|move|p1a: yeah fuck skarm|Spikes|p2a: Charizard
|-sidestart|p2: plznostep|Spikes
|
|-weather|Sandstorm|[upkeep]
|-damage|p2a: Charizard|94/100|[from] Sandstorm
|-heal|p2a: Charizard|100/100|[from] item: Leftovers
|-heal|p1a: yeah fuck skarm|99/100|[from] item: Leftovers
|upkeep
|turn|25
|
|t:|1728061866
|move|p1a: yeah fuck skarm|Protect|p1a: yeah fuck skarm
|-singleturn|p1a: yeah fuck skarm|Protect
|move|p2a: Charizard|Dragon Claw|p1a: yeah fuck skarm
|-activate|p1a: yeah fuck skarm|Protect
|
|-weather|Sandstorm|[upkeep]
|-damage|p2a: Charizard|94/100|[from] Sandstorm
|-heal|p2a: Charizard|100/100|[from] item: Leftovers
|-heal|p1a: yeah fuck skarm|100/100|[from] item: Leftovers
|upkeep
|turn|26
|
|t:|1728061886
|switch|p1a: zigzaggy|Zapdos|100/100
|move|p2a: Charizard|Fire Blast|p1a: zigzaggy
|-damage|p1a: zigzaggy|58/100
|
|-weather|Sandstorm|[upkeep]
|-damage|p2a: Charizard|94/100|[from] Sandstorm
|-damage|p1a: zigzaggy|52/100|[from] Sandstorm
|-heal|p2a: Charizard|100/100|[from] item: Leftovers
|-heal|p1a: zigzaggy|58/100|[from] item: Leftovers
|upkeep
|turn|27
|inactive|plznostep has 270 seconds left.
|
|t:|1728061929
|switch|p2a: Tyranitar|Tyranitar, M|100/100
|-damage|p2a: Tyranitar|84/100|[from] Spikes
|move|p1a: zigzaggy|Thunderbolt|p2a: Tyranitar
|-damage|p2a: Tyranitar|46/100
|
|-weather|Sandstorm|[upkeep]
|-damage|p1a: zigzaggy|52/100|[from] Sandstorm
|-heal|p1a: zigzaggy|58/100|[from] item: Leftovers
|-heal|p2a: Tyranitar|53/100|[from] item: Leftovers
|upkeep
|turn|28
|c|☆ccczzx|im straight up shakin rn, first tourney so this is thrilling
|
|t:|1728061946
|move|p1a: zigzaggy|Thunderbolt|p2a: Tyranitar
|-damage|p2a: Tyranitar|20/100
|move|p2a: Tyranitar|Double-Edge|p1a: zigzaggy
|-damage|p1a: zigzaggy|13/100
|-damage|p2a: Tyranitar|5/100|[from] Recoil|[of] p1a: zigzaggy
|
|-weather|Sandstorm|[upkeep]
|-damage|p1a: zigzaggy|7/100|[from] Sandstorm
|-heal|p1a: zigzaggy|13/100|[from] item: Leftovers
|-heal|p2a: Tyranitar|12/100|[from] item: Leftovers
|upkeep
|turn|29
|inactive|plznostep has 270 seconds left.
|c|☆plznostep|glad you are liking it :D
|
|t:|1728061958
|move|p1a: zigzaggy|Rest|p1a: zigzaggy
|-status|p1a: zigzaggy|slp|[from] move: Rest
|-heal|p1a: zigzaggy|100/100 slp|[silent]
|move|p2a: Tyranitar|Double-Edge|p1a: zigzaggy
|-damage|p1a: zigzaggy|56/100 slp
|-damage|p2a: Tyranitar|0 fnt|[from] Recoil|[of] p1a: zigzaggy
|faint|p2a: Tyranitar
|
|t:|1728061963
|switch|p2a: Charizard|Charizard, F|100/100
|
|-weather|Sandstorm|[upkeep]
|-damage|p2a: Charizard|94/100|[from] Sandstorm
|-damage|p1a: zigzaggy|50/100 slp|[from] Sandstorm
|-heal|p2a: Charizard|100/100|[from] item: Leftovers
|-heal|p1a: zigzaggy|56/100 slp|[from] item: Leftovers
|upkeep
|turn|30
|
|t:|1728061969
|move|p2a: Charizard|Dragon Claw|p1a: zigzaggy
|-damage|p1a: zigzaggy|40/100 slp
|cant|p1a: zigzaggy|slp
|move|p1a: zigzaggy|Sleep Talk|p1a: zigzaggy
|move|p1a: zigzaggy|Roar|p2a: Charizard|[from]Sleep Talk
|drag|p2a: Salamence|Salamence, M|76/100 tox
|-ability|p2a: Salamence|Intimidate|boost
|-unboost|p1a: zigzaggy|atk|1
|
|-weather|Sandstorm|[upkeep]
|-damage|p2a: Salamence|70/100 tox|[from] Sandstorm
|-damage|p1a: zigzaggy|34/100 slp|[from] Sandstorm
|-heal|p2a: Salamence|76/100 tox|[from] item: Leftovers
|-damage|p2a: Salamence|70/100 tox|[from] psn
|-heal|p1a: zigzaggy|40/100 slp|[from] item: Leftovers
|upkeep
|turn|31
|
|t:|1728061981
|switch|p2a: Charizard|Charizard, F|100/100
|switch|p1a: yeah fuck skarm|Skarmory, F|100/100
|
|-weather|Sandstorm|[upkeep]
|-damage|p2a: Charizard|94/100|[from] Sandstorm
|-heal|p2a: Charizard|100/100|[from] item: Leftovers
|upkeep
|turn|32
|
|t:|1728061989
|move|p1a: yeah fuck skarm|Protect|p1a: yeah fuck skarm
|-singleturn|p1a: yeah fuck skarm|Protect
|move|p2a: Charizard|Dragon Claw|p1a: yeah fuck skarm
|-activate|p1a: yeah fuck skarm|Protect
|
|-weather|Sandstorm|[upkeep]
|-damage|p2a: Charizard|94/100|[from] Sandstorm
|-heal|p2a: Charizard|100/100|[from] item: Leftovers
|upkeep
|turn|33
|
|t:|1728061997
|switch|p1a: mister dread|Misdreavus, M|89/100
|move|p2a: Charizard|Dragon Claw|p1a: mister dread
|-damage|p1a: mister dread|67/100
|
|-weather|Sandstorm|[upkeep]
|-damage|p2a: Charizard|94/100|[from] Sandstorm
|-damage|p1a: mister dread|61/100|[from] Sandstorm
|-heal|p2a: Charizard|100/100|[from] item: Leftovers
|-heal|p1a: mister dread|67/100|[from] item: Leftovers
|upkeep
|turn|34
|
|t:|1728062005
|switch|p2a: Metagross|Metagross|84/100
|-damage|p2a: Metagross|68/100|[from] Spikes
|move|p1a: mister dread|Thunderbolt|p2a: Metagross
|-damage|p2a: Metagross|47/100
|
|-weather|Sandstorm|[upkeep]
|-damage|p1a: mister dread|61/100|[from] Sandstorm
|-heal|p1a: mister dread|67/100|[from] item: Leftovers
|-heal|p2a: Metagross|53/100|[from] item: Leftovers
|upkeep
|turn|35
|
|t:|1728062015
|move|p1a: mister dread|Perish Song|p1a: mister dread
|-start|p1a: mister dread|perish3|[silent]
|-start|p2a: Metagross|perish3|[silent]
|-fieldactivate|move: Perish Song
|move|p2a: Metagross|Hidden Power|p1a: mister dread
|-damage|p1a: mister dread|48/100
|
|-weather|Sandstorm|[upkeep]
|-damage|p1a: mister dread|42/100|[from] Sandstorm
|-heal|p1a: mister dread|48/100|[from] item: Leftovers
|-heal|p2a: Metagross|59/100|[from] item: Leftovers
|-start|p1a: mister dread|perish3
|-start|p2a: Metagross|perish3
|upkeep
|turn|36
|
|t:|1728062025
|switch|p1a: yeah fuck skarm|Skarmory, F|100/100
|move|p2a: Metagross|Meteor Mash|p1a: yeah fuck skarm
|-resisted|p1a: yeah fuck skarm
|-damage|p1a: yeah fuck skarm|83/100
|
|-weather|Sandstorm|[upkeep]
|-heal|p2a: Metagross|65/100|[from] item: Leftovers
|-heal|p1a: yeah fuck skarm|89/100|[from] item: Leftovers
|-start|p2a: Metagross|perish2
|upkeep
|turn|37
|
|t:|1728062034
|switch|p2a: Charizard|Charizard, F|100/100
|move|p1a: yeah fuck skarm|Spikes|p2a: Charizard
|-sidestart|p2: plznostep|Spikes
|
|-weather|Sandstorm|[upkeep]
|-damage|p2a: Charizard|94/100|[from] Sandstorm
|-heal|p2a: Charizard|100/100|[from] item: Leftovers
|-heal|p1a: yeah fuck skarm|95/100|[from] item: Leftovers
|upkeep
|turn|38
|
|t:|1728062043
|switch|p1a: mister dread|Misdreavus, M|48/100
|move|p2a: Charizard|Dragon Claw|p1a: mister dread
|-damage|p1a: mister dread|29/100
|
|-weather|Sandstorm|[upkeep]
|-damage|p2a: Charizard|94/100|[from] Sandstorm
|-damage|p1a: mister dread|23/100|[from] Sandstorm
|-heal|p2a: Charizard|100/100|[from] item: Leftovers
|-heal|p1a: mister dread|29/100|[from] item: Leftovers
|upkeep
|turn|39
|inactive|plznostep has 270 seconds left.
|
|t:|1728062075
|move|p2a: Charizard|Fire Blast|p1a: mister dread
|-damage|p1a: mister dread|0 fnt
|faint|p1a: mister dread
|
|t:|1728062083
|switch|p1a: zigzaggy|Zapdos|40/100 slp
|
|-weather|Sandstorm|[upkeep]
|-damage|p2a: Charizard|94/100|[from] Sandstorm
|-damage|p1a: zigzaggy|34/100 slp|[from] Sandstorm
|-heal|p2a: Charizard|100/100|[from] item: Leftovers
|-heal|p1a: zigzaggy|40/100 slp|[from] item: Leftovers
|upkeep
|turn|40
|
|t:|1728062088
|move|p2a: Charizard|Dragon Claw|p1a: zigzaggy
|-damage|p1a: zigzaggy|24/100 slp
|cant|p1a: zigzaggy|slp
|move|p1a: zigzaggy|Sleep Talk|p1a: zigzaggy
|move|p1a: zigzaggy|Thunderbolt|p2a: Charizard|[from]Sleep Talk
|-supereffective|p2a: Charizard
|-damage|p2a: Charizard|0 fnt
|faint|p2a: Charizard
|
|t:|1728062092
|switch|p2a: Salamence|Salamence, M|70/100 tox
|-ability|p2a: Salamence|Intimidate|boost
|-unboost|p1a: zigzaggy|atk|1
|
|-weather|Sandstorm|[upkeep]
|-damage|p2a: Salamence|64/100 tox|[from] Sandstorm
|-damage|p1a: zigzaggy|17/100 slp|[from] Sandstorm
|-heal|p2a: Salamence|70/100 tox|[from] item: Leftovers
|-damage|p2a: Salamence|64/100 tox|[from] psn
|-heal|p1a: zigzaggy|24/100 slp|[from] item: Leftovers
|upkeep
|turn|41
|
|t:|1728062099
|move|p2a: Salamence|Rock Slide|p1a: zigzaggy
|-supereffective|p1a: zigzaggy
|-damage|p1a: zigzaggy|0 fnt
|faint|p1a: zigzaggy
|
|t:|1728062108
|switch|p1a: yeah fuck skarm|Skarmory, F|95/100
|
|-weather|Sandstorm|[upkeep]
|-damage|p2a: Salamence|58/100 tox|[from] Sandstorm
|-heal|p2a: Salamence|64/100 tox|[from] item: Leftovers
|-damage|p2a: Salamence|52/100 tox|[from] psn
|-heal|p1a: yeah fuck skarm|100/100|[from] item: Leftovers
|upkeep
|turn|42
|
|t:|1728062116
|move|p2a: Salamence|Rock Slide|p1a: yeah fuck skarm
|-damage|p1a: yeah fuck skarm|79/100
|move|p1a: yeah fuck skarm|Roar|p2a: Salamence
|drag|p2a: Metagross|Metagross|65/100
|-damage|p2a: Metagross|40/100|[from] Spikes
|
|-weather|Sandstorm|[upkeep]
|-heal|p2a: Metagross|46/100|[from] item: Leftovers
|-heal|p1a: yeah fuck skarm|85/100|[from] item: Leftovers
|upkeep
|turn|43
|
|t:|1728062138
|switch|p1a: Flygon|Flygon, F|96/100
|move|p2a: Metagross|Hidden Power|p1a: Flygon
|-resisted|p1a: Flygon
|-damage|p1a: Flygon|85/100
|
|-weather|Sandstorm|[upkeep]
|-heal|p1a: Flygon|91/100|[from] item: Leftovers
|-heal|p2a: Metagross|52/100|[from] item: Leftovers
|upkeep
|turn|44
|
|t:|1728062140
|switch|p1a: yeah fuck skarm|Skarmory, F|85/100
|switch|p2a: Salamence|Salamence, M|52/100 tox
|-ability|p2a: Salamence|Intimidate|boost
|-unboost|p1a: yeah fuck skarm|atk|1
|
|-weather|Sandstorm|[upkeep]
|-damage|p2a: Salamence|46/100 tox|[from] Sandstorm
|-heal|p2a: Salamence|52/100 tox|[from] item: Leftovers
|-damage|p2a: Salamence|46/100 tox|[from] psn
|-heal|p1a: yeah fuck skarm|91/100|[from] item: Leftovers
|upkeep
|turn|45
|
|t:|1728062162
|move|p2a: Salamence|Rock Slide|p1a: yeah fuck skarm
|-damage|p1a: yeah fuck skarm|68/100
|cant|p1a: yeah fuck skarm|flinch
|
|-weather|Sandstorm|[upkeep]
|-damage|p2a: Salamence|40/100 tox|[from] Sandstorm
|-heal|p2a: Salamence|46/100 tox|[from] item: Leftovers
|-damage|p2a: Salamence|34/100 tox|[from] psn
|-heal|p1a: yeah fuck skarm|74/100|[from] item: Leftovers
|upkeep
|turn|46
|
|t:|1728062168
|move|p1a: yeah fuck skarm|Protect|p1a: yeah fuck skarm
|-singleturn|p1a: yeah fuck skarm|Protect
|move|p2a: Salamence|Rock Slide|p1a: yeah fuck skarm
|-activate|p1a: yeah fuck skarm|Protect
|
|-weather|Sandstorm|[upkeep]
|-damage|p2a: Salamence|28/100 tox|[from] Sandstorm
|-heal|p2a: Salamence|34/100 tox|[from] item: Leftovers
|-damage|p2a: Salamence|16/100 tox|[from] psn
|-heal|p1a: yeah fuck skarm|80/100|[from] item: Leftovers
|upkeep
|turn|47
|
|t:|1728062182
|move|p2a: Salamence|Rock Slide|p1a: yeah fuck skarm
|-damage|p1a: yeah fuck skarm|56/100
|cant|p1a: yeah fuck skarm|flinch
|
|-weather|Sandstorm|[upkeep]
|-damage|p2a: Salamence|10/100 tox|[from] Sandstorm
|-heal|p2a: Salamence|16/100 tox|[from] item: Leftovers
|-damage|p2a: Salamence|0 fnt|[from] psn
|faint|p2a: Salamence
|-heal|p1a: yeah fuck skarm|62/100|[from] item: Leftovers
|upkeep
|
|t:|1728062185
|switch|p2a: Metagross|Metagross|52/100
|-damage|p2a: Metagross|28/100|[from] Spikes
|turn|48
|
|t:|1728062191
|move|p1a: yeah fuck skarm|Protect|p1a: yeah fuck skarm
|-singleturn|p1a: yeah fuck skarm|Protect
|move|p2a: Metagross|Meteor Mash|p1a: yeah fuck skarm
|-activate|p1a: yeah fuck skarm|Protect
|
|-weather|Sandstorm|[upkeep]
|-heal|p2a: Metagross|34/100|[from] item: Leftovers
|-heal|p1a: yeah fuck skarm|68/100|[from] item: Leftovers
|upkeep
|turn|49
|
|t:|1728062200
|move|p2a: Metagross|Explosion|p1a: yeah fuck skarm
|-resisted|p1a: yeah fuck skarm
|-damage|p1a: yeah fuck skarm|13/100
|faint|p2a: Metagross
|
|t:|1728062203
|switch|p2a: Suicune|Suicune|100/100
|-damage|p2a: Suicune|75/100|[from] Spikes
|
|-weather|Sandstorm|[upkeep]
|-damage|p2a: Suicune|69/100|[from] Sandstorm
|-heal|p2a: Suicune|75/100|[from] item: Leftovers
|-heal|p1a: yeah fuck skarm|19/100|[from] item: Leftovers
|upkeep
|turn|50
|
|t:|1728062211
|switch|p1a: Flygon|Flygon, F|91/100
|move|p2a: Suicune|Surf|p1a: Flygon
|-damage|p1a: Flygon|46/100
|
|-weather|Sandstorm|[upkeep]
|-damage|p2a: Suicune|69/100|[from] Sandstorm
|-heal|p2a: Suicune|75/100|[from] item: Leftovers
|-heal|p1a: Flygon|52/100|[from] item: Leftovers
|upkeep
|turn|51
|
|t:|1728062220
|move|p2a: Suicune|Ice Beam|p1a: Flygon
|-supereffective|p1a: Flygon
|-damage|p1a: Flygon|0 fnt
|faint|p1a: Flygon
|
|t:|1728062239
|switch|p1a: yeah fuck skarm|Skarmory, F|19/100
|
|-weather|Sandstorm|[upkeep]
|-damage|p2a: Suicune|69/100|[from] Sandstorm
|-heal|p2a: Suicune|75/100|[from] item: Leftovers
|-heal|p1a: yeah fuck skarm|25/100|[from] item: Leftovers
|upkeep
|turn|52
|
|t:|1728062248
|move|p1a: yeah fuck skarm|Protect|p1a: yeah fuck skarm
|-singleturn|p1a: yeah fuck skarm|Protect
|move|p2a: Suicune|Surf|p1a: yeah fuck skarm
|-activate|p1a: yeah fuck skarm|Protect
|
|-weather|Sandstorm|[upkeep]
|-damage|p2a: Suicune|69/100|[from] Sandstorm
|-heal|p2a: Suicune|75/100|[from] item: Leftovers
|-heal|p1a: yeah fuck skarm|31/100|[from] item: Leftovers
|upkeep
|turn|53
|c|☆ccczzx|ggs, well played
|
|t:|1728062256
|move|p2a: Suicune|Surf|p1a: yeah fuck skarm
|-damage|p1a: yeah fuck skarm|0 fnt
|faint|p1a: yeah fuck skarm
|
|t:|1728062259
|switch|p1a: hiyaaa|Moltres|100/100
|
|-weather|Sandstorm|[upkeep]
|-damage|p1a: hiyaaa|94/100|[from] Sandstorm
|-damage|p2a: Suicune|69/100|[from] Sandstorm
|-heal|p1a: hiyaaa|100/100|[from] item: Leftovers
|-heal|p2a: Suicune|75/100|[from] item: Leftovers
|upkeep
|turn|54
|c|☆plznostep|ggs
|
|t:|1728062262
|move|p1a: hiyaaa|Hidden Power|p2a: Suicune
|-supereffective|p2a: Suicune
|-damage|p2a: Suicune|32/100
|move|p2a: Suicune|Surf|p1a: hiyaaa
|-supereffective|p1a: hiyaaa
|-damage|p1a: hiyaaa|7/100
|
|-weather|Sandstorm|[upkeep]
|-damage|p1a: hiyaaa|1/100|[from] Sandstorm
|-damage|p2a: Suicune|26/100|[from] Sandstorm
|-heal|p1a: hiyaaa|7/100|[from] item: Leftovers
|-heal|p2a: Suicune|32/100|[from] item: Leftovers
|upkeep
|turn|55
|c|☆plznostep|o 
|
|t:|1728062269
|move|p1a: hiyaaa|Hidden Power|p2a: Suicune
|-supereffective|p2a: Suicune
|-damage|p2a: Suicune|0 fnt
|faint|p2a: Suicune
|
|win|ccczzx

</script>
<script type="application/json" class="data" id="replaydata-smogtours-gen3ou-794589">
{"id":"smogtours-gen3ou-794589","format":"[Gen 3] OU","players":["ccczzx","plznostep"],"uploadtime":1728062269,"views":109,"formatid":"gen3ou","rating":null,"private":0,"password":null}
</script>

<script defer src="js/replays.js?9d40a366"></script>
