<!DOCTYPE html>
<meta charset="utf-8" />
<meta name="viewport" content="width=device-width" />

<title>[Gen 3] OU: jeem16 vs. keeping it icy - Replays - Pok&eacute;mon Showdown!</title>

<meta name="description" content="Watch a replay of a Pok&eacute;mon battle between jeem16 and keeping it icy! Format: [Gen 3] OU; Date: Nov 2, 2024" />
<!--

Hey, you! Looking in the source for the replay log?

You can find them in JSON format, just add `.json` at the end of a replay URL.

https://replay.pokemonshowdown.com/gen7randomdoublesbattle-865046831.json

Or, if you only need the log itself, add `.log` instead:

https://replay.pokemonshowdown.com/gen7randomdoublesbattle-865046831.log

-->

<link rel="stylesheet" href="//pokemonshowdown.com/style/global.css?0.023195364461161105" />
<link rel="stylesheet" href="//play.pokemonshowdown.com/style/font-awesome.css?0.13261647063804238" />
<link rel="stylesheet" href="//play.pokemonshowdown.com/style/battle.css?0.8753245789963631" />
<link rel="stylesheet" href="//play.pokemonshowdown.com/style/utilichart.css?0.8627959624976733" />

<!-- Global site tag (gtag.js) - Google Analytics -->
<script async src="https://www.googletagmanager.com/gtag/js?id=UA-26211653-1"></script>
<script>
  window.dataLayer = window.dataLayer || [];
  function gtag(){dataLayer.push(arguments);}
  gtag('js', new Date());

  gtag('config', 'UA-26211653-1');
</script>
<!-- End Google Analytics -->
<!-- Venatus Ad Manager - Install in <HEAD> of page -->
	<script src="https://hb.vntsm.com/v3/live/ad-manager.min.js" type="text/javascript" data-site-id="642aba63ec9a7b11c3c9c1be" data-mode="scan" async></script>
<!-- / Venatus Ad Manager -->

<style>
	@media (max-width:820px) {
		.battle {
			margin: 0 auto;
		}
		.battle-log {
			margin: 7px auto 0;
			max-width: 640px;
			height: 300px;
			position: static;
		}
	}
	.optgroup {
		display: inline-block;
		line-height: 22px;
		font-size: 10pt;
	}
	.optgroup .button {
		height: 25px;
		padding-top: 0;
		padding-bottom: 0;
	}
	.optgroup button.button {
		padding-left: 12px;
		padding-right: 12px;
	}
	.linklist {
		list-style: none;
		margin: 0.5em 0;
		padding: 0;
	}
	.linklist li {
		padding: 2px 0;
	}
	.sidebar {
		float: left;
		width: 320px;
	}
	.bar-wrapper {
		max-width: 1100px;
		margin: 0 auto;
	}
	.bar-wrapper.has-sidebar {
		max-width: 1430px;
	}
	.mainbar {
		margin: 0;
		padding-right: 1px;
	}
	.mainbar.has-sidebar {
		margin-left: 330px;
	}
	@media (min-width: 1511px) {
		.sidebar {
			width: 400px;
		}
		.bar-wrapper.has-sidebar {
			max-width: 1510px;
		}
		.mainbar.has-sidebar {
			margin-left: 410px;
		}
	}
	.section.first-section {
		margin-top: 9px;
	}
	.blocklink small {
		white-space: normal;
	}
	.button {
		vertical-align: middle;
	}
	.replay-controls {
		padding-top: 10px;
	}
	.replay-controls h1 {
		font-size: 16pt;
		font-weight: normal;
		color: #CCC;
	}
	.pagelink {
		text-align: center;
	}
	.pagelink a {
		width: 150px;
	}
	.textbox, .button {
		font-size: 11pt;
		vertical-align: middle;
	}
	@media (max-width: 450px) {
		.button {
			font-size: 9pt;
		}
	}
</style>

<div>

	<header>
		<div class="nav-wrapper"><ul class="nav">
			<li><a class="button nav-first" href="//pokemonshowdown.com/"><img src="//pokemonshowdown.com/images/pokemonshowdownbeta.png" srcset="//pokemonshowdown.com/images/pokemonshowdownbeta.png 1x, //pokemonshowdown.com/images/pokemonshowdownbeta@2x.png 2x" alt="Pok&eacute;mon Showdown" width="146" height="44" /> Home</a></li>
			<li><a class="button" href="//pokemonshowdown.com/dex/">Pok&eacute;dex</a></li>
			<li><a class="button cur" href="/">Replays</a></li>
			<li><a class="button" href="//pokemonshowdown.com/ladder/">Ladder</a></li>
			<li><a class="button nav-last" href="//pokemonshowdown.com/forums/">Forum</a></li>
			<li><a class="button greenbutton nav-first nav-last" href="//play.pokemonshowdown.com/">Play</a></li>
		</ul></div>
	</header>

	<div class="main" id="main">

		<noscript><section class="section">You need to enable JavaScript to use this page; sorry!</section></noscript>

	</div>

</div>

<script defer nomodule src="//play.pokemonshowdown.com/js/lib/ps-polyfill.js"></script>
<script defer src="//play.pokemonshowdown.com/js/lib/preact.min.js"></script>

<script defer src="//play.pokemonshowdown.com/config/config.js?2bddbc15"></script>
<script defer src="//play.pokemonshowdown.com/js/lib/jquery-1.11.0.min.js"></script>
<script defer src="//play.pokemonshowdown.com/js/lib/html-sanitizer-minified.js"></script>
<script defer src="//play.pokemonshowdown.com/js/battle-sound.js"></script>
<script defer src="//play.pokemonshowdown.com/js/battledata.js?0.7209276989879541"></script>
<script defer src="//play.pokemonshowdown.com/data/pokedex-mini.js?0.6111056340867951"></script>
<script defer src="//play.pokemonshowdown.com/data/pokedex-mini-bw.js?0.3532142036491459"></script>
<script defer src="//play.pokemonshowdown.com/data/graphics.js?0.24223875632456182"></script>
<script defer src="//play.pokemonshowdown.com/data/pokedex.js?0.38839984266356864"></script>
<script defer src="//play.pokemonshowdown.com/data/moves.js?0.21866028504024015"></script>
<script defer src="//play.pokemonshowdown.com/data/abilities.js?0.2005157953846628"></script>
<script defer src="//play.pokemonshowdown.com/data/items.js?0.9894211263848525"></script>
<script defer src="//play.pokemonshowdown.com/data/teambuilder-tables.js?0.6008791140282215"></script>
<script defer src="//play.pokemonshowdown.com/js/battle-tooltips.js?0.7580118955022959"></script>
<script defer src="//play.pokemonshowdown.com/js/battle.js?0.6057722274234274"></script>

<script defer src="js/utils.js?e31f9a17"></script>
<script defer src="js/replays-battle.js?7008c182"></script>

<!-- don't scrape this data! just add .json or .log after the URL!
Full API docs: https://github.com/smogon/pokemon-showdown-client/blob/master/WEB-API.md -->
<script type="text/plain" class="log" id="replaylog-smogtours-gen3ou-803914">
|inactive|Battle timer is ON: inactive players will automatically lose when time's up.
|t:|1730553724
|gametype|singles
|player|p1|jeem16|alder|
|player|p2|keeping it icy|skier-gen2|
|teamsize|p1|6
|teamsize|p2|6
|gen|3
|tier|[Gen 3] OU
|rule|Sleep Clause Mod: Limit one foe put to sleep
|rule|Switch Priority Clause Mod: Faster Pokémon switch first
|rule|Species Clause: Limit one of each Pokémon
|rule|OHKO Clause: OHKO moves are banned
|rule|Evasion Items Clause: Evasion items are banned
|rule|Evasion Moves Clause: Evasion moves are banned
|rule|Endless Battle Clause: Forcing endless battles is banned
|rule|HP Percentage Mod: HP is shown in percentages
|rule|One Boost Passer Clause: Limit one Baton Passer that has a way to boost its stats
|rule|Freeze Clause Mod: Limit one foe frozen
|
|t:|1730553724
|start
|switch|p1a: Sky Croissant|Salamence, M|100/100
|switch|p2a: Tyranitar|Tyranitar, F|100/100
|-ability|p1a: Sky Croissant|Intimidate|boost
|-unboost|p2a: Tyranitar|atk|1
|-weather|Sandstorm|[from] ability: Sand Stream|[of] p2a: Tyranitar
|turn|1
|inactive|keeping it icy has 270 seconds left.
|c|☆keeping it icy|Hf
|c|☆jeem16|glhf :)
|inactive|keeping it icy has 240 seconds left.
|inactive|keeping it icy has 210 seconds left.
|
|t:|1730553817
|switch|p1a: Steel Pigeon|Skarmory, F|100/100
|switch|p2a: Swampert|Swampert, F|100/100
|
|-weather|Sandstorm|[upkeep]
|upkeep
|turn|2
|inactive|keeping it icy has 270 seconds left.
|inactive|keeping it icy has 240 seconds left.
|
|t:|1730553862
|switch|p2a: Tyranitar|Tyranitar, F|100/100
|move|p1a: Steel Pigeon|Spikes|p2a: Tyranitar
|-sidestart|p2: keeping it icy|Spikes
|
|-weather|Sandstorm|[upkeep]
|upkeep
|turn|3
|
|t:|1730553881
|-singleturn|p2a: Tyranitar|move: Focus Punch
|switch|p1a: Sky Croissant|Salamence, M|100/100
|-ability|p1a: Sky Croissant|Intimidate|boost
|-unboost|p2a: Tyranitar|atk|1
|move|p2a: Tyranitar|Focus Punch|p1a: Sky Croissant
|-resisted|p1a: Sky Croissant
|-damage|p1a: Sky Croissant|62/100
|
|-weather|Sandstorm|[upkeep]
|-damage|p1a: Sky Croissant|56/100|[from] Sandstorm
|-heal|p1a: Sky Croissant|62/100|[from] item: Leftovers
|upkeep
|turn|4
|inactive|keeping it icy has 240 seconds left.
|inactive|jeem16 has 270 seconds left.
|inactive|keeping it icy has 210 seconds left.
|inactive|keeping it icy has 180 seconds left.
|inactive|keeping it icy has 150 seconds left.
|
|t:|1730553990
|switch|p1a: Steel Pigeon|Skarmory, F|100/100
|switch|p2a: Swampert|Swampert, F|100/100
|-damage|p2a: Swampert|88/100|[from] Spikes
|
|-weather|Sandstorm|[upkeep]
|-heal|p2a: Swampert|94/100|[from] item: Leftovers
|upkeep
|turn|5
|
|t:|1730553999
|switch|p2a: Skarmory|Skarmory, F|100/100
|move|p1a: Steel Pigeon|Spikes|p2a: Skarmory
|-sidestart|p2: keeping it icy|Spikes
|
|-weather|Sandstorm|[upkeep]
|upkeep
|turn|6
|inactive|jeem16 has 270 seconds left.
|
|t:|1730554008
|switch|p1a: Ohm my god|Magneton|100/100
|move|p2a: Skarmory|Spikes|p1a: Ohm my god
|-sidestart|p1: jeem16|Spikes
|
|-weather|Sandstorm|[upkeep]
|upkeep
|turn|7
|
|t:|1730554013
|move|p1a: Ohm my god|Thunderbolt|p2a: Skarmory
|-supereffective|p2a: Skarmory
|-damage|p2a: Skarmory|0 fnt
|faint|p2a: Skarmory
|inactive|keeping it icy has 150 seconds left.
|
|t:|1730554041
|switch|p2a: Gardevoir|Gardevoir, F|100/100
|-damage|p2a: Gardevoir|84/100|[from] Spikes
|-ability|p2a: Gardevoir|Magnet Pull|[from] ability: Trace|[of] p1a: Ohm my god
|
|-weather|Sandstorm|[upkeep]
|-damage|p2a: Gardevoir|78/100|[from] Sandstorm
|-heal|p2a: Gardevoir|84/100|[from] item: Leftovers
|upkeep
|turn|8
|
|t:|1730554051
|move|p1a: Ohm my god|Endure|p1a: Ohm my god
|-singleturn|p1a: Ohm my god|move: Endure
|move|p2a: Gardevoir|Fire Punch|p1a: Ohm my god
|-supereffective|p1a: Ohm my god
|-damage|p1a: Ohm my god|1/100
|
|-weather|Sandstorm|[upkeep]
|-damage|p2a: Gardevoir|78/100|[from] Sandstorm
|-enditem|p1a: Ohm my god|Salac Berry|[eat]
|-boost|p1a: Ohm my god|spe|1|[from] item: Salac Berry
|-heal|p2a: Gardevoir|84/100|[from] item: Leftovers
|upkeep
|turn|9
|
|t:|1730554060
|move|p1a: Ohm my god|Thunder Wave|p2a: Gardevoir
|-status|p2a: Gardevoir|par
|cant|p2a: Gardevoir|par
|
|-weather|Sandstorm|[upkeep]
|-damage|p2a: Gardevoir|78/100 par|[from] Sandstorm
|-heal|p2a: Gardevoir|84/100 par|[from] item: Leftovers
|upkeep
|turn|10
|
|t:|1730554083
|move|p1a: Ohm my god|Thunderbolt|p2a: Gardevoir
|-damage|p2a: Gardevoir|29/100 par
|cant|p2a: Gardevoir|par
|
|-weather|Sandstorm|[upkeep]
|-damage|p2a: Gardevoir|23/100 par|[from] Sandstorm
|-heal|p2a: Gardevoir|29/100 par|[from] item: Leftovers
|upkeep
|turn|11
|
|t:|1730554089
|move|p1a: Ohm my god|Thunderbolt|p2a: Gardevoir
|-damage|p2a: Gardevoir|0 fnt
|faint|p2a: Gardevoir
|
|t:|1730554092
|switch|p2a: Jolteon|Jolteon, M|100/100
|-damage|p2a: Jolteon|84/100|[from] Spikes
|
|-weather|Sandstorm|[upkeep]
|-damage|p2a: Jolteon|78/100|[from] Sandstorm
|-heal|p2a: Jolteon|84/100|[from] item: Leftovers
|upkeep
|turn|12
|c|☆jeem16|unlucky paral sry
|
|t:|1730554106
|switch|p1a: Eggolas|Blissey, F|100/100
|-damage|p1a: Eggolas|88/100|[from] Spikes
|move|p2a: Jolteon|Thunderbolt|p1a: Eggolas
|-damage|p1a: Eggolas|70/100
|-status|p1a: Eggolas|par
|
|-weather|Sandstorm|[upkeep]
|-damage|p2a: Jolteon|78/100|[from] Sandstorm
|-damage|p1a: Eggolas|64/100 par|[from] Sandstorm
|-heal|p2a: Jolteon|84/100|[from] item: Leftovers
|-heal|p1a: Eggolas|70/100 par|[from] item: Leftovers
|upkeep
|turn|13
|inactive|keeping it icy has 180 seconds left.
|
|t:|1730554137
|move|p1a: Eggolas|Soft-Boiled|p1a: Eggolas
|-heal|p1a: Eggolas|100/100 par
|move|p2a: Jolteon|Roar|p1a: Eggolas
|-curestatus|p1a: Eggolas|par|[from] ability: Natural Cure
|drag|p1a: Genghis Gar|Gengar, M|100/100
|
|-weather|Sandstorm|[upkeep]
|-damage|p2a: Jolteon|78/100|[from] Sandstorm
|-damage|p1a: Genghis Gar|94/100|[from] Sandstorm
|-heal|p2a: Jolteon|84/100|[from] item: Leftovers
|-heal|p1a: Genghis Gar|100/100|[from] item: Leftovers
|upkeep
|turn|14
|inactive|keeping it icy has 180 seconds left.
|
|t:|1730554152
|move|p1a: Genghis Gar|Will-O-Wisp|p2a: Jolteon
|-status|p2a: Jolteon|brn
|move|p2a: Jolteon|Roar|p1a: Genghis Gar
|drag|p1a: Sky Croissant|Salamence, M|62/100
|-ability|p1a: Sky Croissant|Intimidate|boost
|-unboost|p2a: Jolteon|atk|1
|
|-weather|Sandstorm|[upkeep]
|-damage|p2a: Jolteon|78/100 brn|[from] Sandstorm
|-damage|p1a: Sky Croissant|56/100|[from] Sandstorm
|-heal|p2a: Jolteon|84/100 brn|[from] item: Leftovers
|-damage|p2a: Jolteon|72/100 brn|[from] brn
|-heal|p1a: Sky Croissant|62/100|[from] item: Leftovers
|upkeep
|turn|15
|inactive|jeem16 has 270 seconds left.
|
|t:|1730554191
|switch|p1a: Eggolas|Blissey, F|100/100
|-damage|p1a: Eggolas|88/100|[from] Spikes
|move|p2a: Jolteon|Thunderbolt|p1a: Eggolas
|-damage|p1a: Eggolas|72/100
|
|-weather|Sandstorm|[upkeep]
|-damage|p2a: Jolteon|66/100 brn|[from] Sandstorm
|-damage|p1a: Eggolas|65/100|[from] Sandstorm
|-heal|p2a: Jolteon|72/100 brn|[from] item: Leftovers
|-damage|p2a: Jolteon|60/100 brn|[from] brn
|-heal|p1a: Eggolas|72/100|[from] item: Leftovers
|upkeep
|turn|16
|inactive|jeem16 has 270 seconds left.
|inactive|keeping it icy has 180 seconds left.
|
|t:|1730554199
|switch|p2a: Tyranitar|Tyranitar, F|100/100
|-damage|p2a: Tyranitar|84/100|[from] Spikes
|move|p1a: Eggolas|Wish|p1a: Eggolas
|
|-weather|Sandstorm|[upkeep]
|-damage|p1a: Eggolas|65/100|[from] Sandstorm
|-heal|p1a: Eggolas|72/100|[from] item: Leftovers
|upkeep
|turn|17
|inactive|jeem16 has 270 seconds left.
|inactive|keeping it icy has 180 seconds left.
|
|t:|1730554227
|move|p2a: Tyranitar|Rock Slide|p1a: Eggolas
|-damage|p1a: Eggolas|12/100
|move|p1a: Eggolas|Ice Beam|p2a: Tyranitar
|-damage|p2a: Tyranitar|66/100
|-status|p2a: Tyranitar|frz
|
|-heal|p1a: Eggolas|62/100|[from] move: Wish|[wisher] Eggolas
|-weather|Sandstorm|[upkeep]
|-damage|p1a: Eggolas|56/100|[from] Sandstorm
|-heal|p1a: Eggolas|62/100|[from] item: Leftovers
|upkeep
|turn|18
|inactive|keeping it icy has 180 seconds left.
|c|☆jeem16|oh man sry D:
|c|☆keeping it icy|Whoops
|
|t:|1730554250
|switch|p1a: Sky Croissant|Salamence, M|62/100
|-ability|p1a: Sky Croissant|Intimidate|boost
|-unboost|p2a: Tyranitar|atk|1
|-curestatus|p2a: Tyranitar|frz|[msg]
|move|p2a: Tyranitar|Rock Slide|p1a: Sky Croissant
|-supereffective|p1a: Sky Croissant
|-damage|p1a: Sky Croissant|0 fnt
|faint|p1a: Sky Croissant
|c|☆jeem16|I guess you're keeping it icy
|inactive|jeem16 has 240 seconds left.
|inactive|jeem16 has 210 seconds left.
|
|t:|1730554302
|switch|p1a: Steel Pigeon|Skarmory, F|100/100
|
|-weather|Sandstorm|[upkeep]
|upkeep
|turn|19
|inactive|keeping it icy has 180 seconds left.
|
|t:|1730554314
|move|p2a: Tyranitar|Rock Slide|p1a: Steel Pigeon
|-crit|p1a: Steel Pigeon
|-damage|p1a: Steel Pigeon|19/100
|move|p1a: Steel Pigeon|Spikes|p2a: Tyranitar
|-sidestart|p2: keeping it icy|Spikes
|
|-weather|Sandstorm|[upkeep]
|-heal|p1a: Steel Pigeon|25/100|[from] item: Leftovers
|upkeep
|turn|20
|
|t:|1730554320
|move|p1a: Steel Pigeon|Protect|p1a: Steel Pigeon
|-singleturn|p1a: Steel Pigeon|Protect
|move|p2a: Tyranitar|Rock Slide|p1a: Steel Pigeon
|-activate|p1a: Steel Pigeon|Protect
|
|-weather|Sandstorm|[upkeep]
|-heal|p1a: Steel Pigeon|31/100|[from] item: Leftovers
|upkeep
|turn|21
|
|t:|1730554339
|switch|p1a: Ohm my god|Magneton|1/100
|-damage|p1a: Ohm my god|0 fnt|[from] Spikes
|faint|p1a: Ohm my god
|
|t:|1730554343
|switch|p1a: Steel Pigeon|Skarmory, F|31/100
|
|-weather|Sandstorm|[upkeep]
|-heal|p1a: Steel Pigeon|37/100|[from] item: Leftovers
|upkeep
|turn|22
|
|t:|1730554345
|move|p1a: Steel Pigeon|Protect|p1a: Steel Pigeon
|-singleturn|p1a: Steel Pigeon|Protect
|move|p2a: Tyranitar|Rock Slide|p1a: Steel Pigeon
|-activate|p1a: Steel Pigeon|Protect
|
|-weather|Sandstorm|[upkeep]
|-heal|p1a: Steel Pigeon|43/100|[from] item: Leftovers
|upkeep
|turn|23
|
|t:|1730554353
|move|p2a: Tyranitar|Rock Slide|p1a: Steel Pigeon
|-damage|p1a: Steel Pigeon|13/100
|move|p1a: Steel Pigeon|Toxic|p2a: Tyranitar
|-status|p2a: Tyranitar|tox
|
|-weather|Sandstorm|[upkeep]
|-damage|p2a: Tyranitar|60/100 tox|[from] psn
|-heal|p1a: Steel Pigeon|19/100|[from] item: Leftovers
|upkeep
|turn|24
|inactive|keeping it icy has 210 seconds left.
|inactive|keeping it icy has 180 seconds left.
|
|t:|1730554409
|move|p1a: Steel Pigeon|Protect|p1a: Steel Pigeon
|-singleturn|p1a: Steel Pigeon|Protect
|move|p2a: Tyranitar|Rock Slide|p1a: Steel Pigeon
|-activate|p1a: Steel Pigeon|Protect
|
|-weather|Sandstorm|[upkeep]
|-damage|p2a: Tyranitar|47/100 tox|[from] psn
|-heal|p1a: Steel Pigeon|25/100|[from] item: Leftovers
|upkeep
|turn|25
|
|t:|1730554419
|switch|p1a: Tyrant|Tyranitar, F|100/100
|-damage|p1a: Tyrant|88/100|[from] Spikes
|move|p2a: Tyranitar|Rock Slide|p1a: Tyrant
|-damage|p1a: Tyrant|45/100
|
|-weather|Sandstorm|[upkeep]
|-damage|p2a: Tyranitar|29/100 tox|[from] psn
|upkeep
|turn|26
|inactive|jeem16 has 240 seconds left.
|inactive|keeping it icy has 180 seconds left.
|
|t:|1730554442
|move|p1a: Tyrant|Earthquake|p2a: Tyranitar
|-supereffective|p2a: Tyranitar
|-damage|p2a: Tyranitar|0 fnt
|faint|p2a: Tyranitar
|
|t:|1730554446
|switch|p2a: Swampert|Swampert, F|94/100
|-damage|p2a: Swampert|69/100|[from] Spikes
|
|-weather|Sandstorm|[upkeep]
|-heal|p2a: Swampert|76/100|[from] item: Leftovers
|upkeep
|turn|27
|inactive|jeem16 has 240 seconds left.
|inactive|keeping it icy has 180 seconds left.
|
|t:|1730554486
|switch|p1a: Eggolas|Blissey, F|62/100
|-damage|p1a: Eggolas|50/100|[from] Spikes
|move|p2a: Swampert|Protect||[still]
|-fail|p2a: Swampert
|
|-weather|Sandstorm|[upkeep]
|-damage|p1a: Eggolas|44/100|[from] Sandstorm
|-heal|p2a: Swampert|82/100|[from] item: Leftovers
|-heal|p1a: Eggolas|50/100|[from] item: Leftovers
|upkeep
|turn|28
|
|t:|1730554494
|move|p2a: Swampert|Earthquake|p1a: Eggolas
|-damage|p1a: Eggolas|19/100
|move|p1a: Eggolas|Soft-Boiled|p1a: Eggolas
|-heal|p1a: Eggolas|69/100
|
|-weather|Sandstorm|[upkeep]
|-damage|p1a: Eggolas|63/100|[from] Sandstorm
|-heal|p2a: Swampert|88/100|[from] item: Leftovers
|-heal|p1a: Eggolas|69/100|[from] item: Leftovers
|upkeep
|turn|29
|inactive|keeping it icy has 180 seconds left.
|
|t:|1730554499
|move|p2a: Swampert|Earthquake|p1a: Eggolas
|-damage|p1a: Eggolas|37/100
|move|p1a: Eggolas|Wish|p1a: Eggolas
|
|-weather|Sandstorm|[upkeep]
|-damage|p1a: Eggolas|30/100|[from] Sandstorm
|-heal|p2a: Swampert|94/100|[from] item: Leftovers
|-heal|p1a: Eggolas|37/100|[from] item: Leftovers
|upkeep
|turn|30
|inactive|jeem16 has 240 seconds left.
|
|t:|1730554505
|move|p2a: Swampert|Earthquake|p1a: Eggolas
|-damage|p1a: Eggolas|7/100
|move|p1a: Eggolas|Counter|p2a: Swampert
|-damage|p2a: Swampert|0 fnt
|faint|p2a: Swampert
|
|t:|1730554512
|switch|p2a: Snorlax|Snorlax, M|100/100
|-damage|p2a: Snorlax|76/100|[from] Spikes
|
|-heal|p1a: Eggolas|57/100|[from] move: Wish|[wisher] Eggolas
|-weather|Sandstorm|[upkeep]
|-damage|p1a: Eggolas|50/100|[from] Sandstorm
|-damage|p2a: Snorlax|69/100|[from] Sandstorm
|-heal|p1a: Eggolas|57/100|[from] item: Leftovers
|-heal|p2a: Snorlax|76/100|[from] item: Leftovers
|upkeep
|turn|31
|
|t:|1730554523
|move|p1a: Eggolas|Soft-Boiled|p1a: Eggolas
|-heal|p1a: Eggolas|100/100
|move|p2a: Snorlax|Curse|p2a: Snorlax
|-unboost|p2a: Snorlax|spe|1
|-boost|p2a: Snorlax|atk|1
|-boost|p2a: Snorlax|def|1
|
|-weather|Sandstorm|[upkeep]
|-damage|p1a: Eggolas|94/100|[from] Sandstorm
|-damage|p2a: Snorlax|69/100|[from] Sandstorm
|-heal|p1a: Eggolas|100/100|[from] item: Leftovers
|-heal|p2a: Snorlax|76/100|[from] item: Leftovers
|upkeep
|turn|32
|
|t:|1730554533
|move|p2a: Snorlax|Curse|p2a: Snorlax
|-unboost|p2a: Snorlax|spe|1
|-boost|p2a: Snorlax|atk|1
|-boost|p2a: Snorlax|def|1
|move|p1a: Eggolas|Counter|p2a: Snorlax
|
|-weather|Sandstorm|[upkeep]
|-damage|p1a: Eggolas|94/100|[from] Sandstorm
|-damage|p2a: Snorlax|69/100|[from] Sandstorm
|-heal|p1a: Eggolas|100/100|[from] item: Leftovers
|-heal|p2a: Snorlax|76/100|[from] item: Leftovers
|upkeep
|turn|33
|inactive|keeping it icy has 210 seconds left.
|
|t:|1730554544
|switch|p1a: Genghis Gar|Gengar, M|100/100
|move|p2a: Snorlax|Shadow Ball|p1a: Genghis Gar
|-supereffective|p1a: Genghis Gar
|-damage|p1a: Genghis Gar|0 fnt
|faint|p1a: Genghis Gar
|c|☆jeem16|nice
|inactive|jeem16 has 240 seconds left.
|
|t:|1730554569
|switch|p1a: Steel Pigeon|Skarmory, F|25/100
|
|-weather|Sandstorm|[upkeep]
|-damage|p2a: Snorlax|69/100|[from] Sandstorm
|-heal|p1a: Steel Pigeon|31/100|[from] item: Leftovers
|-heal|p2a: Snorlax|76/100|[from] item: Leftovers
|upkeep
|turn|34
|inactive|jeem16 has 240 seconds left.
|
|t:|1730554591
|move|p2a: Snorlax|Body Slam|p1a: Steel Pigeon
|-resisted|p1a: Steel Pigeon
|-damage|p1a: Steel Pigeon|5/100
|move|p1a: Steel Pigeon|Roar|p2a: Snorlax
|drag|p2a: Jolteon|Jolteon, M|60/100 brn
|-damage|p2a: Jolteon|35/100 brn|[from] Spikes
|
|-weather|Sandstorm|[upkeep]
|-damage|p2a: Jolteon|29/100 brn|[from] Sandstorm
|-heal|p2a: Jolteon|35/100 brn|[from] item: Leftovers
|-damage|p2a: Jolteon|23/100 brn|[from] brn
|-heal|p1a: Steel Pigeon|11/100|[from] item: Leftovers
|upkeep
|turn|35
|
|t:|1730554604
|move|p1a: Steel Pigeon|Protect|p1a: Steel Pigeon
|-singleturn|p1a: Steel Pigeon|Protect
|move|p2a: Jolteon|Thunderbolt|p1a: Steel Pigeon
|-activate|p1a: Steel Pigeon|Protect
|
|-weather|Sandstorm|[upkeep]
|-damage|p2a: Jolteon|17/100 brn|[from] Sandstorm
|-heal|p2a: Jolteon|23/100 brn|[from] item: Leftovers
|-damage|p2a: Jolteon|10/100 brn|[from] brn
|-heal|p1a: Steel Pigeon|17/100|[from] item: Leftovers
|upkeep
|turn|36
|
|t:|1730554607
|switch|p1a: Eggolas|Blissey, F|100/100
|-damage|p1a: Eggolas|88/100|[from] Spikes
|move|p2a: Jolteon|Thunderbolt|p1a: Eggolas
|-damage|p1a: Eggolas|72/100
|
|-weather|Sandstorm|[upkeep]
|-damage|p2a: Jolteon|5/100 brn|[from] Sandstorm
|-damage|p1a: Eggolas|66/100|[from] Sandstorm
|-heal|p2a: Jolteon|10/100 brn|[from] item: Leftovers
|-damage|p2a: Jolteon|0 fnt|[from] brn
|faint|p2a: Jolteon
|-heal|p1a: Eggolas|72/100|[from] item: Leftovers
|upkeep
|
|t:|1730554609
|switch|p2a: Snorlax|Snorlax, M|76/100
|-damage|p2a: Snorlax|51/100|[from] Spikes
|turn|37
|inactive|jeem16 has 240 seconds left.
|inactive|keeping it icy has 240 seconds left.
|inactive|jeem16 has 210 seconds left.
|
|t:|1730554675
|move|p1a: Eggolas|Wish|p1a: Eggolas
|move|p2a: Snorlax|Body Slam|p1a: Eggolas
|-crit|p1a: Eggolas
|-damage|p1a: Eggolas|0 fnt
|faint|p1a: Eggolas
|
|t:|1730554677
|switch|p1a: Tyrant|Tyranitar, F|45/100
|-damage|p1a: Tyrant|32/100|[from] Spikes
|
|-weather|Sandstorm|[upkeep]
|-damage|p2a: Snorlax|44/100|[from] Sandstorm
|-heal|p2a: Snorlax|51/100|[from] item: Leftovers
|upkeep
|turn|38
|
|t:|1730554683
|move|p1a: Tyrant|Dragon Dance|p1a: Tyrant
|-boost|p1a: Tyrant|atk|1
|-boost|p1a: Tyrant|spe|1
|move|p2a: Snorlax|Body Slam|p1a: Tyrant
|-resisted|p1a: Tyrant
|-damage|p1a: Tyrant|14/100
|
|-heal|p1a: Tyrant|64/100|[from] move: Wish|[wisher] Eggolas
|-weather|Sandstorm|[upkeep]
|-damage|p2a: Snorlax|44/100|[from] Sandstorm
|-heal|p2a: Snorlax|51/100|[from] item: Leftovers
|upkeep
|turn|39
|inactive|jeem16 has 210 seconds left.
|
|t:|1730554699
|move|p1a: Tyrant|Brick Break|p2a: Snorlax
|-supereffective|p2a: Snorlax
|-damage|p2a: Snorlax|0 fnt
|faint|p2a: Snorlax
|
|win|jeem16
|c|☆jeem16|ggwp!
|c|☆keeping it icy|gg.
|player|p1|

</script>
<script type="application/json" class="data" id="replaydata-smogtours-gen3ou-803914">
{"id":"smogtours-gen3ou-803914","format":"[Gen 3] OU","players":["jeem16","keeping it icy"],"uploadtime":1730554699,"views":49,"formatid":"gen3ou","rating":null,"private":0,"password":null}
</script>

<script defer src="js/replays.js?9d40a366"></script>
