<!DOCTYPE html>
<meta charset="utf-8" />
<meta name="viewport" content="width=device-width" />

<title>[Gen 3] OU: themessiah1 vs. woeishuen - Replays - Pok&eacute;mon Showdown!</title>

<meta name="description" content="Watch a replay of a Pok&eacute;mon battle between themessiah1 and woeishuen! Format: [Gen 3] OU; Date: Oct 13, 2024" />
<!--

Hey, you! Looking in the source for the replay log?

You can find them in JSON format, just add `.json` at the end of a replay URL.

https://replay.pokemonshowdown.com/gen7randomdoublesbattle-865046831.json

Or, if you only need the log itself, add `.log` instead:

https://replay.pokemonshowdown.com/gen7randomdoublesbattle-865046831.log

-->

<link rel="stylesheet" href="//pokemonshowdown.com/style/global.css?0.767286132409787" />
<link rel="stylesheet" href="//play.pokemonshowdown.com/style/font-awesome.css?0.9266228007934947" />
<link rel="stylesheet" href="//play.pokemonshowdown.com/style/battle.css?0.7924700842790926" />
<link rel="stylesheet" href="//play.pokemonshowdown.com/style/utilichart.css?0.8777417872839479" />

<!-- Global site tag (gtag.js) - Google Analytics -->
<script async src="https://www.googletagmanager.com/gtag/js?id=UA-26211653-1"></script>
<script>
  window.dataLayer = window.dataLayer || [];
  function gtag(){dataLayer.push(arguments);}
  gtag('js', new Date());

  gtag('config', 'UA-26211653-1');
</script>
<!-- End Google Analytics -->
<!-- Venatus Ad Manager - Install in <HEAD> of page -->
	<script src="https://hb.vntsm.com/v3/live/ad-manager.min.js" type="text/javascript" data-site-id="642aba63ec9a7b11c3c9c1be" data-mode="scan" async></script>
<!-- / Venatus Ad Manager -->

<style>
	@media (max-width:820px) {
		.battle {
			margin: 0 auto;
		}
		.battle-log {
			margin: 7px auto 0;
			max-width: 640px;
			height: 300px;
			position: static;
		}
	}
	.optgroup {
		display: inline-block;
		line-height: 22px;
		font-size: 10pt;
	}
	.optgroup .button {
		height: 25px;
		padding-top: 0;
		padding-bottom: 0;
	}
	.optgroup button.button {
		padding-left: 12px;
		padding-right: 12px;
	}
	.linklist {
		list-style: none;
		margin: 0.5em 0;
		padding: 0;
	}
	.linklist li {
		padding: 2px 0;
	}
	.sidebar {
		float: left;
		width: 320px;
	}
	.bar-wrapper {
		max-width: 1100px;
		margin: 0 auto;
	}
	.bar-wrapper.has-sidebar {
		max-width: 1430px;
	}
	.mainbar {
		margin: 0;
		padding-right: 1px;
	}
	.mainbar.has-sidebar {
		margin-left: 330px;
	}
	@media (min-width: 1511px) {
		.sidebar {
			width: 400px;
		}
		.bar-wrapper.has-sidebar {
			max-width: 1510px;
		}
		.mainbar.has-sidebar {
			margin-left: 410px;
		}
	}
	.section.first-section {
		margin-top: 9px;
	}
	.blocklink small {
		white-space: normal;
	}
	.button {
		vertical-align: middle;
	}
	.replay-controls {
		padding-top: 10px;
	}
	.replay-controls h1 {
		font-size: 16pt;
		font-weight: normal;
		color: #CCC;
	}
	.pagelink {
		text-align: center;
	}
	.pagelink a {
		width: 150px;
	}
	.textbox, .button {
		font-size: 11pt;
		vertical-align: middle;
	}
	@media (max-width: 450px) {
		.button {
			font-size: 9pt;
		}
	}
</style>

<div>

	<header>
		<div class="nav-wrapper"><ul class="nav">
			<li><a class="button nav-first" href="//pokemonshowdown.com/"><img src="//pokemonshowdown.com/images/pokemonshowdownbeta.png" srcset="//pokemonshowdown.com/images/pokemonshowdownbeta.png 1x, //pokemonshowdown.com/images/pokemonshowdownbeta@2x.png 2x" alt="Pok&eacute;mon Showdown" width="146" height="44" /> Home</a></li>
			<li><a class="button" href="//pokemonshowdown.com/dex/">Pok&eacute;dex</a></li>
			<li><a class="button cur" href="/">Replays</a></li>
			<li><a class="button" href="//pokemonshowdown.com/ladder/">Ladder</a></li>
			<li><a class="button nav-last" href="//pokemonshowdown.com/forums/">Forum</a></li>
			<li><a class="button greenbutton nav-first nav-last" href="//play.pokemonshowdown.com/">Play</a></li>
		</ul></div>
	</header>

	<div class="main" id="main">

		<noscript><section class="section">You need to enable JavaScript to use this page; sorry!</section></noscript>

	</div>

</div>

<script defer nomodule src="//play.pokemonshowdown.com/js/lib/ps-polyfill.js"></script>
<script defer src="//play.pokemonshowdown.com/js/lib/preact.min.js"></script>

<script defer src="//play.pokemonshowdown.com/config/config.js?6dec07f6"></script>
<script defer src="//play.pokemonshowdown.com/js/lib/jquery-1.11.0.min.js"></script>
<script defer src="//play.pokemonshowdown.com/js/lib/html-sanitizer-minified.js"></script>
<script defer src="//play.pokemonshowdown.com/js/battle-sound.js"></script>
<script defer src="//play.pokemonshowdown.com/js/battledata.js?0.6315294753075389"></script>
<script defer src="//play.pokemonshowdown.com/data/pokedex-mini.js?0.7603743185311358"></script>
<script defer src="//play.pokemonshowdown.com/data/pokedex-mini-bw.js?0.030888842834281283"></script>
<script defer src="//play.pokemonshowdown.com/data/graphics.js?0.05593094747507488"></script>
<script defer src="//play.pokemonshowdown.com/data/pokedex.js?0.47064822249611904"></script>
<script defer src="//play.pokemonshowdown.com/data/moves.js?0.8583693120512459"></script>
<script defer src="//play.pokemonshowdown.com/data/abilities.js?0.16017181182386842"></script>
<script defer src="//play.pokemonshowdown.com/data/items.js?0.4163379185673943"></script>
<script defer src="//play.pokemonshowdown.com/data/teambuilder-tables.js?0.31075597372830477"></script>
<script defer src="//play.pokemonshowdown.com/js/battle-tooltips.js?0.6536193500708172"></script>
<script defer src="//play.pokemonshowdown.com/js/battle.js?0.1916591943277901"></script>

<script defer src="js/utils.js?e31f9a17"></script>
<script defer src="js/replays-battle.js?7008c182"></script>

<!-- don't scrape this data! just add .json or .log after the URL!
Full API docs: https://github.com/smogon/pokemon-showdown-client/blob/master/WEB-API.md -->
<script type="text/plain" class="log" id="replaylog-smogtours-gen3ou-798315">
|inactive|Battle timer is ON: inactive players will automatically lose when time's up.
|t:|1728848363
|gametype|singles
|player|p1|themessiah1|1|
|player|p2|woeishuen|steven|
|teamsize|p1|6
|teamsize|p2|6
|gen|3
|tier|[Gen 3] OU
|rule|Sleep Clause Mod: Limit one foe put to sleep
|rule|Switch Priority Clause Mod: Faster Pokémon switch first
|rule|Species Clause: Limit one of each Pokémon
|rule|OHKO Clause: OHKO moves are banned
|rule|Evasion Items Clause: Evasion items are banned
|rule|Evasion Moves Clause: Evasion moves are banned
|rule|Endless Battle Clause: Forcing endless battles is banned
|rule|HP Percentage Mod: HP is shown in percentages
|rule|One Boost Passer Clause: Limit one Baton Passer that has a way to boost its stats
|rule|Freeze Clause Mod: Limit one foe frozen
|
|t:|1728848363
|start
|switch|p1a: Zapdos|Zapdos|100/100
|switch|p2a: Flygon|Flygon, M|100/100
|turn|1
|c|☆woeishuen|glhf
|c|☆themessiah1|u2
|inactive|themessiah1 has 270 seconds left.
|
|t:|1728848397
|switch|p1a: Skarmory|Skarmory, M|100/100
|move|p2a: Flygon|Rock Slide|p1a: Skarmory
|-damage|p1a: Skarmory|77/100
|
|-heal|p1a: Skarmory|83/100|[from] item: Leftovers
|upkeep
|turn|2
|
|t:|1728848409
|switch|p2a: Forretress|Forretress, F|100/100
|switch|p1a: Dugtrio|Dugtrio, F|100/100
|
|upkeep
|turn|3
|
|t:|1728848428
|move|p1a: Dugtrio|Earthquake|p2a: Forretress
|-damage|p2a: Forretress|55/100
|move|p2a: Forretress|Hidden Power|p1a: Dugtrio
|-damage|p1a: Dugtrio|43/100
|
|-heal|p2a: Forretress|62/100|[from] item: Leftovers
|upkeep
|turn|4
|
|t:|1728848448
|switch|p1a: Skarmory|Skarmory, M|83/100
|move|p2a: Forretress|Hidden Power|p1a: Skarmory
|-resisted|p1a: Skarmory
|-damage|p1a: Skarmory|79/100
|
|-heal|p1a: Skarmory|85/100|[from] item: Leftovers
|-heal|p2a: Forretress|68/100|[from] item: Leftovers
|upkeep
|turn|5
|
|t:|1728848455
|move|p1a: Skarmory|Drill Peck|p2a: Forretress
|-damage|p2a: Forretress|51/100
|move|p2a: Forretress|Spikes|p1a: Skarmory
|-sidestart|p1: themessiah1|Spikes
|
|-heal|p1a: Skarmory|91/100|[from] item: Leftovers
|-heal|p2a: Forretress|57/100|[from] item: Leftovers
|upkeep
|turn|6
|
|t:|1728848461
|switch|p2a: Moltres|Moltres|100/100
|move|p1a: Skarmory|Drill Peck|p2a: Moltres
|-damage|p2a: Moltres|76/100
|
|-heal|p2a: Moltres|82/100|[from] item: Leftovers
|-heal|p1a: Skarmory|97/100|[from] item: Leftovers
|upkeep
|turn|7
|
|t:|1728848473
|move|p1a: Skarmory|Protect|p1a: Skarmory
|-singleturn|p1a: Skarmory|Protect
|move|p2a: Moltres|Substitute|p2a: Moltres
|-start|p2a: Moltres|Substitute
|-damage|p2a: Moltres|57/100
|
|-heal|p2a: Moltres|63/100|[from] item: Leftovers
|-heal|p1a: Skarmory|100/100|[from] item: Leftovers
|upkeep
|turn|8
|
|t:|1728848477
|switch|p1a: Blissey|Blissey, F|100/100
|-damage|p1a: Blissey|88/100|[from] Spikes
|move|p2a: Moltres|Flamethrower|p1a: Blissey
|-damage|p1a: Blissey|72/100
|
|-heal|p2a: Moltres|69/100|[from] item: Leftovers
|-heal|p1a: Blissey|78/100|[from] item: Leftovers
|upkeep
|turn|9
|
|t:|1728848487
|move|p2a: Moltres|Will-O-Wisp|p1a: Blissey
|-status|p1a: Blissey|brn
|move|p1a: Blissey|Soft-Boiled|p1a: Blissey
|-heal|p1a: Blissey|100/100 brn
|
|-heal|p2a: Moltres|76/100|[from] item: Leftovers
|-damage|p1a: Blissey|88/100 brn|[from] brn
|upkeep
|turn|10
|
|t:|1728848491
|move|p2a: Moltres|Flamethrower|p1a: Blissey
|-damage|p1a: Blissey|71/100 brn
|move|p1a: Blissey|Seismic Toss|p2a: Moltres
|-end|p2a: Moltres|Substitute
|
|-heal|p2a: Moltres|82/100|[from] item: Leftovers
|-heal|p1a: Blissey|77/100 brn|[from] item: Leftovers
|-damage|p1a: Blissey|64/100 brn|[from] brn
|upkeep
|turn|11
|
|t:|1728848496
|switch|p2a: Dugtrio|Dugtrio, F|100/100
|move|p1a: Blissey|Soft-Boiled|p1a: Blissey
|-heal|p1a: Blissey|100/100 brn
|
|-damage|p1a: Blissey|88/100 brn|[from] brn
|upkeep
|turn|12
|
|t:|1728848502
|move|p2a: Dugtrio|Earthquake|p1a: Blissey
|-damage|p1a: Blissey|38/100 brn
|move|p1a: Blissey|Seismic Toss|p2a: Dugtrio
|-damage|p2a: Dugtrio|61/100
|
|-heal|p1a: Blissey|44/100 brn|[from] item: Leftovers
|-damage|p1a: Blissey|32/100 brn|[from] brn
|upkeep
|turn|13
|
|t:|1728848506
|move|p2a: Dugtrio|Earthquake|p1a: Blissey
|-damage|p1a: Blissey|0 fnt
|faint|p1a: Blissey
|
|t:|1728848514
|switch|p1a: Skarmory|Skarmory, M|100/100
|
|upkeep
|turn|14
|
|t:|1728848523
|switch|p2a: Moltres|Moltres|82/100
|move|p1a: Skarmory|Spikes|p2a: Moltres
|-sidestart|p2: woeishuen|Spikes
|
|-heal|p2a: Moltres|88/100|[from] item: Leftovers
|upkeep
|turn|15
|
|t:|1728848530
|switch|p1a: Zapdos|Zapdos|100/100
|move|p2a: Moltres|Will-O-Wisp|p1a: Zapdos
|-status|p1a: Zapdos|brn
|
|-heal|p2a: Moltres|94/100|[from] item: Leftovers
|-damage|p1a: Zapdos|88/100 brn|[from] brn
|upkeep
|turn|16
|
|t:|1728848540
|switch|p2a: Flygon|Flygon, M|100/100
|move|p1a: Zapdos|Toxic|p2a: Flygon
|-status|p2a: Flygon|tox
|
|-damage|p2a: Flygon|95/100 tox|[from] psn
|-heal|p1a: Zapdos|94/100 brn|[from] item: Leftovers
|-damage|p1a: Zapdos|82/100 brn|[from] brn
|upkeep
|turn|17
|
|t:|1728848547
|switch|p1a: Claydol|Claydol|100/100
|move|p2a: Flygon|Fire Blast|p1a: Claydol|[miss]
|-miss|p2a: Flygon|p1a: Claydol
|
|-damage|p2a: Flygon|83/100 tox|[from] psn
|upkeep
|turn|18
|
|t:|1728848554
|switch|p2a: Forretress|Forretress, F|57/100
|-damage|p2a: Forretress|45/100|[from] Spikes
|move|p1a: Claydol|Rapid Spin|p2a: Forretress
|-resisted|p2a: Forretress
|-damage|p2a: Forretress|43/100
|-sideend|p1: themessiah1|Spikes|[from] move: Rapid Spin|[of] p1a: Claydol
|
|-heal|p2a: Forretress|49/100|[from] item: Leftovers
|upkeep
|turn|19
|
|t:|1728848560
|switch|p1a: Skarmory|Skarmory, M|100/100
|move|p2a: Forretress|Rapid Spin|p1a: Skarmory
|-resisted|p1a: Skarmory
|-damage|p1a: Skarmory|99/100
|-sideend|p2: woeishuen|Spikes|[from] move: Rapid Spin|[of] p2a: Forretress
|
|-heal|p1a: Skarmory|100/100|[from] item: Leftovers
|-heal|p2a: Forretress|56/100|[from] item: Leftovers
|upkeep
|turn|20
|
|t:|1728848563
|move|p1a: Skarmory|Spikes|p2a: Forretress
|-sidestart|p2: woeishuen|Spikes
|move|p2a: Forretress|Spikes|p1a: Skarmory
|-sidestart|p1: themessiah1|Spikes
|
|-heal|p2a: Forretress|62/100|[from] item: Leftovers
|upkeep
|turn|21
|
|t:|1728848565
|move|p1a: Skarmory|Drill Peck|p2a: Forretress
|-damage|p2a: Forretress|46/100
|move|p2a: Forretress|Rapid Spin|p1a: Skarmory
|-resisted|p1a: Skarmory
|-damage|p1a: Skarmory|99/100
|-sideend|p2: woeishuen|Spikes|[from] move: Rapid Spin|[of] p2a: Forretress
|
|-heal|p1a: Skarmory|100/100|[from] item: Leftovers
|-heal|p2a: Forretress|52/100|[from] item: Leftovers
|upkeep
|turn|22
|
|t:|1728848577
|switch|p2a: Suicune|Suicune|100/100
|move|p1a: Skarmory|Spikes|p2a: Suicune
|-sidestart|p2: woeishuen|Spikes
|
|upkeep
|turn|23
|
|t:|1728848590
|move|p2a: Suicune|Ice Beam|p1a: Skarmory
|-damage|p1a: Skarmory|76/100
|move|p1a: Skarmory|Roar|p2a: Suicune
|drag|p2a: Moltres|Moltres|94/100
|
|-heal|p2a: Moltres|100/100|[from] item: Leftovers
|-heal|p1a: Skarmory|82/100|[from] item: Leftovers
|upkeep
|turn|24
|
|t:|1728848599
|switch|p1a: Zapdos|Zapdos|82/100 brn
|move|p2a: Moltres|Flamethrower|p1a: Zapdos
|-damage|p1a: Zapdos|47/100 brn
|
|-heal|p1a: Zapdos|53/100 brn|[from] item: Leftovers
|-damage|p1a: Zapdos|40/100 brn|[from] brn
|upkeep
|turn|25
|
|t:|1728848608
|move|p2a: Moltres|Substitute|p2a: Moltres
|-start|p2a: Moltres|Substitute
|-damage|p2a: Moltres|76/100
|move|p1a: Zapdos|Rest|p1a: Zapdos
|-status|p1a: Zapdos|slp|[from] move: Rest
|-heal|p1a: Zapdos|100/100 slp|[silent]
|
|-heal|p2a: Moltres|82/100|[from] item: Leftovers
|upkeep
|turn|26
|
|t:|1728848612
|move|p2a: Moltres|Flamethrower|p1a: Zapdos
|-damage|p1a: Zapdos|68/100 slp
|cant|p1a: Zapdos|slp
|
|-heal|p2a: Moltres|88/100|[from] item: Leftovers
|-heal|p1a: Zapdos|74/100 slp|[from] item: Leftovers
|upkeep
|turn|27
|
|t:|1728848615
|move|p2a: Moltres|Flamethrower|p1a: Zapdos
|-damage|p1a: Zapdos|43/100 slp
|cant|p1a: Zapdos|slp
|
|-heal|p2a: Moltres|94/100|[from] item: Leftovers
|-heal|p1a: Zapdos|49/100 slp|[from] item: Leftovers
|upkeep
|turn|28
|
|t:|1728848618
|move|p2a: Moltres|Flamethrower|p1a: Zapdos
|-damage|p1a: Zapdos|13/100 slp
|-curestatus|p1a: Zapdos|slp|[msg]
|move|p1a: Zapdos|Rest|p1a: Zapdos
|-status|p1a: Zapdos|slp|[from] move: Rest
|-heal|p1a: Zapdos|100/100 slp|[silent]
|
|-heal|p2a: Moltres|100/100|[from] item: Leftovers
|upkeep
|turn|29
|
|t:|1728848622
|switch|p1a: Suicune|Suicune|100/100
|-damage|p1a: Suicune|88/100|[from] Spikes
|move|p2a: Moltres|Flamethrower|p1a: Suicune
|-resisted|p1a: Suicune
|-damage|p1a: Suicune|71/100
|
|-heal|p1a: Suicune|77/100|[from] item: Leftovers
|upkeep
|turn|30
|
|t:|1728848627
|move|p2a: Moltres|Hidden Power|p1a: Suicune
|-supereffective|p1a: Suicune
|-damage|p1a: Suicune|38/100
|move|p1a: Suicune|Calm Mind|p1a: Suicune
|-boost|p1a: Suicune|spa|1
|-boost|p1a: Suicune|spd|1
|
|-heal|p1a: Suicune|45/100|[from] item: Leftovers
|upkeep
|turn|31
|
|t:|1728848633
|move|p2a: Moltres|Hidden Power|p1a: Suicune
|-supereffective|p1a: Suicune
|-damage|p1a: Suicune|20/100
|move|p1a: Suicune|Rest|p1a: Suicune
|-status|p1a: Suicune|slp|[from] move: Rest
|-heal|p1a: Suicune|100/100 slp|[silent]
|
|upkeep
|turn|32
|
|t:|1728848642
|switch|p2a: Raikou|Raikou|100/100
|-damage|p2a: Raikou|88/100|[from] Spikes
|cant|p1a: Suicune|slp
|
|-heal|p2a: Raikou|94/100|[from] item: Leftovers
|upkeep
|turn|33
|
|t:|1728848659
|switch|p1a: Claydol|Claydol|100/100
|move|p2a: Raikou|Substitute|p2a: Raikou
|-start|p2a: Raikou|Substitute
|-damage|p2a: Raikou|69/100
|
|-heal|p2a: Raikou|76/100|[from] item: Leftovers
|upkeep
|turn|34
|
|t:|1728848665
|move|p2a: Raikou|Hidden Power|p1a: Claydol
|-supereffective|p1a: Claydol
|-damage|p1a: Claydol|66/100
|move|p1a: Claydol|Earthquake|p2a: Raikou
|-supereffective|p2a: Raikou
|-end|p2a: Raikou|Substitute
|
|-heal|p2a: Raikou|82/100|[from] item: Leftovers
|-heal|p1a: Claydol|72/100|[from] item: Leftovers
|upkeep
|turn|35
|
|t:|1728848675
|switch|p2a: Forretress|Forretress, F|52/100
|-damage|p2a: Forretress|40/100|[from] Spikes
|move|p1a: Claydol|Rapid Spin|p2a: Forretress
|-resisted|p2a: Forretress
|-damage|p2a: Forretress|39/100
|-sideend|p1: themessiah1|Spikes|[from] move: Rapid Spin|[of] p1a: Claydol
|
|-heal|p1a: Claydol|79/100|[from] item: Leftovers
|-heal|p2a: Forretress|45/100|[from] item: Leftovers
|upkeep
|turn|36
|
|t:|1728848697
|move|p1a: Claydol|Earthquake|p2a: Forretress
|-damage|p2a: Forretress|23/100
|move|p2a: Forretress|Rapid Spin|p1a: Claydol
|-damage|p1a: Claydol|74/100
|-sideend|p2: woeishuen|Spikes|[from] move: Rapid Spin|[of] p2a: Forretress
|
|-heal|p1a: Claydol|80/100|[from] item: Leftovers
|-heal|p2a: Forretress|29/100|[from] item: Leftovers
|upkeep
|turn|37
|inactive|themessiah1 has 270 seconds left.
|
|t:|1728848732
|switch|p1a: Zapdos|Zapdos|100/100 slp
|move|p2a: Forretress|Explosion|p1a: Zapdos
|-damage|p1a: Zapdos|0 fnt
|faint|p2a: Forretress
|faint|p1a: Zapdos
|
|t:|1728848755
|switch|p1a: Skarmory|Skarmory, M|82/100
|switch|p2a: Flygon|Flygon, M|83/100 tox
|
|-damage|p2a: Flygon|77/100 tox|[from] psn
|-heal|p1a: Skarmory|88/100|[from] item: Leftovers
|upkeep
|turn|38
|
|t:|1728848761
|move|p2a: Flygon|Fire Blast|p1a: Skarmory
|-supereffective|p1a: Skarmory
|-damage|p1a: Skarmory|49/100
|move|p1a: Skarmory|Spikes|p2a: Flygon
|-sidestart|p2: woeishuen|Spikes
|
|-damage|p2a: Flygon|65/100 tox|[from] psn
|-heal|p1a: Skarmory|55/100|[from] item: Leftovers
|upkeep
|turn|39
|
|t:|1728848767
|switch|p2a: Moltres|Moltres|100/100
|move|p1a: Skarmory|Spikes|p2a: Moltres
|-sidestart|p2: woeishuen|Spikes
|
|-heal|p1a: Skarmory|61/100|[from] item: Leftovers
|upkeep
|turn|40
|inactive|themessiah1 has 270 seconds left.
|
|t:|1728848779
|move|p1a: Skarmory|Protect|p1a: Skarmory
|-singleturn|p1a: Skarmory|Protect
|move|p2a: Moltres|Flamethrower|p1a: Skarmory
|-activate|p1a: Skarmory|Protect
|
|-heal|p1a: Skarmory|67/100|[from] item: Leftovers
|upkeep
|turn|41
|
|t:|1728848784
|move|p2a: Moltres|Flamethrower|p1a: Skarmory
|-supereffective|p1a: Skarmory
|-damage|p1a: Skarmory|0 fnt
|faint|p1a: Skarmory
|
|t:|1728848786
|switch|p1a: Suicune|Suicune|100/100 slp
|
|upkeep
|turn|42
|
|t:|1728848793
|switch|p2a: Dugtrio|Dugtrio, F|61/100
|-damage|p2a: Dugtrio|45/100|[from] Spikes
|cant|p1a: Suicune|slp
|
|upkeep
|turn|43
|
|t:|1728848795
|move|p2a: Dugtrio|Earthquake|p1a: Suicune
|-damage|p1a: Suicune|71/100 slp
|-curestatus|p1a: Suicune|slp|[msg]
|move|p1a: Suicune|Surf|p2a: Dugtrio
|-supereffective|p2a: Dugtrio
|-damage|p2a: Dugtrio|0 fnt
|faint|p2a: Dugtrio
|
|t:|1728848813
|switch|p2a: Flygon|Flygon, M|65/100 tox
|
|-damage|p2a: Flygon|59/100 tox|[from] psn
|-heal|p1a: Suicune|77/100|[from] item: Leftovers
|upkeep
|turn|44
|
|t:|1728848829
|move|p2a: Flygon|Earthquake|p1a: Suicune
|-damage|p1a: Suicune|42/100
|move|p1a: Suicune|Calm Mind|p1a: Suicune
|-boost|p1a: Suicune|spa|1
|-boost|p1a: Suicune|spd|1
|
|-damage|p2a: Flygon|47/100 tox|[from] psn
|-heal|p1a: Suicune|49/100|[from] item: Leftovers
|upkeep
|turn|45
|
|t:|1728848835
|switch|p2a: Raikou|Raikou|82/100
|-damage|p2a: Raikou|65/100|[from] Spikes
|move|p1a: Suicune|Rest|p1a: Suicune
|-status|p1a: Suicune|slp|[from] move: Rest
|-heal|p1a: Suicune|100/100 slp|[silent]
|
|-heal|p2a: Raikou|72/100|[from] item: Leftovers
|upkeep
|turn|46
|
|t:|1728848851
|switch|p2a: Suicune|Suicune|100/100
|-damage|p2a: Suicune|84/100|[from] Spikes
|switch|p1a: Claydol|Claydol|80/100
|
|-heal|p2a: Suicune|90/100|[from] item: Leftovers
|-heal|p1a: Claydol|87/100|[from] item: Leftovers
|upkeep
|turn|47
|
|t:|1728848857
|switch|p1a: Suicune|Suicune|100/100 slp
|move|p2a: Suicune|Hydro Pump|p1a: Suicune
|-resisted|p1a: Suicune
|-damage|p1a: Suicune|82/100 slp
|
|-heal|p2a: Suicune|96/100|[from] item: Leftovers
|-heal|p1a: Suicune|88/100 slp|[from] item: Leftovers
|upkeep
|turn|48
|
|t:|1728848863
|move|p2a: Suicune|Hidden Power|p1a: Suicune
|-supereffective|p1a: Suicune
|-damage|p1a: Suicune|56/100 slp
|cant|p1a: Suicune|slp
|
|-heal|p2a: Suicune|100/100|[from] item: Leftovers
|-heal|p1a: Suicune|62/100 slp|[from] item: Leftovers
|upkeep
|turn|49
|
|t:|1728848867
|move|p2a: Suicune|Hidden Power|p1a: Suicune
|-supereffective|p1a: Suicune
|-damage|p1a: Suicune|28/100 slp
|cant|p1a: Suicune|slp
|
|-heal|p1a: Suicune|34/100 slp|[from] item: Leftovers
|upkeep
|turn|50
|
|t:|1728848872
|move|p2a: Suicune|Hidden Power|p1a: Suicune
|-supereffective|p1a: Suicune
|-damage|p1a: Suicune|5/100 slp
|-curestatus|p1a: Suicune|slp|[msg]
|move|p1a: Suicune|Rest|p1a: Suicune
|-status|p1a: Suicune|slp|[from] move: Rest
|-heal|p1a: Suicune|100/100 slp|[silent]
|
|upkeep
|turn|51
|
|t:|1728848876
|move|p2a: Suicune|Hidden Power|p1a: Suicune
|-supereffective|p1a: Suicune
|-damage|p1a: Suicune|66/100 slp
|cant|p1a: Suicune|slp
|
|-heal|p1a: Suicune|73/100 slp|[from] item: Leftovers
|upkeep
|turn|52
|
|t:|1728848878
|move|p2a: Suicune|Hidden Power|p1a: Suicune
|-supereffective|p1a: Suicune
|-damage|p1a: Suicune|43/100 slp
|cant|p1a: Suicune|slp
|
|-heal|p1a: Suicune|49/100 slp|[from] item: Leftovers
|upkeep
|turn|53
|inactive|themessiah1 has 270 seconds left.
|
|t:|1728848930
|move|p2a: Suicune|Hidden Power|p1a: Suicune
|-supereffective|p1a: Suicune
|-damage|p1a: Suicune|18/100 slp
|-curestatus|p1a: Suicune|slp|[msg]
|move|p1a: Suicune|Rest|p1a: Suicune
|-status|p1a: Suicune|slp|[from] move: Rest
|-heal|p1a: Suicune|100/100 slp|[silent]
|
|upkeep
|turn|54
|
|t:|1728848935
|move|p2a: Suicune|Hidden Power|p1a: Suicune
|-supereffective|p1a: Suicune
|-damage|p1a: Suicune|71/100 slp
|cant|p1a: Suicune|slp
|
|-heal|p1a: Suicune|77/100 slp|[from] item: Leftovers
|upkeep
|turn|55
|
|t:|1728848937
|move|p2a: Suicune|Hidden Power|p1a: Suicune
|-supereffective|p1a: Suicune
|-damage|p1a: Suicune|46/100 slp
|cant|p1a: Suicune|slp
|
|-heal|p1a: Suicune|52/100 slp|[from] item: Leftovers
|upkeep
|turn|56
|
|t:|1728848942
|move|p2a: Suicune|Hidden Power|p1a: Suicune
|-supereffective|p1a: Suicune
|-damage|p1a: Suicune|18/100 slp
|-curestatus|p1a: Suicune|slp|[msg]
|move|p1a: Suicune|Calm Mind|p1a: Suicune
|-boost|p1a: Suicune|spa|1
|-boost|p1a: Suicune|spd|1
|
|-heal|p1a: Suicune|25/100|[from] item: Leftovers
|upkeep
|turn|57
|
|t:|1728848945
|move|p2a: Suicune|Hidden Power|p1a: Suicune
|-supereffective|p1a: Suicune
|-damage|p1a: Suicune|2/100
|move|p1a: Suicune|Rest|p1a: Suicune
|-status|p1a: Suicune|slp|[from] move: Rest
|-heal|p1a: Suicune|100/100 slp|[silent]
|
|upkeep
|turn|58
|
|t:|1728848948
|move|p2a: Suicune|Hidden Power|p1a: Suicune
|-supereffective|p1a: Suicune
|-damage|p1a: Suicune|80/100 slp
|cant|p1a: Suicune|slp
|
|-heal|p1a: Suicune|86/100 slp|[from] item: Leftovers
|upkeep
|turn|59
|
|t:|1728848950
|move|p2a: Suicune|Hidden Power|p1a: Suicune
|-supereffective|p1a: Suicune
|-damage|p1a: Suicune|67/100 slp
|cant|p1a: Suicune|slp
|
|-heal|p1a: Suicune|73/100 slp|[from] item: Leftovers
|upkeep
|turn|60
|
|t:|1728848953
|switch|p2a: Raikou|Raikou|72/100
|-damage|p2a: Raikou|55/100|[from] Spikes
|-curestatus|p1a: Suicune|slp|[msg]
|move|p1a: Suicune|Calm Mind|p1a: Suicune
|-boost|p1a: Suicune|spa|1
|-boost|p1a: Suicune|spd|1
|
|-heal|p2a: Raikou|61/100|[from] item: Leftovers
|-heal|p1a: Suicune|79/100|[from] item: Leftovers
|upkeep
|turn|61
|
|t:|1728848959
|move|p2a: Raikou|Thunderbolt|p1a: Suicune
|-supereffective|p1a: Suicune
|-damage|p1a: Suicune|45/100
|move|p1a: Suicune|Surf|p2a: Raikou
|-damage|p2a: Raikou|0 fnt
|faint|p2a: Raikou
|
|t:|1728848966
|switch|p2a: Flygon|Flygon, M|47/100 tox
|
|-damage|p2a: Flygon|41/100 tox|[from] psn
|-heal|p1a: Suicune|51/100|[from] item: Leftovers
|upkeep
|turn|62
|
|t:|1728848984
|switch|p1a: Claydol|Claydol|87/100
|move|p2a: Flygon|Earthquake|p1a: Claydol
|-immune|p1a: Claydol
|
|-damage|p2a: Flygon|29/100 tox|[from] psn
|-heal|p1a: Claydol|93/100|[from] item: Leftovers
|upkeep
|turn|63
|
|t:|1728848991
|switch|p2a: Moltres|Moltres|100/100
|move|p1a: Claydol|Psychic|p2a: Moltres
|-damage|p2a: Moltres|71/100
|
|-heal|p2a: Moltres|77/100|[from] item: Leftovers
|-heal|p1a: Claydol|99/100|[from] item: Leftovers
|upkeep
|turn|64
|
|t:|1728848998
|move|p2a: Moltres|Substitute|p2a: Moltres
|-start|p2a: Moltres|Substitute
|-damage|p2a: Moltres|52/100
|move|p1a: Claydol|Psychic|p2a: Moltres
|-end|p2a: Moltres|Substitute
|
|-heal|p2a: Moltres|58/100|[from] item: Leftovers
|-heal|p1a: Claydol|100/100|[from] item: Leftovers
|upkeep
|turn|65
|
|t:|1728849006
|move|p2a: Moltres|Hidden Power|p1a: Claydol
|-supereffective|p1a: Claydol
|-damage|p1a: Claydol|59/100
|move|p1a: Claydol|Psychic|p2a: Moltres
|-damage|p2a: Moltres|31/100
|
|-heal|p2a: Moltres|37/100|[from] item: Leftovers
|-heal|p1a: Claydol|65/100|[from] item: Leftovers
|upkeep
|turn|66
|
|t:|1728849034
|switch|p1a: Dugtrio|Dugtrio, F|43/100
|move|p2a: Moltres|Hidden Power|p1a: Dugtrio
|-supereffective|p1a: Dugtrio
|-damage|p1a: Dugtrio|0 fnt
|faint|p1a: Dugtrio
|
|t:|1728849036
|switch|p1a: Suicune|Suicune|51/100
|
|-heal|p2a: Moltres|43/100|[from] item: Leftovers
|-heal|p1a: Suicune|58/100|[from] item: Leftovers
|upkeep
|turn|67
|inactive|themessiah1 has 270 seconds left.
|inactive|themessiah1 has 240 seconds left.
|
|t:|1728849095
|move|p2a: Moltres|Hidden Power|p1a: Suicune
|-supereffective|p1a: Suicune
|-damage|p1a: Suicune|22/100
|move|p1a: Suicune|Calm Mind|p1a: Suicune
|-boost|p1a: Suicune|spa|1
|-boost|p1a: Suicune|spd|1
|
|-heal|p2a: Moltres|49/100|[from] item: Leftovers
|-heal|p1a: Suicune|28/100|[from] item: Leftovers
|upkeep
|turn|68
|inactive|themessiah1 has 240 seconds left.
|
|t:|1728849109
|move|p2a: Moltres|Hidden Power|p1a: Suicune
|-supereffective|p1a: Suicune
|-crit|p1a: Suicune
|-damage|p1a: Suicune|0 fnt
|faint|p1a: Suicune
|c|☆woeishuen|YES
|inactive|themessiah1 has 240 seconds left.
|c|☆woeishuen|finally
|c|☆woeishuen|gg
|c|☆woeishuen|man
|-message|themessiah1 forfeited.
|
|win|woeishuen
|player|p1|

</script>
<script type="application/json" class="data" id="replaydata-smogtours-gen3ou-798315">
{"id":"smogtours-gen3ou-798315","format":"[Gen 3] OU","players":["themessiah1","woeishuen"],"uploadtime":1728849138,"views":107,"formatid":"gen3ou","rating":null,"private":0,"password":null}
</script>

<script defer src="js/replays.js?9d40a366"></script>
