<!DOCTYPE html>
<meta charset="utf-8" />
<meta name="viewport" content="width=device-width" />

<title>[Gen 3] OU: NoBottlecapsBlisy vs. Whiscash Cuajao - Replays - Pok&eacute;mon Showdown!</title>

<meta name="description" content="Watch a replay of a Pok&eacute;mon battle between NoBottlecapsBlisy and Whiscash Cuajao! Format: [Gen 3] OU; Date: Oct 8, 2024" />
<!--

Hey, you! Looking in the source for the replay log?

You can find them in JSON format, just add `.json` at the end of a replay URL.

https://replay.pokemonshowdown.com/gen7randomdoublesbattle-865046831.json

Or, if you only need the log itself, add `.log` instead:

https://replay.pokemonshowdown.com/gen7randomdoublesbattle-865046831.log

-->

<link rel="stylesheet" href="//pokemonshowdown.com/style/global.css?0.767286132409787" />
<link rel="stylesheet" href="//play.pokemonshowdown.com/style/font-awesome.css?0.9266228007934947" />
<link rel="stylesheet" href="//play.pokemonshowdown.com/style/battle.css?0.7924700842790926" />
<link rel="stylesheet" href="//play.pokemonshowdown.com/style/utilichart.css?0.8777417872839479" />

<!-- Global site tag (gtag.js) - Google Analytics -->
<script async src="https://www.googletagmanager.com/gtag/js?id=UA-26211653-1"></script>
<script>
  window.dataLayer = window.dataLayer || [];
  function gtag(){dataLayer.push(arguments);}
  gtag('js', new Date());

  gtag('config', 'UA-26211653-1');
</script>
<!-- End Google Analytics -->
<!-- Venatus Ad Manager - Install in <HEAD> of page -->
	<script src="https://hb.vntsm.com/v3/live/ad-manager.min.js" type="text/javascript" data-site-id="642aba63ec9a7b11c3c9c1be" data-mode="scan" async></script>
<!-- / Venatus Ad Manager -->

<style>
	@media (max-width:820px) {
		.battle {
			margin: 0 auto;
		}
		.battle-log {
			margin: 7px auto 0;
			max-width: 640px;
			height: 300px;
			position: static;
		}
	}
	.optgroup {
		display: inline-block;
		line-height: 22px;
		font-size: 10pt;
	}
	.optgroup .button {
		height: 25px;
		padding-top: 0;
		padding-bottom: 0;
	}
	.optgroup button.button {
		padding-left: 12px;
		padding-right: 12px;
	}
	.linklist {
		list-style: none;
		margin: 0.5em 0;
		padding: 0;
	}
	.linklist li {
		padding: 2px 0;
	}
	.sidebar {
		float: left;
		width: 320px;
	}
	.bar-wrapper {
		max-width: 1100px;
		margin: 0 auto;
	}
	.bar-wrapper.has-sidebar {
		max-width: 1430px;
	}
	.mainbar {
		margin: 0;
		padding-right: 1px;
	}
	.mainbar.has-sidebar {
		margin-left: 330px;
	}
	@media (min-width: 1511px) {
		.sidebar {
			width: 400px;
		}
		.bar-wrapper.has-sidebar {
			max-width: 1510px;
		}
		.mainbar.has-sidebar {
			margin-left: 410px;
		}
	}
	.section.first-section {
		margin-top: 9px;
	}
	.blocklink small {
		white-space: normal;
	}
	.button {
		vertical-align: middle;
	}
	.replay-controls {
		padding-top: 10px;
	}
	.replay-controls h1 {
		font-size: 16pt;
		font-weight: normal;
		color: #CCC;
	}
	.pagelink {
		text-align: center;
	}
	.pagelink a {
		width: 150px;
	}
	.textbox, .button {
		font-size: 11pt;
		vertical-align: middle;
	}
	@media (max-width: 450px) {
		.button {
			font-size: 9pt;
		}
	}
</style>

<div>

	<header>
		<div class="nav-wrapper"><ul class="nav">
			<li><a class="button nav-first" href="//pokemonshowdown.com/"><img src="//pokemonshowdown.com/images/pokemonshowdownbeta.png" srcset="//pokemonshowdown.com/images/pokemonshowdownbeta.png 1x, //pokemonshowdown.com/images/pokemonshowdownbeta@2x.png 2x" alt="Pok&eacute;mon Showdown" width="146" height="44" /> Home</a></li>
			<li><a class="button" href="//pokemonshowdown.com/dex/">Pok&eacute;dex</a></li>
			<li><a class="button cur" href="/">Replays</a></li>
			<li><a class="button" href="//pokemonshowdown.com/ladder/">Ladder</a></li>
			<li><a class="button nav-last" href="//pokemonshowdown.com/forums/">Forum</a></li>
			<li><a class="button greenbutton nav-first nav-last" href="//play.pokemonshowdown.com/">Play</a></li>
		</ul></div>
	</header>

	<div class="main" id="main">

		<noscript><section class="section">You need to enable JavaScript to use this page; sorry!</section></noscript>

	</div>

</div>

<script defer nomodule src="//play.pokemonshowdown.com/js/lib/ps-polyfill.js"></script>
<script defer src="//play.pokemonshowdown.com/js/lib/preact.min.js"></script>

<script defer src="//play.pokemonshowdown.com/config/config.js?6dec07f6"></script>
<script defer src="//play.pokemonshowdown.com/js/lib/jquery-1.11.0.min.js"></script>
<script defer src="//play.pokemonshowdown.com/js/lib/html-sanitizer-minified.js"></script>
<script defer src="//play.pokemonshowdown.com/js/battle-sound.js"></script>
<script defer src="//play.pokemonshowdown.com/js/battledata.js?0.6315294753075389"></script>
<script defer src="//play.pokemonshowdown.com/data/pokedex-mini.js?0.7603743185311358"></script>
<script defer src="//play.pokemonshowdown.com/data/pokedex-mini-bw.js?0.030888842834281283"></script>
<script defer src="//play.pokemonshowdown.com/data/graphics.js?0.05593094747507488"></script>
<script defer src="//play.pokemonshowdown.com/data/pokedex.js?0.47064822249611904"></script>
<script defer src="//play.pokemonshowdown.com/data/moves.js?0.8583693120512459"></script>
<script defer src="//play.pokemonshowdown.com/data/abilities.js?0.16017181182386842"></script>
<script defer src="//play.pokemonshowdown.com/data/items.js?0.4163379185673943"></script>
<script defer src="//play.pokemonshowdown.com/data/teambuilder-tables.js?0.31075597372830477"></script>
<script defer src="//play.pokemonshowdown.com/js/battle-tooltips.js?0.6536193500708172"></script>
<script defer src="//play.pokemonshowdown.com/js/battle.js?0.1916591943277901"></script>

<script defer src="js/utils.js?e31f9a17"></script>
<script defer src="js/replays-battle.js?7008c182"></script>

<!-- don't scrape this data! just add .json or .log after the URL!
Full API docs: https://github.com/smogon/pokemon-showdown-client/blob/master/WEB-API.md -->
<script type="text/plain" class="log" id="replaylog-smogtours-gen3ou-796387">
|inactive|Battle timer is ON: inactive players will automatically lose when time's up.
|t:|1728404380
|gametype|singles
|player|p1|NoBottlecapsBlisy|alder|
|player|p2|Whiscash Cuajao|101|
|teamsize|p1|6
|teamsize|p2|6
|gen|3
|tier|[Gen 3] OU
|rule|Sleep Clause Mod: Limit one foe put to sleep
|rule|Switch Priority Clause Mod: Faster Pokémon switch first
|rule|Species Clause: Limit one of each Pokémon
|rule|OHKO Clause: OHKO moves are banned
|rule|Evasion Items Clause: Evasion items are banned
|rule|Evasion Moves Clause: Evasion moves are banned
|rule|Endless Battle Clause: Forcing endless battles is banned
|rule|HP Percentage Mod: HP is shown in percentages
|rule|One Boost Passer Clause: Limit one Baton Passer that has a way to boost its stats
|rule|Freeze Clause Mod: Limit one foe frozen
|
|t:|1728404380
|start
|switch|p1a: Tyranitar|Tyranitar, F|100/100
|switch|p2a: Hasu|Heracross, F|100/100
|-weather|Sandstorm|[from] ability: Sand Stream|[of] p1a: Tyranitar
|turn|1
|c|☆NoBottlecapsBlisy|glhf
|c|☆Whiscash Cuajao|gl gl
|
|t:|1728404391
|switch|p1a: Skarmory|Skarmory, M|100/100
|move|p2a: Hasu|Megahorn|p1a: Skarmory
|-resisted|p1a: Skarmory
|-damage|p1a: Skarmory|83/100
|
|-weather|Sandstorm|[upkeep]
|-damage|p2a: Hasu|95/100|[from] Sandstorm
|-heal|p1a: Skarmory|89/100|[from] item: Leftovers
|upkeep
|turn|2
|
|t:|1728404419
|switch|p2a: O O O|Magneton|100/100
|move|p1a: Skarmory|Spikes|p2a: O O O
|-sidestart|p2: Whiscash Cuajao|Spikes
|
|-weather|Sandstorm|[upkeep]
|-heal|p1a: Skarmory|95/100|[from] item: Leftovers
|upkeep
|turn|3
|
|t:|1728404434
|move|p2a: O O O|Thunderbolt|p1a: Skarmory
|-supereffective|p1a: Skarmory
|-damage|p1a: Skarmory|0 fnt
|faint|p1a: Skarmory
|
|t:|1728404452
|switch|p1a: Salamence|Salamence, F|100/100
|-ability|p1a: Salamence|Intimidate|boost
|-unboost|p2a: O O O|atk|1
|
|-weather|Sandstorm|[upkeep]
|-damage|p1a: Salamence|94/100|[from] Sandstorm
|-heal|p1a: Salamence|100/100|[from] item: Leftovers
|upkeep
|turn|4
|
|t:|1728404464
|switch|p2a: C*CKJUICER|Swampert, M|100/100
|-damage|p2a: C*CKJUICER|88/100|[from] Spikes
|move|p1a: Salamence|Fire Blast|p2a: C*CKJUICER
|-resisted|p2a: C*CKJUICER
|-damage|p2a: C*CKJUICER|75/100
|-status|p2a: C*CKJUICER|brn
|
|-weather|Sandstorm|[upkeep]
|-damage|p1a: Salamence|94/100|[from] Sandstorm
|-heal|p1a: Salamence|100/100|[from] item: Leftovers
|-heal|p2a: C*CKJUICER|82/100 brn|[from] item: Leftovers
|-damage|p2a: C*CKJUICER|69/100 brn|[from] brn
|upkeep
|turn|5
|inactive|NoBottlecapsBlisy has 270 seconds left.
|inactive|Whiscash Cuajao has 270 seconds left.
|
|t:|1728404513
|switch|p1a: Celebi|Celebi|100/100
|move|p2a: C*CKJUICER|Refresh|p2a: C*CKJUICER
|-curestatus|p2a: C*CKJUICER|brn|[msg]
|
|-weather|Sandstorm|[upkeep]
|-damage|p1a: Celebi|94/100|[from] Sandstorm
|-heal|p1a: Celebi|100/100|[from] item: Leftovers
|-heal|p2a: C*CKJUICER|75/100|[from] item: Leftovers
|upkeep
|turn|6
|inactive|Whiscash Cuajao has 270 seconds left.
|
|t:|1728404525
|switch|p2a: Hasu|Heracross, F|95/100
|-damage|p2a: Hasu|82/100|[from] Spikes
|move|p1a: Celebi|Psychic|p2a: Hasu
|-supereffective|p2a: Hasu
|-damage|p2a: Hasu|0 fnt
|faint|p2a: Hasu
|inactive|Whiscash Cuajao has 270 seconds left.
|
|t:|1728404547
|switch|p2a: Groao|Salamence, M|100/100
|-ability|p2a: Groao|Intimidate|boost
|-unboost|p1a: Celebi|atk|1
|
|-weather|Sandstorm|[upkeep]
|-damage|p2a: Groao|94/100|[from] Sandstorm
|-damage|p1a: Celebi|94/100|[from] Sandstorm
|-heal|p2a: Groao|100/100|[from] item: Leftovers
|-heal|p1a: Celebi|100/100|[from] item: Leftovers
|upkeep
|turn|7
|inactive|NoBottlecapsBlisy has 240 seconds left.
|inactive|Whiscash Cuajao has 240 seconds left.
|
|t:|1728404577
|switch|p1a: Salamence|Salamence, F|100/100
|-ability|p1a: Salamence|Intimidate|boost
|-unboost|p2a: Groao|atk|1
|move|p2a: Groao|Rock Slide|p1a: Salamence
|-supereffective|p1a: Salamence
|-damage|p1a: Salamence|48/100
|
|-weather|Sandstorm|[upkeep]
|-damage|p2a: Groao|94/100|[from] Sandstorm
|-damage|p1a: Salamence|42/100|[from] Sandstorm
|-heal|p2a: Groao|100/100|[from] item: Leftovers
|-heal|p1a: Salamence|48/100|[from] item: Leftovers
|upkeep
|turn|8
|inactive|NoBottlecapsBlisy has 240 seconds left.
|
|t:|1728404591
|switch|p2a: O O O|Magneton|100/100
|-damage|p2a: O O O|88/100|[from] Spikes
|switch|p1a: Gengar|Gengar, M|100/100
|
|-weather|Sandstorm|[upkeep]
|-damage|p1a: Gengar|94/100|[from] Sandstorm
|-heal|p1a: Gengar|100/100|[from] item: Leftovers
|-heal|p2a: O O O|94/100|[from] item: Leftovers
|upkeep
|turn|9
|inactive|NoBottlecapsBlisy has 240 seconds left.
|
|t:|1728404601
|switch|p1a: Celebi|Celebi|100/100
|move|p2a: O O O|Thunder Wave|p1a: Celebi
|-status|p1a: Celebi|par
|
|-weather|Sandstorm|[upkeep]
|-damage|p1a: Celebi|94/100 par|[from] Sandstorm
|-heal|p2a: O O O|99/100|[from] item: Leftovers
|-heal|p1a: Celebi|100/100 par|[from] item: Leftovers
|upkeep
|turn|10
|inactive|NoBottlecapsBlisy has 240 seconds left.
|
|t:|1728404607
|move|p2a: O O O|Hidden Power|p1a: Celebi
|-supereffective|p1a: Celebi
|-damage|p1a: Celebi|52/100 par
|move|p1a: Celebi|Leech Seed|p2a: O O O
|-start|p2a: O O O|move: Leech Seed
|
|-weather|Sandstorm|[upkeep]
|-damage|p1a: Celebi|46/100 par|[from] Sandstorm
|-heal|p2a: O O O|100/100|[from] item: Leftovers
|-damage|p2a: O O O|88/100|[from] Leech Seed|[of] p1a: Celebi
|-heal|p1a: Celebi|56/100 par|[silent]
|-heal|p1a: Celebi|62/100 par|[from] item: Leftovers
|upkeep
|turn|11
|inactive|NoBottlecapsBlisy has 240 seconds left.
|
|t:|1728404628
|switch|p2a: C*CKJUICER|Swampert, M|75/100
|-damage|p2a: C*CKJUICER|63/100|[from] Spikes
|-curestatus|p1a: Celebi|par|[from] ability: Natural Cure
|switch|p1a: Salamence|Salamence, F|48/100
|-ability|p1a: Salamence|Intimidate|boost
|-unboost|p2a: C*CKJUICER|atk|1
|
|-weather|Sandstorm|[upkeep]
|-damage|p1a: Salamence|42/100|[from] Sandstorm
|-heal|p1a: Salamence|48/100|[from] item: Leftovers
|-heal|p2a: C*CKJUICER|69/100|[from] item: Leftovers
|upkeep
|turn|12
|inactive|Whiscash Cuajao has 270 seconds left.
|inactive|NoBottlecapsBlisy has 210 seconds left.
|
|t:|1728404684
|move|p1a: Salamence|Dragon Claw|p2a: C*CKJUICER
|-damage|p2a: C*CKJUICER|41/100
|move|p2a: C*CKJUICER|Toxic|p1a: Salamence
|-status|p1a: Salamence|tox
|
|-weather|Sandstorm|[upkeep]
|-damage|p1a: Salamence|42/100 tox|[from] Sandstorm
|-heal|p1a: Salamence|48/100 tox|[from] item: Leftovers
|-damage|p1a: Salamence|42/100 tox|[from] psn
|-heal|p2a: C*CKJUICER|47/100|[from] item: Leftovers
|upkeep
|turn|13
|
|t:|1728404690
|switch|p1a: Celebi|Celebi|62/100
|move|p2a: C*CKJUICER|Protect||[still]
|-fail|p2a: C*CKJUICER
|
|-weather|Sandstorm|[upkeep]
|-damage|p1a: Celebi|56/100|[from] Sandstorm
|-heal|p1a: Celebi|62/100|[from] item: Leftovers
|-heal|p2a: C*CKJUICER|53/100|[from] item: Leftovers
|upkeep
|turn|14
|
|t:|1728404700
|switch|p2a: O O O|Magneton|88/100
|-damage|p2a: O O O|76/100|[from] Spikes
|move|p1a: Celebi|Psychic|p2a: O O O
|-resisted|p2a: O O O
|-damage|p2a: O O O|42/100
|
|-weather|Sandstorm|[upkeep]
|-damage|p1a: Celebi|56/100|[from] Sandstorm
|-heal|p1a: Celebi|62/100|[from] item: Leftovers
|-heal|p2a: O O O|48/100|[from] item: Leftovers
|upkeep
|turn|15
|
|t:|1728404719
|switch|p1a: Salamence|Salamence, F|42/100 tox
|-ability|p1a: Salamence|Intimidate|boost
|-unboost|p2a: O O O|atk|1
|move|p2a: O O O|Thunder Wave||[still]
|-fail|p2a: O O O
|
|-weather|Sandstorm|[upkeep]
|-damage|p1a: Salamence|36/100 tox|[from] Sandstorm
|-heal|p1a: Salamence|42/100 tox|[from] item: Leftovers
|-damage|p1a: Salamence|36/100 tox|[from] psn
|-heal|p2a: O O O|54/100|[from] item: Leftovers
|upkeep
|turn|16
|
|t:|1728404734
|move|p1a: Salamence|Hydro Pump|p2a: O O O
|-damage|p2a: O O O|0 fnt
|faint|p2a: O O O
|
|t:|1728404759
|switch|p2a: C*CKJUICER|Swampert, M|53/100
|-damage|p2a: C*CKJUICER|41/100|[from] Spikes
|
|-weather|Sandstorm|[upkeep]
|-damage|p1a: Salamence|30/100 tox|[from] Sandstorm
|-heal|p1a: Salamence|36/100 tox|[from] item: Leftovers
|-damage|p1a: Salamence|23/100 tox|[from] psn
|-heal|p2a: C*CKJUICER|47/100|[from] item: Leftovers
|upkeep
|turn|17
|inactive|Whiscash Cuajao has 270 seconds left.
|
|t:|1728404786
|switch|p1a: Celebi|Celebi|62/100
|move|p2a: C*CKJUICER|Protect||[still]
|-fail|p2a: C*CKJUICER
|
|-weather|Sandstorm|[upkeep]
|-damage|p1a: Celebi|56/100|[from] Sandstorm
|-heal|p1a: Celebi|62/100|[from] item: Leftovers
|-heal|p2a: C*CKJUICER|53/100|[from] item: Leftovers
|upkeep
|turn|18
|inactive|NoBottlecapsBlisy has 210 seconds left.
|
|t:|1728404802
|switch|p2a: Groao|Salamence, M|100/100
|-ability|p2a: Groao|Intimidate|boost
|-unboost|p1a: Celebi|atk|1
|move|p1a: Celebi|Leech Seed|p2a: Groao
|-start|p2a: Groao|move: Leech Seed
|
|-weather|Sandstorm|[upkeep]
|-damage|p2a: Groao|94/100|[from] Sandstorm
|-damage|p1a: Celebi|56/100|[from] Sandstorm
|-heal|p2a: Groao|100/100|[from] item: Leftovers
|-damage|p2a: Groao|88/100|[from] Leech Seed|[of] p1a: Celebi
|-heal|p1a: Celebi|66/100|[silent]
|-heal|p1a: Celebi|72/100|[from] item: Leftovers
|upkeep
|turn|19
|inactive|Whiscash Cuajao has 270 seconds left.
|inactive|NoBottlecapsBlisy has 180 seconds left.
|inactive|NoBottlecapsBlisy has 150 seconds left.
|
|t:|1728404870
|switch|p1a: Salamence|Salamence, F|23/100 tox
|-ability|p1a: Salamence|Intimidate|boost
|-unboost|p2a: Groao|atk|1
|move|p2a: Groao|Hidden Power|p1a: Salamence
|-damage|p1a: Salamence|0 fnt
|faint|p1a: Salamence
|
|t:|1728404876
|switch|p1a: Gengar|Gengar, M|100/100
|
|-weather|Sandstorm|[upkeep]
|-damage|p1a: Gengar|94/100|[from] Sandstorm
|-damage|p2a: Groao|82/100|[from] Sandstorm
|-heal|p1a: Gengar|100/100|[from] item: Leftovers
|-heal|p2a: Groao|88/100|[from] item: Leftovers
|-damage|p2a: Groao|76/100|[from] Leech Seed|[of] p1a: Gengar
|upkeep
|turn|20
|inactive|NoBottlecapsBlisy has 150 seconds left.
|
|t:|1728404895
|switch|p2a: C*CKJUICER|Swampert, M|53/100
|-damage|p2a: C*CKJUICER|41/100|[from] Spikes
|move|p1a: Gengar|Ice Punch|p2a: C*CKJUICER
|-damage|p2a: C*CKJUICER|28/100
|
|-weather|Sandstorm|[upkeep]
|-damage|p1a: Gengar|94/100|[from] Sandstorm
|-heal|p1a: Gengar|100/100|[from] item: Leftovers
|-heal|p2a: C*CKJUICER|34/100|[from] item: Leftovers
|upkeep
|turn|21
|inactive|NoBottlecapsBlisy has 150 seconds left.
|
|t:|1728404908
|switch|p1a: Celebi|Celebi|72/100
|move|p2a: C*CKJUICER|Toxic|p1a: Celebi
|-status|p1a: Celebi|tox
|
|-weather|Sandstorm|[upkeep]
|-damage|p1a: Celebi|66/100 tox|[from] Sandstorm
|-heal|p1a: Celebi|72/100 tox|[from] item: Leftovers
|-damage|p1a: Celebi|66/100 tox|[from] psn
|-heal|p2a: C*CKJUICER|40/100|[from] item: Leftovers
|upkeep
|turn|22
|
|t:|1728404915
|move|p2a: C*CKJUICER|Protect|p2a: C*CKJUICER
|-singleturn|p2a: C*CKJUICER|Protect
|move|p1a: Celebi|Leech Seed|p2a: C*CKJUICER
|-activate|p2a: C*CKJUICER|Protect
|
|-weather|Sandstorm|[upkeep]
|-damage|p1a: Celebi|60/100 tox|[from] Sandstorm
|-heal|p1a: Celebi|66/100 tox|[from] item: Leftovers
|-damage|p1a: Celebi|54/100 tox|[from] psn
|-heal|p2a: C*CKJUICER|47/100|[from] item: Leftovers
|upkeep
|turn|23
|inactive|Whiscash Cuajao has 270 seconds left.
|
|t:|1728404925
|move|p1a: Celebi|Leech Seed|p2a: C*CKJUICER
|-start|p2a: C*CKJUICER|move: Leech Seed
|move|p2a: C*CKJUICER|Surf|p1a: Celebi
|-resisted|p1a: Celebi
|-damage|p1a: Celebi|41/100 tox
|
|-weather|Sandstorm|[upkeep]
|-damage|p1a: Celebi|35/100 tox|[from] Sandstorm
|-heal|p1a: Celebi|41/100 tox|[from] item: Leftovers
|-damage|p1a: Celebi|23/100 tox|[from] psn
|-heal|p2a: C*CKJUICER|53/100|[from] item: Leftovers
|-damage|p2a: C*CKJUICER|40/100|[from] Leech Seed|[of] p1a: Celebi
|-heal|p1a: Celebi|35/100 tox|[silent]
|upkeep
|turn|24
|inactive|Whiscash Cuajao has 270 seconds left.
|
|t:|1728404937
|-curestatus|p1a: Celebi|tox|[from] ability: Natural Cure
|switch|p1a: Metagross|Metagross|100/100
|switch|p2a: Groao|Salamence, M|76/100
|-ability|p2a: Groao|Intimidate|boost
|-fail|p1a: Metagross|unboost|[from] ability: Clear Body|[of] p1a: Metagross
|
|-weather|Sandstorm|[upkeep]
|-damage|p2a: Groao|70/100|[from] Sandstorm
|-heal|p2a: Groao|76/100|[from] item: Leftovers
|upkeep
|turn|25
|inactive|Whiscash Cuajao has 270 seconds left.
|
|t:|1728404975
|switch|p2a: C*CKJUICER|Swampert, M|40/100
|-damage|p2a: C*CKJUICER|28/100|[from] Spikes
|move|p1a: Metagross|Rock Slide|p2a: C*CKJUICER
|-resisted|p2a: C*CKJUICER
|-damage|p2a: C*CKJUICER|16/100
|
|-weather|Sandstorm|[upkeep]
|-heal|p2a: C*CKJUICER|22/100|[from] item: Leftovers
|upkeep
|turn|26
|inactive|Whiscash Cuajao has 240 seconds left.
|
|t:|1728404991
|move|p2a: C*CKJUICER|Protect|p2a: C*CKJUICER
|-singleturn|p2a: C*CKJUICER|Protect
|move|p1a: Metagross|Agility|p1a: Metagross
|-boost|p1a: Metagross|spe|2
|
|-weather|Sandstorm|[upkeep]
|-heal|p2a: C*CKJUICER|28/100|[from] item: Leftovers
|upkeep
|turn|27
|
|t:|1728404998
|move|p1a: Metagross|Earthquake|p2a: C*CKJUICER
|-damage|p2a: C*CKJUICER|0 fnt
|faint|p2a: C*CKJUICER
|inactive|Whiscash Cuajao has 240 seconds left.
|
|t:|1728405014
|switch|p2a: Enkidu|Claydol|100/100
|
|-weather|Sandstorm|[upkeep]
|upkeep
|turn|28
|inactive|NoBottlecapsBlisy has 180 seconds left.
|
|t:|1728405021
|move|p1a: Metagross|Meteor Mash|p2a: Enkidu
|-damage|p2a: Enkidu|38/100
|move|p2a: Enkidu|Earthquake|p1a: Metagross
|-supereffective|p1a: Metagross
|-damage|p1a: Metagross|38/100
|
|-weather|Sandstorm|[upkeep]
|-heal|p1a: Metagross|44/100|[from] item: Leftovers
|-heal|p2a: Enkidu|44/100|[from] item: Leftovers
|upkeep
|turn|29
|
|t:|1728405029
|move|p1a: Metagross|Meteor Mash|p2a: Enkidu
|-damage|p2a: Enkidu|0 fnt
|-boost|p1a: Metagross|atk|1
|faint|p2a: Enkidu
|
|t:|1728405033
|switch|p2a: Jordi Salvatge|Machamp, F|100/100
|-damage|p2a: Jordi Salvatge|88/100|[from] Spikes
|
|-weather|Sandstorm|[upkeep]
|-damage|p2a: Jordi Salvatge|82/100|[from] Sandstorm
|-heal|p1a: Metagross|50/100|[from] item: Leftovers
|-heal|p2a: Jordi Salvatge|88/100|[from] item: Leftovers
|upkeep
|turn|30
|
|t:|1728405050
|switch|p2a: Groao|Salamence, M|76/100
|-ability|p2a: Groao|Intimidate|boost
|-fail|p1a: Metagross|unboost|[from] ability: Clear Body|[of] p1a: Metagross
|move|p1a: Metagross|Meteor Mash|p2a: Groao
|-damage|p2a: Groao|0 fnt
|-boost|p1a: Metagross|atk|1
|faint|p2a: Groao
|
|t:|1728405060
|switch|p2a: Jordi Salvatge|Machamp, F|88/100
|-damage|p2a: Jordi Salvatge|76/100|[from] Spikes
|
|-weather|Sandstorm|[upkeep]
|-damage|p2a: Jordi Salvatge|69/100|[from] Sandstorm
|-heal|p1a: Metagross|56/100|[from] item: Leftovers
|-heal|p2a: Jordi Salvatge|76/100|[from] item: Leftovers
|upkeep
|turn|31
|
|t:|1728405067
|move|p1a: Metagross|Earthquake|p2a: Jordi Salvatge
|-damage|p2a: Jordi Salvatge|0 fnt
|faint|p2a: Jordi Salvatge
|
|win|NoBottlecapsBlisy
|c|☆NoBottlecapsBlisy|ggwp

</script>
<script type="application/json" class="data" id="replaydata-smogtours-gen3ou-796387">
{"id":"smogtours-gen3ou-796387","format":"[Gen 3] OU","players":["NoBottlecapsBlisy","Whiscash Cuajao"],"uploadtime":1728405067,"views":100,"formatid":"gen3ou","rating":null,"private":0,"password":null}
</script>

<script defer src="js/replays.js?9d40a366"></script>
