<!DOCTYPE html>
<meta charset="utf-8" />
<meta name="viewport" content="width=device-width" />

<title>[Gen 3] OU: Key to Life vs. Ooziegib - Replays - Pok&eacute;mon Showdown!</title>

<meta name="description" content="Watch a replay of a Pok&eacute;mon battle between Key to Life and Ooziegib! Format: [Gen 3] OU; Date: Nov 6, 2024" />
<!--

Hey, you! Looking in the source for the replay log?

You can find them in JSON format, just add `.json` at the end of a replay URL.

https://replay.pokemonshowdown.com/gen7randomdoublesbattle-865046831.json

Or, if you only need the log itself, add `.log` instead:

https://replay.pokemonshowdown.com/gen7randomdoublesbattle-865046831.log

-->

<link rel="stylesheet" href="//pokemonshowdown.com/style/global.css?0.023195364461161105" />
<link rel="stylesheet" href="//play.pokemonshowdown.com/style/font-awesome.css?0.13261647063804238" />
<link rel="stylesheet" href="//play.pokemonshowdown.com/style/battle.css?0.8753245789963631" />
<link rel="stylesheet" href="//play.pokemonshowdown.com/style/utilichart.css?0.8627959624976733" />

<!-- Global site tag (gtag.js) - Google Analytics -->
<script async src="https://www.googletagmanager.com/gtag/js?id=UA-26211653-1"></script>
<script>
  window.dataLayer = window.dataLayer || [];
  function gtag(){dataLayer.push(arguments);}
  gtag('js', new Date());

  gtag('config', 'UA-26211653-1');
</script>
<!-- End Google Analytics -->
<!-- Venatus Ad Manager - Install in <HEAD> of page -->
	<script src="https://hb.vntsm.com/v3/live/ad-manager.min.js" type="text/javascript" data-site-id="642aba63ec9a7b11c3c9c1be" data-mode="scan" async></script>
<!-- / Venatus Ad Manager -->

<style>
	@media (max-width:820px) {
		.battle {
			margin: 0 auto;
		}
		.battle-log {
			margin: 7px auto 0;
			max-width: 640px;
			height: 300px;
			position: static;
		}
	}
	.optgroup {
		display: inline-block;
		line-height: 22px;
		font-size: 10pt;
	}
	.optgroup .button {
		height: 25px;
		padding-top: 0;
		padding-bottom: 0;
	}
	.optgroup button.button {
		padding-left: 12px;
		padding-right: 12px;
	}
	.linklist {
		list-style: none;
		margin: 0.5em 0;
		padding: 0;
	}
	.linklist li {
		padding: 2px 0;
	}
	.sidebar {
		float: left;
		width: 320px;
	}
	.bar-wrapper {
		max-width: 1100px;
		margin: 0 auto;
	}
	.bar-wrapper.has-sidebar {
		max-width: 1430px;
	}
	.mainbar {
		margin: 0;
		padding-right: 1px;
	}
	.mainbar.has-sidebar {
		margin-left: 330px;
	}
	@media (min-width: 1511px) {
		.sidebar {
			width: 400px;
		}
		.bar-wrapper.has-sidebar {
			max-width: 1510px;
		}
		.mainbar.has-sidebar {
			margin-left: 410px;
		}
	}
	.section.first-section {
		margin-top: 9px;
	}
	.blocklink small {
		white-space: normal;
	}
	.button {
		vertical-align: middle;
	}
	.replay-controls {
		padding-top: 10px;
	}
	.replay-controls h1 {
		font-size: 16pt;
		font-weight: normal;
		color: #CCC;
	}
	.pagelink {
		text-align: center;
	}
	.pagelink a {
		width: 150px;
	}
	.textbox, .button {
		font-size: 11pt;
		vertical-align: middle;
	}
	@media (max-width: 450px) {
		.button {
			font-size: 9pt;
		}
	}
</style>

<div>

	<header>
		<div class="nav-wrapper"><ul class="nav">
			<li><a class="button nav-first" href="//pokemonshowdown.com/"><img src="//pokemonshowdown.com/images/pokemonshowdownbeta.png" srcset="//pokemonshowdown.com/images/pokemonshowdownbeta.png 1x, //pokemonshowdown.com/images/pokemonshowdownbeta@2x.png 2x" alt="Pok&eacute;mon Showdown" width="146" height="44" /> Home</a></li>
			<li><a class="button" href="//pokemonshowdown.com/dex/">Pok&eacute;dex</a></li>
			<li><a class="button cur" href="/">Replays</a></li>
			<li><a class="button" href="//pokemonshowdown.com/ladder/">Ladder</a></li>
			<li><a class="button nav-last" href="//pokemonshowdown.com/forums/">Forum</a></li>
			<li><a class="button greenbutton nav-first nav-last" href="//play.pokemonshowdown.com/">Play</a></li>
		</ul></div>
	</header>

	<div class="main" id="main">

		<noscript><section class="section">You need to enable JavaScript to use this page; sorry!</section></noscript>

	</div>

</div>

<script defer nomodule src="//play.pokemonshowdown.com/js/lib/ps-polyfill.js"></script>
<script defer src="//play.pokemonshowdown.com/js/lib/preact.min.js"></script>

<script defer src="//play.pokemonshowdown.com/config/config.js?2bddbc15"></script>
<script defer src="//play.pokemonshowdown.com/js/lib/jquery-1.11.0.min.js"></script>
<script defer src="//play.pokemonshowdown.com/js/lib/html-sanitizer-minified.js"></script>
<script defer src="//play.pokemonshowdown.com/js/battle-sound.js"></script>
<script defer src="//play.pokemonshowdown.com/js/battledata.js?0.7209276989879541"></script>
<script defer src="//play.pokemonshowdown.com/data/pokedex-mini.js?0.6111056340867951"></script>
<script defer src="//play.pokemonshowdown.com/data/pokedex-mini-bw.js?0.3532142036491459"></script>
<script defer src="//play.pokemonshowdown.com/data/graphics.js?0.24223875632456182"></script>
<script defer src="//play.pokemonshowdown.com/data/pokedex.js?0.38839984266356864"></script>
<script defer src="//play.pokemonshowdown.com/data/moves.js?0.21866028504024015"></script>
<script defer src="//play.pokemonshowdown.com/data/abilities.js?0.2005157953846628"></script>
<script defer src="//play.pokemonshowdown.com/data/items.js?0.9894211263848525"></script>
<script defer src="//play.pokemonshowdown.com/data/teambuilder-tables.js?0.6008791140282215"></script>
<script defer src="//play.pokemonshowdown.com/js/battle-tooltips.js?0.7580118955022959"></script>
<script defer src="//play.pokemonshowdown.com/js/battle.js?0.6057722274234274"></script>

<script defer src="js/utils.js?e31f9a17"></script>
<script defer src="js/replays-battle.js?7008c182"></script>

<!-- don't scrape this data! just add .json or .log after the URL!
Full API docs: https://github.com/smogon/pokemon-showdown-client/blob/master/WEB-API.md -->
<script type="text/plain" class="log" id="replaylog-smogtours-gen3ou-804971">
|inactive|Battle timer is ON: inactive players will automatically lose when time's up.
|t:|1730866110
|gametype|singles
|player|p1|Key to Life|caitlin|
|player|p2|Ooziegib|101|
|teamsize|p1|6
|teamsize|p2|6
|gen|3
|tier|[Gen 3] OU
|rule|Sleep Clause Mod: Limit one foe put to sleep
|rule|Switch Priority Clause Mod: Faster Pokémon switch first
|rule|Species Clause: Limit one of each Pokémon
|rule|OHKO Clause: OHKO moves are banned
|rule|Evasion Items Clause: Evasion items are banned
|rule|Evasion Moves Clause: Evasion moves are banned
|rule|Endless Battle Clause: Forcing endless battles is banned
|rule|HP Percentage Mod: HP is shown in percentages
|rule|One Boost Passer Clause: Limit one Baton Passer that has a way to boost its stats
|rule|Freeze Clause Mod: Limit one foe frozen
|
|t:|1730866110
|start
|switch|p1a: Salamence|Salamence, M|100/100
|switch|p2a: Tyranitar|Tyranitar, F|100/100
|-ability|p1a: Salamence|Intimidate|boost
|-unboost|p2a: Tyranitar|atk|1
|-weather|Sandstorm|[from] ability: Sand Stream|[of] p2a: Tyranitar
|turn|1
|c|☆Ooziegib|hf :)
|c|☆Key to Life|u2
|inactive|Key to Life has 270 seconds left.
|inactive|Ooziegib has 270 seconds left.
|
|t:|1730866150
|switch|p2a: Milotic|Milotic, F|100/100
|move|p1a: Salamence|Brick Break|p2a: Milotic
|-damage|p2a: Milotic|84/100
|
|-weather|Sandstorm|[upkeep]
|-damage|p1a: Salamence|94/100|[from] Sandstorm
|-damage|p2a: Milotic|78/100|[from] Sandstorm
|-heal|p1a: Salamence|100/100|[from] item: Leftovers
|-heal|p2a: Milotic|84/100|[from] item: Leftovers
|upkeep
|turn|2
|
|t:|1730866159
|switch|p1a: Jirachi|Jirachi|100/100
|switch|p2a: Tyranitar|Tyranitar, F|100/100
|
|-weather|Sandstorm|[upkeep]
|upkeep
|turn|3
|
|t:|1730866173
|move|p1a: Jirachi|Toxic|p2a: Tyranitar|[miss]
|-miss|p1a: Jirachi|p2a: Tyranitar
|move|p2a: Tyranitar|Earthquake|p1a: Jirachi
|-supereffective|p1a: Jirachi
|-damage|p1a: Jirachi|2/100
|
|-weather|Sandstorm|[upkeep]
|-heal|p1a: Jirachi|9/100|[from] item: Leftovers
|upkeep
|turn|4
|
|t:|1730866194
|move|p1a: Jirachi|Protect|p1a: Jirachi
|-singleturn|p1a: Jirachi|Protect
|move|p2a: Tyranitar|Earthquake|p1a: Jirachi
|-activate|p1a: Jirachi|Protect
|
|-weather|Sandstorm|[upkeep]
|-heal|p1a: Jirachi|15/100|[from] item: Leftovers
|upkeep
|turn|5
|
|t:|1730866201
|move|p1a: Jirachi|Wish|p1a: Jirachi
|move|p2a: Tyranitar|Earthquake|p1a: Jirachi
|-supereffective|p1a: Jirachi
|-damage|p1a: Jirachi|0 fnt
|faint|p1a: Jirachi
|
|t:|1730866208
|switch|p1a: Skarmory|Skarmory, M|100/100
|
|-weather|Sandstorm|[upkeep]
|upkeep
|turn|6
|
|t:|1730866216
|switch|p2a: Metagross|Metagross|100/100
|move|p1a: Skarmory|Spikes|p2a: Metagross
|-sidestart|p2: Ooziegib|Spikes
|
|-weather|Sandstorm|[upkeep]
|upkeep
|turn|7
|
|t:|1730866220
|switch|p1a: Swampert|Swampert, M|100/100
|move|p2a: Metagross|Hidden Power|p1a: Swampert
|-resisted|p1a: Swampert
|-damage|p1a: Swampert|92/100
|
|-weather|Sandstorm|[upkeep]
|-heal|p1a: Swampert|98/100|[from] item: Leftovers
|upkeep
|turn|8
|
|t:|1730866228
|switch|p2a: Milotic|Milotic, F|84/100
|-damage|p2a: Milotic|72/100|[from] Spikes
|move|p1a: Swampert|Earthquake|p2a: Milotic
|-damage|p2a: Milotic|45/100
|
|-weather|Sandstorm|[upkeep]
|-damage|p2a: Milotic|39/100|[from] Sandstorm
|-heal|p2a: Milotic|45/100|[from] item: Leftovers
|-heal|p1a: Swampert|100/100|[from] item: Leftovers
|upkeep
|turn|9
|
|t:|1730866233
|switch|p1a: Skarmory|Skarmory, M|100/100
|move|p2a: Milotic|Recover|p2a: Milotic
|-heal|p2a: Milotic|95/100
|
|-weather|Sandstorm|[upkeep]
|-damage|p2a: Milotic|89/100|[from] Sandstorm
|-heal|p2a: Milotic|95/100|[from] item: Leftovers
|upkeep
|turn|10
|
|t:|1730866236
|move|p2a: Milotic|Surf|p1a: Skarmory
|-damage|p1a: Skarmory|65/100
|move|p1a: Skarmory|Spikes|p2a: Milotic
|-sidestart|p2: Ooziegib|Spikes
|
|-weather|Sandstorm|[upkeep]
|-damage|p2a: Milotic|89/100|[from] Sandstorm
|-heal|p2a: Milotic|95/100|[from] item: Leftovers
|-heal|p1a: Skarmory|71/100|[from] item: Leftovers
|upkeep
|turn|11
|
|t:|1730866241
|move|p2a: Milotic|Surf|p1a: Skarmory
|-damage|p1a: Skarmory|39/100
|move|p1a: Skarmory|Toxic|p2a: Milotic
|-status|p2a: Milotic|tox
|
|-weather|Sandstorm|[upkeep]
|-damage|p2a: Milotic|89/100 tox|[from] Sandstorm
|-heal|p2a: Milotic|95/100 tox|[from] item: Leftovers
|-damage|p2a: Milotic|89/100 tox|[from] psn
|-heal|p1a: Skarmory|45/100|[from] item: Leftovers
|upkeep
|turn|12
|
|t:|1730866247
|switch|p1a: Dontyouwantme|Gengar, M, shiny|100/100
|move|p2a: Milotic|Refresh|p2a: Milotic
|-curestatus|p2a: Milotic|tox|[msg]
|
|-weather|Sandstorm|[upkeep]
|-damage|p1a: Dontyouwantme|95/100|[from] Sandstorm
|-damage|p2a: Milotic|83/100|[from] Sandstorm
|-heal|p1a: Dontyouwantme|100/100|[from] item: Leftovers
|-heal|p2a: Milotic|89/100|[from] item: Leftovers
|upkeep
|turn|13
|
|t:|1730866253
|switch|p2a: Blissey|Blissey, F|100/100
|-damage|p2a: Blissey|84/100|[from] Spikes
|move|p1a: Dontyouwantme|Will-O-Wisp|p2a: Blissey
|-status|p2a: Blissey|brn
|
|-weather|Sandstorm|[upkeep]
|-damage|p1a: Dontyouwantme|95/100|[from] Sandstorm
|-damage|p2a: Blissey|78/100 brn|[from] Sandstorm
|-heal|p1a: Dontyouwantme|100/100|[from] item: Leftovers
|-heal|p2a: Blissey|84/100 brn|[from] item: Leftovers
|-damage|p2a: Blissey|71/100 brn|[from] brn
|upkeep
|turn|14
|
|t:|1730866263
|switch|p1a: Skarmory|Skarmory, M|45/100
|-curestatus|p2a: Blissey|brn|[from] ability: Natural Cure
|switch|p2a: Metagross|Metagross|100/100
|-damage|p2a: Metagross|84/100|[from] Spikes
|
|-weather|Sandstorm|[upkeep]
|-heal|p1a: Skarmory|51/100|[from] item: Leftovers
|-heal|p2a: Metagross|90/100|[from] item: Leftovers
|upkeep
|turn|15
|
|t:|1730866272
|switch|p1a: Swampert|Swampert, M|100/100
|move|p2a: Metagross|Hidden Power|p1a: Swampert
|-resisted|p1a: Swampert
|-damage|p1a: Swampert|91/100
|
|-weather|Sandstorm|[upkeep]
|-heal|p2a: Metagross|96/100|[from] item: Leftovers
|-heal|p1a: Swampert|97/100|[from] item: Leftovers
|upkeep
|turn|16
|
|t:|1730866277
|switch|p2a: Milotic|Milotic, F|89/100
|-damage|p2a: Milotic|72/100|[from] Spikes
|move|p1a: Swampert|Earthquake|p2a: Milotic
|-damage|p2a: Milotic|46/100
|
|-weather|Sandstorm|[upkeep]
|-damage|p2a: Milotic|39/100|[from] Sandstorm
|-heal|p2a: Milotic|46/100|[from] item: Leftovers
|-heal|p1a: Swampert|100/100|[from] item: Leftovers
|upkeep
|turn|17
|
|t:|1730866289
|switch|p1a: Dontyouwantme|Gengar, M, shiny|100/100
|move|p2a: Milotic|Recover|p2a: Milotic
|-heal|p2a: Milotic|95/100
|
|-weather|Sandstorm|[upkeep]
|-damage|p1a: Dontyouwantme|95/100|[from] Sandstorm
|-damage|p2a: Milotic|89/100|[from] Sandstorm
|-heal|p1a: Dontyouwantme|100/100|[from] item: Leftovers
|-heal|p2a: Milotic|95/100|[from] item: Leftovers
|upkeep
|turn|18
|
|t:|1730866306
|switch|p2a: Blissey|Blissey, F|71/100
|-damage|p2a: Blissey|55/100|[from] Spikes
|move|p1a: Dontyouwantme|Thunderbolt|p2a: Blissey
|-damage|p2a: Blissey|43/100
|
|-weather|Sandstorm|[upkeep]
|-damage|p1a: Dontyouwantme|95/100|[from] Sandstorm
|-damage|p2a: Blissey|37/100|[from] Sandstorm
|-heal|p1a: Dontyouwantme|100/100|[from] item: Leftovers
|-heal|p2a: Blissey|43/100|[from] item: Leftovers
|upkeep
|turn|19
|
|t:|1730866330
|switch|p1a: Tyranitar|Tyranitar, M|100/100
|move|p2a: Blissey|Ice Beam|p1a: Tyranitar
|-damage|p1a: Tyranitar|76/100
|
|-weather|Sandstorm|[upkeep]
|-damage|p2a: Blissey|37/100|[from] Sandstorm
|-heal|p1a: Tyranitar|82/100|[from] item: Leftovers
|-heal|p2a: Blissey|43/100|[from] item: Leftovers
|upkeep
|turn|20
|
|t:|1730866338
|switch|p2a: Claydol|Claydol|100/100
|move|p1a: Tyranitar|Brick Break|p2a: Claydol
|-resisted|p2a: Claydol
|-damage|p2a: Claydol|89/100
|
|-weather|Sandstorm|[upkeep]
|-heal|p2a: Claydol|96/100|[from] item: Leftovers
|-heal|p1a: Tyranitar|89/100|[from] item: Leftovers
|upkeep
|turn|21
|
|t:|1730866342
|switch|p1a: Dontyouwantme|Gengar, M, shiny|100/100
|move|p2a: Claydol|Rapid Spin|p1a: Dontyouwantme
|-immune|p1a: Dontyouwantme
|
|-weather|Sandstorm|[upkeep]
|-damage|p1a: Dontyouwantme|95/100|[from] Sandstorm
|-heal|p1a: Dontyouwantme|100/100|[from] item: Leftovers
|-heal|p2a: Claydol|100/100|[from] item: Leftovers
|upkeep
|turn|22
|
|t:|1730866344
|move|p1a: Dontyouwantme|Giga Drain|p2a: Claydol
|-supereffective|p2a: Claydol
|-damage|p2a: Claydol|67/100
|move|p2a: Claydol|Psychic|p1a: Dontyouwantme
|-supereffective|p1a: Dontyouwantme
|-damage|p1a: Dontyouwantme|50/100
|
|-weather|Sandstorm|[upkeep]
|-damage|p1a: Dontyouwantme|44/100|[from] Sandstorm
|-heal|p1a: Dontyouwantme|50/100|[from] item: Leftovers
|-heal|p2a: Claydol|73/100|[from] item: Leftovers
|upkeep
|turn|23
|
|t:|1730866355
|switch|p2a: Metagross|Metagross|96/100
|-damage|p2a: Metagross|80/100|[from] Spikes
|move|p1a: Dontyouwantme|Destiny Bond|p1a: Dontyouwantme
|-singlemove|p1a: Dontyouwantme|Destiny Bond
|
|-weather|Sandstorm|[upkeep]
|-damage|p1a: Dontyouwantme|44/100|[from] Sandstorm
|-heal|p1a: Dontyouwantme|50/100|[from] item: Leftovers
|-heal|p2a: Metagross|86/100|[from] item: Leftovers
|upkeep
|turn|24
|
|t:|1730866368
|switch|p1a: Swampert|Swampert, M|100/100
|move|p2a: Metagross|Psychic|p1a: Swampert
|-crit|p1a: Swampert
|-damage|p1a: Swampert|27/100
|
|-weather|Sandstorm|[upkeep]
|-heal|p2a: Metagross|92/100|[from] item: Leftovers
|-heal|p1a: Swampert|33/100|[from] item: Leftovers
|upkeep
|turn|25
|c|☆Ooziegib|mb for this game
|
|t:|1730866379
|move|p2a: Metagross|Psychic|p1a: Swampert
|-damage|p1a: Swampert|0 fnt
|faint|p1a: Swampert
|c|☆Key to Life|nah all good
|
|t:|1730866387
|switch|p1a: Salamence|Salamence, M|100/100
|-ability|p1a: Salamence|Intimidate|boost
|-fail|p2a: Metagross|unboost|[from] ability: Clear Body|[of] p2a: Metagross
|
|-weather|Sandstorm|[upkeep]
|-damage|p1a: Salamence|94/100|[from] Sandstorm
|-heal|p1a: Salamence|100/100|[from] item: Leftovers
|-heal|p2a: Metagross|98/100|[from] item: Leftovers
|upkeep
|turn|26
|
|t:|1730866395
|switch|p2a: Milotic|Milotic, F|95/100
|-damage|p2a: Milotic|79/100|[from] Spikes
|move|p1a: Salamence|Fire Blast|p2a: Milotic
|-resisted|p2a: Milotic
|-damage|p2a: Milotic|64/100
|
|-weather|Sandstorm|[upkeep]
|-damage|p1a: Salamence|94/100|[from] Sandstorm
|-damage|p2a: Milotic|58/100|[from] Sandstorm
|-heal|p1a: Salamence|100/100|[from] item: Leftovers
|-heal|p2a: Milotic|64/100|[from] item: Leftovers
|upkeep
|turn|27
|
|t:|1730866399
|move|p1a: Salamence|Hidden Power|p2a: Milotic
|-supereffective|p2a: Milotic
|-damage|p2a: Milotic|31/100
|move|p2a: Milotic|Recover|p2a: Milotic
|-heal|p2a: Milotic|81/100
|
|-weather|Sandstorm|[upkeep]
|-damage|p1a: Salamence|94/100|[from] Sandstorm
|-damage|p2a: Milotic|75/100|[from] Sandstorm
|-heal|p1a: Salamence|100/100|[from] item: Leftovers
|-heal|p2a: Milotic|81/100|[from] item: Leftovers
|upkeep
|turn|28
|
|t:|1730866406
|switch|p1a: Skarmory|Skarmory, M|51/100
|move|p2a: Milotic|Surf|p1a: Skarmory
|-damage|p1a: Skarmory|16/100
|
|-weather|Sandstorm|[upkeep]
|-damage|p2a: Milotic|75/100|[from] Sandstorm
|-heal|p2a: Milotic|81/100|[from] item: Leftovers
|-heal|p1a: Skarmory|22/100|[from] item: Leftovers
|upkeep
|turn|29
|
|t:|1730866409
|move|p2a: Milotic|Surf|p1a: Skarmory
|-damage|p1a: Skarmory|0 fnt
|faint|p1a: Skarmory
|
|t:|1730866410
|switch|p1a: Dontyouwantme|Gengar, M, shiny|50/100
|
|-weather|Sandstorm|[upkeep]
|-damage|p1a: Dontyouwantme|44/100|[from] Sandstorm
|-damage|p2a: Milotic|75/100|[from] Sandstorm
|-heal|p1a: Dontyouwantme|50/100|[from] item: Leftovers
|-heal|p2a: Milotic|81/100|[from] item: Leftovers
|upkeep
|turn|30
|
|t:|1730866416
|switch|p2a: Metagross|Metagross|98/100
|-damage|p2a: Metagross|81/100|[from] Spikes
|move|p1a: Dontyouwantme|Thunderbolt|p2a: Metagross
|-damage|p2a: Metagross|48/100
|
|-weather|Sandstorm|[upkeep]
|-damage|p1a: Dontyouwantme|44/100|[from] Sandstorm
|-heal|p1a: Dontyouwantme|50/100|[from] item: Leftovers
|-heal|p2a: Metagross|54/100|[from] item: Leftovers
|upkeep
|turn|31
|
|t:|1730866426
|switch|p1a: Tyranitar|Tyranitar, M|89/100
|move|p2a: Metagross|Psychic|p1a: Tyranitar
|-immune|p1a: Tyranitar
|
|-weather|Sandstorm|[upkeep]
|-heal|p2a: Metagross|60/100|[from] item: Leftovers
|-heal|p1a: Tyranitar|95/100|[from] item: Leftovers
|upkeep
|turn|32
|
|t:|1730866435
|move|p2a: Metagross|Meteor Mash|p1a: Tyranitar
|-supereffective|p1a: Tyranitar
|-damage|p1a: Tyranitar|22/100
|-boost|p2a: Metagross|atk|1
|move|p1a: Tyranitar|Fire Blast|p2a: Metagross
|-supereffective|p2a: Metagross
|-damage|p2a: Metagross|0 fnt
|faint|p2a: Metagross
|
|t:|1730866448
|switch|p2a: Dugtrio|Dugtrio, M|100/100
|-damage|p2a: Dugtrio|84/100|[from] Spikes
|
|-weather|Sandstorm|[upkeep]
|-heal|p1a: Tyranitar|28/100|[from] item: Leftovers
|upkeep
|turn|33
|
|t:|1730866451
|move|p2a: Dugtrio|Earthquake|p1a: Tyranitar
|-supereffective|p1a: Tyranitar
|-damage|p1a: Tyranitar|0 fnt
|faint|p1a: Tyranitar
|
|t:|1730866454
|switch|p1a: Dontyouwantme|Gengar, M, shiny|50/100
|
|-weather|Sandstorm|[upkeep]
|-damage|p1a: Dontyouwantme|44/100|[from] Sandstorm
|-heal|p1a: Dontyouwantme|50/100|[from] item: Leftovers
|upkeep
|turn|34
|
|t:|1730866460
|switch|p2a: Blissey|Blissey, F|43/100
|-damage|p2a: Blissey|26/100|[from] Spikes
|move|p1a: Dontyouwantme|Giga Drain|p2a: Blissey
|-damage|p2a: Blissey|19/100
|-heal|p1a: Dontyouwantme|57/100|[from] drain|[of] p2a: Blissey
|
|-weather|Sandstorm|[upkeep]
|-damage|p1a: Dontyouwantme|51/100|[from] Sandstorm
|-damage|p2a: Blissey|13/100|[from] Sandstorm
|-heal|p1a: Dontyouwantme|57/100|[from] item: Leftovers
|-heal|p2a: Blissey|19/100|[from] item: Leftovers
|upkeep
|turn|35
|
|t:|1730866463
|move|p1a: Dontyouwantme|Thunderbolt|p2a: Blissey
|-damage|p2a: Blissey|8/100
|-status|p2a: Blissey|par
|move|p2a: Blissey|Ice Beam|p1a: Dontyouwantme
|-damage|p1a: Dontyouwantme|26/100
|
|-weather|Sandstorm|[upkeep]
|-damage|p1a: Dontyouwantme|20/100|[from] Sandstorm
|-damage|p2a: Blissey|1/100 par|[from] Sandstorm
|-heal|p1a: Dontyouwantme|26/100|[from] item: Leftovers
|-heal|p2a: Blissey|8/100 par|[from] item: Leftovers
|upkeep
|turn|36
|
|t:|1730866467
|move|p1a: Dontyouwantme|Thunderbolt|p2a: Blissey
|-damage|p2a: Blissey|0 fnt
|faint|p2a: Blissey
|
|t:|1730866473
|switch|p2a: Tyranitar|Tyranitar, F|100/100
|-damage|p2a: Tyranitar|84/100|[from] Spikes
|
|-weather|Sandstorm|[upkeep]
|-damage|p1a: Dontyouwantme|20/100|[from] Sandstorm
|-heal|p1a: Dontyouwantme|26/100|[from] item: Leftovers
|upkeep
|turn|37
|inactive|Key to Life has 270 seconds left.
|
|t:|1730866506
|switch|p1a: Salamence|Salamence, M|100/100
|-ability|p1a: Salamence|Intimidate|boost
|-unboost|p2a: Tyranitar|atk|1
|move|p2a: Tyranitar|Rock Slide|p1a: Salamence
|-supereffective|p1a: Salamence
|-damage|p1a: Salamence|0 fnt
|faint|p1a: Salamence
|
|t:|1730866507
|switch|p1a: Dontyouwantme|Gengar, M, shiny|26/100
|
|-weather|Sandstorm|[upkeep]
|-damage|p1a: Dontyouwantme|20/100|[from] Sandstorm
|-heal|p1a: Dontyouwantme|26/100|[from] item: Leftovers
|upkeep
|turn|38
|c|☆Key to Life|ggs
|c|☆Ooziegib|gg
|
|t:|1730866521
|move|p1a: Dontyouwantme|Destiny Bond|p1a: Dontyouwantme
|-singlemove|p1a: Dontyouwantme|Destiny Bond
|move|p2a: Tyranitar|Rock Slide|p1a: Dontyouwantme
|-damage|p1a: Dontyouwantme|0 fnt
|faint|p1a: Dontyouwantme
|-activate|p1a: Dontyouwantme|move: Destiny Bond
|faint|p2a: Tyranitar
|
|win|Ooziegib
|player|p1|
|player|p2|
|player|p1|Key to Life|caitlin|

</script>
<script type="application/json" class="data" id="replaydata-smogtours-gen3ou-804971">
{"id":"smogtours-gen3ou-804971","format":"[Gen 3] OU","players":["Key to Life","Ooziegib"],"uploadtime":1730866521,"views":32,"formatid":"gen3ou","rating":null,"private":0,"password":null}
</script>

<script defer src="js/replays.js?9d40a366"></script>
