<!DOCTYPE html>
<meta charset="utf-8" />
<meta name="viewport" content="width=device-width" />

<title>[Gen 3] OU: Xurkiyee vs. klird - Replays - Pok&eacute;mon Showdown!</title>

<meta name="description" content="Watch a replay of a Pok&eacute;mon battle between Xurkiyee and klird! Format: [Gen 3] OU; Date: Nov 13, 2024" />
<!--

Hey, you! Looking in the source for the replay log?

You can find them in JSON format, just add `.json` at the end of a replay URL.

https://replay.pokemonshowdown.com/gen7randomdoublesbattle-865046831.json

Or, if you only need the log itself, add `.log` instead:

https://replay.pokemonshowdown.com/gen7randomdoublesbattle-865046831.log

-->

<link rel="stylesheet" href="//pokemonshowdown.com/style/global.css?0.767286132409787" />
<link rel="stylesheet" href="//play.pokemonshowdown.com/style/font-awesome.css?0.9266228007934947" />
<link rel="stylesheet" href="//play.pokemonshowdown.com/style/battle.css?0.7924700842790926" />
<link rel="stylesheet" href="//play.pokemonshowdown.com/style/utilichart.css?0.8777417872839479" />

<!-- Global site tag (gtag.js) - Google Analytics -->
<script async src="https://www.googletagmanager.com/gtag/js?id=UA-26211653-1"></script>
<script>
  window.dataLayer = window.dataLayer || [];
  function gtag(){dataLayer.push(arguments);}
  gtag('js', new Date());

  gtag('config', 'UA-26211653-1');
</script>
<!-- End Google Analytics -->
<!-- Venatus Ad Manager - Install in <HEAD> of page -->
	<script src="https://hb.vntsm.com/v3/live/ad-manager.min.js" type="text/javascript" data-site-id="642aba63ec9a7b11c3c9c1be" data-mode="scan" async></script>
<!-- / Venatus Ad Manager -->

<style>
	@media (max-width:820px) {
		.battle {
			margin: 0 auto;
		}
		.battle-log {
			margin: 7px auto 0;
			max-width: 640px;
			height: 300px;
			position: static;
		}
	}
	.optgroup {
		display: inline-block;
		line-height: 22px;
		font-size: 10pt;
	}
	.optgroup .button {
		height: 25px;
		padding-top: 0;
		padding-bottom: 0;
	}
	.optgroup button.button {
		padding-left: 12px;
		padding-right: 12px;
	}
	.linklist {
		list-style: none;
		margin: 0.5em 0;
		padding: 0;
	}
	.linklist li {
		padding: 2px 0;
	}
	.sidebar {
		float: left;
		width: 320px;
	}
	.bar-wrapper {
		max-width: 1100px;
		margin: 0 auto;
	}
	.bar-wrapper.has-sidebar {
		max-width: 1430px;
	}
	.mainbar {
		margin: 0;
		padding-right: 1px;
	}
	.mainbar.has-sidebar {
		margin-left: 330px;
	}
	@media (min-width: 1511px) {
		.sidebar {
			width: 400px;
		}
		.bar-wrapper.has-sidebar {
			max-width: 1510px;
		}
		.mainbar.has-sidebar {
			margin-left: 410px;
		}
	}
	.section.first-section {
		margin-top: 9px;
	}
	.blocklink small {
		white-space: normal;
	}
	.button {
		vertical-align: middle;
	}
	.replay-controls {
		padding-top: 10px;
	}
	.replay-controls h1 {
		font-size: 16pt;
		font-weight: normal;
		color: #CCC;
	}
	.pagelink {
		text-align: center;
	}
	.pagelink a {
		width: 150px;
	}
	.textbox, .button {
		font-size: 11pt;
		vertical-align: middle;
	}
	@media (max-width: 450px) {
		.button {
			font-size: 9pt;
		}
	}
</style>

<div>

	<header>
		<div class="nav-wrapper"><ul class="nav">
			<li><a class="button nav-first" href="//pokemonshowdown.com/"><img src="//pokemonshowdown.com/images/pokemonshowdownbeta.png" srcset="//pokemonshowdown.com/images/pokemonshowdownbeta.png 1x, //pokemonshowdown.com/images/pokemonshowdownbeta@2x.png 2x" alt="Pok&eacute;mon Showdown" width="146" height="44" /> Home</a></li>
			<li><a class="button" href="//pokemonshowdown.com/dex/">Pok&eacute;dex</a></li>
			<li><a class="button cur" href="/">Replays</a></li>
			<li><a class="button" href="//pokemonshowdown.com/ladder/">Ladder</a></li>
			<li><a class="button nav-last" href="//pokemonshowdown.com/forums/">Forum</a></li>
			<li><a class="button greenbutton nav-first nav-last" href="//play.pokemonshowdown.com/">Play</a></li>
		</ul></div>
	</header>

	<div class="main" id="main">

		<noscript><section class="section">You need to enable JavaScript to use this page; sorry!</section></noscript>

	</div>

</div>

<script defer nomodule src="//play.pokemonshowdown.com/js/lib/ps-polyfill.js"></script>
<script defer src="//play.pokemonshowdown.com/js/lib/preact.min.js"></script>

<script defer src="//play.pokemonshowdown.com/config/config.js?6dec07f6"></script>
<script defer src="//play.pokemonshowdown.com/js/lib/jquery-1.11.0.min.js"></script>
<script defer src="//play.pokemonshowdown.com/js/lib/html-sanitizer-minified.js"></script>
<script defer src="//play.pokemonshowdown.com/js/battle-sound.js"></script>
<script defer src="//play.pokemonshowdown.com/js/battledata.js?0.6315294753075389"></script>
<script defer src="//play.pokemonshowdown.com/data/pokedex-mini.js?0.7603743185311358"></script>
<script defer src="//play.pokemonshowdown.com/data/pokedex-mini-bw.js?0.030888842834281283"></script>
<script defer src="//play.pokemonshowdown.com/data/graphics.js?0.05593094747507488"></script>
<script defer src="//play.pokemonshowdown.com/data/pokedex.js?0.47064822249611904"></script>
<script defer src="//play.pokemonshowdown.com/data/moves.js?0.8583693120512459"></script>
<script defer src="//play.pokemonshowdown.com/data/abilities.js?0.16017181182386842"></script>
<script defer src="//play.pokemonshowdown.com/data/items.js?0.4163379185673943"></script>
<script defer src="//play.pokemonshowdown.com/data/teambuilder-tables.js?0.31075597372830477"></script>
<script defer src="//play.pokemonshowdown.com/js/battle-tooltips.js?0.6536193500708172"></script>
<script defer src="//play.pokemonshowdown.com/js/battle.js?0.1916591943277901"></script>

<script defer src="js/utils.js?e31f9a17"></script>
<script defer src="js/replays-battle.js?7008c182"></script>

<!-- don't scrape this data! just add .json or .log after the URL!
Full API docs: https://github.com/smogon/pokemon-showdown-client/blob/master/WEB-API.md -->
<script type="text/plain" class="log" id="replaylog-smogtours-gen3ou-806197">
|inactive|Battle timer is ON: inactive players will automatically lose when time's up.
|t:|1731541451
|gametype|singles
|player|p1|Xurkiyee|169|
|player|p2|klird|giovanni|
|teamsize|p1|6
|teamsize|p2|6
|gen|3
|tier|[Gen 3] OU
|rule|Sleep Clause Mod: Limit one foe put to sleep
|rule|Switch Priority Clause Mod: Faster Pokémon switch first
|rule|Species Clause: Limit one of each Pokémon
|rule|OHKO Clause: OHKO moves are banned
|rule|Evasion Items Clause: Evasion items are banned
|rule|Evasion Moves Clause: Evasion moves are banned
|rule|Endless Battle Clause: Forcing endless battles is banned
|rule|HP Percentage Mod: HP is shown in percentages
|rule|One Boost Passer Clause: Limit one Baton Passer that has a way to boost its stats
|rule|Freeze Clause Mod: Limit one foe frozen
|
|t:|1731541451
|start
|switch|p1a: Breloom|Breloom, M|100/100
|switch|p2a: Tyranitar|Tyranitar, F|100/100
|-weather|Sandstorm|[from] ability: Sand Stream|[of] p2a: Tyranitar
|turn|1
|c|☆Xurkiyee|Hf 
|c|☆klird|glhf
|inactive|klird has 270 seconds left.
|
|t:|1731541486
|move|p2a: Tyranitar|Fire Blast|p1a: Breloom
|-supereffective|p1a: Breloom
|-damage|p1a: Breloom|0 fnt
|faint|p1a: Breloom
|
|t:|1731541498
|switch|p1a: Metagross|Metagross|100/100
|
|-weather|Sandstorm|[upkeep]
|upkeep
|turn|2
|
|t:|1731541522
|switch|p2a: Charizard|Charizard, M|100/100
|move|p1a: Metagross|Meteor Mash|p2a: Charizard
|-resisted|p2a: Charizard
|-damage|p2a: Charizard|59/100
|
|-weather|Sandstorm|[upkeep]
|-damage|p2a: Charizard|53/100|[from] Sandstorm
|-heal|p2a: Charizard|59/100|[from] item: Leftovers
|upkeep
|turn|3
|inactive|klird has 270 seconds left.
|
|t:|1731541565
|-singleturn|p2a: Charizard|move: Focus Punch
|switch|p1a: Salamence|Salamence, M|100/100
|-ability|p1a: Salamence|Intimidate|boost
|-unboost|p2a: Charizard|atk|1
|move|p2a: Charizard|Focus Punch|p1a: Salamence
|-resisted|p1a: Salamence
|-damage|p1a: Salamence|88/100
|
|-weather|Sandstorm|[upkeep]
|-damage|p2a: Charizard|53/100|[from] Sandstorm
|-damage|p1a: Salamence|82/100|[from] Sandstorm
|-heal|p2a: Charizard|59/100|[from] item: Leftovers
|-heal|p1a: Salamence|88/100|[from] item: Leftovers
|upkeep
|turn|4
|inactive|klird has 240 seconds left.
|inactive|Xurkiyee has 270 seconds left.
|
|t:|1731541600
|switch|p2a: Skarmory|Skarmory, M|100/100
|switch|p1a: Snorlax|Snorlax, M|100/100
|
|-weather|Sandstorm|[upkeep]
|-damage|p1a: Snorlax|94/100|[from] Sandstorm
|-heal|p1a: Snorlax|100/100|[from] item: Leftovers
|upkeep
|turn|5
|
|t:|1731541606
|move|p2a: Skarmory|Spikes|p1a: Snorlax
|-sidestart|p1: Xurkiyee|Spikes
|move|p1a: Snorlax|Body Slam|p2a: Skarmory
|-resisted|p2a: Skarmory
|-damage|p2a: Skarmory|85/100
|
|-weather|Sandstorm|[upkeep]
|-damage|p1a: Snorlax|94/100|[from] Sandstorm
|-heal|p2a: Skarmory|91/100|[from] item: Leftovers
|-heal|p1a: Snorlax|100/100|[from] item: Leftovers
|upkeep
|turn|6
|inactive|klird has 240 seconds left.
|
|t:|1731541622
|move|p1a: Snorlax|Body Slam|p2a: Skarmory
|-resisted|p2a: Skarmory
|-damage|p2a: Skarmory|76/100
|-status|p2a: Skarmory|par
|move|p2a: Skarmory|Roar|p1a: Snorlax
|drag|p1a: Claydol|Claydol|100/100
|
|-weather|Sandstorm|[upkeep]
|-heal|p2a: Skarmory|82/100 par|[from] item: Leftovers
|upkeep
|turn|7
|
|t:|1731541638
|switch|p1a: Houndoom|Houndoom, F|100/100
|-damage|p1a: Houndoom|88/100|[from] Spikes
|move|p2a: Skarmory|Toxic|p1a: Houndoom
|-status|p1a: Houndoom|tox
|
|-weather|Sandstorm|[upkeep]
|-damage|p1a: Houndoom|82/100 tox|[from] Sandstorm
|-heal|p1a: Houndoom|88/100 tox|[from] item: Leftovers
|-damage|p1a: Houndoom|82/100 tox|[from] psn
|-heal|p2a: Skarmory|88/100 par|[from] item: Leftovers
|upkeep
|turn|8
|
|t:|1731541648
|switch|p1a: Metagross|Metagross|100/100
|-damage|p1a: Metagross|88/100|[from] Spikes
|switch|p2a: Tyranitar|Tyranitar, F|100/100
|
|-weather|Sandstorm|[upkeep]
|-heal|p1a: Metagross|94/100|[from] item: Leftovers
|upkeep
|turn|9
|inactive|klird has 240 seconds left.
|
|t:|1731541682
|switch|p2a: Swampert|Swampert, F|100/100
|move|p1a: Metagross|Meteor Mash|p2a: Swampert
|-resisted|p2a: Swampert
|-damage|p2a: Swampert|80/100
|
|-weather|Sandstorm|[upkeep]
|-heal|p1a: Metagross|99/100|[from] item: Leftovers
|-heal|p2a: Swampert|86/100|[from] item: Leftovers
|upkeep
|turn|10
|inactive|Xurkiyee has 270 seconds left.
|inactive|klird has 210 seconds left.
|
|t:|1731541736
|switch|p2a: Skarmory|Skarmory, M|88/100 par
|move|p1a: Metagross|Earthquake|p2a: Skarmory
|-immune|p2a: Skarmory
|
|-weather|Sandstorm|[upkeep]
|-heal|p1a: Metagross|100/100|[from] item: Leftovers
|-heal|p2a: Skarmory|94/100 par|[from] item: Leftovers
|upkeep
|turn|11
|
|t:|1731541750
|move|p1a: Metagross|Meteor Mash|p2a: Skarmory
|-resisted|p2a: Skarmory
|-damage|p2a: Skarmory|71/100 par
|move|p2a: Skarmory|Roar|p1a: Metagross
|drag|p1a: Salamence|Salamence, M|88/100
|-ability|p1a: Salamence|Intimidate|boost
|-unboost|p2a: Skarmory|atk|1
|
|-weather|Sandstorm|[upkeep]
|-damage|p1a: Salamence|82/100|[from] Sandstorm
|-heal|p1a: Salamence|88/100|[from] item: Leftovers
|-heal|p2a: Skarmory|77/100 par|[from] item: Leftovers
|upkeep
|turn|12
|
|t:|1731541764
|switch|p1a: Houndoom|Houndoom, F|82/100 tox
|-damage|p1a: Houndoom|70/100 tox|[from] Spikes
|cant|p2a: Skarmory|par
|
|-weather|Sandstorm|[upkeep]
|-damage|p1a: Houndoom|63/100 tox|[from] Sandstorm
|-heal|p1a: Houndoom|70/100 tox|[from] item: Leftovers
|-damage|p1a: Houndoom|63/100 tox|[from] psn
|-heal|p2a: Skarmory|83/100 par|[from] item: Leftovers
|upkeep
|turn|13
|
|t:|1731541786
|switch|p1a: Claydol|Claydol|100/100
|switch|p2a: Andrea Pirlo|Blissey, F|100/100
|
|-weather|Sandstorm|[upkeep]
|-damage|p2a: Andrea Pirlo|94/100|[from] Sandstorm
|-heal|p2a: Andrea Pirlo|100/100|[from] item: Leftovers
|upkeep
|turn|14
|
|t:|1731541793
|move|p1a: Claydol|Earthquake|p2a: Andrea Pirlo
|-damage|p2a: Andrea Pirlo|64/100
|move|p2a: Andrea Pirlo|Toxic|p1a: Claydol
|-status|p1a: Claydol|tox
|
|-weather|Sandstorm|[upkeep]
|-damage|p2a: Andrea Pirlo|58/100|[from] Sandstorm
|-damage|p1a: Claydol|95/100 tox|[from] psn
|-heal|p2a: Andrea Pirlo|64/100|[from] item: Leftovers
|upkeep
|turn|15
|
|t:|1731541802
|move|p1a: Claydol|Ice Beam|p2a: Andrea Pirlo
|-damage|p2a: Andrea Pirlo|57/100
|move|p2a: Andrea Pirlo|Ice Beam|p1a: Claydol
|-supereffective|p1a: Claydol
|-damage|p1a: Claydol|47/100 tox
|
|-weather|Sandstorm|[upkeep]
|-damage|p2a: Andrea Pirlo|51/100|[from] Sandstorm
|-heal|p1a: Claydol|53/100 tox|[from] item: Leftovers
|-damage|p1a: Claydol|41/100 tox|[from] psn
|-heal|p2a: Andrea Pirlo|57/100|[from] item: Leftovers
|upkeep
|turn|16
|inactive|Xurkiyee has 270 seconds left.
|
|t:|1731541829
|move|p1a: Claydol|Explosion|p2a: Andrea Pirlo
|-damage|p2a: Andrea Pirlo|0 fnt
|faint|p1a: Claydol
|faint|p2a: Andrea Pirlo
|inactive|klird has 180 seconds left.
|inactive|klird has 150 seconds left.
|
|t:|1731541881
|switch|p1a: Metagross|Metagross|100/100
|switch|p2a: Swampert|Swampert, F|86/100
|-damage|p1a: Metagross|88/100|[from] Spikes
|
|-weather|Sandstorm|[upkeep]
|-heal|p1a: Metagross|94/100|[from] item: Leftovers
|-heal|p2a: Swampert|92/100|[from] item: Leftovers
|upkeep
|turn|17
|inactive|Xurkiyee has 270 seconds left.
|
|t:|1731541888
|move|p1a: Metagross|Protect|p1a: Metagross
|-singleturn|p1a: Metagross|Protect
|move|p2a: Swampert|Protect||[still]
|-fail|p2a: Swampert
|
|-weather|Sandstorm|[upkeep]
|-heal|p1a: Metagross|99/100|[from] item: Leftovers
|-heal|p2a: Swampert|99/100|[from] item: Leftovers
|upkeep
|turn|18
|inactive|Xurkiyee has 270 seconds left.
|
|t:|1731541907
|switch|p1a: Snorlax|Snorlax, M|100/100
|-damage|p1a: Snorlax|88/100|[from] Spikes
|switch|p2a: Skarmory|Skarmory, M|83/100 par
|
|-weather|Sandstorm|[upkeep]
|-damage|p1a: Snorlax|82/100|[from] Sandstorm
|-heal|p1a: Snorlax|88/100|[from] item: Leftovers
|-heal|p2a: Skarmory|89/100 par|[from] item: Leftovers
|upkeep
|turn|19
|inactive|Xurkiyee has 270 seconds left.
|
|t:|1731541919
|move|p1a: Snorlax|Self-Destruct|p2a: Skarmory
|-resisted|p2a: Skarmory
|-damage|p2a: Skarmory|15/100 par
|faint|p1a: Snorlax
|
|t:|1731541923
|switch|p1a: Houndoom|Houndoom, F|63/100 tox
|-damage|p1a: Houndoom|51/100 tox|[from] Spikes
|
|-weather|Sandstorm|[upkeep]
|-damage|p1a: Houndoom|45/100 tox|[from] Sandstorm
|-heal|p1a: Houndoom|51/100 tox|[from] item: Leftovers
|-damage|p1a: Houndoom|45/100 tox|[from] psn
|-heal|p2a: Skarmory|21/100 par|[from] item: Leftovers
|upkeep
|turn|20
|inactive|Xurkiyee has 270 seconds left.
|
|t:|1731541934
|-activate|p2a: Skarmory|move: Pursuit
|move|p1a: Houndoom|Pursuit|p2a: Skarmory|[from]Pursuit
|-resisted|p2a: Skarmory
|-damage|p2a: Skarmory|3/100 par
|switch|p2a: Tyranitar|Tyranitar, F|100/100
|
|-weather|Sandstorm|[upkeep]
|-damage|p1a: Houndoom|39/100 tox|[from] Sandstorm
|-heal|p1a: Houndoom|45/100 tox|[from] item: Leftovers
|-damage|p1a: Houndoom|32/100 tox|[from] psn
|upkeep
|turn|21
|inactive|klird has 180 seconds left.
|
|t:|1731541945
|move|p1a: Houndoom|Fire Blast|p2a: Tyranitar
|-resisted|p2a: Tyranitar
|-damage|p2a: Tyranitar|70/100
|move|p2a: Tyranitar|Rock Slide|p1a: Houndoom
|-supereffective|p1a: Houndoom
|-damage|p1a: Houndoom|0 fnt
|faint|p1a: Houndoom
|inactive|Xurkiyee has 270 seconds left.
|
|t:|1731541967
|switch|p1a: Metagross|Metagross|99/100
|-damage|p1a: Metagross|88/100|[from] Spikes
|
|-weather|Sandstorm|[upkeep]
|-heal|p1a: Metagross|94/100|[from] item: Leftovers
|upkeep
|turn|22
|
|t:|1731541970
|switch|p2a: Skarmory|Skarmory, M|3/100 par
|move|p1a: Metagross|Meteor Mash|p2a: Skarmory
|-resisted|p2a: Skarmory
|-damage|p2a: Skarmory|0 fnt
|-boost|p1a: Metagross|atk|1
|faint|p2a: Skarmory
|
|t:|1731541973
|switch|p2a: Charizard|Charizard, M|59/100
|
|-weather|Sandstorm|[upkeep]
|-damage|p2a: Charizard|53/100|[from] Sandstorm
|-heal|p2a: Charizard|59/100|[from] item: Leftovers
|-heal|p1a: Metagross|99/100|[from] item: Leftovers
|upkeep
|turn|23
|
|t:|1731541979
|switch|p1a: Salamence|Salamence, M|88/100
|-ability|p1a: Salamence|Intimidate|boost
|-unboost|p2a: Charizard|atk|1
|move|p2a: Charizard|Substitute|p2a: Charizard
|-start|p2a: Charizard|Substitute
|-damage|p2a: Charizard|34/100
|
|-weather|Sandstorm|[upkeep]
|-damage|p2a: Charizard|28/100|[from] Sandstorm
|-damage|p1a: Salamence|82/100|[from] Sandstorm
|-heal|p2a: Charizard|34/100|[from] item: Leftovers
|-heal|p1a: Salamence|88/100|[from] item: Leftovers
|upkeep
|turn|24
|
|t:|1731541983
|move|p2a: Charizard|Fire Blast|p1a: Salamence
|-resisted|p1a: Salamence
|-damage|p1a: Salamence|35/100
|move|p1a: Salamence|Hidden Power|p2a: Charizard
|-end|p2a: Charizard|Substitute
|
|-weather|Sandstorm|[upkeep]
|-damage|p2a: Charizard|28/100|[from] Sandstorm
|-damage|p1a: Salamence|29/100|[from] Sandstorm
|-heal|p2a: Charizard|34/100|[from] item: Leftovers
|-heal|p1a: Salamence|35/100|[from] item: Leftovers
|upkeep
|turn|25
|inactive|klird has 210 seconds left.
|
|t:|1731542001
|move|p2a: Charizard|Fire Blast|p1a: Salamence
|-resisted|p1a: Salamence
|-damage|p1a: Salamence|0 fnt
|faint|p1a: Salamence
|
|t:|1731542003
|switch|p1a: Metagross|Metagross|99/100
|-damage|p1a: Metagross|88/100|[from] Spikes
|
|-weather|Sandstorm|[upkeep]
|-damage|p2a: Charizard|28/100|[from] Sandstorm
|-heal|p2a: Charizard|34/100|[from] item: Leftovers
|-heal|p1a: Metagross|94/100|[from] item: Leftovers
|upkeep
|turn|26
|c|☆klird|i was scared it will miss
|c|☆Xurkiyee|ggs
|
|t:|1731542013
|move|p2a: Charizard|Fire Blast|p1a: Metagross
|-supereffective|p1a: Metagross
|-damage|p1a: Metagross|0 fnt
|faint|p1a: Metagross
|
|win|klird
|c|☆klird|ggs
|c|☆klird|uf
|c|☆klird|that was tense

</script>
<script type="application/json" class="data" id="replaydata-smogtours-gen3ou-806197">
{"id":"smogtours-gen3ou-806197","format":"[Gen 3] OU","players":["Xurkiyee","klird"],"uploadtime":1731542013,"views":16,"formatid":"gen3ou","rating":null,"private":0,"password":null}
</script>

<script defer src="js/replays.js?9d40a366"></script>
