<!DOCTYPE html>
<meta charset="utf-8" />
<meta name="viewport" content="width=device-width" />

<title>[Gen 3] OU: xlimexheep vs. WalterFartwelWhite - Replays - Pok&eacute;mon Showdown!</title>

<meta name="description" content="Watch a replay of a Pok&eacute;mon battle between xlimexheep and WalterFartwelWhite! Format: [Gen 3] OU; Date: Oct 3, 2024" />
<!--

Hey, you! Looking in the source for the replay log?

You can find them in JSON format, just add `.json` at the end of a replay URL.

https://replay.pokemonshowdown.com/gen7randomdoublesbattle-865046831.json

Or, if you only need the log itself, add `.log` instead:

https://replay.pokemonshowdown.com/gen7randomdoublesbattle-865046831.log

-->

<link rel="stylesheet" href="//pokemonshowdown.com/style/global.css?0.023195364461161105" />
<link rel="stylesheet" href="//play.pokemonshowdown.com/style/font-awesome.css?0.13261647063804238" />
<link rel="stylesheet" href="//play.pokemonshowdown.com/style/battle.css?0.8753245789963631" />
<link rel="stylesheet" href="//play.pokemonshowdown.com/style/utilichart.css?0.8627959624976733" />

<!-- Global site tag (gtag.js) - Google Analytics -->
<script async src="https://www.googletagmanager.com/gtag/js?id=UA-26211653-1"></script>
<script>
  window.dataLayer = window.dataLayer || [];
  function gtag(){dataLayer.push(arguments);}
  gtag('js', new Date());

  gtag('config', 'UA-26211653-1');
</script>
<!-- End Google Analytics -->
<!-- Venatus Ad Manager - Install in <HEAD> of page -->
	<script src="https://hb.vntsm.com/v3/live/ad-manager.min.js" type="text/javascript" data-site-id="642aba63ec9a7b11c3c9c1be" data-mode="scan" async></script>
<!-- / Venatus Ad Manager -->

<style>
	@media (max-width:820px) {
		.battle {
			margin: 0 auto;
		}
		.battle-log {
			margin: 7px auto 0;
			max-width: 640px;
			height: 300px;
			position: static;
		}
	}
	.optgroup {
		display: inline-block;
		line-height: 22px;
		font-size: 10pt;
	}
	.optgroup .button {
		height: 25px;
		padding-top: 0;
		padding-bottom: 0;
	}
	.optgroup button.button {
		padding-left: 12px;
		padding-right: 12px;
	}
	.linklist {
		list-style: none;
		margin: 0.5em 0;
		padding: 0;
	}
	.linklist li {
		padding: 2px 0;
	}
	.sidebar {
		float: left;
		width: 320px;
	}
	.bar-wrapper {
		max-width: 1100px;
		margin: 0 auto;
	}
	.bar-wrapper.has-sidebar {
		max-width: 1430px;
	}
	.mainbar {
		margin: 0;
		padding-right: 1px;
	}
	.mainbar.has-sidebar {
		margin-left: 330px;
	}
	@media (min-width: 1511px) {
		.sidebar {
			width: 400px;
		}
		.bar-wrapper.has-sidebar {
			max-width: 1510px;
		}
		.mainbar.has-sidebar {
			margin-left: 410px;
		}
	}
	.section.first-section {
		margin-top: 9px;
	}
	.blocklink small {
		white-space: normal;
	}
	.button {
		vertical-align: middle;
	}
	.replay-controls {
		padding-top: 10px;
	}
	.replay-controls h1 {
		font-size: 16pt;
		font-weight: normal;
		color: #CCC;
	}
	.pagelink {
		text-align: center;
	}
	.pagelink a {
		width: 150px;
	}
	.textbox, .button {
		font-size: 11pt;
		vertical-align: middle;
	}
	@media (max-width: 450px) {
		.button {
			font-size: 9pt;
		}
	}
</style>

<div>

	<header>
		<div class="nav-wrapper"><ul class="nav">
			<li><a class="button nav-first" href="//pokemonshowdown.com/"><img src="//pokemonshowdown.com/images/pokemonshowdownbeta.png" srcset="//pokemonshowdown.com/images/pokemonshowdownbeta.png 1x, //pokemonshowdown.com/images/pokemonshowdownbeta@2x.png 2x" alt="Pok&eacute;mon Showdown" width="146" height="44" /> Home</a></li>
			<li><a class="button" href="//pokemonshowdown.com/dex/">Pok&eacute;dex</a></li>
			<li><a class="button cur" href="/">Replays</a></li>
			<li><a class="button" href="//pokemonshowdown.com/ladder/">Ladder</a></li>
			<li><a class="button nav-last" href="//pokemonshowdown.com/forums/">Forum</a></li>
			<li><a class="button greenbutton nav-first nav-last" href="//play.pokemonshowdown.com/">Play</a></li>
		</ul></div>
	</header>

	<div class="main" id="main">

		<noscript><section class="section">You need to enable JavaScript to use this page; sorry!</section></noscript>

	</div>

</div>

<script defer nomodule src="//play.pokemonshowdown.com/js/lib/ps-polyfill.js"></script>
<script defer src="//play.pokemonshowdown.com/js/lib/preact.min.js"></script>

<script defer src="//play.pokemonshowdown.com/config/config.js?2bddbc15"></script>
<script defer src="//play.pokemonshowdown.com/js/lib/jquery-1.11.0.min.js"></script>
<script defer src="//play.pokemonshowdown.com/js/lib/html-sanitizer-minified.js"></script>
<script defer src="//play.pokemonshowdown.com/js/battle-sound.js"></script>
<script defer src="//play.pokemonshowdown.com/js/battledata.js?0.7209276989879541"></script>
<script defer src="//play.pokemonshowdown.com/data/pokedex-mini.js?0.6111056340867951"></script>
<script defer src="//play.pokemonshowdown.com/data/pokedex-mini-bw.js?0.3532142036491459"></script>
<script defer src="//play.pokemonshowdown.com/data/graphics.js?0.24223875632456182"></script>
<script defer src="//play.pokemonshowdown.com/data/pokedex.js?0.38839984266356864"></script>
<script defer src="//play.pokemonshowdown.com/data/moves.js?0.21866028504024015"></script>
<script defer src="//play.pokemonshowdown.com/data/abilities.js?0.2005157953846628"></script>
<script defer src="//play.pokemonshowdown.com/data/items.js?0.9894211263848525"></script>
<script defer src="//play.pokemonshowdown.com/data/teambuilder-tables.js?0.6008791140282215"></script>
<script defer src="//play.pokemonshowdown.com/js/battle-tooltips.js?0.7580118955022959"></script>
<script defer src="//play.pokemonshowdown.com/js/battle.js?0.6057722274234274"></script>

<script defer src="js/utils.js?e31f9a17"></script>
<script defer src="js/replays-battle.js?7008c182"></script>

<!-- don't scrape this data! just add .json or .log after the URL!
Full API docs: https://github.com/smogon/pokemon-showdown-client/blob/master/WEB-API.md -->
<script type="text/plain" class="log" id="replaylog-gen3ou-2214831188">
|j|☆xlimexheep
|j|☆WalterFartwelWhite
|t:|1727933331
|gametype|singles
|player|p1|xlimexheep|schoolkidf|
|player|p2|WalterFartwelWhite|blaine|
|teamsize|p1|6
|teamsize|p2|6
|gen|3
|tier|[Gen 3] OU
|rule|Sleep Clause Mod: Limit one foe put to sleep
|rule|Switch Priority Clause Mod: Faster Pokémon switch first
|rule|Species Clause: Limit one of each Pokémon
|rule|OHKO Clause: OHKO moves are banned
|rule|Evasion Items Clause: Evasion items are banned
|rule|Evasion Moves Clause: Evasion moves are banned
|rule|Endless Battle Clause: Forcing endless battles is banned
|rule|HP Percentage Mod: HP is shown in percentages
|rule|One Boost Passer Clause: Limit one Baton Passer that has a way to boost its stats
|rule|Freeze Clause Mod: Limit one foe frozen
|
|t:|1727933331
|start
|switch|p1a: metayucky|Metagross, shiny|100/100
|switch|p2a: ETOH|Hariyama, M|100/100
|turn|1
|inactive|Battle timer is ON: inactive players will automatically lose when time's up. (requested by WalterFartwelWhite)
|
|t:|1727933341
|switch|p2a: Valium|Milotic, F, shiny|100/100
|move|p1a: metayucky|Meteor Mash|p2a: Valium
|-resisted|p2a: Valium
|-damage|p2a: Valium|70/100
|
|-heal|p2a: Valium|76/100|[from] item: Leftovers
|upkeep
|turn|2
|
|t:|1727933350
|switch|p1a: drunkafff|Snorlax, F, shiny|100/100
|move|p2a: Valium|Surf|p1a: drunkafff
|-damage|p1a: drunkafff|83/100
|
|-heal|p2a: Valium|82/100|[from] item: Leftovers
|upkeep
|turn|3
|
|t:|1727933366
|switch|p2a: ETOH|Hariyama, M|100/100
|move|p1a: drunkafff|Curse|p1a: drunkafff
|-unboost|p1a: drunkafff|spe|1
|-boost|p1a: drunkafff|atk|1
|-boost|p1a: drunkafff|def|1
|
|upkeep
|turn|4
|
|t:|1727933378
|move|p2a: ETOH|Brick Break|p1a: drunkafff
|-supereffective|p1a: drunkafff
|-damage|p1a: drunkafff|38/100
|move|p1a: drunkafff|Covet|p2a: ETOH
|-damage|p2a: ETOH|76/100
|
|-heal|p2a: ETOH|83/100|[from] item: Leftovers
|upkeep
|turn|5
|
|t:|1727933387
|switch|p1a: gendarrrr|Gengar, F, shiny|100/100
|move|p2a: ETOH|Brick Break|p1a: gendarrrr
|-immune|p1a: gendarrrr
|
|-heal|p2a: ETOH|89/100|[from] item: Leftovers
|upkeep
|turn|6
|
|t:|1727933399
|switch|p1a: orblor|Forretress, F|100/100
|switch|p2a: Dilaudid|Blissey, F, shiny|100/100
|
|upkeep
|turn|7
|
|t:|1727933406
|switch|p2a: Lovenox|Moltres|100/100
|move|p1a: orblor|Spikes|p2a: Lovenox
|-sidestart|p2: WalterFartwelWhite|Spikes
|
|upkeep
|turn|8
|
|t:|1727933410
|switch|p1a: ms. freeze|Regice, shiny|100/100
|move|p2a: Lovenox|Will-O-Wisp|p1a: ms. freeze
|-status|p1a: ms. freeze|brn
|
|-damage|p1a: ms. freeze|88/100 brn|[from] brn
|upkeep
|turn|9
|
|t:|1727933417
|switch|p2a: Dilaudid|Blissey, F, shiny|100/100
|-damage|p2a: Dilaudid|88/100|[from] Spikes
|move|p1a: ms. freeze|Thunder Wave|p2a: Dilaudid
|-status|p2a: Dilaudid|par
|
|-heal|p1a: ms. freeze|94/100 brn|[from] item: Leftovers
|-damage|p1a: ms. freeze|82/100 brn|[from] brn
|-heal|p2a: Dilaudid|94/100 par|[from] item: Leftovers
|upkeep
|turn|10
|
|t:|1727933432
|move|p1a: ms. freeze|Ice Beam|p2a: Dilaudid
|-damage|p2a: Dilaudid|75/100 par
|move|p2a: Dilaudid|Wish|p2a: Dilaudid
|
|-heal|p1a: ms. freeze|88/100 brn|[from] item: Leftovers
|-damage|p1a: ms. freeze|75/100 brn|[from] brn
|-heal|p2a: Dilaudid|81/100 par|[from] item: Leftovers
|upkeep
|turn|11
|
|t:|1727933443
|switch|p1a: drunkafff|Snorlax, F, shiny|38/100
|-curestatus|p2a: Dilaudid|par|[from] ability: Natural Cure
|switch|p2a: ETOH|Hariyama, M|89/100
|-damage|p2a: ETOH|76/100|[from] Spikes
|
|-heal|p2a: ETOH|100/100|[from] move: Wish|[wisher] Dilaudid
|upkeep
|turn|12
|
|t:|1727933450
|switch|p1a: orblor|Forretress, F|100/100
|move|p2a: ETOH|Brick Break|p1a: orblor
|-damage|p1a: orblor|69/100
|
|-heal|p1a: orblor|76/100|[from] item: Leftovers
|upkeep
|turn|13
|
|t:|1727933454
|move|p2a: ETOH|Knock Off|p1a: orblor
|-resisted|p1a: orblor
|-damage|p1a: orblor|75/100
|-enditem|p1a: orblor|Leftovers|[from] move: Knock Off|[of] p2a: ETOH
|-hint|In Gens 3-4, Knock Off only makes the target's item unusable; it cannot obtain a new item.
|move|p1a: orblor|Spikes|p2a: ETOH
|-sidestart|p2: WalterFartwelWhite|Spikes
|
|upkeep
|turn|14
|
|t:|1727933460
|switch|p2a: Ativan|Skarmory, M|100/100
|move|p1a: orblor|Spikes|p2a: Ativan
|-sidestart|p2: WalterFartwelWhite|Spikes
|
|upkeep
|turn|15
|
|t:|1727933465
|switch|p1a: gendarrrr|Gengar, F, shiny|100/100
|move|p2a: Ativan|Spikes|p1a: gendarrrr
|-sidestart|p1: xlimexheep|Spikes
|
|upkeep
|turn|16
|
|t:|1727933471
|move|p2a: Ativan|Protect|p2a: Ativan
|-singleturn|p2a: Ativan|Protect
|move|p1a: gendarrrr|Taunt|p2a: Ativan
|-activate|p2a: Ativan|Protect
|
|upkeep
|turn|17
|
|t:|1727933475
|move|p1a: gendarrrr|Will-O-Wisp|p2a: Ativan
|-status|p2a: Ativan|brn
|move|p2a: Ativan|Drill Peck|p1a: gendarrrr
|-damage|p1a: gendarrrr|83/100
|
|-heal|p1a: gendarrrr|89/100|[from] item: Leftovers
|-damage|p2a: Ativan|88/100 brn|[from] brn
|upkeep
|turn|18
|
|t:|1727933483
|switch|p2a: ETOH|Hariyama, M|100/100
|-damage|p2a: ETOH|76/100|[from] Spikes
|move|p1a: gendarrrr|Thunderbolt|p2a: ETOH
|-damage|p2a: ETOH|43/100
|
|-heal|p1a: gendarrrr|95/100|[from] item: Leftovers
|-heal|p2a: ETOH|49/100|[from] item: Leftovers
|upkeep
|turn|19
|
|t:|1727933494
|move|p1a: gendarrrr|Thunderbolt|p2a: ETOH
|-damage|p2a: ETOH|18/100
|move|p2a: ETOH|Hidden Power|p1a: gendarrrr
|-supereffective|p1a: gendarrrr
|-damage|p1a: gendarrrr|18/100
|
|-heal|p1a: gendarrrr|24/100|[from] item: Leftovers
|-heal|p2a: ETOH|24/100|[from] item: Leftovers
|upkeep
|turn|20
|
|t:|1727933499
|switch|p2a: Zofran|Claydol|100/100
|move|p1a: gendarrrr|Thunderbolt|p2a: Zofran
|-immune|p2a: Zofran
|
|-heal|p1a: gendarrrr|30/100|[from] item: Leftovers
|upkeep
|turn|21
|
|t:|1727933510
|switch|p1a: doll|Claydol|100/100
|move|p2a: Zofran|Psychic|p1a: doll
|-resisted|p1a: doll
|-damage|p1a: doll|88/100
|
|-heal|p1a: doll|95/100|[from] item: Leftovers
|upkeep
|turn|22
|
|t:|1727933517
|switch|p1a: drunkafff|Snorlax, F, shiny|38/100
|-damage|p1a: drunkafff|26/100|[from] Spikes
|move|p2a: Zofran|Rapid Spin|p1a: drunkafff
|-crit|p1a: drunkafff
|-damage|p1a: drunkafff|19/100
|-sideend|p2: WalterFartwelWhite|Spikes|[from] move: Rapid Spin|[of] p2a: Zofran
|
|upkeep
|turn|23
|
|t:|1727933528
|move|p2a: Zofran|Earthquake|p1a: drunkafff
|-damage|p1a: drunkafff|0 fnt
|faint|p1a: drunkafff
|
|t:|1727933532
|switch|p1a: ms. freeze|Regice, shiny|75/100 brn
|-damage|p1a: ms. freeze|63/100 brn|[from] Spikes
|
|-heal|p1a: ms. freeze|69/100 brn|[from] item: Leftovers
|-damage|p1a: ms. freeze|57/100 brn|[from] brn
|upkeep
|turn|24
|
|t:|1727933540
|switch|p2a: Valium|Milotic, F, shiny|82/100
|switch|p1a: metayucky|Metagross, shiny|100/100
|-damage|p1a: metayucky|88/100|[from] Spikes
|
|-heal|p2a: Valium|88/100|[from] item: Leftovers
|upkeep
|turn|25
|
|t:|1727933551
|switch|p2a: Ativan|Skarmory, M|88/100 brn
|move|p1a: metayucky|Earthquake|p2a: Ativan
|-immune|p2a: Ativan
|
|-heal|p2a: Ativan|94/100 brn|[from] item: Leftovers
|-damage|p2a: Ativan|82/100 brn|[from] brn
|upkeep
|turn|26
|
|t:|1727933558
|switch|p1a: doll|Claydol|95/100
|move|p2a: Ativan|Spikes|p1a: doll
|-sidestart|p1: xlimexheep|Spikes
|
|-heal|p1a: doll|100/100|[from] item: Leftovers
|-heal|p2a: Ativan|88/100 brn|[from] item: Leftovers
|-damage|p2a: Ativan|76/100 brn|[from] brn
|upkeep
|turn|27
|
|t:|1727933569
|switch|p2a: Valium|Milotic, F, shiny|88/100
|move|p1a: doll|Rapid Spin|p2a: Valium
|-damage|p2a: Valium|84/100
|-sideend|p1: xlimexheep|Spikes|[from] move: Rapid Spin|[of] p1a: doll
|
|-heal|p2a: Valium|90/100|[from] item: Leftovers
|upkeep
|turn|28
|
|t:|1727933582
|switch|p1a: orblor|Forretress, F|75/100
|switch|p2a: ETOH|Hariyama, M|24/100
|
|-heal|p2a: ETOH|30/100|[from] item: Leftovers
|upkeep
|turn|29
|
|t:|1727933590
|-singleturn|p2a: ETOH|move: Focus Punch
|move|p1a: orblor|Earthquake|p2a: ETOH
|-damage|p2a: ETOH|9/100
|move|p2a: ETOH|Focus Punch||[still]
|cant|p2a: ETOH|Focus Punch|Focus Punch
|
|-heal|p2a: ETOH|15/100|[from] item: Leftovers
|upkeep
|turn|30
|
|t:|1727933599
|switch|p2a: Ativan|Skarmory, M|76/100 brn
|move|p1a: orblor|Earthquake|p2a: Ativan
|-immune|p2a: Ativan
|
|-heal|p2a: Ativan|82/100 brn|[from] item: Leftovers
|-damage|p2a: Ativan|69/100 brn|[from] brn
|upkeep
|turn|31
|
|t:|1727933602
|move|p2a: Ativan|Spikes|p1a: orblor
|-sidestart|p1: xlimexheep|Spikes
|move|p1a: orblor|Rapid Spin|p2a: Ativan
|-resisted|p2a: Ativan
|-damage|p2a: Ativan|68/100 brn
|-sideend|p1: xlimexheep|Spikes|[from] move: Rapid Spin|[of] p1a: orblor
|
|-heal|p2a: Ativan|74/100 brn|[from] item: Leftovers
|-damage|p2a: Ativan|62/100 brn|[from] brn
|upkeep
|turn|32
|
|t:|1727933608
|switch|p2a: Valium|Milotic, F, shiny|90/100
|move|p1a: orblor|Spikes|p2a: Valium
|-sidestart|p2: WalterFartwelWhite|Spikes
|
|-heal|p2a: Valium|96/100|[from] item: Leftovers
|upkeep
|turn|33
|
|t:|1727933611
|move|p2a: Valium|Surf|p1a: orblor
|-damage|p1a: orblor|45/100
|move|p1a: orblor|Earthquake|p2a: Valium
|-damage|p2a: Valium|81/100
|
|-heal|p2a: Valium|87/100|[from] item: Leftovers
|upkeep
|turn|34
|
|t:|1727933618
|move|p2a: Valium|Surf|p1a: orblor
|-damage|p1a: orblor|16/100
|move|p1a: orblor|Explosion|p2a: Valium
|-crit|p2a: Valium
|-damage|p2a: Valium|0 fnt
|faint|p1a: orblor
|faint|p2a: Valium
|
|t:|1727933629
|switch|p2a: Lovenox|Moltres|100/100
|switch|p1a: gendarrrr|Gengar, F, shiny|30/100
|
|-heal|p1a: gendarrrr|36/100|[from] item: Leftovers
|upkeep
|turn|35
|
|t:|1727933636
|switch|p2a: Zofran|Claydol|100/100
|move|p1a: gendarrrr|Thunderbolt|p2a: Zofran
|-immune|p2a: Zofran
|
|-heal|p1a: gendarrrr|43/100|[from] item: Leftovers
|upkeep
|turn|36
|
|t:|1727933649
|switch|p1a: ms. freeze|Regice, shiny|57/100 brn
|move|p2a: Zofran|Rapid Spin|p1a: ms. freeze
|-damage|p1a: ms. freeze|53/100 brn
|-sideend|p2: WalterFartwelWhite|Spikes|[from] move: Rapid Spin|[of] p2a: Zofran
|
|-heal|p1a: ms. freeze|59/100 brn|[from] item: Leftovers
|-damage|p1a: ms. freeze|47/100 brn|[from] brn
|upkeep
|turn|37
|
|t:|1727933658
|switch|p2a: Dilaudid|Blissey, F, shiny|81/100
|move|p1a: ms. freeze|Explosion|p2a: Dilaudid
|-damage|p2a: Dilaudid|45/100
|faint|p1a: ms. freeze
|
|t:|1727933664
|switch|p1a: metayucky|Metagross, shiny|88/100
|
|-heal|p2a: Dilaudid|51/100|[from] item: Leftovers
|upkeep
|turn|38
|
|t:|1727933670
|switch|p2a: ETOH|Hariyama, M|15/100
|move|p1a: metayucky|Meteor Mash|p2a: ETOH
|-damage|p2a: ETOH|0 fnt
|-boost|p1a: metayucky|atk|1
|faint|p2a: ETOH
|
|t:|1727933675
|switch|p2a: Lovenox|Moltres|100/100
|
|upkeep
|turn|39
|
|t:|1727933681
|switch|p1a: doll|Claydol|100/100
|move|p2a: Lovenox|Flamethrower|p1a: doll
|-damage|p1a: doll|57/100
|
|-heal|p1a: doll|63/100|[from] item: Leftovers
|upkeep
|turn|40
|
|t:|1727933688
|switch|p2a: Ativan|Skarmory, M|62/100 brn
|move|p1a: doll|Explosion|p2a: Ativan
|-resisted|p2a: Ativan
|-damage|p2a: Ativan|16/100 brn
|faint|p1a: doll
|
|t:|1727933691
|switch|p1a: gendarrrr|Gengar, F, shiny|43/100
|
|-heal|p1a: gendarrrr|49/100|[from] item: Leftovers
|-heal|p2a: Ativan|22/100 brn|[from] item: Leftovers
|-damage|p2a: Ativan|10/100 brn|[from] brn
|upkeep
|turn|41
|
|t:|1727933696
|move|p1a: gendarrrr|Ice Punch|p2a: Ativan
|-crit|p2a: Ativan
|-damage|p2a: Ativan|0 fnt
|faint|p2a: Ativan
|
|t:|1727933712
|switch|p2a: Dilaudid|Blissey, F, shiny|51/100
|
|-heal|p1a: gendarrrr|55/100|[from] item: Leftovers
|-heal|p2a: Dilaudid|57/100|[from] item: Leftovers
|upkeep
|turn|42
|
|t:|1727933716
|move|p1a: gendarrrr|Taunt|p2a: Dilaudid
|-start|p2a: Dilaudid|move: Taunt
|move|p2a: Dilaudid|Thunderbolt|p1a: gendarrrr
|-damage|p1a: gendarrrr|28/100
|
|-heal|p1a: gendarrrr|34/100|[from] item: Leftovers
|-heal|p2a: Dilaudid|64/100|[from] item: Leftovers
|upkeep
|turn|43
|
|t:|1727933724
|move|p1a: gendarrrr|Will-O-Wisp|p2a: Dilaudid
|-status|p2a: Dilaudid|brn
|move|p2a: Dilaudid|Thunderbolt|p1a: gendarrrr
|-damage|p1a: gendarrrr|4/100
|
|-heal|p1a: gendarrrr|10/100|[from] item: Leftovers
|-heal|p2a: Dilaudid|70/100 brn|[from] item: Leftovers
|-damage|p2a: Dilaudid|57/100 brn|[from] brn
|-end|p2a: Dilaudid|move: Taunt|[silent]
|upkeep
|turn|44
|
|t:|1727933728
|switch|p1a: metayucky|Metagross, shiny|88/100
|move|p2a: Dilaudid|Thunderbolt|p1a: metayucky
|-damage|p1a: metayucky|63/100
|
|-heal|p2a: Dilaudid|63/100 brn|[from] item: Leftovers
|-damage|p2a: Dilaudid|51/100 brn|[from] brn
|upkeep
|turn|45
|
|t:|1727933733
|-curestatus|p2a: Dilaudid|brn|[from] ability: Natural Cure
|switch|p2a: Lovenox|Moltres|100/100
|move|p1a: metayucky|Meteor Mash|p2a: Lovenox
|-resisted|p2a: Lovenox
|-damage|p2a: Lovenox|51/100
|
|-heal|p2a: Lovenox|57/100|[from] item: Leftovers
|upkeep
|turn|46
|
|t:|1727933736
|move|p2a: Lovenox|Flamethrower|p1a: metayucky
|-supereffective|p1a: metayucky
|-damage|p1a: metayucky|0 fnt
|faint|p1a: metayucky
|
|t:|1727933738
|switch|p1a: gendarrrr|Gengar, F, shiny|10/100
|
|-heal|p1a: gendarrrr|17/100|[from] item: Leftovers
|-heal|p2a: Lovenox|64/100|[from] item: Leftovers
|upkeep
|turn|47
|
|t:|1727933741
|move|p1a: gendarrrr|Ice Punch|p2a: Lovenox
|-damage|p2a: Lovenox|37/100
|-status|p2a: Lovenox|frz
|cant|p2a: Lovenox|frz
|
|-heal|p1a: gendarrrr|23/100|[from] item: Leftovers
|-heal|p2a: Lovenox|43/100 frz|[from] item: Leftovers
|upkeep
|turn|48
|
|t:|1727933755
|switch|p2a: Dilaudid|Blissey, F, shiny|51/100
|move|p1a: gendarrrr|Ice Punch|p2a: Dilaudid
|-damage|p2a: Dilaudid|42/100
|
|-heal|p1a: gendarrrr|29/100|[from] item: Leftovers
|-heal|p2a: Dilaudid|48/100|[from] item: Leftovers
|upkeep
|turn|49
|
|t:|1727933758
|move|p1a: gendarrrr|Thunderbolt|p2a: Dilaudid
|-damage|p2a: Dilaudid|37/100
|move|p2a: Dilaudid|Thunderbolt|p1a: gendarrrr
|-damage|p1a: gendarrrr|0 fnt
|faint|p1a: gendarrrr
|
|win|WalterFartwelWhite
|c|☆xlimexheep|gg
|c|☆WalterFartwelWhite|gg

</script>
<script type="application/json" class="data" id="replaydata-gen3ou-2214831188">
{"id":"gen3ou-2214831188","format":"[Gen 3] OU","players":["xlimexheep","WalterFartwelWhite"],"uploadtime":1727933766,"views":117,"formatid":"gen3ou","rating":null,"private":0,"password":null}
</script>

<script defer src="js/replays.js?9d40a366"></script>
