<!DOCTYPE html>
<meta charset="utf-8" />
<meta name="viewport" content="width=device-width" />

<title>[Gen 3] OU: That one guy774 vs. shadowinger - Replays - Pok&eacute;mon Showdown!</title>

<meta name="description" content="Watch a replay of a Pok&eacute;mon battle between That one guy774 and shadowinger! Format: [Gen 3] OU; Date: Oct 10, 2024" />
<!--

Hey, you! Looking in the source for the replay log?

You can find them in JSON format, just add `.json` at the end of a replay URL.

https://replay.pokemonshowdown.com/gen7randomdoublesbattle-865046831.json

Or, if you only need the log itself, add `.log` instead:

https://replay.pokemonshowdown.com/gen7randomdoublesbattle-865046831.log

-->

<link rel="stylesheet" href="//pokemonshowdown.com/style/global.css?0.023195364461161105" />
<link rel="stylesheet" href="//play.pokemonshowdown.com/style/font-awesome.css?0.13261647063804238" />
<link rel="stylesheet" href="//play.pokemonshowdown.com/style/battle.css?0.8753245789963631" />
<link rel="stylesheet" href="//play.pokemonshowdown.com/style/utilichart.css?0.8627959624976733" />

<!-- Global site tag (gtag.js) - Google Analytics -->
<script async src="https://www.googletagmanager.com/gtag/js?id=UA-26211653-1"></script>
<script>
  window.dataLayer = window.dataLayer || [];
  function gtag(){dataLayer.push(arguments);}
  gtag('js', new Date());

  gtag('config', 'UA-26211653-1');
</script>
<!-- End Google Analytics -->
<!-- Venatus Ad Manager - Install in <HEAD> of page -->
	<script src="https://hb.vntsm.com/v3/live/ad-manager.min.js" type="text/javascript" data-site-id="642aba63ec9a7b11c3c9c1be" data-mode="scan" async></script>
<!-- / Venatus Ad Manager -->

<style>
	@media (max-width:820px) {
		.battle {
			margin: 0 auto;
		}
		.battle-log {
			margin: 7px auto 0;
			max-width: 640px;
			height: 300px;
			position: static;
		}
	}
	.optgroup {
		display: inline-block;
		line-height: 22px;
		font-size: 10pt;
	}
	.optgroup .button {
		height: 25px;
		padding-top: 0;
		padding-bottom: 0;
	}
	.optgroup button.button {
		padding-left: 12px;
		padding-right: 12px;
	}
	.linklist {
		list-style: none;
		margin: 0.5em 0;
		padding: 0;
	}
	.linklist li {
		padding: 2px 0;
	}
	.sidebar {
		float: left;
		width: 320px;
	}
	.bar-wrapper {
		max-width: 1100px;
		margin: 0 auto;
	}
	.bar-wrapper.has-sidebar {
		max-width: 1430px;
	}
	.mainbar {
		margin: 0;
		padding-right: 1px;
	}
	.mainbar.has-sidebar {
		margin-left: 330px;
	}
	@media (min-width: 1511px) {
		.sidebar {
			width: 400px;
		}
		.bar-wrapper.has-sidebar {
			max-width: 1510px;
		}
		.mainbar.has-sidebar {
			margin-left: 410px;
		}
	}
	.section.first-section {
		margin-top: 9px;
	}
	.blocklink small {
		white-space: normal;
	}
	.button {
		vertical-align: middle;
	}
	.replay-controls {
		padding-top: 10px;
	}
	.replay-controls h1 {
		font-size: 16pt;
		font-weight: normal;
		color: #CCC;
	}
	.pagelink {
		text-align: center;
	}
	.pagelink a {
		width: 150px;
	}
	.textbox, .button {
		font-size: 11pt;
		vertical-align: middle;
	}
	@media (max-width: 450px) {
		.button {
			font-size: 9pt;
		}
	}
</style>

<div>

	<header>
		<div class="nav-wrapper"><ul class="nav">
			<li><a class="button nav-first" href="//pokemonshowdown.com/"><img src="//pokemonshowdown.com/images/pokemonshowdownbeta.png" srcset="//pokemonshowdown.com/images/pokemonshowdownbeta.png 1x, //pokemonshowdown.com/images/pokemonshowdownbeta@2x.png 2x" alt="Pok&eacute;mon Showdown" width="146" height="44" /> Home</a></li>
			<li><a class="button" href="//pokemonshowdown.com/dex/">Pok&eacute;dex</a></li>
			<li><a class="button cur" href="/">Replays</a></li>
			<li><a class="button" href="//pokemonshowdown.com/ladder/">Ladder</a></li>
			<li><a class="button nav-last" href="//pokemonshowdown.com/forums/">Forum</a></li>
			<li><a class="button greenbutton nav-first nav-last" href="//play.pokemonshowdown.com/">Play</a></li>
		</ul></div>
	</header>

	<div class="main" id="main">

		<noscript><section class="section">You need to enable JavaScript to use this page; sorry!</section></noscript>

	</div>

</div>

<script defer nomodule src="//play.pokemonshowdown.com/js/lib/ps-polyfill.js"></script>
<script defer src="//play.pokemonshowdown.com/js/lib/preact.min.js"></script>

<script defer src="//play.pokemonshowdown.com/config/config.js?2bddbc15"></script>
<script defer src="//play.pokemonshowdown.com/js/lib/jquery-1.11.0.min.js"></script>
<script defer src="//play.pokemonshowdown.com/js/lib/html-sanitizer-minified.js"></script>
<script defer src="//play.pokemonshowdown.com/js/battle-sound.js"></script>
<script defer src="//play.pokemonshowdown.com/js/battledata.js?0.7209276989879541"></script>
<script defer src="//play.pokemonshowdown.com/data/pokedex-mini.js?0.6111056340867951"></script>
<script defer src="//play.pokemonshowdown.com/data/pokedex-mini-bw.js?0.3532142036491459"></script>
<script defer src="//play.pokemonshowdown.com/data/graphics.js?0.24223875632456182"></script>
<script defer src="//play.pokemonshowdown.com/data/pokedex.js?0.38839984266356864"></script>
<script defer src="//play.pokemonshowdown.com/data/moves.js?0.21866028504024015"></script>
<script defer src="//play.pokemonshowdown.com/data/abilities.js?0.2005157953846628"></script>
<script defer src="//play.pokemonshowdown.com/data/items.js?0.9894211263848525"></script>
<script defer src="//play.pokemonshowdown.com/data/teambuilder-tables.js?0.6008791140282215"></script>
<script defer src="//play.pokemonshowdown.com/js/battle-tooltips.js?0.7580118955022959"></script>
<script defer src="//play.pokemonshowdown.com/js/battle.js?0.6057722274234274"></script>

<script defer src="js/utils.js?e31f9a17"></script>
<script defer src="js/replays-battle.js?7008c182"></script>

<!-- don't scrape this data! just add .json or .log after the URL!
Full API docs: https://github.com/smogon/pokemon-showdown-client/blob/master/WEB-API.md -->
<script type="text/plain" class="log" id="replaylog-smogtours-gen3ou-797014">
|inactive|Battle timer is ON: inactive players will automatically lose when time's up.
|t:|1728593855
|gametype|singles
|player|p1|That one guy774|170|
|player|p2|shadowinger|265|
|teamsize|p1|6
|teamsize|p2|6
|gen|3
|tier|[Gen 3] OU
|rule|Sleep Clause Mod: Limit one foe put to sleep
|rule|Switch Priority Clause Mod: Faster Pokémon switch first
|rule|Species Clause: Limit one of each Pokémon
|rule|OHKO Clause: OHKO moves are banned
|rule|Evasion Items Clause: Evasion items are banned
|rule|Evasion Moves Clause: Evasion moves are banned
|rule|Endless Battle Clause: Forcing endless battles is banned
|rule|HP Percentage Mod: HP is shown in percentages
|rule|One Boost Passer Clause: Limit one Baton Passer that has a way to boost its stats
|rule|Freeze Clause Mod: Limit one foe frozen
|
|t:|1728593855
|start
|switch|p1a: Tyranitar|Tyranitar, M|100/100
|switch|p2a: Tyranitar|Tyranitar, F|100/100
|-weather|Sandstorm|[from] ability: Sand Stream|[of] p1a: Tyranitar
|turn|1
|inactive|That one guy774 disconnected and has 300 seconds to reconnect!
|player|p1|
|inactive|That one guy774 has 270 seconds to reconnect!
|inactive|That one guy774 has 240 seconds to reconnect!
|inactive|That one guy774 reconnected and has 300 seconds left.
|player|p1|That one guy774|170|
|
|t:|1728593924
|switch|p2a: Skarmory|Skarmory, F|100/100
|move|p1a: Tyranitar|Brick Break|p2a: Skarmory
|-damage|p2a: Skarmory|84/100
|
|-weather|Sandstorm|[upkeep]
|-heal|p2a: Skarmory|90/100|[from] item: Leftovers
|upkeep
|turn|2
|
|t:|1728593931
|move|p1a: Tyranitar|Fire Blast|p2a: Skarmory
|-supereffective|p2a: Skarmory
|-damage|p2a: Skarmory|31/100
|move|p2a: Skarmory|Spikes|p1a: Tyranitar
|-sidestart|p1: That one guy774|Spikes
|
|-weather|Sandstorm|[upkeep]
|-heal|p2a: Skarmory|37/100|[from] item: Leftovers
|upkeep
|turn|3
|
|t:|1728593950
|switch|p2a: Salamence|Salamence, F|100/100
|-ability|p2a: Salamence|Intimidate|boost
|-unboost|p1a: Tyranitar|atk|1
|move|p1a: Tyranitar|Fire Blast|p2a: Salamence
|-resisted|p2a: Salamence
|-damage|p2a: Salamence|79/100
|-status|p2a: Salamence|brn
|
|-weather|Sandstorm|[upkeep]
|-damage|p2a: Salamence|73/100 brn|[from] Sandstorm
|-heal|p2a: Salamence|79/100 brn|[from] item: Leftovers
|-damage|p2a: Salamence|66/100 brn|[from] brn
|upkeep
|turn|4
|
|t:|1728593976
|switch|p1a: Swampert|Swampert, F|100/100
|-damage|p1a: Swampert|88/100|[from] Spikes
|move|p2a: Salamence|Brick Break|p1a: Swampert
|-damage|p1a: Swampert|78/100
|
|-weather|Sandstorm|[upkeep]
|-damage|p2a: Salamence|60/100 brn|[from] Sandstorm
|-heal|p2a: Salamence|66/100 brn|[from] item: Leftovers
|-damage|p2a: Salamence|54/100 brn|[from] brn
|-heal|p1a: Swampert|84/100|[from] item: Leftovers
|upkeep
|turn|5
|
|t:|1728593987
|switch|p2a: Celebi|Celebi|100/100
|move|p1a: Swampert|Hydro Pump|p2a: Celebi
|-resisted|p2a: Celebi
|-damage|p2a: Celebi|84/100
|
|-weather|Sandstorm|[upkeep]
|-damage|p2a: Celebi|78/100|[from] Sandstorm
|-heal|p2a: Celebi|84/100|[from] item: Leftovers
|-heal|p1a: Swampert|90/100|[from] item: Leftovers
|upkeep
|turn|6
|
|t:|1728593999
|switch|p1a: Skarmory|Skarmory, M|100/100
|move|p2a: Celebi|Leech Seed|p1a: Skarmory
|-start|p1a: Skarmory|move: Leech Seed
|
|-weather|Sandstorm|[upkeep]
|-damage|p2a: Celebi|78/100|[from] Sandstorm
|-heal|p2a: Celebi|84/100|[from] item: Leftovers
|-damage|p1a: Skarmory|88/100|[from] Leech Seed|[of] p2a: Celebi
|-heal|p2a: Celebi|95/100|[silent]
|upkeep
|turn|7
|
|t:|1728594005
|switch|p2a: Skarmory|Skarmory, F|37/100
|move|p1a: Skarmory|Spikes|p2a: Skarmory
|-sidestart|p2: shadowinger|Spikes
|
|-weather|Sandstorm|[upkeep]
|-heal|p1a: Skarmory|94/100|[from] item: Leftovers
|-damage|p1a: Skarmory|82/100|[from] Leech Seed|[of] p2a: Skarmory
|-heal|p2a: Skarmory|49/100|[silent]
|-heal|p2a: Skarmory|55/100|[from] item: Leftovers
|upkeep
|turn|8
|
|t:|1728594021
|switch|p1a: Gengar|Gengar, F, shiny|100/100
|move|p2a: Skarmory|Spikes|p1a: Gengar
|-sidestart|p1: That one guy774|Spikes
|
|-weather|Sandstorm|[upkeep]
|-damage|p1a: Gengar|94/100|[from] Sandstorm
|-heal|p1a: Gengar|100/100|[from] item: Leftovers
|-heal|p2a: Skarmory|61/100|[from] item: Leftovers
|upkeep
|turn|9
|inactive|shadowinger has 270 seconds left.
|
|t:|1728594053
|move|p1a: Gengar|Fire Punch|p2a: Skarmory
|-supereffective|p2a: Skarmory
|-damage|p2a: Skarmory|9/100
|-status|p2a: Skarmory|brn
|move|p2a: Skarmory|Roar|p1a: Gengar
|drag|p1a: Blissey|Blissey, F|100/100
|-damage|p1a: Blissey|84/100|[from] Spikes
|
|-weather|Sandstorm|[upkeep]
|-damage|p1a: Blissey|78/100|[from] Sandstorm
|-heal|p2a: Skarmory|15/100 brn|[from] item: Leftovers
|-damage|p2a: Skarmory|2/100 brn|[from] brn
|-heal|p1a: Blissey|84/100|[from] item: Leftovers
|upkeep
|turn|10
|
|t:|1728594071
|move|p2a: Skarmory|Spikes|p1a: Blissey
|-sidestart|p1: That one guy774|Spikes
|move|p1a: Blissey|Wish|p1a: Blissey
|
|-weather|Sandstorm|[upkeep]
|-damage|p1a: Blissey|78/100|[from] Sandstorm
|-heal|p2a: Skarmory|8/100 brn|[from] item: Leftovers
|-damage|p2a: Skarmory|0 fnt|[from] brn
|faint|p2a: Skarmory
|-heal|p1a: Blissey|84/100|[from] item: Leftovers
|upkeep
|inactive|shadowinger has 270 seconds left.
|
|t:|1728594087
|switch|p2a: Metagross|Metagross|100/100
|-damage|p2a: Metagross|88/100|[from] Spikes
|turn|11
|
|t:|1728594100
|switch|p1a: Skarmory|Skarmory, M|82/100
|move|p2a: Metagross|Meteor Mash|p1a: Skarmory
|-resisted|p1a: Skarmory
|-damage|p1a: Skarmory|59/100
|
|-heal|p1a: Skarmory|100/100|[from] move: Wish|[wisher] Blissey
|-weather|Sandstorm|[upkeep]
|-heal|p2a: Metagross|94/100|[from] item: Leftovers
|upkeep
|turn|12
|
|t:|1728594112
|switch|p2a: Starmie|Starmie|100/100
|-damage|p2a: Starmie|88/100|[from] Spikes
|move|p1a: Skarmory|Spikes|p2a: Starmie
|-sidestart|p2: shadowinger|Spikes
|
|-weather|Sandstorm|[upkeep]
|-damage|p2a: Starmie|82/100|[from] Sandstorm
|-heal|p2a: Starmie|88/100|[from] item: Leftovers
|upkeep
|turn|13
|
|t:|1728594120
|move|p1a: Skarmory|Protect|p1a: Skarmory
|-singleturn|p1a: Skarmory|Protect
|move|p2a: Starmie|Hydro Pump|p1a: Skarmory
|-activate|p1a: Skarmory|Protect
|
|-weather|Sandstorm|[upkeep]
|-damage|p2a: Starmie|82/100|[from] Sandstorm
|-heal|p2a: Starmie|88/100|[from] item: Leftovers
|upkeep
|turn|14
|
|t:|1728594130
|switch|p1a: Blissey|Blissey, F|84/100
|-damage|p1a: Blissey|59/100|[from] Spikes
|move|p2a: Starmie|Hydro Pump|p1a: Blissey
|-damage|p1a: Blissey|39/100
|
|-weather|Sandstorm|[upkeep]
|-damage|p2a: Starmie|82/100|[from] Sandstorm
|-damage|p1a: Blissey|32/100|[from] Sandstorm
|-heal|p2a: Starmie|88/100|[from] item: Leftovers
|-heal|p1a: Blissey|39/100|[from] item: Leftovers
|upkeep
|turn|15
|
|t:|1728594136
|move|p2a: Starmie|Rapid Spin|p1a: Blissey
|-damage|p1a: Blissey|36/100
|-sideend|p2: shadowinger|Spikes|[from] move: Rapid Spin|[of] p2a: Starmie
|move|p1a: Blissey|Wish|p1a: Blissey
|
|-weather|Sandstorm|[upkeep]
|-damage|p2a: Starmie|82/100|[from] Sandstorm
|-damage|p1a: Blissey|30/100|[from] Sandstorm
|-heal|p2a: Starmie|88/100|[from] item: Leftovers
|-heal|p1a: Blissey|36/100|[from] item: Leftovers
|upkeep
|turn|16
|
|t:|1728594146
|switch|p2a: Tyranitar|Tyranitar, F|100/100
|move|p1a: Blissey|Ice Beam|p2a: Tyranitar
|-damage|p2a: Tyranitar|77/100
|
|-heal|p1a: Blissey|86/100|[from] move: Wish|[wisher] Blissey
|-weather|Sandstorm|[upkeep]
|-damage|p1a: Blissey|80/100|[from] Sandstorm
|-heal|p1a: Blissey|86/100|[from] item: Leftovers
|upkeep
|turn|17
|inactive|That one guy774 has 270 seconds left.
|
|t:|1728594197
|switch|p1a: Swampert|Swampert, F|90/100
|-damage|p1a: Swampert|66/100|[from] Spikes
|move|p2a: Tyranitar|Dragon Dance|p2a: Tyranitar
|-boost|p2a: Tyranitar|atk|1
|-boost|p2a: Tyranitar|spe|1
|
|-weather|Sandstorm|[upkeep]
|-heal|p1a: Swampert|72/100|[from] item: Leftovers
|upkeep
|turn|18
|
|t:|1728594204
|switch|p2a: Celebi|Celebi|95/100
|move|p1a: Swampert|Earthquake|p2a: Celebi
|-resisted|p2a: Celebi
|-damage|p2a: Celebi|78/100
|
|-weather|Sandstorm|[upkeep]
|-damage|p2a: Celebi|72/100|[from] Sandstorm
|-heal|p2a: Celebi|78/100|[from] item: Leftovers
|-heal|p1a: Swampert|78/100|[from] item: Leftovers
|upkeep
|turn|19
|
|t:|1728594212
|move|p1a: Swampert|Protect|p1a: Swampert
|-singleturn|p1a: Swampert|Protect
|move|p2a: Celebi|Leech Seed|p1a: Swampert
|-activate|p1a: Swampert|Protect
|
|-weather|Sandstorm|[upkeep]
|-damage|p2a: Celebi|72/100|[from] Sandstorm
|-heal|p2a: Celebi|78/100|[from] item: Leftovers
|-heal|p1a: Swampert|84/100|[from] item: Leftovers
|upkeep
|turn|20
|
|t:|1728594222
|switch|p1a: Skarmory|Skarmory, M|100/100
|move|p2a: Celebi|Leech Seed|p1a: Skarmory
|-start|p1a: Skarmory|move: Leech Seed
|
|-weather|Sandstorm|[upkeep]
|-damage|p2a: Celebi|72/100|[from] Sandstorm
|-heal|p2a: Celebi|78/100|[from] item: Leftovers
|-damage|p1a: Skarmory|88/100|[from] Leech Seed|[of] p2a: Celebi
|-heal|p2a: Celebi|88/100|[silent]
|upkeep
|turn|21
|
|t:|1728594227
|move|p2a: Celebi|Hidden Power|p1a: Skarmory
|-supereffective|p1a: Skarmory
|-damage|p1a: Skarmory|51/100
|move|p1a: Skarmory|Spikes|p2a: Celebi
|-sidestart|p2: shadowinger|Spikes
|
|-weather|Sandstorm|[upkeep]
|-damage|p2a: Celebi|82/100|[from] Sandstorm
|-heal|p2a: Celebi|88/100|[from] item: Leftovers
|-heal|p1a: Skarmory|57/100|[from] item: Leftovers
|-damage|p1a: Skarmory|45/100|[from] Leech Seed|[of] p2a: Celebi
|-heal|p2a: Celebi|99/100|[silent]
|upkeep
|turn|22
|inactive|That one guy774 has 270 seconds left.
|
|t:|1728594235
|move|p2a: Celebi|Hidden Power|p1a: Skarmory
|-supereffective|p1a: Skarmory
|-damage|p1a: Skarmory|4/100
|move|p1a: Skarmory|Toxic|p2a: Celebi
|-status|p2a: Celebi|tox
|
|-weather|Sandstorm|[upkeep]
|-damage|p2a: Celebi|93/100 tox|[from] Sandstorm
|-heal|p2a: Celebi|99/100 tox|[from] item: Leftovers
|-damage|p2a: Celebi|93/100 tox|[from] psn
|-heal|p1a: Skarmory|10/100|[from] item: Leftovers
|-damage|p1a: Skarmory|0 fnt|[from] Leech Seed|[of] p2a: Celebi
|-heal|p2a: Celebi|100/100 tox|[silent]
|faint|p1a: Skarmory
|upkeep
|inactive|That one guy774 has 270 seconds left.
|
|t:|1728594254
|switch|p1a: Tyranitar|Tyranitar, M|100/100
|-damage|p1a: Tyranitar|75/100|[from] Spikes
|turn|23
|
|t:|1728594273
|-curestatus|p2a: Celebi|tox|[from] ability: Natural Cure
|switch|p2a: Salamence|Salamence, F|54/100 brn
|-ability|p2a: Salamence|Intimidate|boost
|-unboost|p1a: Tyranitar|atk|1
|move|p1a: Tyranitar|Hidden Power|p2a: Salamence
|-resisted|p2a: Salamence
|-damage|p2a: Salamence|48/100 brn
|
|-weather|Sandstorm|[upkeep]
|-damage|p2a: Salamence|42/100 brn|[from] Sandstorm
|-heal|p2a: Salamence|48/100 brn|[from] item: Leftovers
|-damage|p2a: Salamence|36/100 brn|[from] brn
|upkeep
|turn|24
|inactive|That one guy774 has 240 seconds left.
|
|t:|1728594316
|move|p2a: Salamence|Brick Break|p1a: Tyranitar
|-supereffective|p1a: Tyranitar
|-damage|p1a: Tyranitar|11/100
|move|p1a: Tyranitar|Rock Slide|p2a: Salamence
|-supereffective|p2a: Salamence
|-damage|p2a: Salamence|0 fnt
|faint|p2a: Salamence
|
|t:|1728594325
|switch|p2a: Celebi|Celebi|100/100
|-damage|p2a: Celebi|88/100|[from] Spikes
|
|-weather|Sandstorm|[upkeep]
|-damage|p2a: Celebi|82/100|[from] Sandstorm
|-heal|p2a: Celebi|88/100|[from] item: Leftovers
|upkeep
|turn|25
|
|t:|1728594329
|move|p2a: Celebi|Giga Drain|p1a: Tyranitar
|-supereffective|p1a: Tyranitar
|-damage|p1a: Tyranitar|0 fnt
|-heal|p2a: Celebi|93/100|[from] drain|[of] p1a: Tyranitar
|faint|p1a: Tyranitar
|
|t:|1728594332
|switch|p1a: Charizard|Charizard, M, shiny|100/100
|
|-weather|Sandstorm|[upkeep]
|-damage|p1a: Charizard|94/100|[from] Sandstorm
|-damage|p2a: Celebi|87/100|[from] Sandstorm
|-heal|p1a: Charizard|100/100|[from] item: Leftovers
|-heal|p2a: Celebi|93/100|[from] item: Leftovers
|upkeep
|turn|26
|
|t:|1728594342
|switch|p2a: Starmie|Starmie|88/100
|-damage|p2a: Starmie|76/100|[from] Spikes
|move|p1a: Charizard|Hidden Power|p2a: Starmie
|-supereffective|p2a: Starmie
|-damage|p2a: Starmie|15/100
|
|-weather|Sandstorm|[upkeep]
|-damage|p2a: Starmie|9/100|[from] Sandstorm
|-damage|p1a: Charizard|94/100|[from] Sandstorm
|-heal|p2a: Starmie|15/100|[from] item: Leftovers
|-heal|p1a: Charizard|100/100|[from] item: Leftovers
|upkeep
|turn|27
|inactive|That one guy774 has 240 seconds left.
|
|t:|1728594368
|switch|p1a: Blissey|Blissey, F|86/100
|-damage|p1a: Blissey|61/100|[from] Spikes
|move|p2a: Starmie|Hydro Pump|p1a: Blissey
|-damage|p1a: Blissey|41/100
|
|-weather|Sandstorm|[upkeep]
|-damage|p2a: Starmie|9/100|[from] Sandstorm
|-damage|p1a: Blissey|35/100|[from] Sandstorm
|-heal|p2a: Starmie|15/100|[from] item: Leftovers
|-heal|p1a: Blissey|41/100|[from] item: Leftovers
|upkeep
|turn|28
|inactive|That one guy774 has 240 seconds left.
|
|t:|1728594374
|move|p2a: Starmie|Rapid Spin|p1a: Blissey
|-damage|p1a: Blissey|38/100
|-sideend|p2: shadowinger|Spikes|[from] move: Rapid Spin|[of] p2a: Starmie
|move|p1a: Blissey|Wish|p1a: Blissey
|
|-weather|Sandstorm|[upkeep]
|-damage|p2a: Starmie|9/100|[from] Sandstorm
|-damage|p1a: Blissey|32/100|[from] Sandstorm
|-heal|p2a: Starmie|15/100|[from] item: Leftovers
|-heal|p1a: Blissey|38/100|[from] item: Leftovers
|upkeep
|turn|29
|
|t:|1728594382
|switch|p2a: Metagross|Metagross|94/100
|move|p1a: Blissey|Thunderbolt|p2a: Metagross
|-damage|p2a: Metagross|68/100
|
|-heal|p1a: Blissey|88/100|[from] move: Wish|[wisher] Blissey
|-weather|Sandstorm|[upkeep]
|-damage|p1a: Blissey|82/100|[from] Sandstorm
|-heal|p2a: Metagross|75/100|[from] item: Leftovers
|-heal|p1a: Blissey|88/100|[from] item: Leftovers
|upkeep
|turn|30
|inactive|That one guy774 has 240 seconds left.
|inactive|That one guy774 has 210 seconds left.
|
|t:|1728594443
|move|p2a: Metagross|Agility|p2a: Metagross
|-boost|p2a: Metagross|spe|2
|move|p1a: Blissey|Thunderbolt|p2a: Metagross
|-damage|p2a: Metagross|49/100
|-status|p2a: Metagross|par
|
|-weather|Sandstorm|[upkeep]
|-damage|p1a: Blissey|82/100|[from] Sandstorm
|-heal|p1a: Blissey|88/100|[from] item: Leftovers
|-heal|p2a: Metagross|55/100 par|[from] item: Leftovers
|upkeep
|turn|31
|
|t:|1728594456
|move|p1a: Blissey|Thunderbolt|p2a: Metagross
|-damage|p2a: Metagross|28/100 par
|move|p2a: Metagross|Meteor Mash|p1a: Blissey
|-damage|p1a: Blissey|26/100
|-boost|p2a: Metagross|atk|1
|
|-weather|Sandstorm|[upkeep]
|-damage|p1a: Blissey|20/100|[from] Sandstorm
|-heal|p1a: Blissey|26/100|[from] item: Leftovers
|-heal|p2a: Metagross|34/100 par|[from] item: Leftovers
|upkeep
|turn|32
|
|t:|1728594463
|move|p1a: Blissey|Thunderbolt|p2a: Metagross
|-damage|p2a: Metagross|6/100 par
|move|p2a: Metagross|Rock Slide|p1a: Blissey
|-crit|p1a: Blissey
|-damage|p1a: Blissey|0 fnt
|faint|p1a: Blissey
|
|t:|1728594469
|switch|p1a: Gengar|Gengar, F, shiny|100/100
|
|-weather|Sandstorm|[upkeep]
|-damage|p1a: Gengar|94/100|[from] Sandstorm
|-heal|p1a: Gengar|100/100|[from] item: Leftovers
|-heal|p2a: Metagross|12/100 par|[from] item: Leftovers
|upkeep
|turn|33
|inactive|That one guy774 has 210 seconds left.
|
|t:|1728594480
|move|p1a: Gengar|Fire Punch|p2a: Metagross
|-supereffective|p2a: Metagross
|-damage|p2a: Metagross|0 fnt
|faint|p2a: Metagross
|
|t:|1728594491
|switch|p2a: Celebi|Celebi|93/100
|
|-weather|Sandstorm|[upkeep]
|-damage|p1a: Gengar|94/100|[from] Sandstorm
|-damage|p2a: Celebi|87/100|[from] Sandstorm
|-heal|p1a: Gengar|100/100|[from] item: Leftovers
|-heal|p2a: Celebi|93/100|[from] item: Leftovers
|upkeep
|turn|34
|
|t:|1728594499
|move|p1a: Gengar|Fire Punch|p2a: Celebi
|-supereffective|p2a: Celebi
|-damage|p2a: Celebi|46/100
|move|p2a: Celebi|Psychic|p1a: Gengar
|-supereffective|p1a: Gengar
|-damage|p1a: Gengar|0 fnt
|faint|p1a: Gengar
|
|t:|1728594508
|switch|p1a: Charizard|Charizard, M, shiny|100/100
|
|-weather|Sandstorm|[upkeep]
|-damage|p1a: Charizard|94/100|[from] Sandstorm
|-damage|p2a: Celebi|40/100|[from] Sandstorm
|-heal|p1a: Charizard|100/100|[from] item: Leftovers
|-heal|p2a: Celebi|46/100|[from] item: Leftovers
|upkeep
|turn|35
|
|t:|1728594510
|move|p1a: Charizard|Fire Blast|p2a: Celebi
|-supereffective|p2a: Celebi
|-damage|p2a: Celebi|0 fnt
|faint|p2a: Celebi
|
|t:|1728594513
|switch|p2a: Starmie|Starmie|15/100
|
|-weather|Sandstorm|[upkeep]
|-damage|p2a: Starmie|9/100|[from] Sandstorm
|-damage|p1a: Charizard|94/100|[from] Sandstorm
|-heal|p2a: Starmie|15/100|[from] item: Leftovers
|-heal|p1a: Charizard|100/100|[from] item: Leftovers
|upkeep
|turn|36
|
|t:|1728594518
|switch|p1a: Swampert|Swampert, F|84/100
|-damage|p1a: Swampert|59/100|[from] Spikes
|move|p2a: Starmie|Hydro Pump|p1a: Swampert
|-damage|p1a: Swampert|11/100
|
|-weather|Sandstorm|[upkeep]
|-damage|p2a: Starmie|9/100|[from] Sandstorm
|-heal|p2a: Starmie|15/100|[from] item: Leftovers
|-heal|p1a: Swampert|17/100|[from] item: Leftovers
|upkeep
|turn|37
|inactive|That one guy774 has 240 seconds left.
|
|t:|1728594529
|move|p2a: Starmie|Ice Beam|p1a: Swampert
|-damage|p1a: Swampert|0 fnt
|faint|p1a: Swampert
|
|t:|1728594532
|switch|p1a: Charizard|Charizard, M, shiny|100/100
|
|-weather|Sandstorm|[upkeep]
|-damage|p2a: Starmie|9/100|[from] Sandstorm
|-damage|p1a: Charizard|94/100|[from] Sandstorm
|-heal|p2a: Starmie|15/100|[from] item: Leftovers
|-heal|p1a: Charizard|100/100|[from] item: Leftovers
|upkeep
|turn|38
|
|t:|1728594535
|move|p2a: Starmie|Hydro Pump|p1a: Charizard
|-supereffective|p1a: Charizard
|-damage|p1a: Charizard|0 fnt
|faint|p1a: Charizard
|
|win|shadowinger
|c|☆shadowinger|gg

</script>
<script type="application/json" class="data" id="replaydata-smogtours-gen3ou-797014">
{"id":"smogtours-gen3ou-797014","format":"[Gen 3] OU","players":["That one guy774","shadowinger"],"uploadtime":1728594535,"views":73,"formatid":"gen3ou","rating":null,"private":0,"password":null}
</script>

<script defer src="js/replays.js?9d40a366"></script>
