<!DOCTYPE html>
<meta charset="utf-8" />
<meta name="viewport" content="width=device-width" />

<title>[Gen 3] OU: Genexys vs. Tasmanian Demon - Replays - Pok&eacute;mon Showdown!</title>

<meta name="description" content="Watch a replay of a Pok&eacute;mon battle between Genexys and Tasmanian Demon! Format: [Gen 3] OU; Date: Oct 10, 2024" />
<!--

Hey, you! Looking in the source for the replay log?

You can find them in JSON format, just add `.json` at the end of a replay URL.

https://replay.pokemonshowdown.com/gen7randomdoublesbattle-865046831.json

Or, if you only need the log itself, add `.log` instead:

https://replay.pokemonshowdown.com/gen7randomdoublesbattle-865046831.log

-->

<link rel="stylesheet" href="//pokemonshowdown.com/style/global.css?0.023195364461161105" />
<link rel="stylesheet" href="//play.pokemonshowdown.com/style/font-awesome.css?0.13261647063804238" />
<link rel="stylesheet" href="//play.pokemonshowdown.com/style/battle.css?0.8753245789963631" />
<link rel="stylesheet" href="//play.pokemonshowdown.com/style/utilichart.css?0.8627959624976733" />

<!-- Global site tag (gtag.js) - Google Analytics -->
<script async src="https://www.googletagmanager.com/gtag/js?id=UA-26211653-1"></script>
<script>
  window.dataLayer = window.dataLayer || [];
  function gtag(){dataLayer.push(arguments);}
  gtag('js', new Date());

  gtag('config', 'UA-26211653-1');
</script>
<!-- End Google Analytics -->
<!-- Venatus Ad Manager - Install in <HEAD> of page -->
	<script src="https://hb.vntsm.com/v3/live/ad-manager.min.js" type="text/javascript" data-site-id="642aba63ec9a7b11c3c9c1be" data-mode="scan" async></script>
<!-- / Venatus Ad Manager -->

<style>
	@media (max-width:820px) {
		.battle {
			margin: 0 auto;
		}
		.battle-log {
			margin: 7px auto 0;
			max-width: 640px;
			height: 300px;
			position: static;
		}
	}
	.optgroup {
		display: inline-block;
		line-height: 22px;
		font-size: 10pt;
	}
	.optgroup .button {
		height: 25px;
		padding-top: 0;
		padding-bottom: 0;
	}
	.optgroup button.button {
		padding-left: 12px;
		padding-right: 12px;
	}
	.linklist {
		list-style: none;
		margin: 0.5em 0;
		padding: 0;
	}
	.linklist li {
		padding: 2px 0;
	}
	.sidebar {
		float: left;
		width: 320px;
	}
	.bar-wrapper {
		max-width: 1100px;
		margin: 0 auto;
	}
	.bar-wrapper.has-sidebar {
		max-width: 1430px;
	}
	.mainbar {
		margin: 0;
		padding-right: 1px;
	}
	.mainbar.has-sidebar {
		margin-left: 330px;
	}
	@media (min-width: 1511px) {
		.sidebar {
			width: 400px;
		}
		.bar-wrapper.has-sidebar {
			max-width: 1510px;
		}
		.mainbar.has-sidebar {
			margin-left: 410px;
		}
	}
	.section.first-section {
		margin-top: 9px;
	}
	.blocklink small {
		white-space: normal;
	}
	.button {
		vertical-align: middle;
	}
	.replay-controls {
		padding-top: 10px;
	}
	.replay-controls h1 {
		font-size: 16pt;
		font-weight: normal;
		color: #CCC;
	}
	.pagelink {
		text-align: center;
	}
	.pagelink a {
		width: 150px;
	}
	.textbox, .button {
		font-size: 11pt;
		vertical-align: middle;
	}
	@media (max-width: 450px) {
		.button {
			font-size: 9pt;
		}
	}
</style>

<div>

	<header>
		<div class="nav-wrapper"><ul class="nav">
			<li><a class="button nav-first" href="//pokemonshowdown.com/"><img src="//pokemonshowdown.com/images/pokemonshowdownbeta.png" srcset="//pokemonshowdown.com/images/pokemonshowdownbeta.png 1x, //pokemonshowdown.com/images/pokemonshowdownbeta@2x.png 2x" alt="Pok&eacute;mon Showdown" width="146" height="44" /> Home</a></li>
			<li><a class="button" href="//pokemonshowdown.com/dex/">Pok&eacute;dex</a></li>
			<li><a class="button cur" href="/">Replays</a></li>
			<li><a class="button" href="//pokemonshowdown.com/ladder/">Ladder</a></li>
			<li><a class="button nav-last" href="//pokemonshowdown.com/forums/">Forum</a></li>
			<li><a class="button greenbutton nav-first nav-last" href="//play.pokemonshowdown.com/">Play</a></li>
		</ul></div>
	</header>

	<div class="main" id="main">

		<noscript><section class="section">You need to enable JavaScript to use this page; sorry!</section></noscript>

	</div>

</div>

<script defer nomodule src="//play.pokemonshowdown.com/js/lib/ps-polyfill.js"></script>
<script defer src="//play.pokemonshowdown.com/js/lib/preact.min.js"></script>

<script defer src="//play.pokemonshowdown.com/config/config.js?2bddbc15"></script>
<script defer src="//play.pokemonshowdown.com/js/lib/jquery-1.11.0.min.js"></script>
<script defer src="//play.pokemonshowdown.com/js/lib/html-sanitizer-minified.js"></script>
<script defer src="//play.pokemonshowdown.com/js/battle-sound.js"></script>
<script defer src="//play.pokemonshowdown.com/js/battledata.js?0.7209276989879541"></script>
<script defer src="//play.pokemonshowdown.com/data/pokedex-mini.js?0.6111056340867951"></script>
<script defer src="//play.pokemonshowdown.com/data/pokedex-mini-bw.js?0.3532142036491459"></script>
<script defer src="//play.pokemonshowdown.com/data/graphics.js?0.24223875632456182"></script>
<script defer src="//play.pokemonshowdown.com/data/pokedex.js?0.38839984266356864"></script>
<script defer src="//play.pokemonshowdown.com/data/moves.js?0.21866028504024015"></script>
<script defer src="//play.pokemonshowdown.com/data/abilities.js?0.2005157953846628"></script>
<script defer src="//play.pokemonshowdown.com/data/items.js?0.9894211263848525"></script>
<script defer src="//play.pokemonshowdown.com/data/teambuilder-tables.js?0.6008791140282215"></script>
<script defer src="//play.pokemonshowdown.com/js/battle-tooltips.js?0.7580118955022959"></script>
<script defer src="//play.pokemonshowdown.com/js/battle.js?0.6057722274234274"></script>

<script defer src="js/utils.js?e31f9a17"></script>
<script defer src="js/replays-battle.js?7008c182"></script>

<!-- don't scrape this data! just add .json or .log after the URL!
Full API docs: https://github.com/smogon/pokemon-showdown-client/blob/master/WEB-API.md -->
<script type="text/plain" class="log" id="replaylog-smogtours-gen3ou-797042">
|inactive|Battle timer is ON: inactive players will automatically lose when time's up.
|t:|1728597882
|gametype|singles
|player|p1|Genexys|ghetsis|
|player|p2|Tasmanian Demon|rood|
|teamsize|p1|6
|teamsize|p2|6
|gen|3
|tier|[Gen 3] OU
|rule|Sleep Clause Mod: Limit one foe put to sleep
|rule|Switch Priority Clause Mod: Faster Pokémon switch first
|rule|Species Clause: Limit one of each Pokémon
|rule|OHKO Clause: OHKO moves are banned
|rule|Evasion Items Clause: Evasion items are banned
|rule|Evasion Moves Clause: Evasion moves are banned
|rule|Endless Battle Clause: Forcing endless battles is banned
|rule|HP Percentage Mod: HP is shown in percentages
|rule|One Boost Passer Clause: Limit one Baton Passer that has a way to boost its stats
|rule|Freeze Clause Mod: Limit one foe frozen
|
|t:|1728597882
|start
|switch|p1a: Crackdos|Zapdos|100/100
|switch|p2a: Hariyama|Hariyama, F|100/100
|turn|1
|c|☆Genexys|glhf
|
|t:|1728597890
|switch|p1a: Nihilanth|Celebi|100/100
|move|p2a: Hariyama|Rock Slide|p1a: Nihilanth
|-damage|p1a: Nihilanth|81/100
|
|-heal|p1a: Nihilanth|87/100|[from] item: Leftovers
|upkeep
|turn|2
|
|t:|1728597902
|switch|p2a: Regice|Regice|100/100
|move|p1a: Nihilanth|Calm Mind|p1a: Nihilanth
|-boost|p1a: Nihilanth|spa|1
|-boost|p1a: Nihilanth|spd|1
|
|-heal|p1a: Nihilanth|93/100|[from] item: Leftovers
|upkeep
|turn|3
|
|t:|1728597913
|move|p1a: Nihilanth|Calm Mind|p1a: Nihilanth
|-boost|p1a: Nihilanth|spa|1
|-boost|p1a: Nihilanth|spd|1
|move|p2a: Regice|Thunder Wave|p1a: Nihilanth
|-status|p1a: Nihilanth|par
|
|-heal|p1a: Nihilanth|99/100 par|[from] item: Leftovers
|upkeep
|turn|4
|
|t:|1728597915
|move|p2a: Regice|Ice Beam|p1a: Nihilanth
|-supereffective|p1a: Nihilanth
|-damage|p1a: Nihilanth|63/100 par
|move|p1a: Nihilanth|Baton Pass|p1a: Nihilanth
|
|t:|1728597918
|-curestatus|p1a: Nihilanth|par|[from] ability: Natural Cure
|switch|p1a: MetaGROSS #OWNED|Metagross, shiny|100/100|[from] Baton Pass
|
|upkeep
|turn|5
|
|t:|1728597931
|move|p1a: MetaGROSS #OWNED|Meteor Mash|p2a: Regice
|-supereffective|p2a: Regice
|-damage|p2a: Regice|0 fnt
|-boost|p1a: MetaGROSS #OWNED|atk|1
|faint|p2a: Regice
|
|t:|1728597946
|switch|p2a: Aerodactyl|Aerodactyl, F|100/100
|
|upkeep
|turn|6
|
|t:|1728597954
|switch|p1a: Crackdos|Zapdos|100/100
|move|p2a: Aerodactyl|Earthquake|p1a: Crackdos
|-immune|p1a: Crackdos
|
|upkeep
|turn|7
|
|t:|1728597959
|switch|p2a: Hariyama|Hariyama, F|100/100
|move|p1a: Crackdos|Substitute|p1a: Crackdos
|-start|p1a: Crackdos|Substitute
|-damage|p1a: Crackdos|76/100
|
|-heal|p1a: Crackdos|82/100|[from] item: Leftovers
|upkeep
|turn|8
|
|t:|1728597964
|move|p1a: Crackdos|Baton Pass|p1a: Crackdos
|
|t:|1728597965
|switch|p1a: Nihilanth|Celebi|63/100|[from] Baton Pass
|move|p2a: Hariyama|Rock Slide|p1a: Nihilanth
|-end|p1a: Nihilanth|Substitute
|
|-heal|p1a: Nihilanth|69/100|[from] item: Leftovers
|upkeep
|turn|9
|
|t:|1728597971
|move|p1a: Nihilanth|Psychic|p2a: Hariyama
|-supereffective|p2a: Hariyama
|-damage|p2a: Hariyama|38/100
|move|p2a: Hariyama|Hidden Power|p1a: Nihilanth
|-supereffective|p1a: Nihilanth
|-damage|p1a: Nihilanth|31/100
|
|-heal|p1a: Nihilanth|37/100|[from] item: Leftovers
|-heal|p2a: Hariyama|44/100|[from] item: Leftovers
|upkeep
|turn|10
|
|t:|1728597991
|switch|p2a: Zapdos|Zapdos|100/100
|move|p1a: Nihilanth|Psychic|p2a: Zapdos
|-damage|p2a: Zapdos|63/100
|
|-heal|p2a: Zapdos|69/100|[from] item: Leftovers
|-heal|p1a: Nihilanth|43/100|[from] item: Leftovers
|upkeep
|turn|11
|
|t:|1728598015
|switch|p1a: dookie|Dugtrio, F|100/100
|move|p2a: Zapdos|Thunderbolt|p1a: dookie
|-immune|p1a: dookie
|
|-heal|p2a: Zapdos|76/100|[from] item: Leftovers
|upkeep
|turn|12
|
|t:|1728598023
|switch|p2a: Swampert|Swampert, M|100/100
|move|p1a: dookie|Rock Slide|p2a: Swampert
|-resisted|p2a: Swampert
|-damage|p2a: Swampert|92/100
|
|-heal|p2a: Swampert|98/100|[from] item: Leftovers
|upkeep
|turn|13
|
|t:|1728598030
|switch|p1a: opium grand wizard|Suicune, shiny|100/100
|move|p2a: Swampert|Earthquake|p1a: opium grand wizard
|-damage|p1a: opium grand wizard|72/100
|
|-heal|p1a: opium grand wizard|78/100|[from] item: Leftovers
|-heal|p2a: Swampert|100/100|[from] item: Leftovers
|upkeep
|turn|14
|
|t:|1728598036
|switch|p2a: Zapdos|Zapdos|76/100
|move|p1a: opium grand wizard|Calm Mind|p1a: opium grand wizard
|-boost|p1a: opium grand wizard|spa|1
|-boost|p1a: opium grand wizard|spd|1
|
|-heal|p2a: Zapdos|82/100|[from] item: Leftovers
|-heal|p1a: opium grand wizard|84/100|[from] item: Leftovers
|upkeep
|turn|15
|
|t:|1728598041
|move|p2a: Zapdos|Thunderbolt|p1a: opium grand wizard
|-supereffective|p1a: opium grand wizard
|-damage|p1a: opium grand wizard|33/100
|-status|p1a: opium grand wizard|par
|move|p1a: opium grand wizard|Surf|p2a: Zapdos
|-damage|p2a: Zapdos|14/100
|
|-heal|p2a: Zapdos|21/100|[from] item: Leftovers
|-heal|p1a: opium grand wizard|40/100 par|[from] item: Leftovers
|upkeep
|turn|16
|
|t:|1728598052
|move|p2a: Zapdos|Thunderbolt|p1a: opium grand wizard
|-supereffective|p1a: opium grand wizard
|-damage|p1a: opium grand wizard|0 fnt
|faint|p1a: opium grand wizard
|
|t:|1728598054
|switch|p1a: Crackdos|Zapdos|82/100
|
|-heal|p1a: Crackdos|88/100|[from] item: Leftovers
|-heal|p2a: Zapdos|27/100|[from] item: Leftovers
|upkeep
|turn|17
|
|t:|1728598068
|switch|p2a: Claydol|Claydol|100/100
|move|p1a: Crackdos|Thunderbolt|p2a: Claydol
|-immune|p2a: Claydol
|
|-heal|p1a: Crackdos|94/100|[from] item: Leftovers
|upkeep
|turn|18
|
|t:|1728598075
|switch|p1a: Evil Wizard|Jirachi|100/100
|move|p2a: Claydol|Psychic|p1a: Evil Wizard
|-resisted|p1a: Evil Wizard
|-damage|p1a: Evil Wizard|96/100
|
|-heal|p1a: Evil Wizard|100/100|[from] item: Leftovers
|upkeep
|turn|19
|
|t:|1728598079
|move|p1a: Evil Wizard|Wish|p1a: Evil Wizard
|move|p2a: Claydol|Earthquake|p1a: Evil Wizard
|-supereffective|p1a: Evil Wizard
|-damage|p1a: Evil Wizard|57/100
|
|-heal|p1a: Evil Wizard|63/100|[from] item: Leftovers
|upkeep
|turn|20
|
|t:|1728598086
|move|p1a: Evil Wizard|Ice Punch|p2a: Claydol
|-supereffective|p2a: Claydol
|-damage|p2a: Claydol|70/100
|-status|p2a: Claydol|frz
|cant|p2a: Claydol|frz
|
|-heal|p1a: Evil Wizard|100/100|[from] move: Wish|[wisher] Evil Wizard
|-heal|p2a: Claydol|76/100 frz|[from] item: Leftovers
|upkeep
|turn|21
|c|☆Genexys|sorry
|
|t:|1728598093
|move|p1a: Evil Wizard|Calm Mind|p1a: Evil Wizard
|-boost|p1a: Evil Wizard|spa|1
|-boost|p1a: Evil Wizard|spd|1
|-curestatus|p2a: Claydol|frz|[msg]
|move|p2a: Claydol|Earthquake|p1a: Evil Wizard
|-supereffective|p1a: Evil Wizard
|-damage|p1a: Evil Wizard|53/100
|
|-heal|p1a: Evil Wizard|59/100|[from] item: Leftovers
|-heal|p2a: Claydol|82/100|[from] item: Leftovers
|upkeep
|turn|22
|
|t:|1728598100
|move|p1a: Evil Wizard|Ice Punch|p2a: Claydol
|-supereffective|p2a: Claydol
|-crit|p2a: Claydol
|-damage|p2a: Claydol|0 fnt
|faint|p2a: Claydol
|
|t:|1728598102
|switch|p2a: Aerodactyl|Aerodactyl, F|100/100
|
|-heal|p1a: Evil Wizard|66/100|[from] item: Leftovers
|upkeep
|turn|23
|
|t:|1728598108
|switch|p1a: dookie|Dugtrio, F|100/100
|move|p2a: Aerodactyl|Earthquake|p1a: dookie
|-damage|p1a: dookie|0 fnt
|faint|p1a: dookie
|
|t:|1728598114
|switch|p1a: Crackdos|Zapdos|94/100
|
|-heal|p1a: Crackdos|100/100|[from] item: Leftovers
|upkeep
|turn|24
|
|t:|1728598124
|switch|p2a: Zapdos|Zapdos|27/100
|move|p1a: Crackdos|Substitute|p1a: Crackdos
|-start|p1a: Crackdos|Substitute
|-damage|p1a: Crackdos|76/100
|
|-heal|p1a: Crackdos|82/100|[from] item: Leftovers
|-heal|p2a: Zapdos|33/100|[from] item: Leftovers
|upkeep
|turn|25
|
|t:|1728598126
|move|p1a: Crackdos|Thunderbolt|p2a: Zapdos
|-damage|p2a: Zapdos|0 fnt
|faint|p2a: Zapdos
|
|t:|1728598130
|switch|p2a: Hariyama|Hariyama, F|44/100
|
|-heal|p1a: Crackdos|88/100|[from] item: Leftovers
|-heal|p2a: Hariyama|50/100|[from] item: Leftovers
|upkeep
|turn|26
|
|t:|1728598135
|move|p1a: Crackdos|Thunderbolt|p2a: Hariyama
|-damage|p2a: Hariyama|4/100
|move|p2a: Hariyama|Rock Slide|p1a: Crackdos
|-supereffective|p1a: Crackdos
|-end|p1a: Crackdos|Substitute
|
|-heal|p1a: Crackdos|94/100|[from] item: Leftovers
|-heal|p2a: Hariyama|10/100|[from] item: Leftovers
|upkeep
|turn|27
|
|t:|1728598144
|move|p1a: Crackdos|Thunderbolt|p2a: Hariyama
|-damage|p2a: Hariyama|0 fnt
|faint|p2a: Hariyama
|
|t:|1728598146
|switch|p2a: Aerodactyl|Aerodactyl, F|100/100
|
|-heal|p1a: Crackdos|100/100|[from] item: Leftovers
|upkeep
|turn|28
|
|t:|1728598152
|switch|p1a: Evil Wizard|Jirachi|66/100
|move|p2a: Aerodactyl|Earthquake|p1a: Evil Wizard
|-supereffective|p1a: Evil Wizard
|-damage|p1a: Evil Wizard|11/100
|
|-heal|p1a: Evil Wizard|18/100|[from] item: Leftovers
|upkeep
|turn|29
|
|t:|1728598156
|move|p2a: Aerodactyl|Earthquake|p1a: Evil Wizard
|-supereffective|p1a: Evil Wizard
|-damage|p1a: Evil Wizard|0 fnt
|faint|p1a: Evil Wizard
|
|t:|1728598160
|switch|p1a: Crackdos|Zapdos|100/100
|
|upkeep
|turn|30
|
|t:|1728598163
|switch|p2a: Swampert|Swampert, M|100/100
|move|p1a: Crackdos|Baton Pass|p1a: Crackdos
|
|t:|1728598164
|switch|p1a: Nihilanth|Celebi|43/100|[from] Baton Pass
|
|-heal|p1a: Nihilanth|49/100|[from] item: Leftovers
|upkeep
|turn|31
|
|t:|1728598169
|move|p1a: Nihilanth|Calm Mind|p1a: Nihilanth
|-boost|p1a: Nihilanth|spa|1
|-boost|p1a: Nihilanth|spd|1
|move|p2a: Swampert|Ice Beam|p1a: Nihilanth
|-supereffective|p1a: Nihilanth
|-damage|p1a: Nihilanth|29/100
|-status|p1a: Nihilanth|frz
|
|-heal|p1a: Nihilanth|35/100 frz|[from] item: Leftovers
|upkeep
|turn|32
|
|t:|1728598174
|-curestatus|p1a: Nihilanth|frz|[msg]
|move|p1a: Nihilanth|Psychic|p2a: Swampert
|-damage|p2a: Swampert|54/100
|move|p2a: Swampert|Ice Beam|p1a: Nihilanth
|-supereffective|p1a: Nihilanth
|-damage|p1a: Nihilanth|14/100
|-status|p1a: Nihilanth|frz
|
|-heal|p1a: Nihilanth|21/100 frz|[from] item: Leftovers
|-heal|p2a: Swampert|60/100|[from] item: Leftovers
|upkeep
|turn|33
|
|t:|1728598178
|cant|p1a: Nihilanth|frz
|move|p2a: Swampert|Ice Beam|p1a: Nihilanth
|-supereffective|p1a: Nihilanth
|-damage|p1a: Nihilanth|0 fnt
|faint|p1a: Nihilanth
|
|t:|1728598184
|switch|p1a: Crackdos|Zapdos|100/100
|
|-heal|p2a: Swampert|66/100|[from] item: Leftovers
|upkeep
|turn|34
|
|t:|1728598188
|move|p1a: Crackdos|Hidden Power|p2a: Swampert
|-crit|p2a: Swampert
|-damage|p2a: Swampert|24/100
|move|p2a: Swampert|Ice Beam|p1a: Crackdos
|-supereffective|p1a: Crackdos
|-damage|p1a: Crackdos|57/100
|
|-heal|p1a: Crackdos|63/100|[from] item: Leftovers
|-heal|p2a: Swampert|30/100|[from] item: Leftovers
|upkeep
|turn|35
|
|t:|1728598194
|move|p2a: Swampert|Protect|p2a: Swampert
|-singleturn|p2a: Swampert|Protect
|move|p1a: Crackdos|Hidden Power|p2a: Swampert
|-activate|p2a: Swampert|Protect
|
|-heal|p1a: Crackdos|69/100|[from] item: Leftovers
|-heal|p2a: Swampert|36/100|[from] item: Leftovers
|upkeep
|turn|36
|
|t:|1728598200
|switch|p2a: Aerodactyl|Aerodactyl, F|100/100
|move|p1a: Crackdos|Hidden Power|p2a: Aerodactyl
|-supereffective|p2a: Aerodactyl
|-damage|p2a: Aerodactyl|28/100
|
|-heal|p1a: Crackdos|76/100|[from] item: Leftovers
|upkeep
|turn|37
|
|t:|1728598208
|switch|p1a: MetaGROSS #OWNED|Metagross, shiny|100/100
|move|p2a: Aerodactyl|Rock Slide|p1a: MetaGROSS #OWNED|[miss]
|-miss|p2a: Aerodactyl|p1a: MetaGROSS #OWNED
|
|upkeep
|turn|38
|
|t:|1728598213
|switch|p2a: Swampert|Swampert, M|36/100
|move|p1a: MetaGROSS #OWNED|Meteor Mash|p2a: Swampert
|-resisted|p2a: Swampert
|-damage|p2a: Swampert|5/100
|
|-heal|p2a: Swampert|11/100|[from] item: Leftovers
|upkeep
|turn|39
|
|t:|1728598220
|move|p1a: MetaGROSS #OWNED|Meteor Mash|p2a: Swampert
|-resisted|p2a: Swampert
|-damage|p2a: Swampert|0 fnt
|faint|p2a: Swampert
|
|t:|1728598222
|switch|p2a: Aerodactyl|Aerodactyl, F|28/100
|
|upkeep
|turn|40
|
|t:|1728598225
|move|p2a: Aerodactyl|Earthquake|p1a: MetaGROSS #OWNED
|-supereffective|p1a: MetaGROSS #OWNED
|-damage|p1a: MetaGROSS #OWNED|24/100
|move|p1a: MetaGROSS #OWNED|Meteor Mash|p2a: Aerodactyl
|-supereffective|p2a: Aerodactyl
|-damage|p2a: Aerodactyl|0 fnt
|faint|p2a: Aerodactyl
|
|win|Genexys
|c|☆Genexys|ggwp
|c|☆Tasmanian Demon|gg
|player|p2|

</script>
<script type="application/json" class="data" id="replaydata-smogtours-gen3ou-797042">
{"id":"smogtours-gen3ou-797042","format":"[Gen 3] OU","players":["Genexys","Tasmanian Demon"],"uploadtime":1728598225,"views":87,"formatid":"gen3ou","rating":null,"private":0,"password":null}
</script>

<script defer src="js/replays.js?9d40a366"></script>
