<!DOCTYPE html>
<meta charset="utf-8" />
<meta name="viewport" content="width=device-width" />

<title>[Gen 3] OU: Deezcastforms vs. Amir - Replays - Pok&eacute;mon Showdown!</title>

<meta name="description" content="Watch a replay of a Pok&eacute;mon battle between Deezcastforms and Amir! Format: [Gen 3] OU; Date: Oct 25, 2024" />
<!--

Hey, you! Looking in the source for the replay log?

You can find them in JSON format, just add `.json` at the end of a replay URL.

https://replay.pokemonshowdown.com/gen7randomdoublesbattle-865046831.json

Or, if you only need the log itself, add `.log` instead:

https://replay.pokemonshowdown.com/gen7randomdoublesbattle-865046831.log

-->

<link rel="stylesheet" href="//pokemonshowdown.com/style/global.css?0.023195364461161105" />
<link rel="stylesheet" href="//play.pokemonshowdown.com/style/font-awesome.css?0.13261647063804238" />
<link rel="stylesheet" href="//play.pokemonshowdown.com/style/battle.css?0.8753245789963631" />
<link rel="stylesheet" href="//play.pokemonshowdown.com/style/utilichart.css?0.8627959624976733" />

<!-- Global site tag (gtag.js) - Google Analytics -->
<script async src="https://www.googletagmanager.com/gtag/js?id=UA-26211653-1"></script>
<script>
  window.dataLayer = window.dataLayer || [];
  function gtag(){dataLayer.push(arguments);}
  gtag('js', new Date());

  gtag('config', 'UA-26211653-1');
</script>
<!-- End Google Analytics -->
<!-- Venatus Ad Manager - Install in <HEAD> of page -->
	<script src="https://hb.vntsm.com/v3/live/ad-manager.min.js" type="text/javascript" data-site-id="642aba63ec9a7b11c3c9c1be" data-mode="scan" async></script>
<!-- / Venatus Ad Manager -->

<style>
	@media (max-width:820px) {
		.battle {
			margin: 0 auto;
		}
		.battle-log {
			margin: 7px auto 0;
			max-width: 640px;
			height: 300px;
			position: static;
		}
	}
	.optgroup {
		display: inline-block;
		line-height: 22px;
		font-size: 10pt;
	}
	.optgroup .button {
		height: 25px;
		padding-top: 0;
		padding-bottom: 0;
	}
	.optgroup button.button {
		padding-left: 12px;
		padding-right: 12px;
	}
	.linklist {
		list-style: none;
		margin: 0.5em 0;
		padding: 0;
	}
	.linklist li {
		padding: 2px 0;
	}
	.sidebar {
		float: left;
		width: 320px;
	}
	.bar-wrapper {
		max-width: 1100px;
		margin: 0 auto;
	}
	.bar-wrapper.has-sidebar {
		max-width: 1430px;
	}
	.mainbar {
		margin: 0;
		padding-right: 1px;
	}
	.mainbar.has-sidebar {
		margin-left: 330px;
	}
	@media (min-width: 1511px) {
		.sidebar {
			width: 400px;
		}
		.bar-wrapper.has-sidebar {
			max-width: 1510px;
		}
		.mainbar.has-sidebar {
			margin-left: 410px;
		}
	}
	.section.first-section {
		margin-top: 9px;
	}
	.blocklink small {
		white-space: normal;
	}
	.button {
		vertical-align: middle;
	}
	.replay-controls {
		padding-top: 10px;
	}
	.replay-controls h1 {
		font-size: 16pt;
		font-weight: normal;
		color: #CCC;
	}
	.pagelink {
		text-align: center;
	}
	.pagelink a {
		width: 150px;
	}
	.textbox, .button {
		font-size: 11pt;
		vertical-align: middle;
	}
	@media (max-width: 450px) {
		.button {
			font-size: 9pt;
		}
	}
</style>

<div>

	<header>
		<div class="nav-wrapper"><ul class="nav">
			<li><a class="button nav-first" href="//pokemonshowdown.com/"><img src="//pokemonshowdown.com/images/pokemonshowdownbeta.png" srcset="//pokemonshowdown.com/images/pokemonshowdownbeta.png 1x, //pokemonshowdown.com/images/pokemonshowdownbeta@2x.png 2x" alt="Pok&eacute;mon Showdown" width="146" height="44" /> Home</a></li>
			<li><a class="button" href="//pokemonshowdown.com/dex/">Pok&eacute;dex</a></li>
			<li><a class="button cur" href="/">Replays</a></li>
			<li><a class="button" href="//pokemonshowdown.com/ladder/">Ladder</a></li>
			<li><a class="button nav-last" href="//pokemonshowdown.com/forums/">Forum</a></li>
			<li><a class="button greenbutton nav-first nav-last" href="//play.pokemonshowdown.com/">Play</a></li>
		</ul></div>
	</header>

	<div class="main" id="main">

		<noscript><section class="section">You need to enable JavaScript to use this page; sorry!</section></noscript>

	</div>

</div>

<script defer nomodule src="//play.pokemonshowdown.com/js/lib/ps-polyfill.js"></script>
<script defer src="//play.pokemonshowdown.com/js/lib/preact.min.js"></script>

<script defer src="//play.pokemonshowdown.com/config/config.js?2bddbc15"></script>
<script defer src="//play.pokemonshowdown.com/js/lib/jquery-1.11.0.min.js"></script>
<script defer src="//play.pokemonshowdown.com/js/lib/html-sanitizer-minified.js"></script>
<script defer src="//play.pokemonshowdown.com/js/battle-sound.js"></script>
<script defer src="//play.pokemonshowdown.com/js/battledata.js?0.7209276989879541"></script>
<script defer src="//play.pokemonshowdown.com/data/pokedex-mini.js?0.6111056340867951"></script>
<script defer src="//play.pokemonshowdown.com/data/pokedex-mini-bw.js?0.3532142036491459"></script>
<script defer src="//play.pokemonshowdown.com/data/graphics.js?0.24223875632456182"></script>
<script defer src="//play.pokemonshowdown.com/data/pokedex.js?0.38839984266356864"></script>
<script defer src="//play.pokemonshowdown.com/data/moves.js?0.21866028504024015"></script>
<script defer src="//play.pokemonshowdown.com/data/abilities.js?0.2005157953846628"></script>
<script defer src="//play.pokemonshowdown.com/data/items.js?0.9894211263848525"></script>
<script defer src="//play.pokemonshowdown.com/data/teambuilder-tables.js?0.6008791140282215"></script>
<script defer src="//play.pokemonshowdown.com/js/battle-tooltips.js?0.7580118955022959"></script>
<script defer src="//play.pokemonshowdown.com/js/battle.js?0.6057722274234274"></script>

<script defer src="js/utils.js?e31f9a17"></script>
<script defer src="js/replays-battle.js?7008c182"></script>

<!-- don't scrape this data! just add .json or .log after the URL!
Full API docs: https://github.com/smogon/pokemon-showdown-client/blob/master/WEB-API.md -->
<script type="text/plain" class="log" id="replaylog-smogtours-gen3ou-801955">
|inactive|Battle timer is ON: inactive players will automatically lose when time's up.
|t:|1729894231
|gametype|singles
|player|p1|Deezcastforms|veteran-gen4|
|player|p2|Amir|acetrainerf-gen4dp|
|teamsize|p1|6
|teamsize|p2|6
|gen|3
|tier|[Gen 3] OU
|rule|Sleep Clause Mod: Limit one foe put to sleep
|rule|Switch Priority Clause Mod: Faster Pokémon switch first
|rule|Species Clause: Limit one of each Pokémon
|rule|OHKO Clause: OHKO moves are banned
|rule|Evasion Items Clause: Evasion items are banned
|rule|Evasion Moves Clause: Evasion moves are banned
|rule|Endless Battle Clause: Forcing endless battles is banned
|rule|HP Percentage Mod: HP is shown in percentages
|rule|One Boost Passer Clause: Limit one Baton Passer that has a way to boost its stats
|rule|Freeze Clause Mod: Limit one foe frozen
|
|t:|1729894231
|start
|switch|p1a: Tyranitar|Tyranitar, F|100/100
|switch|p2a: Salamence|Salamence, M|100/100
|-ability|p2a: Salamence|Intimidate|boost
|-unboost|p1a: Tyranitar|atk|1
|-weather|Sandstorm|[from] ability: Sand Stream|[of] p1a: Tyranitar
|turn|1
|inactive|Deezcastforms has 270 seconds left.
|inactive|Amir has 270 seconds left.
|inactive|Amir has 240 seconds left.
|
|t:|1729894298
|switch|p2a: Tyranitar|Tyranitar, M|100/100
|switch|p1a: Swampert|Swampert, M|100/100
|
|-weather|Sandstorm|[upkeep]
|upkeep
|turn|2
|inactive|Deezcastforms has 270 seconds left.
|inactive|Amir has 270 seconds left.
|
|t:|1729894355
|switch|p2a: Milotic|Milotic, M|100/100
|switch|p1a: Forretress|Forretress, F|100/100
|
|-weather|Sandstorm|[upkeep]
|-damage|p2a: Milotic|94/100|[from] Sandstorm
|-heal|p2a: Milotic|100/100|[from] item: Leftovers
|upkeep
|turn|3
|inactive|Amir has 270 seconds left.
|
|t:|1729894389
|move|p2a: Milotic|Hypnosis|p1a: Forretress
|-status|p1a: Forretress|slp|[from] move: Hypnosis
|cant|p1a: Forretress|slp
|
|-weather|Sandstorm|[upkeep]
|-damage|p2a: Milotic|94/100|[from] Sandstorm
|-heal|p2a: Milotic|100/100|[from] item: Leftovers
|upkeep
|turn|4
|inactive|Amir has 240 seconds left.
|inactive|Amir has 210 seconds left.
|
|t:|1729894451
|switch|p2a: Tyranitar|Tyranitar, M|100/100
|cant|p1a: Forretress|slp
|
|-weather|Sandstorm|[upkeep]
|upkeep
|turn|5
|inactive|Deezcastforms has 240 seconds left.
|inactive|Deezcastforms has 210 seconds left.
|
|t:|1729894517
|switch|p1a: Blissey|Blissey, F|100/100
|move|p2a: Tyranitar|Substitute|p2a: Tyranitar
|-start|p2a: Tyranitar|Substitute
|-damage|p2a: Tyranitar|75/100
|
|-weather|Sandstorm|[upkeep]
|-damage|p1a: Blissey|94/100|[from] Sandstorm
|-heal|p2a: Tyranitar|82/100|[from] item: Leftovers
|-heal|p1a: Blissey|100/100|[from] item: Leftovers
|upkeep
|turn|6
|inactive|Amir has 210 seconds left.
|
|t:|1729894527
|-singleturn|p2a: Tyranitar|move: Focus Punch
|switch|p1a: Swampert|Swampert, M|100/100
|move|p2a: Tyranitar|Focus Punch|p1a: Swampert
|-damage|p1a: Swampert|64/100
|
|-weather|Sandstorm|[upkeep]
|-heal|p2a: Tyranitar|88/100|[from] item: Leftovers
|-heal|p1a: Swampert|70/100|[from] item: Leftovers
|upkeep
|turn|7
|
|t:|1729894533
|-singleturn|p2a: Tyranitar|move: Focus Punch
|move|p1a: Swampert|Protect|p1a: Swampert
|-singleturn|p1a: Swampert|Protect
|move|p2a: Tyranitar|Focus Punch|p1a: Swampert
|-activate|p1a: Swampert|Protect
|
|-weather|Sandstorm|[upkeep]
|-heal|p2a: Tyranitar|94/100|[from] item: Leftovers
|-heal|p1a: Swampert|77/100|[from] item: Leftovers
|upkeep
|turn|8
|
|t:|1729894537
|-singleturn|p2a: Tyranitar|move: Focus Punch
|move|p1a: Swampert|Earthquake|p2a: Tyranitar
|-supereffective|p2a: Tyranitar
|-crit|p2a: Tyranitar
|-end|p2a: Tyranitar|Substitute
|move|p2a: Tyranitar|Focus Punch|p1a: Swampert
|-damage|p1a: Swampert|39/100
|
|-weather|Sandstorm|[upkeep]
|-heal|p2a: Tyranitar|99/100|[from] item: Leftovers
|-heal|p1a: Swampert|45/100|[from] item: Leftovers
|upkeep
|turn|9
|inactive|Amir has 210 seconds left.
|
|t:|1729894573
|-singleturn|p2a: Tyranitar|move: Focus Punch
|move|p1a: Swampert|Hydro Pump|p2a: Tyranitar
|-supereffective|p2a: Tyranitar
|-damage|p2a: Tyranitar|34/100
|move|p2a: Tyranitar|Focus Punch||[still]
|cant|p2a: Tyranitar|Focus Punch|Focus Punch
|
|-weather|Sandstorm|[upkeep]
|-heal|p2a: Tyranitar|40/100|[from] item: Leftovers
|-heal|p1a: Swampert|52/100|[from] item: Leftovers
|upkeep
|turn|10
|inactive|Deezcastforms has 240 seconds left.
|
|t:|1729894597
|switch|p2a: Milotic|Milotic, M|100/100
|move|p1a: Swampert|Earthquake|p2a: Milotic
|-damage|p2a: Milotic|71/100
|
|-weather|Sandstorm|[upkeep]
|-damage|p2a: Milotic|65/100|[from] Sandstorm
|-heal|p2a: Milotic|71/100|[from] item: Leftovers
|-heal|p1a: Swampert|58/100|[from] item: Leftovers
|upkeep
|turn|11
|
|t:|1729894603
|switch|p2a: Tyranitar|Tyranitar, M|40/100
|move|p1a: Swampert|Protect||[still]
|-fail|p1a: Swampert
|
|-weather|Sandstorm|[upkeep]
|-heal|p2a: Tyranitar|46/100|[from] item: Leftovers
|-heal|p1a: Swampert|64/100|[from] item: Leftovers
|upkeep
|turn|12
|
|t:|1729894611
|switch|p2a: Milotic|Milotic, M|71/100
|move|p1a: Swampert|Earthquake|p2a: Milotic
|-damage|p2a: Milotic|41/100
|
|-weather|Sandstorm|[upkeep]
|-damage|p2a: Milotic|35/100|[from] Sandstorm
|-heal|p2a: Milotic|41/100|[from] item: Leftovers
|-heal|p1a: Swampert|70/100|[from] item: Leftovers
|upkeep
|turn|13
|inactive|Amir has 210 seconds left.
|
|t:|1729894620
|switch|p1a: Celebi|Celebi|100/100
|move|p2a: Milotic|Recover|p2a: Milotic
|-heal|p2a: Milotic|91/100
|
|-weather|Sandstorm|[upkeep]
|-damage|p1a: Celebi|94/100|[from] Sandstorm
|-damage|p2a: Milotic|84/100|[from] Sandstorm
|-heal|p1a: Celebi|100/100|[from] item: Leftovers
|-heal|p2a: Milotic|91/100|[from] item: Leftovers
|upkeep
|turn|14
|inactive|Amir has 210 seconds left.
|inactive|Amir has 180 seconds left.
|
|t:|1729894676
|switch|p2a: Blissey|Blissey, F|100/100
|move|p1a: Celebi|Calm Mind|p1a: Celebi
|-boost|p1a: Celebi|spa|1
|-boost|p1a: Celebi|spd|1
|
|-weather|Sandstorm|[upkeep]
|-damage|p1a: Celebi|94/100|[from] Sandstorm
|-damage|p2a: Blissey|94/100|[from] Sandstorm
|-heal|p1a: Celebi|100/100|[from] item: Leftovers
|-heal|p2a: Blissey|100/100|[from] item: Leftovers
|upkeep
|turn|15
|inactive|Deezcastforms has 270 seconds left.
|
|t:|1729894707
|switch|p1a: Blissey|Blissey, F|100/100
|move|p2a: Blissey|Thunder Wave|p1a: Blissey
|-status|p1a: Blissey|par
|
|-weather|Sandstorm|[upkeep]
|-damage|p2a: Blissey|94/100|[from] Sandstorm
|-damage|p1a: Blissey|94/100 par|[from] Sandstorm
|-heal|p2a: Blissey|100/100|[from] item: Leftovers
|-heal|p1a: Blissey|100/100 par|[from] item: Leftovers
|upkeep
|turn|16
|inactive|Amir has 150 seconds left.
|
|t:|1729894732
|switch|p2a: Milotic|Milotic, M|91/100
|move|p1a: Blissey|Toxic|p2a: Milotic|[miss]
|-miss|p1a: Blissey|p2a: Milotic
|
|-weather|Sandstorm|[upkeep]
|-damage|p2a: Milotic|84/100|[from] Sandstorm
|-damage|p1a: Blissey|94/100 par|[from] Sandstorm
|-heal|p2a: Milotic|91/100|[from] item: Leftovers
|-heal|p1a: Blissey|100/100 par|[from] item: Leftovers
|upkeep
|turn|17
|inactive|Amir has 120 seconds left.
|inactive|Amir has 90 seconds left.
|
|t:|1729894802
|switch|p2a: Metagross|Metagross|100/100
|move|p1a: Blissey|Toxic|p2a: Metagross
|-immune|p2a: Metagross
|
|-weather|Sandstorm|[upkeep]
|-damage|p1a: Blissey|94/100 par|[from] Sandstorm
|-heal|p1a: Blissey|100/100 par|[from] item: Leftovers
|upkeep
|turn|18
|inactive|Deezcastforms has 270 seconds left.
|inactive|Amir has 90 seconds left.
|
|t:|1729894824
|switch|p2a: Tyranitar|Tyranitar, M|46/100
|-curestatus|p1a: Blissey|par|[from] ability: Natural Cure
|switch|p1a: Forretress|Forretress, F|100/100 slp
|
|-weather|Sandstorm|[upkeep]
|-heal|p2a: Tyranitar|52/100|[from] item: Leftovers
|upkeep
|turn|19
|inactive|Deezcastforms has 270 seconds left.
|
|t:|1729894836
|switch|p1a: Celebi|Celebi|100/100
|move|p2a: Tyranitar|Rock Slide|p1a: Celebi
|-damage|p1a: Celebi|62/100
|
|-weather|Sandstorm|[upkeep]
|-damage|p1a: Celebi|56/100|[from] Sandstorm
|-heal|p1a: Celebi|62/100|[from] item: Leftovers
|-heal|p2a: Tyranitar|58/100|[from] item: Leftovers
|upkeep
|turn|20
|
|t:|1729894843
|move|p1a: Celebi|Giga Drain|p2a: Tyranitar
|-supereffective|p2a: Tyranitar
|-damage|p2a: Tyranitar|6/100
|-heal|p1a: Celebi|92/100|[from] drain|[of] p2a: Tyranitar
|move|p2a: Tyranitar|Hidden Power|p1a: Celebi
|-supereffective|p1a: Celebi
|-damage|p1a: Celebi|0 fnt
|faint|p1a: Celebi
|inactive|Deezcastforms has 270 seconds left.
|
|t:|1729894871
|switch|p1a: Tyranitar|Tyranitar, F|100/100
|
|-weather|Sandstorm|[upkeep]
|-heal|p2a: Tyranitar|12/100|[from] item: Leftovers
|upkeep
|turn|21
|inactive|Amir has 90 seconds left.
|
|t:|1729894891
|move|p1a: Tyranitar|Hidden Power|p2a: Tyranitar
|-supereffective|p2a: Tyranitar
|-damage|p2a: Tyranitar|0 fnt
|faint|p2a: Tyranitar
|inactive|Amir has 60 seconds left.
|
|t:|1729894939
|switch|p2a: Salamence|Salamence, M|100/100
|-ability|p2a: Salamence|Intimidate|boost
|-unboost|p1a: Tyranitar|atk|1
|
|-weather|Sandstorm|[upkeep]
|-damage|p2a: Salamence|94/100|[from] Sandstorm
|-heal|p2a: Salamence|100/100|[from] item: Leftovers
|upkeep
|turn|22
|
|t:|1729894965
|switch|p1a: Aerodactyl|Aerodactyl, F|100/100
|move|p2a: Salamence|Hidden Power|p1a: Aerodactyl
|-resisted|p1a: Aerodactyl
|-damage|p1a: Aerodactyl|68/100
|
|-weather|Sandstorm|[upkeep]
|-damage|p2a: Salamence|94/100|[from] Sandstorm
|-heal|p2a: Salamence|100/100|[from] item: Leftovers
|upkeep
|turn|23
|inactive|Deezcastforms has 240 seconds left.
|inactive|Amir has 30 seconds left.
|inactive|Amir has 20 seconds left.
|
|t:|1729895007
|switch|p2a: Claydol|Claydol|100/100
|move|p1a: Aerodactyl|Earthquake|p2a: Claydol
|-immune|p2a: Claydol
|
|-weather|Sandstorm|[upkeep]
|upkeep
|turn|24
|inactive|Amir has 30 seconds left this turn.
|
|t:|1729895013
|switch|p1a: Forretress|Forretress, F|100/100 slp
|switch|p2a: Metagross|Metagross|100/100
|
|-weather|Sandstorm|[upkeep]
|upkeep
|turn|25
|
|t:|1729895018
|move|p2a: Metagross|Earthquake|p1a: Forretress
|-damage|p1a: Forretress|76/100 slp
|cant|p1a: Forretress|slp
|
|-weather|Sandstorm|[upkeep]
|-heal|p1a: Forretress|82/100 slp|[from] item: Leftovers
|upkeep
|turn|26
|
|t:|1729895030
|move|p2a: Metagross|Earthquake|p1a: Forretress
|-damage|p1a: Forretress|55/100 slp
|-curestatus|p1a: Forretress|slp|[msg]
|move|p1a: Forretress|Spikes|p2a: Metagross
|-sidestart|p2: Amir|Spikes
|
|-weather|Sandstorm|[upkeep]
|-heal|p1a: Forretress|62/100|[from] item: Leftovers
|upkeep
|turn|27
|
|t:|1729895049
|move|p2a: Metagross|Meteor Mash|p1a: Forretress
|-resisted|p1a: Forretress
|-damage|p1a: Forretress|41/100
|move|p1a: Forretress|Zap Cannon|p2a: Metagross|[miss]
|-miss|p1a: Forretress|p2a: Metagross
|
|-weather|Sandstorm|[upkeep]
|-heal|p1a: Forretress|47/100|[from] item: Leftovers
|upkeep
|turn|28
|inactive|Amir has 30 seconds left.
|
|t:|1729895065
|switch|p1a: Swampert|Swampert, M|70/100
|move|p2a: Metagross|Earthquake|p1a: Swampert
|-damage|p1a: Swampert|44/100
|
|-weather|Sandstorm|[upkeep]
|-heal|p1a: Swampert|51/100|[from] item: Leftovers
|upkeep
|turn|29
|
|t:|1729895080
|switch|p2a: Milotic|Milotic, M|91/100
|-damage|p2a: Milotic|78/100|[from] Spikes
|move|p1a: Swampert|Earthquake|p2a: Milotic
|-damage|p2a: Milotic|49/100
|
|-weather|Sandstorm|[upkeep]
|-damage|p2a: Milotic|43/100|[from] Sandstorm
|-heal|p2a: Milotic|49/100|[from] item: Leftovers
|-heal|p1a: Swampert|57/100|[from] item: Leftovers
|upkeep
|turn|30
|
|t:|1729895089
|switch|p1a: Blissey|Blissey, F|100/100
|move|p2a: Milotic|Recover|p2a: Milotic
|-heal|p2a: Milotic|99/100
|
|-weather|Sandstorm|[upkeep]
|-damage|p2a: Milotic|93/100|[from] Sandstorm
|-damage|p1a: Blissey|94/100|[from] Sandstorm
|-heal|p2a: Milotic|99/100|[from] item: Leftovers
|-heal|p1a: Blissey|100/100|[from] item: Leftovers
|upkeep
|turn|31
|
|t:|1729895094
|move|p2a: Milotic|Hypnosis|p1a: Blissey|[miss]
|-miss|p2a: Milotic|p1a: Blissey
|move|p1a: Blissey|Toxic|p2a: Milotic
|-status|p2a: Milotic|tox
|
|-weather|Sandstorm|[upkeep]
|-damage|p2a: Milotic|93/100 tox|[from] Sandstorm
|-damage|p1a: Blissey|94/100|[from] Sandstorm
|-heal|p2a: Milotic|99/100 tox|[from] item: Leftovers
|-damage|p2a: Milotic|93/100 tox|[from] psn
|-heal|p1a: Blissey|100/100|[from] item: Leftovers
|upkeep
|turn|32
|
|t:|1729895111
|move|p2a: Milotic|Refresh|p2a: Milotic
|-curestatus|p2a: Milotic|tox|[msg]
|move|p1a: Blissey|Ice Beam|p2a: Milotic
|-resisted|p2a: Milotic
|-damage|p2a: Milotic|85/100
|
|-weather|Sandstorm|[upkeep]
|-damage|p2a: Milotic|79/100|[from] Sandstorm
|-damage|p1a: Blissey|94/100|[from] Sandstorm
|-heal|p2a: Milotic|85/100|[from] item: Leftovers
|-heal|p1a: Blissey|100/100|[from] item: Leftovers
|upkeep
|turn|33
|
|t:|1729895125
|move|p2a: Milotic|Hypnosis|p1a: Blissey
|-status|p1a: Blissey|slp|[from] move: Hypnosis
|cant|p1a: Blissey|slp
|
|-weather|Sandstorm|[upkeep]
|-damage|p2a: Milotic|79/100|[from] Sandstorm
|-damage|p1a: Blissey|94/100 slp|[from] Sandstorm
|-heal|p2a: Milotic|85/100|[from] item: Leftovers
|-heal|p1a: Blissey|100/100 slp|[from] item: Leftovers
|upkeep
|turn|34
|
|t:|1729895132
|move|p2a: Milotic|Hypnosis|p1a: Blissey|[miss]
|-miss|p2a: Milotic|p1a: Blissey
|cant|p1a: Blissey|slp
|
|-weather|Sandstorm|[upkeep]
|-damage|p2a: Milotic|79/100|[from] Sandstorm
|-damage|p1a: Blissey|94/100 slp|[from] Sandstorm
|-heal|p2a: Milotic|85/100|[from] item: Leftovers
|-heal|p1a: Blissey|100/100 slp|[from] item: Leftovers
|upkeep
|turn|35
|
|t:|1729895135
|-curestatus|p1a: Blissey|slp|[from] ability: Natural Cure
|switch|p1a: Forretress|Forretress, F|47/100
|move|p2a: Milotic|Surf|p1a: Forretress
|-damage|p1a: Forretress|17/100
|
|-weather|Sandstorm|[upkeep]
|-damage|p2a: Milotic|79/100|[from] Sandstorm
|-heal|p2a: Milotic|85/100|[from] item: Leftovers
|-heal|p1a: Forretress|24/100|[from] item: Leftovers
|upkeep
|turn|36
|inactive|Deezcastforms has 270 seconds left.
|
|t:|1729895161
|switch|p1a: Blissey|Blissey, F|100/100
|move|p2a: Milotic|Surf|p1a: Blissey
|-damage|p1a: Blissey|87/100
|
|-weather|Sandstorm|[upkeep]
|-damage|p2a: Milotic|79/100|[from] Sandstorm
|-damage|p1a: Blissey|81/100|[from] Sandstorm
|-heal|p2a: Milotic|85/100|[from] item: Leftovers
|-heal|p1a: Blissey|87/100|[from] item: Leftovers
|upkeep
|turn|37
|
|t:|1729895175
|move|p2a: Milotic|Hypnosis|p1a: Blissey
|-status|p1a: Blissey|slp|[from] move: Hypnosis
|cant|p1a: Blissey|slp
|
|-weather|Sandstorm|[upkeep]
|-damage|p2a: Milotic|79/100|[from] Sandstorm
|-damage|p1a: Blissey|81/100 slp|[from] Sandstorm
|-heal|p2a: Milotic|85/100|[from] item: Leftovers
|-heal|p1a: Blissey|87/100 slp|[from] item: Leftovers
|upkeep
|turn|38
|
|t:|1729895182
|move|p2a: Milotic|Surf|p1a: Blissey
|-damage|p1a: Blissey|74/100 slp
|cant|p1a: Blissey|slp
|
|-weather|Sandstorm|[upkeep]
|-damage|p2a: Milotic|79/100|[from] Sandstorm
|-damage|p1a: Blissey|68/100 slp|[from] Sandstorm
|-heal|p2a: Milotic|85/100|[from] item: Leftovers
|-heal|p1a: Blissey|74/100 slp|[from] item: Leftovers
|upkeep
|turn|39
|inactive|Amir has 120 seconds left.
|
|t:|1729895190
|move|p2a: Milotic|Surf|p1a: Blissey
|-damage|p1a: Blissey|62/100 slp
|cant|p1a: Blissey|slp
|
|-weather|Sandstorm|[upkeep]
|-damage|p2a: Milotic|79/100|[from] Sandstorm
|-damage|p1a: Blissey|56/100 slp|[from] Sandstorm
|-heal|p2a: Milotic|85/100|[from] item: Leftovers
|-heal|p1a: Blissey|62/100 slp|[from] item: Leftovers
|upkeep
|turn|40
|
|t:|1729895195
|switch|p2a: Metagross|Metagross|100/100
|-damage|p2a: Metagross|88/100|[from] Spikes
|cant|p1a: Blissey|slp
|
|-weather|Sandstorm|[upkeep]
|-damage|p1a: Blissey|56/100 slp|[from] Sandstorm
|-heal|p2a: Metagross|94/100|[from] item: Leftovers
|-heal|p1a: Blissey|62/100 slp|[from] item: Leftovers
|upkeep
|turn|41
|inactive|Deezcastforms has 270 seconds left.
|
|t:|1729895217
|move|p2a: Metagross|Earthquake|p1a: Blissey
|-damage|p1a: Blissey|30/100 slp
|-curestatus|p1a: Blissey|slp|[msg]
|move|p1a: Blissey|Fire Blast|p2a: Metagross
|-supereffective|p2a: Metagross
|-crit|p2a: Metagross
|-damage|p2a: Metagross|0 fnt
|faint|p2a: Metagross
|
|t:|1729895240
|switch|p2a: Salamence|Salamence, M|100/100
|-ability|p2a: Salamence|Intimidate|boost
|-unboost|p1a: Blissey|atk|1
|
|-weather|Sandstorm|[upkeep]
|-damage|p2a: Salamence|94/100|[from] Sandstorm
|-damage|p1a: Blissey|23/100|[from] Sandstorm
|-heal|p2a: Salamence|100/100|[from] item: Leftovers
|-heal|p1a: Blissey|30/100|[from] item: Leftovers
|upkeep
|turn|42
|inactive|Deezcastforms has 270 seconds left.
|
|t:|1729895255
|switch|p1a: Swampert|Swampert, M|57/100
|move|p2a: Salamence|Hidden Power|p1a: Swampert
|-crit|p1a: Swampert
|-damage|p1a: Swampert|2/100
|
|-weather|Sandstorm|[upkeep]
|-damage|p2a: Salamence|94/100|[from] Sandstorm
|-heal|p2a: Salamence|100/100|[from] item: Leftovers
|-heal|p1a: Swampert|8/100|[from] item: Leftovers
|upkeep
|turn|43
|inactive|Deezcastforms has 270 seconds left.
|
|t:|1729895282
|move|p2a: Salamence|Earthquake|p1a: Swampert
|-damage|p1a: Swampert|0 fnt
|faint|p1a: Swampert
|inactive|Deezcastforms has 240 seconds left.
|
|t:|1729895312
|switch|p1a: Tyranitar|Tyranitar, F|100/100
|
|-weather|Sandstorm|[upkeep]
|-damage|p2a: Salamence|94/100|[from] Sandstorm
|-heal|p2a: Salamence|100/100|[from] item: Leftovers
|upkeep
|turn|44
|
|t:|1729895316
|switch|p2a: Blissey|Blissey, F|100/100
|-damage|p2a: Blissey|88/100|[from] Spikes
|move|p1a: Tyranitar|Rock Slide|p2a: Blissey
|-damage|p2a: Blissey|52/100
|
|-weather|Sandstorm|[upkeep]
|-damage|p2a: Blissey|46/100|[from] Sandstorm
|-heal|p2a: Blissey|52/100|[from] item: Leftovers
|upkeep
|turn|45
|inactive|Amir has 150 seconds left.
|inactive|Deezcastforms has 240 seconds left.
|
|t:|1729895343
|move|p1a: Tyranitar|Rock Slide|p2a: Blissey
|-crit|p2a: Blissey
|-damage|p2a: Blissey|0 fnt
|faint|p2a: Blissey
|
|t:|1729895348
|switch|p2a: Claydol|Claydol|100/100
|
|-weather|Sandstorm|[upkeep]
|upkeep
|turn|46
|inactive|Deezcastforms has 240 seconds left.
|inactive|Deezcastforms has 210 seconds left.
|inactive|Deezcastforms has 180 seconds left.
|
|t:|1729895439
|switch|p1a: Blissey|Blissey, F|30/100
|move|p2a: Claydol|Earthquake|p1a: Blissey
|-damage|p1a: Blissey|0 fnt
|faint|p1a: Blissey
|inactive|Deezcastforms has 150 seconds left.
|
|t:|1729895460
|switch|p1a: Aerodactyl|Aerodactyl, F|68/100
|
|-weather|Sandstorm|[upkeep]
|upkeep
|turn|47
|inactive|Amir has 150 seconds left.
|
|t:|1729895512
|move|p1a: Aerodactyl|Double-Edge|p2a: Claydol
|-damage|p2a: Claydol|48/100
|move|p2a: Claydol|Psychic|p1a: Aerodactyl
|-damage|p1a: Aerodactyl|38/100
|
|-weather|Sandstorm|[upkeep]
|-heal|p2a: Claydol|55/100|[from] item: Leftovers
|upkeep
|turn|48
|inactive|Deezcastforms has 150 seconds left.
|inactive|Amir has 120 seconds left.
|
|t:|1729895542
|switch|p1a: Forretress|Forretress, F|24/100
|move|p2a: Claydol|Psychic|p1a: Forretress
|-resisted|p1a: Forretress
|-damage|p1a: Forretress|14/100
|
|-weather|Sandstorm|[upkeep]
|-heal|p2a: Claydol|61/100|[from] item: Leftovers
|-heal|p1a: Forretress|20/100|[from] item: Leftovers
|upkeep
|turn|49
|
|t:|1729895552
|move|p2a: Claydol|Earthquake|p1a: Forretress
|-damage|p1a: Forretress|0 fnt
|faint|p1a: Forretress
|
|t:|1729895554
|switch|p1a: Tyranitar|Tyranitar, F|100/100
|
|-weather|Sandstorm|[upkeep]
|-heal|p2a: Claydol|67/100|[from] item: Leftovers
|upkeep
|turn|50
|
|t:|1729895564
|move|p1a: Tyranitar|Hidden Power|p2a: Claydol
|-supereffective|p2a: Claydol
|-damage|p2a: Claydol|33/100
|move|p2a: Claydol|Earthquake|p1a: Tyranitar
|-supereffective|p1a: Tyranitar
|-damage|p1a: Tyranitar|24/100
|
|-weather|Sandstorm|[upkeep]
|-heal|p2a: Claydol|39/100|[from] item: Leftovers
|upkeep
|turn|51
|inactive|Deezcastforms has 150 seconds left.
|inactive|Amir has 120 seconds left.
|inactive|Deezcastforms has 120 seconds left.
|
|t:|1729895620
|move|p1a: Tyranitar|Rock Slide|p2a: Claydol|[miss]
|-miss|p1a: Tyranitar|p2a: Claydol
|move|p2a: Claydol|Explosion|p1a: Tyranitar
|-resisted|p1a: Tyranitar
|-damage|p1a: Tyranitar|0 fnt
|faint|p2a: Claydol
|faint|p1a: Tyranitar
|
|t:|1729895626
|switch|p1a: Aerodactyl|Aerodactyl, F|38/100
|switch|p2a: Salamence|Salamence, M|100/100
|-ability|p2a: Salamence|Intimidate|boost
|-unboost|p1a: Aerodactyl|atk|1
|
|-weather|Sandstorm|[upkeep]
|-damage|p2a: Salamence|94/100|[from] Sandstorm
|-heal|p2a: Salamence|100/100|[from] item: Leftovers
|upkeep
|turn|52
|
|t:|1729895630
|move|p1a: Aerodactyl|Rock Slide|p2a: Salamence
|-supereffective|p2a: Salamence
|-damage|p2a: Salamence|22/100
|cant|p2a: Salamence|flinch
|
|-weather|Sandstorm|[upkeep]
|-damage|p2a: Salamence|16/100|[from] Sandstorm
|-heal|p2a: Salamence|22/100|[from] item: Leftovers
|upkeep
|turn|53
|
|t:|1729895634
|move|p1a: Aerodactyl|Rock Slide|p2a: Salamence
|-supereffective|p2a: Salamence
|-crit|p2a: Salamence
|-damage|p2a: Salamence|0 fnt
|faint|p2a: Salamence
|
|t:|1729895636
|switch|p2a: Milotic|Milotic, M|85/100
|-damage|p2a: Milotic|73/100|[from] Spikes
|
|-weather|Sandstorm|[upkeep]
|-damage|p2a: Milotic|67/100|[from] Sandstorm
|-heal|p2a: Milotic|73/100|[from] item: Leftovers
|upkeep
|turn|54
|
|t:|1729895639
|move|p1a: Aerodactyl|Rock Slide|p2a: Milotic
|-crit|p2a: Milotic
|-damage|p2a: Milotic|2/100
|move|p2a: Milotic|Surf|p1a: Aerodactyl
|-supereffective|p1a: Aerodactyl
|-damage|p1a: Aerodactyl|0 fnt
|faint|p1a: Aerodactyl
|
|win|Amir

</script>
<script type="application/json" class="data" id="replaydata-smogtours-gen3ou-801955">
{"id":"smogtours-gen3ou-801955","format":"[Gen 3] OU","players":["Deezcastforms","Amir"],"uploadtime":1729895639,"views":98,"formatid":"gen3ou","rating":null,"private":1,"password":null}
</script>

<script defer src="js/replays.js?9d40a366"></script>
