<!DOCTYPE html>
<meta charset="utf-8" />
<meta name="viewport" content="width=device-width" />

<title>[Gen 3] OU: Dridri457 vs. leng loi - Replays - Pok&eacute;mon Showdown!</title>

<meta name="description" content="Watch a replay of a Pok&eacute;mon battle between Dridri457 and leng loi! Format: [Gen 3] OU; Date: Oct 6, 2024" />
<!--

Hey, you! Looking in the source for the replay log?

You can find them in JSON format, just add `.json` at the end of a replay URL.

https://replay.pokemonshowdown.com/gen7randomdoublesbattle-865046831.json

Or, if you only need the log itself, add `.log` instead:

https://replay.pokemonshowdown.com/gen7randomdoublesbattle-865046831.log

-->

<link rel="stylesheet" href="//pokemonshowdown.com/style/global.css?0.767286132409787" />
<link rel="stylesheet" href="//play.pokemonshowdown.com/style/font-awesome.css?0.9266228007934947" />
<link rel="stylesheet" href="//play.pokemonshowdown.com/style/battle.css?0.7924700842790926" />
<link rel="stylesheet" href="//play.pokemonshowdown.com/style/utilichart.css?0.8777417872839479" />

<!-- Global site tag (gtag.js) - Google Analytics -->
<script async src="https://www.googletagmanager.com/gtag/js?id=UA-26211653-1"></script>
<script>
  window.dataLayer = window.dataLayer || [];
  function gtag(){dataLayer.push(arguments);}
  gtag('js', new Date());

  gtag('config', 'UA-26211653-1');
</script>
<!-- End Google Analytics -->
<!-- Venatus Ad Manager - Install in <HEAD> of page -->
	<script src="https://hb.vntsm.com/v3/live/ad-manager.min.js" type="text/javascript" data-site-id="642aba63ec9a7b11c3c9c1be" data-mode="scan" async></script>
<!-- / Venatus Ad Manager -->

<style>
	@media (max-width:820px) {
		.battle {
			margin: 0 auto;
		}
		.battle-log {
			margin: 7px auto 0;
			max-width: 640px;
			height: 300px;
			position: static;
		}
	}
	.optgroup {
		display: inline-block;
		line-height: 22px;
		font-size: 10pt;
	}
	.optgroup .button {
		height: 25px;
		padding-top: 0;
		padding-bottom: 0;
	}
	.optgroup button.button {
		padding-left: 12px;
		padding-right: 12px;
	}
	.linklist {
		list-style: none;
		margin: 0.5em 0;
		padding: 0;
	}
	.linklist li {
		padding: 2px 0;
	}
	.sidebar {
		float: left;
		width: 320px;
	}
	.bar-wrapper {
		max-width: 1100px;
		margin: 0 auto;
	}
	.bar-wrapper.has-sidebar {
		max-width: 1430px;
	}
	.mainbar {
		margin: 0;
		padding-right: 1px;
	}
	.mainbar.has-sidebar {
		margin-left: 330px;
	}
	@media (min-width: 1511px) {
		.sidebar {
			width: 400px;
		}
		.bar-wrapper.has-sidebar {
			max-width: 1510px;
		}
		.mainbar.has-sidebar {
			margin-left: 410px;
		}
	}
	.section.first-section {
		margin-top: 9px;
	}
	.blocklink small {
		white-space: normal;
	}
	.button {
		vertical-align: middle;
	}
	.replay-controls {
		padding-top: 10px;
	}
	.replay-controls h1 {
		font-size: 16pt;
		font-weight: normal;
		color: #CCC;
	}
	.pagelink {
		text-align: center;
	}
	.pagelink a {
		width: 150px;
	}
	.textbox, .button {
		font-size: 11pt;
		vertical-align: middle;
	}
	@media (max-width: 450px) {
		.button {
			font-size: 9pt;
		}
	}
</style>

<div>

	<header>
		<div class="nav-wrapper"><ul class="nav">
			<li><a class="button nav-first" href="//pokemonshowdown.com/"><img src="//pokemonshowdown.com/images/pokemonshowdownbeta.png" srcset="//pokemonshowdown.com/images/pokemonshowdownbeta.png 1x, //pokemonshowdown.com/images/pokemonshowdownbeta@2x.png 2x" alt="Pok&eacute;mon Showdown" width="146" height="44" /> Home</a></li>
			<li><a class="button" href="//pokemonshowdown.com/dex/">Pok&eacute;dex</a></li>
			<li><a class="button cur" href="/">Replays</a></li>
			<li><a class="button" href="//pokemonshowdown.com/ladder/">Ladder</a></li>
			<li><a class="button nav-last" href="//pokemonshowdown.com/forums/">Forum</a></li>
			<li><a class="button greenbutton nav-first nav-last" href="//play.pokemonshowdown.com/">Play</a></li>
		</ul></div>
	</header>

	<div class="main" id="main">

		<noscript><section class="section">You need to enable JavaScript to use this page; sorry!</section></noscript>

	</div>

</div>

<script defer nomodule src="//play.pokemonshowdown.com/js/lib/ps-polyfill.js"></script>
<script defer src="//play.pokemonshowdown.com/js/lib/preact.min.js"></script>

<script defer src="//play.pokemonshowdown.com/config/config.js?6dec07f6"></script>
<script defer src="//play.pokemonshowdown.com/js/lib/jquery-1.11.0.min.js"></script>
<script defer src="//play.pokemonshowdown.com/js/lib/html-sanitizer-minified.js"></script>
<script defer src="//play.pokemonshowdown.com/js/battle-sound.js"></script>
<script defer src="//play.pokemonshowdown.com/js/battledata.js?0.6315294753075389"></script>
<script defer src="//play.pokemonshowdown.com/data/pokedex-mini.js?0.7603743185311358"></script>
<script defer src="//play.pokemonshowdown.com/data/pokedex-mini-bw.js?0.030888842834281283"></script>
<script defer src="//play.pokemonshowdown.com/data/graphics.js?0.05593094747507488"></script>
<script defer src="//play.pokemonshowdown.com/data/pokedex.js?0.47064822249611904"></script>
<script defer src="//play.pokemonshowdown.com/data/moves.js?0.8583693120512459"></script>
<script defer src="//play.pokemonshowdown.com/data/abilities.js?0.16017181182386842"></script>
<script defer src="//play.pokemonshowdown.com/data/items.js?0.4163379185673943"></script>
<script defer src="//play.pokemonshowdown.com/data/teambuilder-tables.js?0.31075597372830477"></script>
<script defer src="//play.pokemonshowdown.com/js/battle-tooltips.js?0.6536193500708172"></script>
<script defer src="//play.pokemonshowdown.com/js/battle.js?0.1916591943277901"></script>

<script defer src="js/utils.js?e31f9a17"></script>
<script defer src="js/replays-battle.js?7008c182"></script>

<!-- don't scrape this data! just add .json or .log after the URL!
Full API docs: https://github.com/smogon/pokemon-showdown-client/blob/master/WEB-API.md -->
<script type="text/plain" class="log" id="replaylog-smogtours-gen3ou-795713">
|inactive|Battle timer is ON: inactive players will automatically lose when time's up.
|t:|1728234100
|gametype|singles
|player|p1|Dridri457|#dridri457|
|player|p2|leng loi|#scl4machines2|
|teamsize|p1|6
|teamsize|p2|6
|gen|3
|tier|[Gen 3] OU
|rule|Sleep Clause Mod: Limit one foe put to sleep
|rule|Switch Priority Clause Mod: Faster Pokémon switch first
|rule|Species Clause: Limit one of each Pokémon
|rule|OHKO Clause: OHKO moves are banned
|rule|Evasion Items Clause: Evasion items are banned
|rule|Evasion Moves Clause: Evasion moves are banned
|rule|Endless Battle Clause: Forcing endless battles is banned
|rule|HP Percentage Mod: HP is shown in percentages
|rule|One Boost Passer Clause: Limit one Baton Passer that has a way to boost its stats
|rule|Freeze Clause Mod: Limit one foe frozen
|
|t:|1728234100
|start
|switch|p1a: Tyranocif|Tyranitar, M|100/100
|switch|p2a: Zapdos|Zapdos|100/100
|-weather|Sandstorm|[from] ability: Sand Stream|[of] p1a: Tyranocif
|turn|1
|c|☆Dridri457|hi
|c|☆leng loi|hf
|
|t:|1728234115
|move|p2a: Zapdos|Substitute|p2a: Zapdos
|-start|p2a: Zapdos|Substitute
|-damage|p2a: Zapdos|76/100
|move|p1a: Tyranocif|Dragon Dance|p1a: Tyranocif
|-boost|p1a: Tyranocif|atk|1
|-boost|p1a: Tyranocif|spe|1
|
|-weather|Sandstorm|[upkeep]
|-damage|p2a: Zapdos|69/100|[from] Sandstorm
|-heal|p2a: Zapdos|76/100|[from] item: Leftovers
|upkeep
|turn|2
|
|t:|1728234127
|move|p1a: Tyranocif|Rock Slide|p2a: Zapdos
|-supereffective|p2a: Zapdos
|-end|p2a: Zapdos|Substitute
|move|p2a: Zapdos|Thunderbolt|p1a: Tyranocif
|-damage|p1a: Tyranocif|52/100
|
|-weather|Sandstorm|[upkeep]
|-damage|p2a: Zapdos|69/100|[from] Sandstorm
|-heal|p2a: Zapdos|76/100|[from] item: Leftovers
|upkeep
|turn|3
|
|t:|1728234141
|switch|p2a: Breloom|Breloom, M|100/100
|move|p1a: Tyranocif|Earthquake|p2a: Breloom
|-resisted|p2a: Breloom
|-damage|p2a: Breloom|55/100
|
|-weather|Sandstorm|[upkeep]
|-damage|p2a: Breloom|49/100|[from] Sandstorm
|-heal|p2a: Breloom|55/100|[from] item: Leftovers
|upkeep
|turn|4
|
|t:|1728234149
|switch|p1a: Drattak|Salamence, M|100/100
|-ability|p1a: Drattak|Intimidate|boost
|-unboost|p2a: Breloom|atk|1
|move|p2a: Breloom|Spore|p1a: Drattak
|-status|p1a: Drattak|slp|[from] move: Spore
|
|-weather|Sandstorm|[upkeep]
|-damage|p1a: Drattak|94/100 slp|[from] Sandstorm
|-damage|p2a: Breloom|49/100|[from] Sandstorm
|-heal|p1a: Drattak|100/100 slp|[from] item: Leftovers
|-heal|p2a: Breloom|55/100|[from] item: Leftovers
|upkeep
|turn|5
|
|t:|1728234170
|switch|p2a: Zapdos|Zapdos|76/100
|cant|p1a: Drattak|slp
|
|-weather|Sandstorm|[upkeep]
|-damage|p2a: Zapdos|69/100|[from] Sandstorm
|-damage|p1a: Drattak|94/100 slp|[from] Sandstorm
|-heal|p2a: Zapdos|76/100|[from] item: Leftovers
|-heal|p1a: Drattak|100/100 slp|[from] item: Leftovers
|upkeep
|turn|6
|
|t:|1728234191
|switch|p1a: Leuphorie|Blissey, F|100/100
|move|p2a: Zapdos|Substitute|p2a: Zapdos
|-start|p2a: Zapdos|Substitute
|-damage|p2a: Zapdos|51/100
|
|-weather|Sandstorm|[upkeep]
|-damage|p2a: Zapdos|44/100|[from] Sandstorm
|-damage|p1a: Leuphorie|94/100|[from] Sandstorm
|-heal|p2a: Zapdos|51/100|[from] item: Leftovers
|-heal|p1a: Leuphorie|100/100|[from] item: Leftovers
|upkeep
|turn|7
|
|t:|1728234206
|move|p2a: Zapdos|Baton Pass|p2a: Zapdos
|
|t:|1728234208
|switch|p2a: Metagross|Metagross|100/100|[from] Baton Pass
|move|p1a: Leuphorie|Ice Beam|p2a: Metagross
|-resisted|p2a: Metagross
|-activate|p2a: Metagross|Substitute|[damage]
|
|-weather|Sandstorm|[upkeep]
|-damage|p1a: Leuphorie|94/100|[from] Sandstorm
|-heal|p1a: Leuphorie|100/100|[from] item: Leftovers
|upkeep
|turn|8
|
|t:|1728234216
|switch|p1a: Airmure|Skarmory, M|100/100
|move|p2a: Metagross|Meteor Mash|p1a: Airmure|[miss]
|-miss|p2a: Metagross|p1a: Airmure
|
|-weather|Sandstorm|[upkeep]
|upkeep
|turn|9
|
|t:|1728234222
|move|p2a: Metagross|Meteor Mash|p1a: Airmure
|-resisted|p1a: Airmure
|-crit|p1a: Airmure
|-damage|p1a: Airmure|35/100
|-boost|p2a: Metagross|atk|1
|move|p1a: Airmure|Spikes|p2a: Metagross
|-sidestart|p2: leng loi|Spikes
|
|-weather|Sandstorm|[upkeep]
|upkeep
|turn|10
|
|t:|1728234229
|move|p2a: Metagross|Meteor Mash|p1a: Airmure|[miss]
|-miss|p2a: Metagross|p1a: Airmure
|move|p1a: Airmure|Roar|p2a: Metagross
|drag|p2a: Salamence|Salamence, M|100/100
|-ability|p2a: Salamence|Intimidate|boost
|-unboost|p1a: Airmure|atk|1
|
|-weather|Sandstorm|[upkeep]
|-damage|p2a: Salamence|94/100|[from] Sandstorm
|-heal|p2a: Salamence|100/100|[from] item: Leftovers
|upkeep
|turn|11
|
|t:|1728234240
|switch|p2a: Zapdos|Zapdos|51/100
|switch|p1a: Leuphorie|Blissey, F|100/100
|
|-weather|Sandstorm|[upkeep]
|-damage|p2a: Zapdos|44/100|[from] Sandstorm
|-damage|p1a: Leuphorie|94/100|[from] Sandstorm
|-heal|p2a: Zapdos|51/100|[from] item: Leftovers
|-heal|p1a: Leuphorie|100/100|[from] item: Leftovers
|upkeep
|turn|12
|
|t:|1728234249
|move|p2a: Zapdos|Baton Pass|p2a: Zapdos
|
|t:|1728234250
|switch|p2a: Metagross|Metagross|100/100|[from] Baton Pass
|-damage|p2a: Metagross|88/100|[from] Spikes
|move|p1a: Leuphorie|Thunderbolt|p2a: Metagross
|-damage|p2a: Metagross|61/100
|
|-weather|Sandstorm|[upkeep]
|-damage|p1a: Leuphorie|94/100|[from] Sandstorm
|-heal|p1a: Leuphorie|100/100|[from] item: Leftovers
|upkeep
|turn|13
|
|t:|1728234256
|switch|p1a: Métalosse|Metagross|100/100
|move|p2a: Metagross|Meteor Mash|p1a: Métalosse
|-resisted|p1a: Métalosse
|-damage|p1a: Métalosse|71/100
|
|-weather|Sandstorm|[upkeep]
|-heal|p1a: Métalosse|77/100|[from] item: Leftovers
|upkeep
|turn|14
|
|t:|1728234267
|switch|p2a: Swampert|Swampert, M|100/100
|-damage|p2a: Swampert|88/100|[from] Spikes
|move|p1a: Métalosse|Earthquake|p2a: Swampert
|-crit|p2a: Swampert
|-damage|p2a: Swampert|24/100
|
|-weather|Sandstorm|[upkeep]
|-heal|p1a: Métalosse|83/100|[from] item: Leftovers
|-heal|p2a: Swampert|30/100|[from] item: Leftovers
|upkeep
|turn|15
|
|t:|1728234285
|switch|p2a: Zapdos|Zapdos|51/100
|move|p1a: Métalosse|Earthquake|p2a: Zapdos
|-immune|p2a: Zapdos
|
|-weather|Sandstorm|[upkeep]
|-damage|p2a: Zapdos|44/100|[from] Sandstorm
|-heal|p2a: Zapdos|51/100|[from] item: Leftovers
|-heal|p1a: Métalosse|90/100|[from] item: Leftovers
|upkeep
|turn|16
|
|t:|1728234290
|move|p2a: Zapdos|Thunderbolt|p1a: Métalosse
|-damage|p1a: Métalosse|44/100
|move|p1a: Métalosse|Meteor Mash|p2a: Zapdos|[miss]
|-miss|p1a: Métalosse|p2a: Zapdos
|
|-weather|Sandstorm|[upkeep]
|-damage|p2a: Zapdos|44/100|[from] Sandstorm
|-heal|p2a: Zapdos|51/100|[from] item: Leftovers
|-heal|p1a: Métalosse|50/100|[from] item: Leftovers
|upkeep
|turn|17
|
|t:|1728234296
|move|p2a: Zapdos|Thunderbolt|p1a: Métalosse
|-damage|p1a: Métalosse|4/100
|move|p1a: Métalosse|Meteor Mash|p2a: Zapdos
|-resisted|p2a: Zapdos
|-damage|p2a: Zapdos|21/100
|
|-weather|Sandstorm|[upkeep]
|-damage|p2a: Zapdos|15/100|[from] Sandstorm
|-heal|p2a: Zapdos|21/100|[from] item: Leftovers
|-heal|p1a: Métalosse|10/100|[from] item: Leftovers
|upkeep
|turn|18
|
|t:|1728234302
|move|p1a: Métalosse|Protect|p1a: Métalosse
|-singleturn|p1a: Métalosse|Protect
|move|p2a: Zapdos|Thunderbolt|p1a: Métalosse
|-activate|p1a: Métalosse|Protect
|
|-weather|Sandstorm|[upkeep]
|-damage|p2a: Zapdos|15/100|[from] Sandstorm
|-heal|p2a: Zapdos|21/100|[from] item: Leftovers
|-heal|p1a: Métalosse|16/100|[from] item: Leftovers
|upkeep
|turn|19
|
|t:|1728234309
|switch|p1a: Leuphorie|Blissey, F|100/100
|move|p2a: Zapdos|Baton Pass|p2a: Zapdos
|
|t:|1728234312
|switch|p2a: Metagross|Metagross|61/100|[from] Baton Pass
|-damage|p2a: Metagross|48/100|[from] Spikes
|
|-weather|Sandstorm|[upkeep]
|-damage|p1a: Leuphorie|94/100|[from] Sandstorm
|-heal|p1a: Leuphorie|100/100|[from] item: Leftovers
|upkeep
|turn|20
|
|t:|1728234336
|switch|p1a: Métalosse|Metagross|16/100
|move|p2a: Metagross|Meteor Mash|p1a: Métalosse
|-resisted|p1a: Métalosse
|-damage|p1a: Métalosse|0 fnt
|faint|p1a: Métalosse
|
|t:|1728234340
|switch|p1a: Airmure|Skarmory, M|35/100
|
|-weather|Sandstorm|[upkeep]
|upkeep
|turn|21
|
|t:|1728234344
|move|p2a: Metagross|Meteor Mash|p1a: Airmure
|-resisted|p1a: Airmure
|-crit|p1a: Airmure
|-damage|p1a: Airmure|0 fnt
|faint|p1a: Airmure
|
|t:|1728234354
|switch|p1a: Kaorine|Claydol|100/100
|
|-weather|Sandstorm|[upkeep]
|upkeep
|turn|22
|
|t:|1728234369
|switch|p2a: Salamence|Salamence, M|100/100
|-ability|p2a: Salamence|Intimidate|boost
|-unboost|p1a: Kaorine|atk|1
|move|p1a: Kaorine|Earthquake|p2a: Salamence
|-immune|p2a: Salamence
|
|-weather|Sandstorm|[upkeep]
|-damage|p2a: Salamence|94/100|[from] Sandstorm
|-heal|p2a: Salamence|100/100|[from] item: Leftovers
|upkeep
|turn|23
|
|t:|1728234378
|switch|p1a: Leuphorie|Blissey, F|100/100
|move|p2a: Salamence|Brick Break|p1a: Leuphorie
|-supereffective|p1a: Leuphorie
|-damage|p1a: Leuphorie|54/100
|
|-weather|Sandstorm|[upkeep]
|-damage|p2a: Salamence|94/100|[from] Sandstorm
|-damage|p1a: Leuphorie|48/100|[from] Sandstorm
|-heal|p2a: Salamence|100/100|[from] item: Leftovers
|-heal|p1a: Leuphorie|54/100|[from] item: Leftovers
|upkeep
|turn|24
|
|t:|1728234385
|switch|p2a: Metagross|Metagross|48/100
|-damage|p2a: Metagross|36/100|[from] Spikes
|move|p1a: Leuphorie|Soft-Boiled|p1a: Leuphorie
|-heal|p1a: Leuphorie|100/100
|
|-weather|Sandstorm|[upkeep]
|-damage|p1a: Leuphorie|94/100|[from] Sandstorm
|-heal|p1a: Leuphorie|100/100|[from] item: Leftovers
|upkeep
|turn|25
|
|t:|1728234391
|move|p2a: Metagross|Explosion|p1a: Leuphorie
|-damage|p1a: Leuphorie|0 fnt
|faint|p2a: Metagross
|faint|p1a: Leuphorie
|
|t:|1728234397
|switch|p2a: Salamence|Salamence, M|100/100
|switch|p1a: Kaorine|Claydol|100/100
|-ability|p2a: Salamence|Intimidate|boost
|-unboost|p1a: Kaorine|atk|1
|
|-weather|Sandstorm|[upkeep]
|-damage|p2a: Salamence|94/100|[from] Sandstorm
|-heal|p2a: Salamence|100/100|[from] item: Leftovers
|upkeep
|turn|26
|
|t:|1728234401
|move|p2a: Salamence|Hidden Power|p1a: Kaorine
|-supereffective|p1a: Kaorine
|-damage|p1a: Kaorine|60/100
|move|p1a: Kaorine|Explosion|p2a: Salamence
|-damage|p2a: Salamence|0 fnt
|faint|p1a: Kaorine
|faint|p2a: Salamence
|
|t:|1728234407
|switch|p2a: Breloom|Breloom, M|55/100
|switch|p1a: Tyranocif|Tyranitar, M|52/100
|-damage|p2a: Breloom|43/100|[from] Spikes
|
|-weather|Sandstorm|[upkeep]
|-damage|p2a: Breloom|37/100|[from] Sandstorm
|-heal|p2a: Breloom|43/100|[from] item: Leftovers
|upkeep
|turn|27
|
|t:|1728234412
|move|p2a: Breloom|Mach Punch|p1a: Tyranocif
|-supereffective|p1a: Tyranocif
|-damage|p1a: Tyranocif|0 fnt
|faint|p1a: Tyranocif
|
|t:|1728234414
|switch|p1a: Drattak|Salamence, M|100/100 slp
|-ability|p1a: Drattak|Intimidate|boost
|-unboost|p2a: Breloom|atk|1
|
|-weather|Sandstorm|[upkeep]
|-damage|p1a: Drattak|94/100 slp|[from] Sandstorm
|-damage|p2a: Breloom|37/100|[from] Sandstorm
|-heal|p1a: Drattak|100/100 slp|[from] item: Leftovers
|-heal|p2a: Breloom|43/100|[from] item: Leftovers
|upkeep
|turn|28
|
|t:|1728234419
|switch|p2a: Swampert|Swampert, M|30/100
|-damage|p2a: Swampert|18/100|[from] Spikes
|cant|p1a: Drattak|slp
|
|-weather|Sandstorm|[upkeep]
|-damage|p1a: Drattak|94/100 slp|[from] Sandstorm
|-heal|p1a: Drattak|100/100 slp|[from] item: Leftovers
|-heal|p2a: Swampert|24/100|[from] item: Leftovers
|upkeep
|turn|29
|
|t:|1728234423
|cant|p1a: Drattak|slp
|move|p2a: Swampert|Ice Beam|p1a: Drattak
|-supereffective|p1a: Drattak
|-damage|p1a: Drattak|0 fnt
|faint|p1a: Drattak
|
|win|leng loi
|c|☆Dridri457|gg
|c|☆leng loi|gg

</script>
<script type="application/json" class="data" id="replaydata-smogtours-gen3ou-795713">
{"id":"smogtours-gen3ou-795713","format":"[Gen 3] OU","players":["Dridri457","leng loi"],"uploadtime":1728234423,"views":185,"formatid":"gen3ou","rating":null,"private":0,"password":null}
</script>

<script defer src="js/replays.js?9d40a366"></script>
