<!DOCTYPE html>
<meta charset="utf-8" />
<meta name="viewport" content="width=device-width" />

<title>[Gen 3] OU: Skittle_Skity vs. Eduardo Carapinga - Replays - Pok&eacute;mon Showdown!</title>

<meta name="description" content="Watch a replay of a Pok&eacute;mon battle between Skittle_Skity and Eduardo Carapinga! Format: [Gen 3] OU; Date: Oct 11, 2024" />
<!--

Hey, you! Looking in the source for the replay log?

You can find them in JSON format, just add `.json` at the end of a replay URL.

https://replay.pokemonshowdown.com/gen7randomdoublesbattle-865046831.json

Or, if you only need the log itself, add `.log` instead:

https://replay.pokemonshowdown.com/gen7randomdoublesbattle-865046831.log

-->

<link rel="stylesheet" href="//pokemonshowdown.com/style/global.css?0.767286132409787" />
<link rel="stylesheet" href="//play.pokemonshowdown.com/style/font-awesome.css?0.9266228007934947" />
<link rel="stylesheet" href="//play.pokemonshowdown.com/style/battle.css?0.7924700842790926" />
<link rel="stylesheet" href="//play.pokemonshowdown.com/style/utilichart.css?0.8777417872839479" />

<!-- Global site tag (gtag.js) - Google Analytics -->
<script async src="https://www.googletagmanager.com/gtag/js?id=UA-26211653-1"></script>
<script>
  window.dataLayer = window.dataLayer || [];
  function gtag(){dataLayer.push(arguments);}
  gtag('js', new Date());

  gtag('config', 'UA-26211653-1');
</script>
<!-- End Google Analytics -->
<!-- Venatus Ad Manager - Install in <HEAD> of page -->
	<script src="https://hb.vntsm.com/v3/live/ad-manager.min.js" type="text/javascript" data-site-id="642aba63ec9a7b11c3c9c1be" data-mode="scan" async></script>
<!-- / Venatus Ad Manager -->

<style>
	@media (max-width:820px) {
		.battle {
			margin: 0 auto;
		}
		.battle-log {
			margin: 7px auto 0;
			max-width: 640px;
			height: 300px;
			position: static;
		}
	}
	.optgroup {
		display: inline-block;
		line-height: 22px;
		font-size: 10pt;
	}
	.optgroup .button {
		height: 25px;
		padding-top: 0;
		padding-bottom: 0;
	}
	.optgroup button.button {
		padding-left: 12px;
		padding-right: 12px;
	}
	.linklist {
		list-style: none;
		margin: 0.5em 0;
		padding: 0;
	}
	.linklist li {
		padding: 2px 0;
	}
	.sidebar {
		float: left;
		width: 320px;
	}
	.bar-wrapper {
		max-width: 1100px;
		margin: 0 auto;
	}
	.bar-wrapper.has-sidebar {
		max-width: 1430px;
	}
	.mainbar {
		margin: 0;
		padding-right: 1px;
	}
	.mainbar.has-sidebar {
		margin-left: 330px;
	}
	@media (min-width: 1511px) {
		.sidebar {
			width: 400px;
		}
		.bar-wrapper.has-sidebar {
			max-width: 1510px;
		}
		.mainbar.has-sidebar {
			margin-left: 410px;
		}
	}
	.section.first-section {
		margin-top: 9px;
	}
	.blocklink small {
		white-space: normal;
	}
	.button {
		vertical-align: middle;
	}
	.replay-controls {
		padding-top: 10px;
	}
	.replay-controls h1 {
		font-size: 16pt;
		font-weight: normal;
		color: #CCC;
	}
	.pagelink {
		text-align: center;
	}
	.pagelink a {
		width: 150px;
	}
	.textbox, .button {
		font-size: 11pt;
		vertical-align: middle;
	}
	@media (max-width: 450px) {
		.button {
			font-size: 9pt;
		}
	}
</style>

<div>

	<header>
		<div class="nav-wrapper"><ul class="nav">
			<li><a class="button nav-first" href="//pokemonshowdown.com/"><img src="//pokemonshowdown.com/images/pokemonshowdownbeta.png" srcset="//pokemonshowdown.com/images/pokemonshowdownbeta.png 1x, //pokemonshowdown.com/images/pokemonshowdownbeta@2x.png 2x" alt="Pok&eacute;mon Showdown" width="146" height="44" /> Home</a></li>
			<li><a class="button" href="//pokemonshowdown.com/dex/">Pok&eacute;dex</a></li>
			<li><a class="button cur" href="/">Replays</a></li>
			<li><a class="button" href="//pokemonshowdown.com/ladder/">Ladder</a></li>
			<li><a class="button nav-last" href="//pokemonshowdown.com/forums/">Forum</a></li>
			<li><a class="button greenbutton nav-first nav-last" href="//play.pokemonshowdown.com/">Play</a></li>
		</ul></div>
	</header>

	<div class="main" id="main">

		<noscript><section class="section">You need to enable JavaScript to use this page; sorry!</section></noscript>

	</div>

</div>

<script defer nomodule src="//play.pokemonshowdown.com/js/lib/ps-polyfill.js"></script>
<script defer src="//play.pokemonshowdown.com/js/lib/preact.min.js"></script>

<script defer src="//play.pokemonshowdown.com/config/config.js?6dec07f6"></script>
<script defer src="//play.pokemonshowdown.com/js/lib/jquery-1.11.0.min.js"></script>
<script defer src="//play.pokemonshowdown.com/js/lib/html-sanitizer-minified.js"></script>
<script defer src="//play.pokemonshowdown.com/js/battle-sound.js"></script>
<script defer src="//play.pokemonshowdown.com/js/battledata.js?0.6315294753075389"></script>
<script defer src="//play.pokemonshowdown.com/data/pokedex-mini.js?0.7603743185311358"></script>
<script defer src="//play.pokemonshowdown.com/data/pokedex-mini-bw.js?0.030888842834281283"></script>
<script defer src="//play.pokemonshowdown.com/data/graphics.js?0.05593094747507488"></script>
<script defer src="//play.pokemonshowdown.com/data/pokedex.js?0.47064822249611904"></script>
<script defer src="//play.pokemonshowdown.com/data/moves.js?0.8583693120512459"></script>
<script defer src="//play.pokemonshowdown.com/data/abilities.js?0.16017181182386842"></script>
<script defer src="//play.pokemonshowdown.com/data/items.js?0.4163379185673943"></script>
<script defer src="//play.pokemonshowdown.com/data/teambuilder-tables.js?0.31075597372830477"></script>
<script defer src="//play.pokemonshowdown.com/js/battle-tooltips.js?0.6536193500708172"></script>
<script defer src="//play.pokemonshowdown.com/js/battle.js?0.1916591943277901"></script>

<script defer src="js/utils.js?e31f9a17"></script>
<script defer src="js/replays-battle.js?7008c182"></script>

<!-- don't scrape this data! just add .json or .log after the URL!
Full API docs: https://github.com/smogon/pokemon-showdown-client/blob/master/WEB-API.md -->
<script type="text/plain" class="log" id="replaylog-smogtours-gen3ou-797315">
|inactive|Battle timer is ON: inactive players will automatically lose when time's up.
|t:|1728686459
|gametype|singles
|player|p1|Skittle_Skity|170|
|player|p2|Eduardo Carapinga|#splxvraiders|
|teamsize|p1|6
|teamsize|p2|6
|gen|3
|tier|[Gen 3] OU
|rule|Sleep Clause Mod: Limit one foe put to sleep
|rule|Switch Priority Clause Mod: Faster Pokémon switch first
|rule|Species Clause: Limit one of each Pokémon
|rule|OHKO Clause: OHKO moves are banned
|rule|Evasion Items Clause: Evasion items are banned
|rule|Evasion Moves Clause: Evasion moves are banned
|rule|Endless Battle Clause: Forcing endless battles is banned
|rule|HP Percentage Mod: HP is shown in percentages
|rule|One Boost Passer Clause: Limit one Baton Passer that has a way to boost its stats
|rule|Freeze Clause Mod: Limit one foe frozen
|
|t:|1728686459
|start
|switch|p1a: Wayne|Zapdos|100/100
|switch|p2a: Thor|Zapdos|100/100
|turn|1
|
|t:|1728686478
|switch|p1a: Gibby|Blissey, F|100/100
|move|p2a: Thor|Toxic|p1a: Gibby
|-status|p1a: Gibby|tox
|
|-damage|p1a: Gibby|94/100 tox|[from] psn
|upkeep
|turn|2
|
|t:|1728686482
|move|p2a: Thor|Thunderbolt|p1a: Gibby
|-damage|p1a: Gibby|79/100 tox
|move|p1a: Gibby|Thunderbolt|p2a: Thor
|-damage|p2a: Thor|83/100
|-status|p2a: Thor|par
|
|-heal|p1a: Gibby|85/100 tox|[from] item: Leftovers
|-damage|p1a: Gibby|73/100 tox|[from] psn
|-heal|p2a: Thor|89/100 par|[from] item: Leftovers
|upkeep
|turn|3
|
|t:|1728686493
|-curestatus|p1a: Gibby|tox|[from] ability: Natural Cure
|switch|p1a: Wayne|Zapdos|100/100
|move|p2a: Thor|Thunderbolt|p1a: Wayne
|-damage|p1a: Wayne|52/100
|
|-heal|p1a: Wayne|58/100|[from] item: Leftovers
|-heal|p2a: Thor|95/100 par|[from] item: Leftovers
|upkeep
|turn|4
|
|t:|1728686520
|move|p1a: Wayne|Baton Pass|p1a: Wayne
|
|t:|1728686522
|switch|p1a: Gibby|Blissey, F|73/100|[from] Baton Pass
|move|p2a: Thor|Toxic|p1a: Gibby
|-status|p1a: Gibby|tox
|
|-heal|p1a: Gibby|79/100 tox|[from] item: Leftovers
|-damage|p1a: Gibby|73/100 tox|[from] psn
|-heal|p2a: Thor|100/100 par|[from] item: Leftovers
|upkeep
|turn|5
|inactive|Eduardo Carapinga has 270 seconds left.
|inactive|Eduardo Carapinga has 240 seconds left.
|
|t:|1728686597
|move|p1a: Gibby|Ice Beam|p2a: Thor
|-supereffective|p2a: Thor
|-damage|p2a: Thor|64/100 par
|move|p2a: Thor|Thunderbolt|p1a: Gibby
|-damage|p1a: Gibby|56/100 tox
|
|-heal|p1a: Gibby|63/100 tox|[from] item: Leftovers
|-damage|p1a: Gibby|50/100 tox|[from] psn
|-heal|p2a: Thor|70/100 par|[from] item: Leftovers
|upkeep
|turn|6
|inactive|Skittle_Skity has 270 seconds left.
|
|t:|1728686631
|move|p1a: Gibby|Soft-Boiled|p1a: Gibby
|-heal|p1a: Gibby|99/100 tox
|cant|p2a: Thor|par
|
|-heal|p1a: Gibby|100/100 tox|[from] item: Leftovers
|-damage|p1a: Gibby|82/100 tox|[from] psn
|-heal|p2a: Thor|76/100 par|[from] item: Leftovers
|upkeep
|turn|7
|inactive|Skittle_Skity has 270 seconds left.
|
|t:|1728686644
|-curestatus|p1a: Gibby|tox|[from] ability: Natural Cure
|switch|p1a: Somsnosa|Metagross|100/100
|cant|p2a: Thor|par
|
|-heal|p2a: Thor|82/100 par|[from] item: Leftovers
|upkeep
|turn|8
|
|t:|1728686652
|move|p1a: Somsnosa|Earthquake|p2a: Thor
|-immune|p2a: Thor
|move|p2a: Thor|Thunderbolt|p1a: Somsnosa
|-damage|p1a: Somsnosa|54/100
|
|-heal|p2a: Thor|89/100 par|[from] item: Leftovers
|upkeep
|turn|9
|
|t:|1728686657
|move|p1a: Somsnosa|Explosion|p2a: Thor
|-damage|p2a: Thor|0 fnt
|faint|p1a: Somsnosa
|faint|p2a: Thor
|
|t:|1728686665
|switch|p2a: Dinamita|Tyranitar, F|100/100
|switch|p1a: Wayne|Zapdos|58/100
|-weather|Sandstorm|[from] ability: Sand Stream|[of] p2a: Dinamita
|
|-weather|Sandstorm|[upkeep]
|-damage|p1a: Wayne|52/100|[from] Sandstorm
|-heal|p1a: Wayne|58/100|[from] item: Leftovers
|upkeep
|turn|10
|
|t:|1728686669
|-singleturn|p2a: Dinamita|move: Focus Punch
|move|p1a: Wayne|Protect|p1a: Wayne
|-singleturn|p1a: Wayne|Protect
|move|p2a: Dinamita|Focus Punch|p1a: Wayne
|-activate|p1a: Wayne|Protect
|
|-weather|Sandstorm|[upkeep]
|-damage|p1a: Wayne|52/100|[from] Sandstorm
|-heal|p1a: Wayne|58/100|[from] item: Leftovers
|upkeep
|turn|11
|
|t:|1728686676
|switch|p2a: Lodoso|Swampert, F|100/100
|move|p1a: Wayne|Hidden Power|p2a: Lodoso
|-supereffective|p2a: Lodoso
|-damage|p2a: Lodoso|9/100
|
|-weather|Sandstorm|[upkeep]
|-damage|p1a: Wayne|52/100|[from] Sandstorm
|-heal|p1a: Wayne|58/100|[from] item: Leftovers
|-heal|p2a: Lodoso|16/100|[from] item: Leftovers
|upkeep
|turn|12
|
|t:|1728686685
|move|p2a: Lodoso|Protect|p2a: Lodoso
|-singleturn|p2a: Lodoso|Protect
|move|p1a: Wayne|Hidden Power|p2a: Lodoso
|-activate|p2a: Lodoso|Protect
|
|-weather|Sandstorm|[upkeep]
|-damage|p1a: Wayne|52/100|[from] Sandstorm
|-heal|p1a: Wayne|58/100|[from] item: Leftovers
|-heal|p2a: Lodoso|22/100|[from] item: Leftovers
|upkeep
|turn|13
|
|t:|1728686687
|move|p1a: Wayne|Hidden Power|p2a: Lodoso
|-supereffective|p2a: Lodoso
|-damage|p2a: Lodoso|0 fnt
|faint|p2a: Lodoso
|
|t:|1728686689
|switch|p2a: Imperius|Aerodactyl, M|100/100
|
|-weather|Sandstorm|[upkeep]
|-damage|p1a: Wayne|52/100|[from] Sandstorm
|-heal|p1a: Wayne|58/100|[from] item: Leftovers
|upkeep
|turn|14
|
|t:|1728686693
|move|p1a: Wayne|Protect|p1a: Wayne
|-singleturn|p1a: Wayne|Protect
|move|p2a: Imperius|Double-Edge|p1a: Wayne
|-activate|p1a: Wayne|Protect
|
|-weather|Sandstorm|[upkeep]
|-damage|p1a: Wayne|52/100|[from] Sandstorm
|-heal|p1a: Wayne|58/100|[from] item: Leftovers
|upkeep
|turn|15
|
|t:|1728686719
|switch|p1a: Dedusmuln|Tyranitar, M|100/100
|move|p2a: Imperius|Double-Edge|p1a: Dedusmuln
|-resisted|p1a: Dedusmuln
|-damage|p1a: Dedusmuln|78/100
|
|-weather|Sandstorm|[upkeep]
|upkeep
|turn|16
|
|t:|1728686729
|switch|p2a: Ironface|Metagross|100/100
|switch|p1a: Old Wayne|Skarmory, M|100/100
|
|-weather|Sandstorm|[upkeep]
|upkeep
|turn|17
|
|t:|1728686733
|move|p1a: Old Wayne|Protect|p1a: Old Wayne
|-singleturn|p1a: Old Wayne|Protect
|move|p2a: Ironface|Explosion|p1a: Old Wayne
|-activate|p1a: Old Wayne|Protect
|faint|p2a: Ironface
|
|t:|1728686737
|switch|p2a: Dinamita|Tyranitar, F|100/100
|
|-weather|Sandstorm|[upkeep]
|upkeep
|turn|18
|
|t:|1728686762
|move|p2a: Dinamita|Rock Slide|p1a: Old Wayne
|-damage|p1a: Old Wayne|56/100
|move|p1a: Old Wayne|Roar|p2a: Dinamita
|drag|p2a: Imperius|Aerodactyl, M|100/100
|
|-weather|Sandstorm|[upkeep]
|-heal|p1a: Old Wayne|62/100|[from] item: Leftovers
|upkeep
|turn|19
|
|t:|1728686766
|move|p1a: Old Wayne|Protect|p1a: Old Wayne
|-singleturn|p1a: Old Wayne|Protect
|move|p2a: Imperius|Rock Slide|p1a: Old Wayne
|-activate|p1a: Old Wayne|Protect
|
|-weather|Sandstorm|[upkeep]
|-heal|p1a: Old Wayne|68/100|[from] item: Leftovers
|upkeep
|turn|20
|
|t:|1728686769
|move|p2a: Imperius|Rock Slide|p1a: Old Wayne
|-damage|p1a: Old Wayne|27/100
|move|p1a: Old Wayne|Spikes|p2a: Imperius
|-sidestart|p2: Eduardo Carapinga|Spikes
|
|-weather|Sandstorm|[upkeep]
|-heal|p1a: Old Wayne|33/100|[from] item: Leftovers
|upkeep
|turn|21
|
|t:|1728686775
|switch|p1a: Pongorma|Magneton|100/100
|move|p2a: Imperius|Rock Slide|p1a: Pongorma
|-resisted|p1a: Pongorma
|-damage|p1a: Pongorma|62/100
|
|-weather|Sandstorm|[upkeep]
|upkeep
|turn|22
|
|t:|1728686779
|switch|p2a: Orion|Dugtrio, F|100/100
|-damage|p2a: Orion|88/100|[from] Spikes
|move|p1a: Pongorma|Toxic|p2a: Orion
|-status|p2a: Orion|tox
|
|-weather|Sandstorm|[upkeep]
|-damage|p2a: Orion|82/100 tox|[from] psn
|upkeep
|turn|23
|
|t:|1728686782
|move|p1a: Pongorma|Protect|p1a: Pongorma
|-singleturn|p1a: Pongorma|Protect
|move|p2a: Orion|Earthquake|p1a: Pongorma
|-activate|p1a: Pongorma|Protect
|
|-weather|Sandstorm|[upkeep]
|-damage|p2a: Orion|70/100 tox|[from] psn
|upkeep
|turn|24
|
|t:|1728686784
|move|p1a: Pongorma|Protect|p1a: Pongorma
|-singleturn|p1a: Pongorma|Protect
|move|p2a: Orion|Earthquake|p1a: Pongorma
|-activate|p1a: Pongorma|Protect
|
|-weather|Sandstorm|[upkeep]
|-damage|p2a: Orion|52/100 tox|[from] psn
|upkeep
|turn|25
|
|t:|1728686786
|move|p1a: Pongorma|Protect||[still]
|-fail|p1a: Pongorma
|move|p2a: Orion|Earthquake|p1a: Pongorma
|-supereffective|p1a: Pongorma
|-damage|p1a: Pongorma|0 fnt
|faint|p1a: Pongorma
|
|t:|1728686791
|switch|p1a: Old Wayne|Skarmory, M|33/100
|
|-weather|Sandstorm|[upkeep]
|-damage|p2a: Orion|27/100 tox|[from] psn
|-heal|p1a: Old Wayne|39/100|[from] item: Leftovers
|upkeep
|turn|26
|
|t:|1728686795
|move|p2a: Orion|Earthquake|p1a: Old Wayne
|-immune|p1a: Old Wayne
|move|p1a: Old Wayne|Roar|p2a: Orion
|drag|p2a: Imperius|Aerodactyl, M|100/100
|
|-weather|Sandstorm|[upkeep]
|-heal|p1a: Old Wayne|45/100|[from] item: Leftovers
|upkeep
|turn|27
|
|t:|1728686797
|move|p1a: Old Wayne|Protect|p1a: Old Wayne
|-singleturn|p1a: Old Wayne|Protect
|move|p2a: Imperius|Rock Slide|p1a: Old Wayne
|-activate|p1a: Old Wayne|Protect
|
|-weather|Sandstorm|[upkeep]
|-heal|p1a: Old Wayne|51/100|[from] item: Leftovers
|upkeep
|turn|28
|
|t:|1728686823
|switch|p1a: Gibby|Blissey, F|82/100
|move|p2a: Imperius|Rock Slide|p1a: Gibby
|-damage|p1a: Gibby|34/100
|
|-weather|Sandstorm|[upkeep]
|-damage|p1a: Gibby|28/100|[from] Sandstorm
|-heal|p1a: Gibby|34/100|[from] item: Leftovers
|upkeep
|turn|29
|
|t:|1728686828
|move|p2a: Imperius|Rock Slide|p1a: Gibby
|-damage|p1a: Gibby|0 fnt
|faint|p1a: Gibby
|inactive|Skittle_Skity has 270 seconds left.
|
|t:|1728686854
|switch|p1a: Old Wayne|Skarmory, M|51/100
|
|-weather|Sandstorm|[upkeep]
|-heal|p1a: Old Wayne|57/100|[from] item: Leftovers
|upkeep
|turn|30
|
|t:|1728686857
|move|p1a: Old Wayne|Protect|p1a: Old Wayne
|-singleturn|p1a: Old Wayne|Protect
|move|p2a: Imperius|Rock Slide|p1a: Old Wayne
|-activate|p1a: Old Wayne|Protect
|
|-weather|Sandstorm|[upkeep]
|-heal|p1a: Old Wayne|63/100|[from] item: Leftovers
|upkeep
|turn|31
|
|t:|1728686859
|move|p2a: Imperius|Rock Slide|p1a: Old Wayne
|-damage|p1a: Old Wayne|24/100
|cant|p1a: Old Wayne|flinch
|
|-weather|Sandstorm|[upkeep]
|-heal|p1a: Old Wayne|30/100|[from] item: Leftovers
|upkeep
|turn|32
|
|t:|1728686862
|move|p1a: Old Wayne|Protect|p1a: Old Wayne
|-singleturn|p1a: Old Wayne|Protect
|move|p2a: Imperius|Rock Slide|p1a: Old Wayne
|-activate|p1a: Old Wayne|Protect
|
|-weather|Sandstorm|[upkeep]
|-heal|p1a: Old Wayne|36/100|[from] item: Leftovers
|upkeep
|turn|33
|
|t:|1728686869
|move|p2a: Imperius|Rock Slide|p1a: Old Wayne
|-damage|p1a: Old Wayne|0 fnt
|faint|p1a: Old Wayne
|
|t:|1728686872
|switch|p1a: Dedusmuln|Tyranitar, M|78/100
|
|-weather|Sandstorm|[upkeep]
|upkeep
|turn|34
|
|t:|1728686885
|move|p2a: Imperius|Rock Slide|p1a: Dedusmuln
|-damage|p1a: Dedusmuln|29/100
|move|p1a: Dedusmuln|Dragon Dance|p1a: Dedusmuln
|-boost|p1a: Dedusmuln|atk|1
|-boost|p1a: Dedusmuln|spe|1
|
|-weather|Sandstorm|[upkeep]
|upkeep
|turn|35
|
|t:|1728686891
|move|p2a: Imperius|Rock Slide|p1a: Dedusmuln
|-damage|p1a: Dedusmuln|0 fnt
|faint|p1a: Dedusmuln
|
|t:|1728686895
|switch|p1a: Wayne|Zapdos|58/100
|
|-weather|Sandstorm|[upkeep]
|-damage|p1a: Wayne|52/100|[from] Sandstorm
|-heal|p1a: Wayne|58/100|[from] item: Leftovers
|upkeep
|turn|36
|c|☆Eduardo Carapinga|/log Eduardo Carapinga made the replay of this battle unlisted.
|
|t:|1728686904
|move|p1a: Wayne|Protect|p1a: Wayne
|-singleturn|p1a: Wayne|Protect
|move|p2a: Imperius|Rock Slide|p1a: Wayne
|-activate|p1a: Wayne|Protect
|
|-weather|Sandstorm|[upkeep]
|-damage|p1a: Wayne|52/100|[from] Sandstorm
|-heal|p1a: Wayne|58/100|[from] item: Leftovers
|upkeep
|turn|37
|
|t:|1728686906
|move|p2a: Imperius|Rock Slide|p1a: Wayne
|-supereffective|p1a: Wayne
|-crit|p1a: Wayne
|-damage|p1a: Wayne|0 fnt
|faint|p1a: Wayne
|
|win|Eduardo Carapinga
|c|☆Skittle_Skity|gg

</script>
<script type="application/json" class="data" id="replaydata-smogtours-gen3ou-797315">
{"id":"smogtours-gen3ou-797315","format":"[Gen 3] OU","players":["Skittle_Skity","Eduardo Carapinga"],"uploadtime":1728686906,"views":112,"formatid":"gen3ou","rating":null,"private":1,"password":null}
</script>

<script defer src="js/replays.js?9d40a366"></script>
