<!DOCTYPE html>
<meta charset="utf-8" />
<meta name="viewport" content="width=device-width" />

<title>[Gen 3] OU: BCLLCB vs. A Welcome Guest - Replays - Pok&eacute;mon Showdown!</title>

<meta name="description" content="Watch a replay of a Pok&eacute;mon battle between BCLLCB and A Welcome Guest! Format: [Gen 3] OU; Date: Oct 4, 2024" />
<!--

Hey, you! Looking in the source for the replay log?

You can find them in JSON format, just add `.json` at the end of a replay URL.

https://replay.pokemonshowdown.com/gen7randomdoublesbattle-865046831.json

Or, if you only need the log itself, add `.log` instead:

https://replay.pokemonshowdown.com/gen7randomdoublesbattle-865046831.log

-->

<link rel="stylesheet" href="//pokemonshowdown.com/style/global.css?0.023195364461161105" />
<link rel="stylesheet" href="//play.pokemonshowdown.com/style/font-awesome.css?0.13261647063804238" />
<link rel="stylesheet" href="//play.pokemonshowdown.com/style/battle.css?0.8753245789963631" />
<link rel="stylesheet" href="//play.pokemonshowdown.com/style/utilichart.css?0.8627959624976733" />

<!-- Global site tag (gtag.js) - Google Analytics -->
<script async src="https://www.googletagmanager.com/gtag/js?id=UA-26211653-1"></script>
<script>
  window.dataLayer = window.dataLayer || [];
  function gtag(){dataLayer.push(arguments);}
  gtag('js', new Date());

  gtag('config', 'UA-26211653-1');
</script>
<!-- End Google Analytics -->
<!-- Venatus Ad Manager - Install in <HEAD> of page -->
	<script src="https://hb.vntsm.com/v3/live/ad-manager.min.js" type="text/javascript" data-site-id="642aba63ec9a7b11c3c9c1be" data-mode="scan" async></script>
<!-- / Venatus Ad Manager -->

<style>
	@media (max-width:820px) {
		.battle {
			margin: 0 auto;
		}
		.battle-log {
			margin: 7px auto 0;
			max-width: 640px;
			height: 300px;
			position: static;
		}
	}
	.optgroup {
		display: inline-block;
		line-height: 22px;
		font-size: 10pt;
	}
	.optgroup .button {
		height: 25px;
		padding-top: 0;
		padding-bottom: 0;
	}
	.optgroup button.button {
		padding-left: 12px;
		padding-right: 12px;
	}
	.linklist {
		list-style: none;
		margin: 0.5em 0;
		padding: 0;
	}
	.linklist li {
		padding: 2px 0;
	}
	.sidebar {
		float: left;
		width: 320px;
	}
	.bar-wrapper {
		max-width: 1100px;
		margin: 0 auto;
	}
	.bar-wrapper.has-sidebar {
		max-width: 1430px;
	}
	.mainbar {
		margin: 0;
		padding-right: 1px;
	}
	.mainbar.has-sidebar {
		margin-left: 330px;
	}
	@media (min-width: 1511px) {
		.sidebar {
			width: 400px;
		}
		.bar-wrapper.has-sidebar {
			max-width: 1510px;
		}
		.mainbar.has-sidebar {
			margin-left: 410px;
		}
	}
	.section.first-section {
		margin-top: 9px;
	}
	.blocklink small {
		white-space: normal;
	}
	.button {
		vertical-align: middle;
	}
	.replay-controls {
		padding-top: 10px;
	}
	.replay-controls h1 {
		font-size: 16pt;
		font-weight: normal;
		color: #CCC;
	}
	.pagelink {
		text-align: center;
	}
	.pagelink a {
		width: 150px;
	}
	.textbox, .button {
		font-size: 11pt;
		vertical-align: middle;
	}
	@media (max-width: 450px) {
		.button {
			font-size: 9pt;
		}
	}
</style>

<div>

	<header>
		<div class="nav-wrapper"><ul class="nav">
			<li><a class="button nav-first" href="//pokemonshowdown.com/"><img src="//pokemonshowdown.com/images/pokemonshowdownbeta.png" srcset="//pokemonshowdown.com/images/pokemonshowdownbeta.png 1x, //pokemonshowdown.com/images/pokemonshowdownbeta@2x.png 2x" alt="Pok&eacute;mon Showdown" width="146" height="44" /> Home</a></li>
			<li><a class="button" href="//pokemonshowdown.com/dex/">Pok&eacute;dex</a></li>
			<li><a class="button cur" href="/">Replays</a></li>
			<li><a class="button" href="//pokemonshowdown.com/ladder/">Ladder</a></li>
			<li><a class="button nav-last" href="//pokemonshowdown.com/forums/">Forum</a></li>
			<li><a class="button greenbutton nav-first nav-last" href="//play.pokemonshowdown.com/">Play</a></li>
		</ul></div>
	</header>

	<div class="main" id="main">

		<noscript><section class="section">You need to enable JavaScript to use this page; sorry!</section></noscript>

	</div>

</div>

<script defer nomodule src="//play.pokemonshowdown.com/js/lib/ps-polyfill.js"></script>
<script defer src="//play.pokemonshowdown.com/js/lib/preact.min.js"></script>

<script defer src="//play.pokemonshowdown.com/config/config.js?2bddbc15"></script>
<script defer src="//play.pokemonshowdown.com/js/lib/jquery-1.11.0.min.js"></script>
<script defer src="//play.pokemonshowdown.com/js/lib/html-sanitizer-minified.js"></script>
<script defer src="//play.pokemonshowdown.com/js/battle-sound.js"></script>
<script defer src="//play.pokemonshowdown.com/js/battledata.js?0.7209276989879541"></script>
<script defer src="//play.pokemonshowdown.com/data/pokedex-mini.js?0.6111056340867951"></script>
<script defer src="//play.pokemonshowdown.com/data/pokedex-mini-bw.js?0.3532142036491459"></script>
<script defer src="//play.pokemonshowdown.com/data/graphics.js?0.24223875632456182"></script>
<script defer src="//play.pokemonshowdown.com/data/pokedex.js?0.38839984266356864"></script>
<script defer src="//play.pokemonshowdown.com/data/moves.js?0.21866028504024015"></script>
<script defer src="//play.pokemonshowdown.com/data/abilities.js?0.2005157953846628"></script>
<script defer src="//play.pokemonshowdown.com/data/items.js?0.9894211263848525"></script>
<script defer src="//play.pokemonshowdown.com/data/teambuilder-tables.js?0.6008791140282215"></script>
<script defer src="//play.pokemonshowdown.com/js/battle-tooltips.js?0.7580118955022959"></script>
<script defer src="//play.pokemonshowdown.com/js/battle.js?0.6057722274234274"></script>

<script defer src="js/utils.js?e31f9a17"></script>
<script defer src="js/replays-battle.js?7008c182"></script>

<!-- don't scrape this data! just add .json or .log after the URL!
Full API docs: https://github.com/smogon/pokemon-showdown-client/blob/master/WEB-API.md -->
<script type="text/plain" class="log" id="replaylog-gen3ou-2215909823-1i4i0xuotd0jljw39m4qej5u7q6z7qipw">
|j|☆BCLLCB
|j|☆A Welcome Guest
|t:|1728061342
|gametype|singles
|player|p1|BCLLCB|hilbert|
|player|p2|A Welcome Guest|brycen|
|teamsize|p1|6
|teamsize|p2|6
|gen|3
|tier|[Gen 3] OU
|rule|Sleep Clause Mod: Limit one foe put to sleep
|rule|Switch Priority Clause Mod: Faster Pokémon switch first
|rule|Species Clause: Limit one of each Pokémon
|rule|OHKO Clause: OHKO moves are banned
|rule|Evasion Items Clause: Evasion items are banned
|rule|Evasion Moves Clause: Evasion moves are banned
|rule|Endless Battle Clause: Forcing endless battles is banned
|rule|HP Percentage Mod: HP is shown in percentages
|rule|One Boost Passer Clause: Limit one Baton Passer that has a way to boost its stats
|rule|Freeze Clause Mod: Limit one foe frozen
|
|t:|1728061342
|start
|switch|p1a: Fried chicken|Zapdos|100/100
|switch|p2a: Tyranitar|Tyranitar, M|100/100
|-weather|Sandstorm|[from] ability: Sand Stream|[of] p2a: Tyranitar
|turn|1
|c|☆A Welcome Guest|hf
|c|☆BCLLCB|glhf
|
|t:|1728061363
|move|p1a: Fried chicken|Hidden Power|p2a: Tyranitar
|-supereffective|p2a: Tyranitar
|-damage|p2a: Tyranitar|49/100
|move|p2a: Tyranitar|Rock Slide|p1a: Fried chicken
|-supereffective|p1a: Fried chicken
|-damage|p1a: Fried chicken|12/100
|
|-weather|Sandstorm|[upkeep]
|-damage|p1a: Fried chicken|6/100|[from] Sandstorm
|-heal|p1a: Fried chicken|12/100|[from] item: Leftovers
|-heal|p2a: Tyranitar|55/100|[from] item: Leftovers
|upkeep
|turn|2
|
|t:|1728061385
|move|p1a: Fried chicken|Baton Pass|p1a: Fried chicken
|
|t:|1728061389
|switch|p1a: Gang Bang|Dugtrio, M|100/100|[from] Baton Pass
|move|p2a: Tyranitar|Flamethrower|p1a: Gang Bang
|-damage|p1a: Gang Bang|54/100
|
|-weather|Sandstorm|[upkeep]
|-heal|p2a: Tyranitar|61/100|[from] item: Leftovers
|upkeep
|turn|3
|
|t:|1728061397
|move|p1a: Gang Bang|Earthquake|p2a: Tyranitar
|-supereffective|p2a: Tyranitar
|-damage|p2a: Tyranitar|0 fnt
|faint|p2a: Tyranitar
|
|t:|1728061403
|switch|p2a: Gengar|Gengar, M|100/100
|
|-weather|Sandstorm|[upkeep]
|-damage|p2a: Gengar|95/100|[from] Sandstorm
|-heal|p2a: Gengar|100/100|[from] item: Leftovers
|upkeep
|turn|4
|
|t:|1728061413
|switch|p1a: Swimmingly.|Kingdra, M|100/100
|move|p2a: Gengar|Ice Punch|p1a: Swimmingly.
|-damage|p1a: Swimmingly.|78/100
|
|-weather|Sandstorm|[upkeep]
|-damage|p2a: Gengar|95/100|[from] Sandstorm
|-damage|p1a: Swimmingly.|72/100|[from] Sandstorm
|-heal|p2a: Gengar|100/100|[from] item: Leftovers
|upkeep
|turn|5
|
|t:|1728061418
|move|p2a: Gengar|Explosion|p1a: Swimmingly.
|-damage|p1a: Swimmingly.|2/100
|faint|p2a: Gengar
|
|t:|1728061432
|switch|p2a: Aerodactyl|Aerodactyl, F|100/100
|
|-weather|Sandstorm|[upkeep]
|-damage|p1a: Swimmingly.|0 fnt|[from] Sandstorm
|faint|p1a: Swimmingly.
|upkeep
|
|t:|1728061442
|switch|p1a: Fried chicken|Zapdos|12/100
|turn|6
|
|t:|1728061445
|move|p2a: Aerodactyl|Double-Edge|p1a: Fried chicken
|-damage|p1a: Fried chicken|0 fnt
|faint|p1a: Fried chicken
|
|t:|1728061449
|switch|p1a: Jirachi|Jirachi|100/100
|
|-weather|Sandstorm|[upkeep]
|upkeep
|turn|7
|
|t:|1728061470
|switch|p2a: Jirachi|Jirachi|100/100
|move|p1a: Jirachi|Calm Mind|p1a: Jirachi
|-boost|p1a: Jirachi|spa|1
|-boost|p1a: Jirachi|spd|1
|
|-weather|Sandstorm|[upkeep]
|upkeep
|turn|8
|
|t:|1728061475
|move|p2a: Jirachi|Fire Punch|p1a: Jirachi
|-supereffective|p1a: Jirachi
|-crit|p1a: Jirachi
|-damage|p1a: Jirachi|38/100
|move|p1a: Jirachi|Thunder|p2a: Jirachi
|-damage|p2a: Jirachi|67/100
|
|-weather|Sandstorm|[upkeep]
|-heal|p2a: Jirachi|73/100|[from] item: Leftovers
|-heal|p1a: Jirachi|44/100|[from] item: Leftovers
|upkeep
|turn|9
|
|t:|1728061484
|move|p2a: Jirachi|Fire Punch|p1a: Jirachi
|-supereffective|p1a: Jirachi
|-damage|p1a: Jirachi|23/100
|move|p1a: Jirachi|Wish|p1a: Jirachi
|
|-weather|Sandstorm|[upkeep]
|-heal|p2a: Jirachi|79/100|[from] item: Leftovers
|-heal|p1a: Jirachi|29/100|[from] item: Leftovers
|upkeep
|turn|10
|
|t:|1728061493
|move|p2a: Jirachi|Fire Punch|p1a: Jirachi
|-supereffective|p1a: Jirachi
|-damage|p1a: Jirachi|9/100
|move|p1a: Jirachi|Calm Mind|p1a: Jirachi
|-boost|p1a: Jirachi|spa|1
|-boost|p1a: Jirachi|spd|1
|
|-heal|p1a: Jirachi|59/100|[from] move: Wish|[wisher] Jirachi
|-weather|Sandstorm|[upkeep]
|-heal|p2a: Jirachi|85/100|[from] item: Leftovers
|-heal|p1a: Jirachi|65/100|[from] item: Leftovers
|upkeep
|turn|11
|
|t:|1728061499
|move|p2a: Jirachi|Fire Punch|p1a: Jirachi
|-supereffective|p1a: Jirachi
|-damage|p1a: Jirachi|50/100
|-status|p1a: Jirachi|brn
|move|p1a: Jirachi|Thunder|p2a: Jirachi|[miss]
|-miss|p1a: Jirachi|p2a: Jirachi
|
|-weather|Sandstorm|[upkeep]
|-heal|p2a: Jirachi|92/100|[from] item: Leftovers
|-heal|p1a: Jirachi|56/100 brn|[from] item: Leftovers
|-damage|p1a: Jirachi|43/100 brn|[from] brn
|upkeep
|turn|12
|
|t:|1728061506
|move|p2a: Jirachi|Fire Punch|p1a: Jirachi
|-supereffective|p1a: Jirachi
|-damage|p1a: Jirachi|28/100 brn
|move|p1a: Jirachi|Thunder|p2a: Jirachi
|-damage|p2a: Jirachi|46/100
|
|-weather|Sandstorm|[upkeep]
|-heal|p2a: Jirachi|52/100|[from] item: Leftovers
|-heal|p1a: Jirachi|34/100 brn|[from] item: Leftovers
|-damage|p1a: Jirachi|22/100 brn|[from] brn
|upkeep
|turn|13
|
|t:|1728061519
|move|p2a: Jirachi|Fire Punch|p1a: Jirachi
|-supereffective|p1a: Jirachi
|-damage|p1a: Jirachi|7/100 brn
|move|p1a: Jirachi|Thunder|p2a: Jirachi|[miss]
|-miss|p1a: Jirachi|p2a: Jirachi
|
|-weather|Sandstorm|[upkeep]
|-heal|p2a: Jirachi|58/100|[from] item: Leftovers
|-heal|p1a: Jirachi|13/100 brn|[from] item: Leftovers
|-damage|p1a: Jirachi|0 fnt|[from] brn
|faint|p1a: Jirachi
|upkeep
|
|t:|1728061524
|switch|p1a: Gang Bang|Dugtrio, M|54/100
|turn|14
|
|t:|1728061537
|move|p2a: Jirachi|Protect|p2a: Jirachi
|-singleturn|p2a: Jirachi|Protect
|move|p1a: Gang Bang|Earthquake|p2a: Jirachi
|-activate|p2a: Jirachi|Protect
|
|-weather|Sandstorm|[upkeep]
|-heal|p2a: Jirachi|65/100|[from] item: Leftovers
|upkeep
|turn|15
|
|t:|1728061558
|move|p1a: Gang Bang|Earthquake|p2a: Jirachi
|-supereffective|p2a: Jirachi
|-damage|p2a: Jirachi|0 fnt
|faint|p2a: Jirachi
|
|t:|1728061563
|switch|p2a: Skarmory|Skarmory, M|100/100
|
|-weather|Sandstorm|[upkeep]
|upkeep
|turn|16
|
|t:|1728061568
|switch|p1a: Brian|Gengar, F|100/100
|move|p2a: Skarmory|Spikes|p1a: Brian
|-sidestart|p1: BCLLCB|Spikes
|
|-weather|Sandstorm|[upkeep]
|-damage|p1a: Brian|94/100|[from] Sandstorm
|-heal|p1a: Brian|100/100|[from] item: Leftovers
|upkeep
|turn|17
|
|t:|1728061575
|move|p1a: Brian|Thunderbolt|p2a: Skarmory
|-supereffective|p2a: Skarmory
|-damage|p2a: Skarmory|38/100
|move|p2a: Skarmory|Roar|p1a: Brian
|drag|p1a: Hello!|Suicune|100/100
|-damage|p1a: Hello!|88/100|[from] Spikes
|
|-weather|Sandstorm|[upkeep]
|-damage|p1a: Hello!|82/100|[from] Sandstorm
|-heal|p1a: Hello!|88/100|[from] item: Leftovers
|-heal|p2a: Skarmory|44/100|[from] item: Leftovers
|upkeep
|turn|18
|
|t:|1728061582
|move|p1a: Hello!|Surf|p2a: Skarmory
|-damage|p2a: Skarmory|6/100
|move|p2a: Skarmory|Toxic|p1a: Hello!
|-status|p1a: Hello!|tox
|
|-weather|Sandstorm|[upkeep]
|-damage|p1a: Hello!|82/100 tox|[from] Sandstorm
|-heal|p1a: Hello!|88/100 tox|[from] item: Leftovers
|-damage|p1a: Hello!|82/100 tox|[from] psn
|-heal|p2a: Skarmory|12/100|[from] item: Leftovers
|upkeep
|turn|19
|
|t:|1728061586
|move|p1a: Hello!|Calm Mind|p1a: Hello!
|-boost|p1a: Hello!|spa|1
|-boost|p1a: Hello!|spd|1
|move|p2a: Skarmory|Spikes|p1a: Hello!
|-sidestart|p1: BCLLCB|Spikes
|
|-weather|Sandstorm|[upkeep]
|-damage|p1a: Hello!|76/100 tox|[from] Sandstorm
|-heal|p1a: Hello!|82/100 tox|[from] item: Leftovers
|-damage|p1a: Hello!|69/100 tox|[from] psn
|-heal|p2a: Skarmory|18/100|[from] item: Leftovers
|upkeep
|turn|20
|
|t:|1728061593
|move|p1a: Hello!|Surf|p2a: Skarmory
|-damage|p2a: Skarmory|0 fnt
|faint|p2a: Skarmory
|
|t:|1728061595
|switch|p2a: Swampert|Swampert, M|100/100
|
|-weather|Sandstorm|[upkeep]
|-damage|p1a: Hello!|63/100 tox|[from] Sandstorm
|-heal|p1a: Hello!|69/100 tox|[from] item: Leftovers
|-damage|p1a: Hello!|51/100 tox|[from] psn
|upkeep
|turn|21
|
|t:|1728061597
|move|p1a: Hello!|Surf|p2a: Swampert
|-damage|p2a: Swampert|39/100
|move|p2a: Swampert|Hidden Power|p1a: Hello!
|-supereffective|p1a: Hello!
|-damage|p1a: Hello!|28/100 tox
|
|-weather|Sandstorm|[upkeep]
|-damage|p1a: Hello!|22/100 tox|[from] Sandstorm
|-heal|p1a: Hello!|28/100 tox|[from] item: Leftovers
|-damage|p1a: Hello!|3/100 tox|[from] psn
|-heal|p2a: Swampert|45/100|[from] item: Leftovers
|upkeep
|turn|22
|
|t:|1728061605
|move|p2a: Swampert|Protect|p2a: Swampert
|-singleturn|p2a: Swampert|Protect
|move|p1a: Hello!|Surf|p2a: Swampert
|-activate|p2a: Swampert|Protect
|
|-weather|Sandstorm|[upkeep]
|-damage|p1a: Hello!|0 fnt|[from] Sandstorm
|faint|p1a: Hello!
|-heal|p2a: Swampert|51/100|[from] item: Leftovers
|upkeep
|
|t:|1728061609
|switch|p1a: Brian|Gengar, F|100/100
|turn|23
|
|t:|1728061616
|move|p1a: Brian|Hidden Power|p2a: Swampert
|-supereffective|p2a: Swampert
|-damage|p2a: Swampert|0 fnt
|faint|p2a: Swampert
|
|t:|1728061618
|switch|p2a: Aerodactyl|Aerodactyl, F|100/100
|
|-weather|Sandstorm|[upkeep]
|-damage|p1a: Brian|94/100|[from] Sandstorm
|-heal|p1a: Brian|100/100|[from] item: Leftovers
|upkeep
|turn|24
|
|t:|1728061622
|move|p2a: Aerodactyl|Rock Slide|p1a: Brian
|-damage|p1a: Brian|0 fnt
|faint|p1a: Brian
|
|t:|1728061626
|switch|p1a: Gang Bang|Dugtrio, M|54/100
|-damage|p1a: Gang Bang|38/100|[from] Spikes
|
|-weather|Sandstorm|[upkeep]
|upkeep
|turn|25
|
|t:|1728061630
|move|p2a: Aerodactyl|Rock Slide|p1a: Gang Bang
|-resisted|p1a: Gang Bang
|-damage|p1a: Gang Bang|0 fnt
|faint|p1a: Gang Bang
|
|win|A Welcome Guest
|c|☆A Welcome Guest|gg
|c|☆BCLLCB|gg

</script>
<script type="application/json" class="data" id="replaydata-gen3ou-2215909823-1i4i0xuotd0jljw39m4qej5u7q6z7qipw">
{"id":"gen3ou-2215909823","format":"[Gen 3] OU","players":["BCLLCB","A Welcome Guest"],"uploadtime":1728061635,"views":82,"formatid":"gen3ou","rating":null,"private":1,"password":"1i4i0xuotd0jljw39m4qej5u7q6z7qi"}
</script>

<script defer src="js/replays.js?9d40a366"></script>
