<!DOCTYPE html>
<meta charset="utf-8" />
<meta name="viewport" content="width=device-width" />

<title>[Gen 3] OU: lexitg vs. Skarpherim© - Replays - Pok&eacute;mon Showdown!</title>

<meta name="description" content="Watch a replay of a Pok&eacute;mon battle between lexitg and Skarpherim©! Format: [Gen 3] OU; Date: Oct 29, 2024" />
<!--

Hey, you! Looking in the source for the replay log?

You can find them in JSON format, just add `.json` at the end of a replay URL.

https://replay.pokemonshowdown.com/gen7randomdoublesbattle-865046831.json

Or, if you only need the log itself, add `.log` instead:

https://replay.pokemonshowdown.com/gen7randomdoublesbattle-865046831.log

-->

<link rel="stylesheet" href="//pokemonshowdown.com/style/global.css?0.023195364461161105" />
<link rel="stylesheet" href="//play.pokemonshowdown.com/style/font-awesome.css?0.13261647063804238" />
<link rel="stylesheet" href="//play.pokemonshowdown.com/style/battle.css?0.8753245789963631" />
<link rel="stylesheet" href="//play.pokemonshowdown.com/style/utilichart.css?0.8627959624976733" />

<!-- Global site tag (gtag.js) - Google Analytics -->
<script async src="https://www.googletagmanager.com/gtag/js?id=UA-26211653-1"></script>
<script>
  window.dataLayer = window.dataLayer || [];
  function gtag(){dataLayer.push(arguments);}
  gtag('js', new Date());

  gtag('config', 'UA-26211653-1');
</script>
<!-- End Google Analytics -->
<!-- Venatus Ad Manager - Install in <HEAD> of page -->
	<script src="https://hb.vntsm.com/v3/live/ad-manager.min.js" type="text/javascript" data-site-id="642aba63ec9a7b11c3c9c1be" data-mode="scan" async></script>
<!-- / Venatus Ad Manager -->

<style>
	@media (max-width:820px) {
		.battle {
			margin: 0 auto;
		}
		.battle-log {
			margin: 7px auto 0;
			max-width: 640px;
			height: 300px;
			position: static;
		}
	}
	.optgroup {
		display: inline-block;
		line-height: 22px;
		font-size: 10pt;
	}
	.optgroup .button {
		height: 25px;
		padding-top: 0;
		padding-bottom: 0;
	}
	.optgroup button.button {
		padding-left: 12px;
		padding-right: 12px;
	}
	.linklist {
		list-style: none;
		margin: 0.5em 0;
		padding: 0;
	}
	.linklist li {
		padding: 2px 0;
	}
	.sidebar {
		float: left;
		width: 320px;
	}
	.bar-wrapper {
		max-width: 1100px;
		margin: 0 auto;
	}
	.bar-wrapper.has-sidebar {
		max-width: 1430px;
	}
	.mainbar {
		margin: 0;
		padding-right: 1px;
	}
	.mainbar.has-sidebar {
		margin-left: 330px;
	}
	@media (min-width: 1511px) {
		.sidebar {
			width: 400px;
		}
		.bar-wrapper.has-sidebar {
			max-width: 1510px;
		}
		.mainbar.has-sidebar {
			margin-left: 410px;
		}
	}
	.section.first-section {
		margin-top: 9px;
	}
	.blocklink small {
		white-space: normal;
	}
	.button {
		vertical-align: middle;
	}
	.replay-controls {
		padding-top: 10px;
	}
	.replay-controls h1 {
		font-size: 16pt;
		font-weight: normal;
		color: #CCC;
	}
	.pagelink {
		text-align: center;
	}
	.pagelink a {
		width: 150px;
	}
	.textbox, .button {
		font-size: 11pt;
		vertical-align: middle;
	}
	@media (max-width: 450px) {
		.button {
			font-size: 9pt;
		}
	}
</style>

<div>

	<header>
		<div class="nav-wrapper"><ul class="nav">
			<li><a class="button nav-first" href="//pokemonshowdown.com/"><img src="//pokemonshowdown.com/images/pokemonshowdownbeta.png" srcset="//pokemonshowdown.com/images/pokemonshowdownbeta.png 1x, //pokemonshowdown.com/images/pokemonshowdownbeta@2x.png 2x" alt="Pok&eacute;mon Showdown" width="146" height="44" /> Home</a></li>
			<li><a class="button" href="//pokemonshowdown.com/dex/">Pok&eacute;dex</a></li>
			<li><a class="button cur" href="/">Replays</a></li>
			<li><a class="button" href="//pokemonshowdown.com/ladder/">Ladder</a></li>
			<li><a class="button nav-last" href="//pokemonshowdown.com/forums/">Forum</a></li>
			<li><a class="button greenbutton nav-first nav-last" href="//play.pokemonshowdown.com/">Play</a></li>
		</ul></div>
	</header>

	<div class="main" id="main">

		<noscript><section class="section">You need to enable JavaScript to use this page; sorry!</section></noscript>

	</div>

</div>

<script defer nomodule src="//play.pokemonshowdown.com/js/lib/ps-polyfill.js"></script>
<script defer src="//play.pokemonshowdown.com/js/lib/preact.min.js"></script>

<script defer src="//play.pokemonshowdown.com/config/config.js?2bddbc15"></script>
<script defer src="//play.pokemonshowdown.com/js/lib/jquery-1.11.0.min.js"></script>
<script defer src="//play.pokemonshowdown.com/js/lib/html-sanitizer-minified.js"></script>
<script defer src="//play.pokemonshowdown.com/js/battle-sound.js"></script>
<script defer src="//play.pokemonshowdown.com/js/battledata.js?0.7209276989879541"></script>
<script defer src="//play.pokemonshowdown.com/data/pokedex-mini.js?0.6111056340867951"></script>
<script defer src="//play.pokemonshowdown.com/data/pokedex-mini-bw.js?0.3532142036491459"></script>
<script defer src="//play.pokemonshowdown.com/data/graphics.js?0.24223875632456182"></script>
<script defer src="//play.pokemonshowdown.com/data/pokedex.js?0.38839984266356864"></script>
<script defer src="//play.pokemonshowdown.com/data/moves.js?0.21866028504024015"></script>
<script defer src="//play.pokemonshowdown.com/data/abilities.js?0.2005157953846628"></script>
<script defer src="//play.pokemonshowdown.com/data/items.js?0.9894211263848525"></script>
<script defer src="//play.pokemonshowdown.com/data/teambuilder-tables.js?0.6008791140282215"></script>
<script defer src="//play.pokemonshowdown.com/js/battle-tooltips.js?0.7580118955022959"></script>
<script defer src="//play.pokemonshowdown.com/js/battle.js?0.6057722274234274"></script>

<script defer src="js/utils.js?e31f9a17"></script>
<script defer src="js/replays-battle.js?7008c182"></script>

<!-- don't scrape this data! just add .json or .log after the URL!
Full API docs: https://github.com/smogon/pokemon-showdown-client/blob/master/WEB-API.md -->
<script type="text/plain" class="log" id="replaylog-smogtours-gen3ou-803372">
|inactive|Battle timer is ON: inactive players will automatically lose when time's up.
|t:|1730240772
|gametype|singles
|player|p1|lexitg|2|
|player|p2|Skarpherim©|lucas-gen4pt|
|teamsize|p1|6
|teamsize|p2|6
|gen|3
|tier|[Gen 3] OU
|rule|Sleep Clause Mod: Limit one foe put to sleep
|rule|Switch Priority Clause Mod: Faster Pokémon switch first
|rule|Species Clause: Limit one of each Pokémon
|rule|OHKO Clause: OHKO moves are banned
|rule|Evasion Items Clause: Evasion items are banned
|rule|Evasion Moves Clause: Evasion moves are banned
|rule|Endless Battle Clause: Forcing endless battles is banned
|rule|HP Percentage Mod: HP is shown in percentages
|rule|One Boost Passer Clause: Limit one Baton Passer that has a way to boost its stats
|rule|Freeze Clause Mod: Limit one foe frozen
|
|t:|1730240772
|start
|switch|p1a: Salamence|Salamence, M|100/100
|switch|p2a: Salamence|Salamence, M|100/100
|-ability|p1a: Salamence|Intimidate|boost
|-unboost|p2a: Salamence|atk|1
|-ability|p2a: Salamence|Intimidate|boost
|-unboost|p1a: Salamence|atk|1
|turn|1
|c|☆Skarpherim©|hf
|raw|<div class="broadcast-red"><strong>Moderated chat was set to ☆!<\/strong><br />Only users of rank ☆ and higher can talk.<\/div>
|c|☆Skarpherim©|/log Skarpherim© made the replay of this battle unlisted.
|c|☆lexitg|u2
|inactive|Skarpherim© has 270 seconds left.
|
|t:|1730240804
|switch|p1a: Hariyama|Hariyama, F|100/100
|switch|p2a: Skarmory|Skarmory, F|100/100
|
|upkeep
|turn|2
|
|t:|1730240809
|move|p2a: Skarmory|Thief|p1a: Hariyama
|-resisted|p1a: Hariyama
|-damage|p1a: Hariyama|98/100
|-enditem|p1a: Hariyama|Leftovers|[silent]|[from] move: Thief|[of] p2a: Skarmory
|-item|p2a: Skarmory|Leftovers|[from] move: Thief|[of] p1a: Hariyama
|move|p1a: Hariyama|Knock Off|p2a: Skarmory
|-resisted|p2a: Skarmory
|-damage|p2a: Skarmory|99/100
|-enditem|p2a: Skarmory|Leftovers|[from] move: Knock Off|[of] p1a: Hariyama
|-hint|In Gens 3-4, Knock Off only makes the target's item unusable; it cannot obtain a new item.
|
|upkeep
|turn|3
|
|t:|1730240833
|switch|p1a: Claydol|Claydol|100/100
|move|p2a: Skarmory|Spikes|p1a: Claydol
|-sidestart|p1: lexitg|Spikes
|
|upkeep
|turn|4
|
|t:|1730240839
|move|p1a: Claydol|Rapid Spin|p2a: Skarmory
|-resisted|p2a: Skarmory
|-damage|p2a: Skarmory|98/100
|-sideend|p1: lexitg|Spikes|[from] move: Rapid Spin|[of] p1a: Claydol
|move|p2a: Skarmory|Toxic|p1a: Claydol
|-status|p1a: Claydol|tox
|
|-damage|p1a: Claydol|94/100 tox|[from] psn
|upkeep
|turn|5
|
|t:|1730240850
|switch|p1a: Blissey|Blissey, F|100/100
|move|p2a: Skarmory|Spikes|p1a: Blissey
|-sidestart|p1: lexitg|Spikes
|
|upkeep
|turn|6
|
|t:|1730240857
|switch|p2a: Tyranitar|Tyranitar, F|100/100
|-weather|Sandstorm|[from] ability: Sand Stream|[of] p2a: Tyranitar
|move|p1a: Blissey|Aromatherapy|p1a: Blissey
|-cureteam|p1a: Blissey|[from] move: Aromatherapy
|
|-weather|Sandstorm|[upkeep]
|-damage|p1a: Blissey|94/100|[from] Sandstorm
|-heal|p1a: Blissey|100/100|[from] item: Leftovers
|upkeep
|turn|7
|
|t:|1730240879
|switch|p1a: Claydol|Claydol|94/100
|switch|p2a: Claydol|Claydol|100/100
|
|-weather|Sandstorm|[upkeep]
|-heal|p1a: Claydol|100/100|[from] item: Leftovers
|upkeep
|turn|8
|
|t:|1730240888
|switch|p2a: Skarmory|Skarmory, F|98/100
|move|p1a: Claydol|Shadow Ball|p2a: Skarmory
|-resisted|p2a: Skarmory
|-crit|p2a: Skarmory
|-damage|p2a: Skarmory|81/100
|
|-weather|Sandstorm|[upkeep]
|upkeep
|turn|9
|
|t:|1730240903
|switch|p1a: Hariyama|Hariyama, F|98/100
|-damage|p1a: Hariyama|86/100|[from] Spikes
|move|p2a: Skarmory|Spikes|p1a: Hariyama
|-sidestart|p1: lexitg|Spikes
|
|-weather|Sandstorm|[upkeep]
|-damage|p1a: Hariyama|80/100|[from] Sandstorm
|upkeep
|turn|10
|
|t:|1730240916
|-singleturn|p1a: Hariyama|move: Focus Punch
|switch|p2a: Claydol|Claydol|100/100
|move|p1a: Hariyama|Focus Punch|p2a: Claydol
|-resisted|p2a: Claydol
|-damage|p2a: Claydol|62/100
|
|-weather|Sandstorm|[upkeep]
|-damage|p1a: Hariyama|74/100|[from] Sandstorm
|-heal|p2a: Claydol|68/100|[from] item: Leftovers
|upkeep
|turn|11
|inactive|Skarpherim© has 270 seconds left.
|inactive|lexitg has 270 seconds left.
|
|t:|1730240950
|move|p2a: Claydol|Psychic|p1a: Hariyama
|-supereffective|p1a: Hariyama
|-damage|p1a: Hariyama|34/100
|move|p1a: Hariyama|Knock Off|p2a: Claydol
|-supereffective|p2a: Claydol
|-damage|p2a: Claydol|63/100
|-enditem|p2a: Claydol|Leftovers|[from] move: Knock Off|[of] p1a: Hariyama
|
|-weather|Sandstorm|[upkeep]
|-damage|p1a: Hariyama|28/100|[from] Sandstorm
|upkeep
|turn|12
|inactive|Skarpherim© has 270 seconds left.
|inactive|lexitg has 270 seconds left.
|
|t:|1730240962
|switch|p2a: Skarmory|Skarmory, F|81/100
|switch|p1a: Jirachi|Jirachi|100/100
|-damage|p1a: Jirachi|84/100|[from] Spikes
|
|-weather|Sandstorm|[upkeep]
|-heal|p1a: Jirachi|90/100|[from] item: Leftovers
|upkeep
|turn|13
|inactive|lexitg has 270 seconds left.
|inactive|Skarpherim© has 270 seconds left.
|
|t:|1730240978
|switch|p2a: Blissey|Blissey, F|100/100
|move|p1a: Jirachi|Fire Punch|p2a: Blissey
|-damage|p2a: Blissey|94/100
|
|-weather|Sandstorm|[upkeep]
|-damage|p2a: Blissey|87/100|[from] Sandstorm
|-heal|p1a: Jirachi|96/100|[from] item: Leftovers
|-heal|p2a: Blissey|94/100|[from] item: Leftovers
|upkeep
|turn|14
|inactive|Skarpherim© has 270 seconds left.
|
|t:|1730240986
|move|p1a: Jirachi|Toxic|p2a: Blissey
|-status|p2a: Blissey|tox
|move|p2a: Blissey|Seismic Toss|p1a: Jirachi
|-damage|p1a: Jirachi|71/100
|
|-weather|Sandstorm|[upkeep]
|-damage|p2a: Blissey|87/100 tox|[from] Sandstorm
|-heal|p1a: Jirachi|78/100|[from] item: Leftovers
|-heal|p2a: Blissey|94/100 tox|[from] item: Leftovers
|-damage|p2a: Blissey|87/100 tox|[from] psn
|upkeep
|turn|15
|inactive|Skarpherim© has 270 seconds left.
|
|t:|1730241008
|-curestatus|p2a: Blissey|tox|[from] ability: Natural Cure
|switch|p2a: Suicune|Suicune|100/100
|move|p1a: Jirachi|Wish|p1a: Jirachi
|
|-weather|Sandstorm|[upkeep]
|-damage|p2a: Suicune|94/100|[from] Sandstorm
|-heal|p1a: Jirachi|84/100|[from] item: Leftovers
|-heal|p2a: Suicune|100/100|[from] item: Leftovers
|upkeep
|turn|16
|inactive|lexitg has 270 seconds left.
|
|t:|1730241044
|switch|p1a: Suicune|Suicune|100/100
|-damage|p1a: Suicune|84/100|[from] Spikes
|move|p2a: Suicune|Calm Mind|p2a: Suicune
|-boost|p2a: Suicune|spa|1
|-boost|p2a: Suicune|spd|1
|
|-heal|p1a: Suicune|100/100|[from] move: Wish|[wisher] Jirachi
|-weather|Sandstorm|[upkeep]
|-damage|p1a: Suicune|94/100|[from] Sandstorm
|-damage|p2a: Suicune|94/100|[from] Sandstorm
|-heal|p1a: Suicune|100/100|[from] item: Leftovers
|-heal|p2a: Suicune|100/100|[from] item: Leftovers
|upkeep
|turn|17
|
|t:|1730241049
|move|p2a: Suicune|Surf|p1a: Suicune
|-resisted|p1a: Suicune
|-damage|p1a: Suicune|82/100
|move|p1a: Suicune|Roar|p2a: Suicune
|drag|p2a: Skarmory|Skarmory, F|81/100
|
|-weather|Sandstorm|[upkeep]
|-damage|p1a: Suicune|75/100|[from] Sandstorm
|-heal|p1a: Suicune|82/100|[from] item: Leftovers
|upkeep
|turn|18
|inactive|lexitg has 270 seconds left.
|
|t:|1730241064
|switch|p1a: Claydol|Claydol|100/100
|move|p2a: Skarmory|Toxic|p1a: Claydol
|-status|p1a: Claydol|tox
|
|-weather|Sandstorm|[upkeep]
|-damage|p1a: Claydol|94/100 tox|[from] psn
|upkeep
|turn|19
|
|t:|1730241070
|move|p1a: Claydol|Rapid Spin|p2a: Skarmory
|-resisted|p2a: Skarmory
|-crit|p2a: Skarmory
|-damage|p2a: Skarmory|78/100
|-sideend|p1: lexitg|Spikes|[from] move: Rapid Spin|[of] p1a: Claydol
|move|p2a: Skarmory|Spikes|p1a: Claydol
|-sidestart|p1: lexitg|Spikes
|
|-weather|Sandstorm|[upkeep]
|-heal|p1a: Claydol|100/100 tox|[from] item: Leftovers
|-damage|p1a: Claydol|88/100 tox|[from] psn
|upkeep
|turn|20
|
|t:|1730241095
|switch|p1a: Jirachi|Jirachi|84/100
|-damage|p1a: Jirachi|71/100|[from] Spikes
|move|p2a: Skarmory|Spikes|p1a: Jirachi
|-sidestart|p1: lexitg|Spikes
|
|-weather|Sandstorm|[upkeep]
|-heal|p1a: Jirachi|78/100|[from] item: Leftovers
|upkeep
|turn|21
|
|t:|1730241110
|switch|p2a: Blissey|Blissey, F|87/100
|move|p1a: Jirachi|Wish|p1a: Jirachi
|
|-weather|Sandstorm|[upkeep]
|-damage|p2a: Blissey|81/100|[from] Sandstorm
|-heal|p1a: Jirachi|84/100|[from] item: Leftovers
|-heal|p2a: Blissey|87/100|[from] item: Leftovers
|upkeep
|turn|22
|inactive|Skarpherim© has 240 seconds left.
|
|t:|1730241143
|switch|p1a: Claydol|Claydol|88/100 tox
|switch|p2a: Suicune|Suicune|100/100
|
|-heal|p1a: Claydol|100/100 tox|[from] move: Wish|[wisher] Jirachi
|-weather|Sandstorm|[upkeep]
|-damage|p2a: Suicune|94/100|[from] Sandstorm
|-damage|p1a: Claydol|94/100 tox|[from] psn
|-heal|p2a: Suicune|100/100|[from] item: Leftovers
|upkeep
|turn|23
|
|t:|1730241173
|switch|p1a: Suicune|Suicune|82/100
|-damage|p1a: Suicune|65/100|[from] Spikes
|switch|p2a: Salamence|Salamence, M|100/100
|-ability|p2a: Salamence|Intimidate|boost
|-unboost|p1a: Suicune|atk|1
|
|-weather|Sandstorm|[upkeep]
|-damage|p2a: Salamence|94/100|[from] Sandstorm
|-damage|p1a: Suicune|59/100|[from] Sandstorm
|-heal|p1a: Suicune|65/100|[from] item: Leftovers
|upkeep
|turn|24
|inactive|Skarpherim© has 210 seconds left.
|inactive|lexitg has 270 seconds left.
|
|t:|1730241194
|switch|p1a: Hariyama|Hariyama, F|28/100
|-damage|p1a: Hariyama|11/100|[from] Spikes
|move|p2a: Salamence|Earthquake|p1a: Hariyama
|-damage|p1a: Hariyama|0 fnt
|faint|p1a: Hariyama
|inactive|lexitg has 270 seconds left.
|
|t:|1730241202
|switch|p1a: Claydol|Claydol|94/100 tox
|
|-weather|Sandstorm|[upkeep]
|-damage|p2a: Salamence|88/100|[from] Sandstorm
|-heal|p1a: Claydol|100/100 tox|[from] item: Leftovers
|-damage|p1a: Claydol|94/100 tox|[from] psn
|upkeep
|turn|25
|inactive|lexitg has 270 seconds left.
|inactive|Skarpherim© has 210 seconds left.
|
|t:|1730241227
|switch|p2a: Skarmory|Skarmory, F|78/100
|move|p1a: Claydol|Rapid Spin|p2a: Skarmory
|-resisted|p2a: Skarmory
|-damage|p2a: Skarmory|76/100
|-sideend|p1: lexitg|Spikes|[from] move: Rapid Spin|[of] p1a: Claydol
|
|-weather|Sandstorm|[upkeep]
|-heal|p1a: Claydol|100/100 tox|[from] item: Leftovers
|-damage|p1a: Claydol|88/100 tox|[from] psn
|upkeep
|turn|26
|
|t:|1730241230
|switch|p1a: Blissey|Blissey, F|100/100
|move|p2a: Skarmory|Spikes|p1a: Blissey
|-sidestart|p1: lexitg|Spikes
|
|-weather|Sandstorm|[upkeep]
|-damage|p1a: Blissey|94/100|[from] Sandstorm
|-heal|p1a: Blissey|100/100|[from] item: Leftovers
|upkeep
|turn|27
|
|t:|1730241239
|move|p2a: Skarmory|Spikes|p1a: Blissey
|-sidestart|p1: lexitg|Spikes
|move|p1a: Blissey|Thunderbolt|p2a: Skarmory
|-supereffective|p2a: Skarmory
|-damage|p2a: Skarmory|30/100
|
|-weather|Sandstorm|[upkeep]
|-damage|p1a: Blissey|94/100|[from] Sandstorm
|-heal|p1a: Blissey|100/100|[from] item: Leftovers
|upkeep
|turn|28
|inactive|Skarpherim© has 210 seconds left.
|
|t:|1730241261
|switch|p2a: Blissey|Blissey, F|87/100
|move|p1a: Blissey|Aromatherapy|p1a: Blissey
|-cureteam|p1a: Blissey|[from] move: Aromatherapy
|
|-weather|Sandstorm|[upkeep]
|-damage|p1a: Blissey|94/100|[from] Sandstorm
|-damage|p2a: Blissey|81/100|[from] Sandstorm
|-heal|p1a: Blissey|100/100|[from] item: Leftovers
|-heal|p2a: Blissey|87/100|[from] item: Leftovers
|upkeep
|turn|29
|inactive|Skarpherim© has 210 seconds left.
|
|t:|1730241274
|switch|p1a: Jirachi|Jirachi|84/100
|-damage|p1a: Jirachi|67/100|[from] Spikes
|move|p2a: Blissey|Seismic Toss|p1a: Jirachi
|-damage|p1a: Jirachi|42/100
|
|-weather|Sandstorm|[upkeep]
|-damage|p2a: Blissey|81/100|[from] Sandstorm
|-heal|p1a: Jirachi|49/100|[from] item: Leftovers
|-heal|p2a: Blissey|87/100|[from] item: Leftovers
|upkeep
|turn|30
|
|t:|1730241277
|move|p1a: Jirachi|Wish|p1a: Jirachi
|move|p2a: Blissey|Thunder Wave|p1a: Jirachi
|-status|p1a: Jirachi|par
|
|-weather|Sandstorm|[upkeep]
|-damage|p2a: Blissey|81/100|[from] Sandstorm
|-heal|p2a: Blissey|87/100|[from] item: Leftovers
|-heal|p1a: Jirachi|55/100 par|[from] item: Leftovers
|upkeep
|turn|31
|
|t:|1730241288
|switch|p1a: Suicune|Suicune|65/100
|-damage|p1a: Suicune|48/100|[from] Spikes
|move|p2a: Blissey|Wish|p2a: Blissey
|
|-heal|p1a: Suicune|98/100|[from] move: Wish|[wisher] Jirachi
|-weather|Sandstorm|[upkeep]
|-damage|p1a: Suicune|92/100|[from] Sandstorm
|-damage|p2a: Blissey|81/100|[from] Sandstorm
|-heal|p1a: Suicune|98/100|[from] item: Leftovers
|-heal|p2a: Blissey|87/100|[from] item: Leftovers
|upkeep
|turn|32
|
|t:|1730241298
|move|p1a: Suicune|Surf|p2a: Blissey
|-damage|p2a: Blissey|76/100
|move|p2a: Blissey|Seismic Toss|p1a: Suicune
|-damage|p1a: Suicune|73/100
|
|-heal|p2a: Blissey|100/100|[from] move: Wish|[wisher] Blissey
|-weather|Sandstorm|[upkeep]
|-damage|p1a: Suicune|67/100|[from] Sandstorm
|-damage|p2a: Blissey|94/100|[from] Sandstorm
|-heal|p1a: Suicune|73/100|[from] item: Leftovers
|-heal|p2a: Blissey|100/100|[from] item: Leftovers
|upkeep
|turn|33
|inactive|lexitg has 270 seconds left.
|
|t:|1730241333
|switch|p1a: Claydol|Claydol|88/100
|move|p2a: Blissey|Seismic Toss|p1a: Claydol
|-damage|p1a: Claydol|55/100
|
|-weather|Sandstorm|[upkeep]
|-damage|p2a: Blissey|94/100|[from] Sandstorm
|-heal|p1a: Claydol|61/100|[from] item: Leftovers
|-heal|p2a: Blissey|100/100|[from] item: Leftovers
|upkeep
|turn|34
|inactive|Skarpherim© has 210 seconds left.
|inactive|Skarpherim© has 180 seconds left.
|
|t:|1730241393
|move|p1a: Claydol|Rapid Spin|p2a: Blissey
|-damage|p2a: Blissey|96/100
|-sideend|p1: lexitg|Spikes|[from] move: Rapid Spin|[of] p1a: Claydol
|move|p2a: Blissey|Wish|p2a: Blissey
|
|-weather|Sandstorm|[upkeep]
|-damage|p2a: Blissey|90/100|[from] Sandstorm
|-heal|p1a: Claydol|67/100|[from] item: Leftovers
|-heal|p2a: Blissey|96/100|[from] item: Leftovers
|upkeep
|turn|35
|inactive|Skarpherim© has 180 seconds left.
|
|t:|1730241412
|switch|p1a: Blissey|Blissey, F|100/100
|switch|p2a: Skarmory|Skarmory, F|30/100
|
|-heal|p2a: Skarmory|80/100|[from] move: Wish|[wisher] Blissey
|-weather|Sandstorm|[upkeep]
|-damage|p1a: Blissey|94/100|[from] Sandstorm
|-heal|p1a: Blissey|100/100|[from] item: Leftovers
|upkeep
|turn|36
|
|t:|1730241424
|switch|p2a: Blissey|Blissey, F|96/100
|move|p1a: Blissey|Thunderbolt|p2a: Blissey
|-damage|p2a: Blissey|86/100
|
|-weather|Sandstorm|[upkeep]
|-damage|p1a: Blissey|94/100|[from] Sandstorm
|-damage|p2a: Blissey|80/100|[from] Sandstorm
|-heal|p2a: Blissey|86/100|[from] item: Leftovers
|-heal|p1a: Blissey|100/100|[from] item: Leftovers
|upkeep
|turn|37
|
|t:|1730241430
|move|p2a: Blissey|Wish|p2a: Blissey
|move|p1a: Blissey|Aromatherapy|p1a: Blissey
|-cureteam|p1a: Blissey|[from] move: Aromatherapy
|
|-weather|Sandstorm|[upkeep]
|-damage|p2a: Blissey|80/100|[from] Sandstorm
|-damage|p1a: Blissey|94/100|[from] Sandstorm
|-heal|p1a: Blissey|100/100|[from] item: Leftovers
|-heal|p2a: Blissey|86/100|[from] item: Leftovers
|upkeep
|turn|38
|inactive|Skarpherim© has 180 seconds left.
|
|t:|1730241453
|switch|p2a: Claydol|Claydol|63/100
|move|p1a: Blissey|Ice Beam|p2a: Claydol
|-supereffective|p2a: Claydol
|-damage|p2a: Claydol|20/100
|
|-heal|p2a: Claydol|70/100|[from] move: Wish|[wisher] Blissey
|-weather|Sandstorm|[upkeep]
|-damage|p1a: Blissey|94/100|[from] Sandstorm
|-heal|p1a: Blissey|100/100|[from] item: Leftovers
|upkeep
|turn|39
|
|t:|1730241478
|switch|p2a: Blissey|Blissey, F|86/100
|switch|p1a: Suicune|Suicune|73/100
|
|-weather|Sandstorm|[upkeep]
|-damage|p1a: Suicune|67/100|[from] Sandstorm
|-damage|p2a: Blissey|80/100|[from] Sandstorm
|-heal|p1a: Suicune|73/100|[from] item: Leftovers
|-heal|p2a: Blissey|86/100|[from] item: Leftovers
|upkeep
|turn|40
|inactive|lexitg has 270 seconds left.
|
|t:|1730241498
|switch|p1a: Blissey|Blissey, F|100/100
|move|p2a: Blissey|Thunder Wave|p1a: Blissey
|-status|p1a: Blissey|par
|
|-weather|Sandstorm|[upkeep]
|-damage|p2a: Blissey|80/100|[from] Sandstorm
|-damage|p1a: Blissey|94/100 par|[from] Sandstorm
|-heal|p2a: Blissey|86/100|[from] item: Leftovers
|-heal|p1a: Blissey|100/100 par|[from] item: Leftovers
|upkeep
|turn|41
|inactive|lexitg has 270 seconds left.
|
|t:|1730241510
|-curestatus|p1a: Blissey|par|[from] ability: Natural Cure
|switch|p1a: Claydol|Claydol|67/100
|move|p2a: Blissey|Wish|p2a: Blissey
|
|-weather|Sandstorm|[upkeep]
|-damage|p2a: Blissey|80/100|[from] Sandstorm
|-heal|p1a: Claydol|73/100|[from] item: Leftovers
|-heal|p2a: Blissey|86/100|[from] item: Leftovers
|upkeep
|turn|42
|inactive|lexitg has 270 seconds left.
|inactive|Skarpherim© has 180 seconds left.
|
|t:|1730241527
|switch|p1a: Jirachi|Jirachi|55/100
|switch|p2a: Skarmory|Skarmory, F|80/100
|
|-heal|p2a: Skarmory|100/100|[from] move: Wish|[wisher] Blissey
|-weather|Sandstorm|[upkeep]
|-heal|p1a: Jirachi|61/100|[from] item: Leftovers
|upkeep
|turn|43
|inactive|lexitg has 270 seconds left.
|
|t:|1730241535
|switch|p2a: Blissey|Blissey, F|86/100
|move|p1a: Jirachi|Wish|p1a: Jirachi
|
|-weather|Sandstorm|[upkeep]
|-damage|p2a: Blissey|80/100|[from] Sandstorm
|-heal|p1a: Jirachi|67/100|[from] item: Leftovers
|-heal|p2a: Blissey|86/100|[from] item: Leftovers
|upkeep
|turn|44
|
|t:|1730241549
|switch|p1a: Claydol|Claydol|73/100
|move|p2a: Blissey|Thunder Wave|p1a: Claydol
|-immune|p1a: Claydol
|
|-heal|p1a: Claydol|100/100|[from] move: Wish|[wisher] Jirachi
|-weather|Sandstorm|[upkeep]
|-damage|p2a: Blissey|80/100|[from] Sandstorm
|-heal|p2a: Blissey|86/100|[from] item: Leftovers
|upkeep
|turn|45
|inactive|lexitg has 270 seconds left.
|inactive|lexitg has 240 seconds left.
|
|t:|1730241621
|switch|p1a: Blissey|Blissey, F|100/100
|move|p2a: Blissey|Thunder Wave|p1a: Blissey
|-status|p1a: Blissey|par
|
|-weather|Sandstorm|[upkeep]
|-damage|p2a: Blissey|80/100|[from] Sandstorm
|-damage|p1a: Blissey|94/100 par|[from] Sandstorm
|-heal|p2a: Blissey|86/100|[from] item: Leftovers
|-heal|p1a: Blissey|100/100 par|[from] item: Leftovers
|upkeep
|turn|46
|
|t:|1730241632
|-curestatus|p1a: Blissey|par|[from] ability: Natural Cure
|switch|p1a: Claydol|Claydol|100/100
|move|p2a: Blissey|Seismic Toss|p1a: Claydol
|-damage|p1a: Claydol|67/100
|
|-weather|Sandstorm|[upkeep]
|-damage|p2a: Blissey|80/100|[from] Sandstorm
|-heal|p1a: Claydol|73/100|[from] item: Leftovers
|-heal|p2a: Blissey|86/100|[from] item: Leftovers
|upkeep
|turn|47
|
|t:|1730241644
|switch|p1a: Blissey|Blissey, F|100/100
|switch|p2a: Skarmory|Skarmory, F|100/100
|
|-weather|Sandstorm|[upkeep]
|-damage|p1a: Blissey|94/100|[from] Sandstorm
|-heal|p1a: Blissey|100/100|[from] item: Leftovers
|upkeep
|turn|48
|
|t:|1730241650
|move|p2a: Skarmory|Spikes|p1a: Blissey
|-sidestart|p1: lexitg|Spikes
|move|p1a: Blissey|Thunderbolt|p2a: Skarmory
|-supereffective|p2a: Skarmory
|-damage|p2a: Skarmory|50/100
|
|-weather|Sandstorm|[upkeep]
|-damage|p1a: Blissey|94/100|[from] Sandstorm
|-heal|p1a: Blissey|100/100|[from] item: Leftovers
|upkeep
|turn|49
|inactive|Skarpherim© has 210 seconds left.
|
|t:|1730241660
|switch|p2a: Tyranitar|Tyranitar, F|100/100
|switch|p1a: Claydol|Claydol|73/100
|
|-weather|Sandstorm|[upkeep]
|-heal|p1a: Claydol|79/100|[from] item: Leftovers
|upkeep
|turn|50
|
|t:|1730241664
|move|p1a: Claydol|Earthquake|p2a: Tyranitar
|-supereffective|p2a: Tyranitar
|-damage|p2a: Tyranitar|38/100
|move|p2a: Tyranitar|Crunch|p1a: Claydol
|-supereffective|p1a: Claydol
|-damage|p1a: Claydol|5/100
|
|-weather|Sandstorm|[upkeep]
|-heal|p1a: Claydol|11/100|[from] item: Leftovers
|-heal|p2a: Tyranitar|44/100|[from] item: Leftovers
|upkeep
|turn|51
|inactive|lexitg has 240 seconds left.
|inactive|Skarpherim© has 210 seconds left.
|
|t:|1730241706
|switch|p2a: Suicune|Suicune|100/100
|move|p1a: Claydol|Explosion|p2a: Suicune
|-damage|p2a: Suicune|29/100
|faint|p1a: Claydol
|inactive|lexitg has 210 seconds left.
|
|t:|1730241724
|switch|p1a: Salamence|Salamence, M|100/100
|-ability|p1a: Salamence|Intimidate|boost
|-unboost|p2a: Suicune|atk|1
|
|-weather|Sandstorm|[upkeep]
|-damage|p1a: Salamence|94/100|[from] Sandstorm
|-damage|p2a: Suicune|23/100|[from] Sandstorm
|-heal|p2a: Suicune|29/100|[from] item: Leftovers
|upkeep
|turn|52
|inactive|Skarpherim© has 180 seconds left.
|
|t:|1730241766
|switch|p2a: Tyranitar|Tyranitar, F|44/100
|move|p1a: Salamence|Hidden Power|p2a: Tyranitar
|-resisted|p2a: Tyranitar
|-damage|p2a: Tyranitar|21/100
|
|-weather|Sandstorm|[upkeep]
|-damage|p1a: Salamence|88/100|[from] Sandstorm
|-heal|p2a: Tyranitar|27/100|[from] item: Leftovers
|upkeep
|turn|53
|
|t:|1730241778
|move|p1a: Salamence|Hidden Power|p2a: Tyranitar
|-resisted|p2a: Tyranitar
|-damage|p2a: Tyranitar|7/100
|move|p2a: Tyranitar|Ice Beam|p1a: Salamence
|-supereffective|p1a: Salamence
|-damage|p1a: Salamence|0 fnt
|faint|p1a: Salamence
|c|☆lexitg|gg
|inactive|lexitg has 210 seconds left.
|c|☆Skarpherim©|gg
|
|t:|1730241805
|switch|p1a: Suicune|Suicune|73/100
|-damage|p1a: Suicune|61/100|[from] Spikes
|
|-weather|Sandstorm|[upkeep]
|-damage|p1a: Suicune|55/100|[from] Sandstorm
|-heal|p1a: Suicune|61/100|[from] item: Leftovers
|-heal|p2a: Tyranitar|13/100|[from] item: Leftovers
|upkeep
|turn|54
|inactive|Skarpherim© has 180 seconds left.
|
|t:|1730241836
|move|p1a: Suicune|Calm Mind|p1a: Suicune
|-boost|p1a: Suicune|spa|1
|-boost|p1a: Suicune|spd|1
|move|p2a: Tyranitar|Crunch|p1a: Suicune
|-damage|p1a: Suicune|43/100
|
|-weather|Sandstorm|[upkeep]
|-damage|p1a: Suicune|37/100|[from] Sandstorm
|-heal|p1a: Suicune|43/100|[from] item: Leftovers
|-heal|p2a: Tyranitar|19/100|[from] item: Leftovers
|upkeep
|turn|55
|inactive|lexitg has 210 seconds left.
|
|t:|1730241852
|move|p1a: Suicune|Rest|p1a: Suicune
|-status|p1a: Suicune|slp|[from] move: Rest
|-heal|p1a: Suicune|100/100 slp|[silent]
|move|p2a: Tyranitar|Crunch|p1a: Suicune
|-crit|p1a: Suicune
|-damage|p1a: Suicune|47/100 slp
|-unboost|p1a: Suicune|spd|1
|
|-weather|Sandstorm|[upkeep]
|-damage|p1a: Suicune|41/100 slp|[from] Sandstorm
|-heal|p1a: Suicune|47/100 slp|[from] item: Leftovers
|-heal|p2a: Tyranitar|25/100|[from] item: Leftovers
|upkeep
|turn|56
|inactive|lexitg has 210 seconds left.
|-message|lexitg forfeited.
|
|win|Skarpherim©

</script>
<script type="application/json" class="data" id="replaydata-smogtours-gen3ou-803372">
{"id":"smogtours-gen3ou-803372","format":"[Gen 3] OU","players":["lexitg","Skarpherim\u00a9"],"uploadtime":1730241857,"views":53,"formatid":"gen3ou","rating":null,"private":1,"password":null}
</script>

<script defer src="js/replays.js?9d40a366"></script>
