<!DOCTYPE html>
<meta charset="utf-8" />
<meta name="viewport" content="width=device-width" />

<title>[Gen 3] OU: COB 8 vs. JCEntrena - Replays - Pok&eacute;mon Showdown!</title>

<meta name="description" content="Watch a replay of a Pok&eacute;mon battle between COB 8 and JCEntrena! Format: [Gen 3] OU; Date: Oct 7, 2024" />
<!--

Hey, you! Looking in the source for the replay log?

You can find them in JSON format, just add `.json` at the end of a replay URL.

https://replay.pokemonshowdown.com/gen7randomdoublesbattle-865046831.json

Or, if you only need the log itself, add `.log` instead:

https://replay.pokemonshowdown.com/gen7randomdoublesbattle-865046831.log

-->

<link rel="stylesheet" href="//pokemonshowdown.com/style/global.css?0.023195364461161105" />
<link rel="stylesheet" href="//play.pokemonshowdown.com/style/font-awesome.css?0.13261647063804238" />
<link rel="stylesheet" href="//play.pokemonshowdown.com/style/battle.css?0.8753245789963631" />
<link rel="stylesheet" href="//play.pokemonshowdown.com/style/utilichart.css?0.8627959624976733" />

<!-- Global site tag (gtag.js) - Google Analytics -->
<script async src="https://www.googletagmanager.com/gtag/js?id=UA-26211653-1"></script>
<script>
  window.dataLayer = window.dataLayer || [];
  function gtag(){dataLayer.push(arguments);}
  gtag('js', new Date());

  gtag('config', 'UA-26211653-1');
</script>
<!-- End Google Analytics -->
<!-- Venatus Ad Manager - Install in <HEAD> of page -->
	<script src="https://hb.vntsm.com/v3/live/ad-manager.min.js" type="text/javascript" data-site-id="642aba63ec9a7b11c3c9c1be" data-mode="scan" async></script>
<!-- / Venatus Ad Manager -->

<style>
	@media (max-width:820px) {
		.battle {
			margin: 0 auto;
		}
		.battle-log {
			margin: 7px auto 0;
			max-width: 640px;
			height: 300px;
			position: static;
		}
	}
	.optgroup {
		display: inline-block;
		line-height: 22px;
		font-size: 10pt;
	}
	.optgroup .button {
		height: 25px;
		padding-top: 0;
		padding-bottom: 0;
	}
	.optgroup button.button {
		padding-left: 12px;
		padding-right: 12px;
	}
	.linklist {
		list-style: none;
		margin: 0.5em 0;
		padding: 0;
	}
	.linklist li {
		padding: 2px 0;
	}
	.sidebar {
		float: left;
		width: 320px;
	}
	.bar-wrapper {
		max-width: 1100px;
		margin: 0 auto;
	}
	.bar-wrapper.has-sidebar {
		max-width: 1430px;
	}
	.mainbar {
		margin: 0;
		padding-right: 1px;
	}
	.mainbar.has-sidebar {
		margin-left: 330px;
	}
	@media (min-width: 1511px) {
		.sidebar {
			width: 400px;
		}
		.bar-wrapper.has-sidebar {
			max-width: 1510px;
		}
		.mainbar.has-sidebar {
			margin-left: 410px;
		}
	}
	.section.first-section {
		margin-top: 9px;
	}
	.blocklink small {
		white-space: normal;
	}
	.button {
		vertical-align: middle;
	}
	.replay-controls {
		padding-top: 10px;
	}
	.replay-controls h1 {
		font-size: 16pt;
		font-weight: normal;
		color: #CCC;
	}
	.pagelink {
		text-align: center;
	}
	.pagelink a {
		width: 150px;
	}
	.textbox, .button {
		font-size: 11pt;
		vertical-align: middle;
	}
	@media (max-width: 450px) {
		.button {
			font-size: 9pt;
		}
	}
</style>

<div>

	<header>
		<div class="nav-wrapper"><ul class="nav">
			<li><a class="button nav-first" href="//pokemonshowdown.com/"><img src="//pokemonshowdown.com/images/pokemonshowdownbeta.png" srcset="//pokemonshowdown.com/images/pokemonshowdownbeta.png 1x, //pokemonshowdown.com/images/pokemonshowdownbeta@2x.png 2x" alt="Pok&eacute;mon Showdown" width="146" height="44" /> Home</a></li>
			<li><a class="button" href="//pokemonshowdown.com/dex/">Pok&eacute;dex</a></li>
			<li><a class="button cur" href="/">Replays</a></li>
			<li><a class="button" href="//pokemonshowdown.com/ladder/">Ladder</a></li>
			<li><a class="button nav-last" href="//pokemonshowdown.com/forums/">Forum</a></li>
			<li><a class="button greenbutton nav-first nav-last" href="//play.pokemonshowdown.com/">Play</a></li>
		</ul></div>
	</header>

	<div class="main" id="main">

		<noscript><section class="section">You need to enable JavaScript to use this page; sorry!</section></noscript>

	</div>

</div>

<script defer nomodule src="//play.pokemonshowdown.com/js/lib/ps-polyfill.js"></script>
<script defer src="//play.pokemonshowdown.com/js/lib/preact.min.js"></script>

<script defer src="//play.pokemonshowdown.com/config/config.js?2bddbc15"></script>
<script defer src="//play.pokemonshowdown.com/js/lib/jquery-1.11.0.min.js"></script>
<script defer src="//play.pokemonshowdown.com/js/lib/html-sanitizer-minified.js"></script>
<script defer src="//play.pokemonshowdown.com/js/battle-sound.js"></script>
<script defer src="//play.pokemonshowdown.com/js/battledata.js?0.7209276989879541"></script>
<script defer src="//play.pokemonshowdown.com/data/pokedex-mini.js?0.6111056340867951"></script>
<script defer src="//play.pokemonshowdown.com/data/pokedex-mini-bw.js?0.3532142036491459"></script>
<script defer src="//play.pokemonshowdown.com/data/graphics.js?0.24223875632456182"></script>
<script defer src="//play.pokemonshowdown.com/data/pokedex.js?0.38839984266356864"></script>
<script defer src="//play.pokemonshowdown.com/data/moves.js?0.21866028504024015"></script>
<script defer src="//play.pokemonshowdown.com/data/abilities.js?0.2005157953846628"></script>
<script defer src="//play.pokemonshowdown.com/data/items.js?0.9894211263848525"></script>
<script defer src="//play.pokemonshowdown.com/data/teambuilder-tables.js?0.6008791140282215"></script>
<script defer src="//play.pokemonshowdown.com/js/battle-tooltips.js?0.7580118955022959"></script>
<script defer src="//play.pokemonshowdown.com/js/battle.js?0.6057722274234274"></script>

<script defer src="js/utils.js?e31f9a17"></script>
<script defer src="js/replays-battle.js?7008c182"></script>

<!-- don't scrape this data! just add .json or .log after the URL!
Full API docs: https://github.com/smogon/pokemon-showdown-client/blob/master/WEB-API.md -->
<script type="text/plain" class="log" id="replaylog-smogtours-gen3ou-796236">
|inactive|Battle timer is ON: inactive players will automatically lose when time's up.
|t:|1728332961
|gametype|singles
|player|p1|COB 8|102|
|player|p2|JCEntrena|veteran|
|teamsize|p1|6
|teamsize|p2|6
|gen|3
|tier|[Gen 3] OU
|rule|Sleep Clause Mod: Limit one foe put to sleep
|rule|Switch Priority Clause Mod: Faster Pokémon switch first
|rule|Species Clause: Limit one of each Pokémon
|rule|OHKO Clause: OHKO moves are banned
|rule|Evasion Items Clause: Evasion items are banned
|rule|Evasion Moves Clause: Evasion moves are banned
|rule|Endless Battle Clause: Forcing endless battles is banned
|rule|HP Percentage Mod: HP is shown in percentages
|rule|One Boost Passer Clause: Limit one Baton Passer that has a way to boost its stats
|rule|Freeze Clause Mod: Limit one foe frozen
|
|t:|1728332961
|start
|switch|p1a: Skarmory|Skarmory, M|100/100
|switch|p2a: Zapdos|Zapdos|100/100
|turn|1
|
|t:|1728332973
|switch|p1a: Regice|Regice|100/100
|move|p2a: Zapdos|Baton Pass|p2a: Zapdos
|
|t:|1728332991
|switch|p2a: Medikam|Medicham, F|100/100|[from] Baton Pass
|
|upkeep
|turn|2
|
|t:|1728333002
|switch|p1a: Gengar|Gengar, M|100/100
|move|p2a: Medikam|Brick Break|p1a: Gengar
|-immune|p1a: Gengar
|
|upkeep
|turn|3
|inactive|COB 8 has 270 seconds left.
|
|t:|1728333034
|switch|p1a: Skarmory|Skarmory, M|100/100
|switch|p2a: Gill|Swampert, M|100/100
|
|upkeep
|turn|4
|
|t:|1728333042
|switch|p2a: Medikam|Medicham, F|100/100
|move|p1a: Skarmory|Spikes|p2a: Medikam
|-sidestart|p2: JCEntrena|Spikes
|
|upkeep
|turn|5
|
|t:|1728333050
|move|p2a: Medikam|Substitute|p2a: Medikam
|-start|p2a: Medikam|Substitute
|-damage|p2a: Medikam|76/100
|move|p1a: Skarmory|Drill Peck|p2a: Medikam
|-supereffective|p2a: Medikam
|-end|p2a: Medikam|Substitute
|
|upkeep
|turn|6
|
|t:|1728333059
|switch|p2a: Zapdos|Zapdos|100/100
|move|p1a: Skarmory|Roar|p2a: Zapdos
|drag|p2a: Jirachi|Jirachi|100/100
|-damage|p2a: Jirachi|88/100|[from] Spikes
|
|-heal|p2a: Jirachi|94/100|[from] item: Leftovers
|upkeep
|turn|7
|
|t:|1728333084
|move|p2a: Jirachi|Fire Punch|p1a: Skarmory
|-supereffective|p1a: Skarmory
|-damage|p1a: Skarmory|69/100
|move|p1a: Skarmory|Spikes|p2a: Jirachi
|-sidestart|p2: JCEntrena|Spikes
|
|-heal|p2a: Jirachi|100/100|[from] item: Leftovers
|-heal|p1a: Skarmory|75/100|[from] item: Leftovers
|upkeep
|turn|8
|
|t:|1728333091
|move|p1a: Skarmory|Protect|p1a: Skarmory
|-singleturn|p1a: Skarmory|Protect
|move|p2a: Jirachi|Calm Mind|p2a: Jirachi
|-boost|p2a: Jirachi|spa|1
|-boost|p2a: Jirachi|spd|1
|
|-heal|p1a: Skarmory|81/100|[from] item: Leftovers
|upkeep
|turn|9
|
|t:|1728333098
|move|p2a: Jirachi|Thunderbolt|p1a: Skarmory
|-supereffective|p1a: Skarmory
|-crit|p1a: Skarmory
|-damage|p1a: Skarmory|0 fnt
|faint|p1a: Skarmory
|
|t:|1728333109
|switch|p1a: Claydol|Claydol|100/100
|
|upkeep
|turn|10
|
|t:|1728333132
|switch|p2a: Skarmory|Skarmory, M|100/100
|move|p1a: Claydol|Earthquake|p2a: Skarmory
|-immune|p2a: Skarmory
|
|upkeep
|turn|11
|
|t:|1728333139
|switch|p1a: Regice|Regice|100/100
|move|p2a: Skarmory|Spikes|p1a: Regice
|-sidestart|p1: COB 8|Spikes
|
|upkeep
|turn|12
|
|t:|1728333153
|move|p1a: Regice|Thunder Wave|p2a: Skarmory
|-status|p2a: Skarmory|par
|cant|p2a: Skarmory|par
|
|upkeep
|turn|13
|
|t:|1728333158
|move|p1a: Regice|Ice Beam|p2a: Skarmory
|-damage|p2a: Skarmory|55/100 par
|move|p2a: Skarmory|Roar|p1a: Regice
|drag|p1a: Claydol|Claydol|100/100
|
|-heal|p2a: Skarmory|61/100 par|[from] item: Leftovers
|upkeep
|turn|14
|
|t:|1728333169
|switch|p2a: Gill|Swampert, M|100/100
|-damage|p2a: Gill|84/100|[from] Spikes
|move|p1a: Claydol|Rapid Spin|p2a: Gill
|-damage|p2a: Gill|80/100
|-sideend|p1: COB 8|Spikes|[from] move: Rapid Spin|[of] p1a: Claydol
|
|-heal|p2a: Gill|86/100|[from] item: Leftovers
|upkeep
|turn|15
|
|t:|1728333177
|switch|p1a: Suicune|Suicune|100/100
|move|p2a: Gill|Toxic|p1a: Suicune
|-status|p1a: Suicune|tox
|
|-damage|p1a: Suicune|94/100 tox|[from] psn
|-heal|p2a: Gill|93/100|[from] item: Leftovers
|upkeep
|turn|16
|
|t:|1728333186
|switch|p2a: Zapdos|Zapdos|100/100
|move|p1a: Suicune|Calm Mind|p1a: Suicune
|-boost|p1a: Suicune|spa|1
|-boost|p1a: Suicune|spd|1
|
|-heal|p1a: Suicune|100/100 tox|[from] item: Leftovers
|-damage|p1a: Suicune|88/100 tox|[from] psn
|upkeep
|turn|17
|
|t:|1728333196
|switch|p1a: Regice|Regice|100/100
|move|p2a: Zapdos|Thunderbolt|p1a: Regice
|-damage|p1a: Regice|75/100
|
|-heal|p1a: Regice|81/100|[from] item: Leftovers
|upkeep
|turn|18
|
|t:|1728333202
|move|p2a: Zapdos|Baton Pass|p2a: Zapdos
|
|t:|1728333218
|switch|p2a: Jirachi|Jirachi|100/100|[from] Baton Pass
|-damage|p2a: Jirachi|84/100|[from] Spikes
|move|p1a: Regice|Thunder Wave|p2a: Jirachi
|-status|p2a: Jirachi|par
|
|-heal|p1a: Regice|87/100|[from] item: Leftovers
|-heal|p2a: Jirachi|90/100 par|[from] item: Leftovers
|upkeep
|turn|19
|
|t:|1728333227
|switch|p1a: Suicune|Suicune|88/100 tox
|move|p2a: Jirachi|Calm Mind|p2a: Jirachi
|-boost|p2a: Jirachi|spa|1
|-boost|p2a: Jirachi|spd|1
|
|-heal|p1a: Suicune|94/100 tox|[from] item: Leftovers
|-damage|p1a: Suicune|88/100 tox|[from] psn
|-heal|p2a: Jirachi|96/100 par|[from] item: Leftovers
|upkeep
|turn|20
|
|t:|1728333231
|move|p1a: Suicune|Calm Mind|p1a: Suicune
|-boost|p1a: Suicune|spa|1
|-boost|p1a: Suicune|spd|1
|cant|p2a: Jirachi|par
|
|-heal|p1a: Suicune|94/100 tox|[from] item: Leftovers
|-damage|p1a: Suicune|82/100 tox|[from] psn
|-heal|p2a: Jirachi|100/100 par|[from] item: Leftovers
|upkeep
|turn|21
|
|t:|1728333239
|move|p1a: Suicune|Calm Mind|p1a: Suicune
|-boost|p1a: Suicune|spa|1
|-boost|p1a: Suicune|spd|1
|move|p2a: Jirachi|Thunderbolt|p1a: Suicune
|-supereffective|p1a: Suicune
|-damage|p1a: Suicune|58/100 tox
|
|-heal|p1a: Suicune|64/100 tox|[from] item: Leftovers
|-damage|p1a: Suicune|46/100 tox|[from] psn
|upkeep
|turn|22
|
|t:|1728333247
|switch|p2a: Skarmory|Skarmory, M|61/100 par
|move|p1a: Suicune|Rest|p1a: Suicune
|-status|p1a: Suicune|slp|[from] move: Rest
|-heal|p1a: Suicune|100/100 slp|[silent]
|
|-heal|p2a: Skarmory|67/100 par|[from] item: Leftovers
|upkeep
|turn|23
|
|t:|1728333252
|switch|p1a: Regice|Regice|87/100
|move|p2a: Skarmory|Roar|p1a: Regice
|drag|p1a: Gengar|Gengar, M|100/100
|
|-heal|p2a: Skarmory|73/100 par|[from] item: Leftovers
|upkeep
|turn|24
|
|t:|1728333267
|move|p1a: Gengar|Ice Punch|p2a: Skarmory
|-damage|p2a: Skarmory|46/100 par
|cant|p2a: Skarmory|par
|
|-heal|p2a: Skarmory|52/100 par|[from] item: Leftovers
|upkeep
|turn|25
|
|t:|1728333277
|switch|p2a: Tyranitar|Tyranitar, F|100/100
|-damage|p2a: Tyranitar|84/100|[from] Spikes
|-weather|Sandstorm|[from] ability: Sand Stream|[of] p2a: Tyranitar
|move|p1a: Gengar|Fire Punch|p2a: Tyranitar
|-resisted|p2a: Tyranitar
|-damage|p2a: Tyranitar|74/100
|
|-weather|Sandstorm|[upkeep]
|-damage|p1a: Gengar|94/100|[from] Sandstorm
|-heal|p1a: Gengar|100/100|[from] item: Leftovers
|-heal|p2a: Tyranitar|80/100|[from] item: Leftovers
|upkeep
|turn|26
|
|t:|1728333295
|move|p1a: Gengar|Explosion|p2a: Tyranitar
|-resisted|p2a: Tyranitar
|-damage|p2a: Tyranitar|51/100
|faint|p1a: Gengar
|
|t:|1728333299
|switch|p1a: Suicune|Suicune|100/100 slp
|
|-weather|Sandstorm|[upkeep]
|-damage|p1a: Suicune|94/100 slp|[from] Sandstorm
|-heal|p1a: Suicune|100/100 slp|[from] item: Leftovers
|-heal|p2a: Tyranitar|57/100|[from] item: Leftovers
|upkeep
|turn|27
|
|t:|1728333303
|cant|p1a: Suicune|slp
|move|p1a: Suicune|Sleep Talk|p1a: Suicune
|move|p1a: Suicune|Calm Mind|p1a: Suicune|[from]Sleep Talk
|-boost|p1a: Suicune|spa|1
|-boost|p1a: Suicune|spd|1
|move|p2a: Tyranitar|Roar|p1a: Suicune
|drag|p1a: Regice|Regice|87/100
|
|-weather|Sandstorm|[upkeep]
|-damage|p1a: Regice|81/100|[from] Sandstorm
|-heal|p2a: Tyranitar|64/100|[from] item: Leftovers
|-heal|p1a: Regice|87/100|[from] item: Leftovers
|upkeep
|turn|28
|
|t:|1728333321
|switch|p2a: Jirachi|Jirachi|100/100 par
|-damage|p2a: Jirachi|84/100 par|[from] Spikes
|switch|p1a: Claydol|Claydol|100/100
|
|-weather|Sandstorm|[upkeep]
|-heal|p2a: Jirachi|90/100 par|[from] item: Leftovers
|upkeep
|turn|29
|
|t:|1728333331
|switch|p1a: Regice|Regice|87/100
|move|p2a: Jirachi|Wish|p2a: Jirachi
|
|-weather|Sandstorm|[upkeep]
|-damage|p1a: Regice|81/100|[from] Sandstorm
|-heal|p1a: Regice|87/100|[from] item: Leftovers
|-heal|p2a: Jirachi|96/100 par|[from] item: Leftovers
|upkeep
|turn|30
|
|t:|1728333357
|move|p1a: Regice|Thunderbolt|p2a: Jirachi
|-damage|p2a: Jirachi|70/100 par
|move|p2a: Jirachi|Calm Mind|p2a: Jirachi
|-boost|p2a: Jirachi|spa|1
|-boost|p2a: Jirachi|spd|1
|
|-heal|p2a: Jirachi|100/100 par|[from] move: Wish|[wisher] Jirachi
|-weather|Sandstorm|[upkeep]
|-damage|p1a: Regice|81/100|[from] Sandstorm
|-heal|p1a: Regice|87/100|[from] item: Leftovers
|upkeep
|turn|31
|
|t:|1728333365
|switch|p1a: Suicune|Suicune|100/100 slp
|cant|p2a: Jirachi|par
|
|-weather|Sandstorm|[upkeep]
|-damage|p1a: Suicune|94/100 slp|[from] Sandstorm
|-heal|p1a: Suicune|100/100 slp|[from] item: Leftovers
|upkeep
|turn|32
|
|t:|1728333371
|cant|p1a: Suicune|slp
|move|p1a: Suicune|Sleep Talk|p1a: Suicune
|move|p1a: Suicune|Rest|p1a: Suicune|[from]Sleep Talk
|move|p2a: Jirachi|Thunderbolt|p1a: Suicune
|-supereffective|p1a: Suicune
|-damage|p1a: Suicune|50/100 slp
|
|-weather|Sandstorm|[upkeep]
|-damage|p1a: Suicune|44/100 slp|[from] Sandstorm
|-heal|p1a: Suicune|50/100 slp|[from] item: Leftovers
|upkeep
|turn|33
|
|t:|1728333385
|cant|p1a: Suicune|slp
|cant|p2a: Jirachi|par
|
|-weather|Sandstorm|[upkeep]
|-damage|p1a: Suicune|44/100 slp|[from] Sandstorm
|-heal|p1a: Suicune|50/100 slp|[from] item: Leftovers
|upkeep
|turn|34
|
|t:|1728333391
|-curestatus|p1a: Suicune|slp|[msg]
|move|p1a: Suicune|Rest|p1a: Suicune
|-status|p1a: Suicune|slp|[from] move: Rest
|-heal|p1a: Suicune|100/100 slp|[silent]
|move|p2a: Jirachi|Thunderbolt|p1a: Suicune
|-supereffective|p1a: Suicune
|-damage|p1a: Suicune|48/100 slp
|
|-weather|Sandstorm|[upkeep]
|-damage|p1a: Suicune|42/100 slp|[from] Sandstorm
|-heal|p1a: Suicune|48/100 slp|[from] item: Leftovers
|upkeep
|turn|35
|
|t:|1728333400
|switch|p1a: Claydol|Claydol|100/100
|move|p2a: Jirachi|Calm Mind|p2a: Jirachi
|-boost|p2a: Jirachi|spa|1
|-boost|p2a: Jirachi|spd|1
|
|-weather|Sandstorm|[upkeep]
|upkeep
|turn|36
|
|t:|1728333405
|move|p1a: Claydol|Earthquake|p2a: Jirachi
|-supereffective|p2a: Jirachi
|-damage|p2a: Jirachi|50/100 par
|move|p2a: Jirachi|Fire Punch|p1a: Claydol
|-damage|p1a: Claydol|60/100
|
|-weather|Sandstorm|[upkeep]
|-heal|p1a: Claydol|66/100|[from] item: Leftovers
|-heal|p2a: Jirachi|56/100 par|[from] item: Leftovers
|upkeep
|turn|37
|
|t:|1728333415
|switch|p2a: Zapdos|Zapdos|100/100
|move|p1a: Claydol|Earthquake|p2a: Zapdos
|-immune|p2a: Zapdos
|
|-weather|Sandstorm|[upkeep]
|-damage|p2a: Zapdos|94/100|[from] Sandstorm
|-heal|p2a: Zapdos|100/100|[from] item: Leftovers
|-heal|p1a: Claydol|72/100|[from] item: Leftovers
|upkeep
|turn|38
|
|t:|1728333425
|switch|p1a: Regice|Regice|87/100
|move|p2a: Zapdos|Toxic|p1a: Regice
|-status|p1a: Regice|tox
|
|-weather|Sandstorm|[upkeep]
|-damage|p2a: Zapdos|94/100|[from] Sandstorm
|-damage|p1a: Regice|81/100 tox|[from] Sandstorm
|-heal|p2a: Zapdos|100/100|[from] item: Leftovers
|-heal|p1a: Regice|87/100 tox|[from] item: Leftovers
|-damage|p1a: Regice|81/100 tox|[from] psn
|upkeep
|turn|39
|
|t:|1728333438
|switch|p2a: Tyranitar|Tyranitar, F|64/100
|-damage|p2a: Tyranitar|47/100|[from] Spikes
|move|p1a: Regice|Ice Beam|p2a: Tyranitar
|-damage|p2a: Tyranitar|10/100
|
|-weather|Sandstorm|[upkeep]
|-damage|p1a: Regice|75/100 tox|[from] Sandstorm
|-heal|p2a: Tyranitar|16/100|[from] item: Leftovers
|-heal|p1a: Regice|81/100 tox|[from] item: Leftovers
|-damage|p1a: Regice|69/100 tox|[from] psn
|upkeep
|turn|40
|
|t:|1728333444
|switch|p1a: Suicune|Suicune|48/100 slp
|move|p2a: Tyranitar|Fire Blast|p1a: Suicune|[miss]
|-miss|p2a: Tyranitar|p1a: Suicune
|
|-weather|Sandstorm|[upkeep]
|-damage|p1a: Suicune|42/100 slp|[from] Sandstorm
|-heal|p1a: Suicune|48/100 slp|[from] item: Leftovers
|-heal|p2a: Tyranitar|23/100|[from] item: Leftovers
|upkeep
|turn|41
|
|t:|1728333452
|cant|p1a: Suicune|slp
|move|p1a: Suicune|Sleep Talk|p1a: Suicune
|move|p1a: Suicune|Surf|p2a: Tyranitar|[from]Sleep Talk
|-supereffective|p2a: Tyranitar
|-damage|p2a: Tyranitar|0 fnt
|faint|p2a: Tyranitar
|
|t:|1728333457
|switch|p2a: Zapdos|Zapdos|100/100
|
|-weather|Sandstorm|[upkeep]
|-damage|p2a: Zapdos|94/100|[from] Sandstorm
|-damage|p1a: Suicune|42/100 slp|[from] Sandstorm
|-heal|p2a: Zapdos|100/100|[from] item: Leftovers
|-heal|p1a: Suicune|48/100 slp|[from] item: Leftovers
|upkeep
|turn|42
|
|t:|1728333460
|move|p2a: Zapdos|Thunderbolt|p1a: Suicune
|-supereffective|p1a: Suicune
|-damage|p1a: Suicune|0 fnt
|faint|p1a: Suicune
|
|t:|1728333465
|switch|p1a: Regice|Regice|69/100 tox
|
|-weather|Sandstorm|[upkeep]
|-damage|p2a: Zapdos|94/100|[from] Sandstorm
|-damage|p1a: Regice|63/100 tox|[from] Sandstorm
|-heal|p2a: Zapdos|100/100|[from] item: Leftovers
|-heal|p1a: Regice|69/100 tox|[from] item: Leftovers
|-damage|p1a: Regice|63/100 tox|[from] psn
|upkeep
|turn|43
|
|t:|1728333477
|switch|p2a: Gill|Swampert, M|93/100
|-damage|p2a: Gill|76/100|[from] Spikes
|move|p1a: Regice|Thunderbolt|p2a: Gill
|-immune|p2a: Gill
|
|-weather|Sandstorm|[upkeep]
|-damage|p1a: Regice|57/100 tox|[from] Sandstorm
|-heal|p2a: Gill|82/100|[from] item: Leftovers
|-heal|p1a: Regice|63/100 tox|[from] item: Leftovers
|-damage|p1a: Regice|51/100 tox|[from] psn
|upkeep
|turn|44
|
|t:|1728333483
|move|p2a: Gill|Protect|p2a: Gill
|-singleturn|p2a: Gill|Protect
|move|p1a: Regice|Explosion|p2a: Gill
|-activate|p2a: Gill|Protect
|faint|p1a: Regice
|
|t:|1728333486
|switch|p1a: Claydol|Claydol|72/100
|
|-weather|Sandstorm|[upkeep]
|-heal|p1a: Claydol|78/100|[from] item: Leftovers
|-heal|p2a: Gill|88/100|[from] item: Leftovers
|upkeep
|turn|45
|
|t:|1728333490
|move|p1a: Claydol|Psychic|p2a: Gill
|-damage|p2a: Gill|70/100
|move|p2a: Gill|Surf|p1a: Claydol
|-supereffective|p1a: Claydol
|-damage|p1a: Claydol|17/100
|
|-weather|Sandstorm|[upkeep]
|-heal|p1a: Claydol|23/100|[from] item: Leftovers
|-heal|p2a: Gill|77/100|[from] item: Leftovers
|upkeep
|turn|46
|
|t:|1728333499
|move|p1a: Claydol|Psychic|p2a: Gill
|-crit|p2a: Gill
|-damage|p2a: Gill|41/100
|move|p2a: Gill|Surf|p1a: Claydol
|-supereffective|p1a: Claydol
|-damage|p1a: Claydol|0 fnt
|faint|p1a: Claydol
|
|t:|1728333501
|switch|p1a: Metagross|Metagross|100/100
|
|-weather|Sandstorm|[upkeep]
|-heal|p2a: Gill|47/100|[from] item: Leftovers
|upkeep
|turn|47
|inactive|JCEntrena has 270 seconds left.
|
|t:|1728333545
|move|p1a: Metagross|Agility|p1a: Metagross
|-boost|p1a: Metagross|spe|2
|move|p2a: Gill|Surf|p1a: Metagross
|-damage|p1a: Metagross|69/100
|
|-weather|Sandstorm|[upkeep]
|-heal|p1a: Metagross|75/100|[from] item: Leftovers
|-heal|p2a: Gill|53/100|[from] item: Leftovers
|upkeep
|turn|48
|
|t:|1728333552
|move|p1a: Metagross|Meteor Mash|p2a: Gill|[miss]
|-miss|p1a: Metagross|p2a: Gill
|move|p2a: Gill|Surf|p1a: Metagross
|-damage|p1a: Metagross|42/100
|
|-weather|Sandstorm|[upkeep]
|-heal|p1a: Metagross|48/100|[from] item: Leftovers
|-heal|p2a: Gill|60/100|[from] item: Leftovers
|upkeep
|turn|49
|
|t:|1728333557
|move|p1a: Metagross|Meteor Mash|p2a: Gill
|-resisted|p2a: Gill
|-crit|p2a: Gill
|-damage|p2a: Gill|20/100
|move|p2a: Gill|Surf|p1a: Metagross
|-damage|p1a: Metagross|0 fnt
|faint|p1a: Metagross
|
|win|JCEntrena
|c|☆COB 8|ggwp
|c|☆COB 8|:]
|c|☆JCEntrena|gg
|c|☆JCEntrena|Got lucky with no many paras
|c|☆COB 8|can you post replay?

</script>
<script type="application/json" class="data" id="replaydata-smogtours-gen3ou-796236">
{"id":"smogtours-gen3ou-796236","format":"[Gen 3] OU","players":["COB 8","JCEntrena"],"uploadtime":1728333557,"views":86,"formatid":"gen3ou","rating":null,"private":0,"password":null}
</script>

<script defer src="js/replays.js?9d40a366"></script>
