<!DOCTYPE html>
<meta charset="utf-8" />
<meta name="viewport" content="width=device-width" />

<title>[Gen 3] OU: nicole7735 vs. SoyJosito - Replays - Pok&eacute;mon Showdown!</title>

<meta name="description" content="Watch a replay of a Pok&eacute;mon battle between nicole7735 and SoyJosito! Format: [Gen 3] OU; Date: Oct 4, 2024" />
<!--

Hey, you! Looking in the source for the replay log?

You can find them in JSON format, just add `.json` at the end of a replay URL.

https://replay.pokemonshowdown.com/gen7randomdoublesbattle-865046831.json

Or, if you only need the log itself, add `.log` instead:

https://replay.pokemonshowdown.com/gen7randomdoublesbattle-865046831.log

-->

<link rel="stylesheet" href="//pokemonshowdown.com/style/global.css?0.023195364461161105" />
<link rel="stylesheet" href="//play.pokemonshowdown.com/style/font-awesome.css?0.13261647063804238" />
<link rel="stylesheet" href="//play.pokemonshowdown.com/style/battle.css?0.8753245789963631" />
<link rel="stylesheet" href="//play.pokemonshowdown.com/style/utilichart.css?0.8627959624976733" />

<!-- Global site tag (gtag.js) - Google Analytics -->
<script async src="https://www.googletagmanager.com/gtag/js?id=UA-26211653-1"></script>
<script>
  window.dataLayer = window.dataLayer || [];
  function gtag(){dataLayer.push(arguments);}
  gtag('js', new Date());

  gtag('config', 'UA-26211653-1');
</script>
<!-- End Google Analytics -->
<!-- Venatus Ad Manager - Install in <HEAD> of page -->
	<script src="https://hb.vntsm.com/v3/live/ad-manager.min.js" type="text/javascript" data-site-id="642aba63ec9a7b11c3c9c1be" data-mode="scan" async></script>
<!-- / Venatus Ad Manager -->

<style>
	@media (max-width:820px) {
		.battle {
			margin: 0 auto;
		}
		.battle-log {
			margin: 7px auto 0;
			max-width: 640px;
			height: 300px;
			position: static;
		}
	}
	.optgroup {
		display: inline-block;
		line-height: 22px;
		font-size: 10pt;
	}
	.optgroup .button {
		height: 25px;
		padding-top: 0;
		padding-bottom: 0;
	}
	.optgroup button.button {
		padding-left: 12px;
		padding-right: 12px;
	}
	.linklist {
		list-style: none;
		margin: 0.5em 0;
		padding: 0;
	}
	.linklist li {
		padding: 2px 0;
	}
	.sidebar {
		float: left;
		width: 320px;
	}
	.bar-wrapper {
		max-width: 1100px;
		margin: 0 auto;
	}
	.bar-wrapper.has-sidebar {
		max-width: 1430px;
	}
	.mainbar {
		margin: 0;
		padding-right: 1px;
	}
	.mainbar.has-sidebar {
		margin-left: 330px;
	}
	@media (min-width: 1511px) {
		.sidebar {
			width: 400px;
		}
		.bar-wrapper.has-sidebar {
			max-width: 1510px;
		}
		.mainbar.has-sidebar {
			margin-left: 410px;
		}
	}
	.section.first-section {
		margin-top: 9px;
	}
	.blocklink small {
		white-space: normal;
	}
	.button {
		vertical-align: middle;
	}
	.replay-controls {
		padding-top: 10px;
	}
	.replay-controls h1 {
		font-size: 16pt;
		font-weight: normal;
		color: #CCC;
	}
	.pagelink {
		text-align: center;
	}
	.pagelink a {
		width: 150px;
	}
	.textbox, .button {
		font-size: 11pt;
		vertical-align: middle;
	}
	@media (max-width: 450px) {
		.button {
			font-size: 9pt;
		}
	}
</style>

<div>

	<header>
		<div class="nav-wrapper"><ul class="nav">
			<li><a class="button nav-first" href="//pokemonshowdown.com/"><img src="//pokemonshowdown.com/images/pokemonshowdownbeta.png" srcset="//pokemonshowdown.com/images/pokemonshowdownbeta.png 1x, //pokemonshowdown.com/images/pokemonshowdownbeta@2x.png 2x" alt="Pok&eacute;mon Showdown" width="146" height="44" /> Home</a></li>
			<li><a class="button" href="//pokemonshowdown.com/dex/">Pok&eacute;dex</a></li>
			<li><a class="button cur" href="/">Replays</a></li>
			<li><a class="button" href="//pokemonshowdown.com/ladder/">Ladder</a></li>
			<li><a class="button nav-last" href="//pokemonshowdown.com/forums/">Forum</a></li>
			<li><a class="button greenbutton nav-first nav-last" href="//play.pokemonshowdown.com/">Play</a></li>
		</ul></div>
	</header>

	<div class="main" id="main">

		<noscript><section class="section">You need to enable JavaScript to use this page; sorry!</section></noscript>

	</div>

</div>

<script defer nomodule src="//play.pokemonshowdown.com/js/lib/ps-polyfill.js"></script>
<script defer src="//play.pokemonshowdown.com/js/lib/preact.min.js"></script>

<script defer src="//play.pokemonshowdown.com/config/config.js?2bddbc15"></script>
<script defer src="//play.pokemonshowdown.com/js/lib/jquery-1.11.0.min.js"></script>
<script defer src="//play.pokemonshowdown.com/js/lib/html-sanitizer-minified.js"></script>
<script defer src="//play.pokemonshowdown.com/js/battle-sound.js"></script>
<script defer src="//play.pokemonshowdown.com/js/battledata.js?0.7209276989879541"></script>
<script defer src="//play.pokemonshowdown.com/data/pokedex-mini.js?0.6111056340867951"></script>
<script defer src="//play.pokemonshowdown.com/data/pokedex-mini-bw.js?0.3532142036491459"></script>
<script defer src="//play.pokemonshowdown.com/data/graphics.js?0.24223875632456182"></script>
<script defer src="//play.pokemonshowdown.com/data/pokedex.js?0.38839984266356864"></script>
<script defer src="//play.pokemonshowdown.com/data/moves.js?0.21866028504024015"></script>
<script defer src="//play.pokemonshowdown.com/data/abilities.js?0.2005157953846628"></script>
<script defer src="//play.pokemonshowdown.com/data/items.js?0.9894211263848525"></script>
<script defer src="//play.pokemonshowdown.com/data/teambuilder-tables.js?0.6008791140282215"></script>
<script defer src="//play.pokemonshowdown.com/js/battle-tooltips.js?0.7580118955022959"></script>
<script defer src="//play.pokemonshowdown.com/js/battle.js?0.6057722274234274"></script>

<script defer src="js/utils.js?e31f9a17"></script>
<script defer src="js/replays-battle.js?7008c182"></script>

<!-- don't scrape this data! just add .json or .log after the URL!
Full API docs: https://github.com/smogon/pokemon-showdown-client/blob/master/WEB-API.md -->
<script type="text/plain" class="log" id="replaylog-smogtours-gen3ou-794737">
|inactive|Battle timer is ON: inactive players will automatically lose when time's up.
|t:|1728076974
|gametype|singles
|player|p1|nicole7735|lady-gen4|
|player|p2|SoyJosito|1|
|teamsize|p1|6
|teamsize|p2|6
|gen|3
|tier|[Gen 3] OU
|rule|Sleep Clause Mod: Limit one foe put to sleep
|rule|Switch Priority Clause Mod: Faster Pokémon switch first
|rule|Species Clause: Limit one of each Pokémon
|rule|OHKO Clause: OHKO moves are banned
|rule|Evasion Items Clause: Evasion items are banned
|rule|Evasion Moves Clause: Evasion moves are banned
|rule|Endless Battle Clause: Forcing endless battles is banned
|rule|HP Percentage Mod: HP is shown in percentages
|rule|One Boost Passer Clause: Limit one Baton Passer that has a way to boost its stats
|rule|Freeze Clause Mod: Limit one foe frozen
|
|t:|1728076974
|start
|switch|p1a: Tyranitar|Tyranitar, F|100/100
|switch|p2a: Zapdos|Zapdos|100/100
|-weather|Sandstorm|[from] ability: Sand Stream|[of] p1a: Tyranitar
|turn|1
|c|☆SoyJosito|Gl
|c|☆nicole7735|hf
|
|t:|1728076993
|move|p2a: Zapdos|Baton Pass|p2a: Zapdos
|
|t:|1728076996
|switch|p2a: Swampert|Swampert, M|100/100|[from] Baton Pass
|move|p1a: Tyranitar|Rock Slide|p2a: Swampert
|-resisted|p2a: Swampert
|-damage|p2a: Swampert|88/100
|
|-weather|Sandstorm|[upkeep]
|-heal|p2a: Swampert|94/100|[from] item: Leftovers
|upkeep
|turn|2
|
|t:|1728077003
|switch|p1a: Skarmory|Skarmory, M|100/100
|move|p2a: Swampert|Protect||[still]
|-fail|p2a: Swampert
|
|-weather|Sandstorm|[upkeep]
|-heal|p2a: Swampert|99/100|[from] item: Leftovers
|upkeep
|turn|3
|
|t:|1728077009
|switch|p2a: Zapdos|Zapdos|100/100
|move|p1a: Skarmory|Spikes|p2a: Zapdos
|-sidestart|p2: SoyJosito|Spikes
|
|-weather|Sandstorm|[upkeep]
|-damage|p2a: Zapdos|94/100|[from] Sandstorm
|-heal|p2a: Zapdos|100/100|[from] item: Leftovers
|upkeep
|turn|4
|
|t:|1728077019
|move|p1a: Skarmory|Protect|p1a: Skarmory
|-singleturn|p1a: Skarmory|Protect
|move|p2a: Zapdos|Thunder Wave|p1a: Skarmory
|-activate|p1a: Skarmory|Protect
|
|-weather|Sandstorm|[upkeep]
|-damage|p2a: Zapdos|94/100|[from] Sandstorm
|-heal|p2a: Zapdos|100/100|[from] item: Leftovers
|upkeep
|turn|5
|
|t:|1728077028
|switch|p1a: Swampert|Swampert, F|100/100
|move|p2a: Zapdos|Hidden Power|p1a: Swampert
|-supereffective|p1a: Swampert
|-damage|p1a: Swampert|26/100
|
|-weather|Sandstorm|[upkeep]
|-damage|p2a: Zapdos|94/100|[from] Sandstorm
|-heal|p2a: Zapdos|100/100|[from] item: Leftovers
|-heal|p1a: Swampert|33/100|[from] item: Leftovers
|upkeep
|turn|6
|
|t:|1728077033
|move|p1a: Swampert|Protect|p1a: Swampert
|-singleturn|p1a: Swampert|Protect
|move|p2a: Zapdos|Hidden Power|p1a: Swampert
|-activate|p1a: Swampert|Protect
|
|-weather|Sandstorm|[upkeep]
|-damage|p2a: Zapdos|94/100|[from] Sandstorm
|-heal|p2a: Zapdos|100/100|[from] item: Leftovers
|-heal|p1a: Swampert|39/100|[from] item: Leftovers
|upkeep
|turn|7
|
|t:|1728077046
|switch|p1a: Zapdos|Zapdos|100/100
|move|p2a: Zapdos|Thunder Wave|p1a: Zapdos
|-status|p1a: Zapdos|par
|
|-weather|Sandstorm|[upkeep]
|-damage|p2a: Zapdos|94/100|[from] Sandstorm
|-damage|p1a: Zapdos|94/100 par|[from] Sandstorm
|-heal|p2a: Zapdos|100/100|[from] item: Leftovers
|-heal|p1a: Zapdos|100/100 par|[from] item: Leftovers
|upkeep
|turn|8
|
|t:|1728077062
|move|p2a: Zapdos|Baton Pass|p2a: Zapdos
|
|t:|1728077064
|switch|p2a: Celebi|Celebi|100/100|[from] Baton Pass
|-damage|p2a: Celebi|88/100|[from] Spikes
|move|p1a: Zapdos|Thunderbolt|p2a: Celebi
|-resisted|p2a: Celebi
|-damage|p2a: Celebi|72/100
|-status|p2a: Celebi|par
|
|-weather|Sandstorm|[upkeep]
|-damage|p1a: Zapdos|94/100 par|[from] Sandstorm
|-damage|p2a: Celebi|66/100 par|[from] Sandstorm
|-heal|p1a: Zapdos|100/100 par|[from] item: Leftovers
|-heal|p2a: Celebi|72/100 par|[from] item: Leftovers
|upkeep
|turn|9
|
|t:|1728077081
|switch|p1a: Tyranitar|Tyranitar, F|100/100
|move|p2a: Celebi|Leech Seed|p1a: Tyranitar|[miss]
|-miss|p2a: Celebi|p1a: Tyranitar
|
|-weather|Sandstorm|[upkeep]
|-damage|p2a: Celebi|66/100 par|[from] Sandstorm
|-heal|p2a: Celebi|72/100 par|[from] item: Leftovers
|upkeep
|turn|10
|c|☆SoyJosito|Sad
|
|t:|1728077094
|switch|p1a: Gengar|Gengar, F|100/100
|-curestatus|p2a: Celebi|par|[from] ability: Natural Cure
|switch|p2a: Swampert|Swampert, M|99/100
|-damage|p2a: Swampert|88/100|[from] Spikes
|
|-weather|Sandstorm|[upkeep]
|-damage|p1a: Gengar|94/100|[from] Sandstorm
|-heal|p1a: Gengar|100/100|[from] item: Leftovers
|-heal|p2a: Swampert|94/100|[from] item: Leftovers
|upkeep
|turn|11
|
|t:|1728077101
|move|p2a: Swampert|Protect|p2a: Swampert
|-singleturn|p2a: Swampert|Protect
|move|p1a: Gengar|Will-O-Wisp|p2a: Swampert
|-activate|p2a: Swampert|Protect
|
|-weather|Sandstorm|[upkeep]
|-damage|p1a: Gengar|94/100|[from] Sandstorm
|-heal|p1a: Gengar|100/100|[from] item: Leftovers
|-heal|p2a: Swampert|99/100|[from] item: Leftovers
|upkeep
|turn|12
|
|t:|1728077127
|switch|p2a: Starmie|Starmie|100/100
|-damage|p2a: Starmie|88/100|[from] Spikes
|move|p1a: Gengar|Will-O-Wisp|p2a: Starmie
|-status|p2a: Starmie|brn
|
|-weather|Sandstorm|[upkeep]
|-damage|p2a: Starmie|82/100 brn|[from] Sandstorm
|-damage|p1a: Gengar|94/100|[from] Sandstorm
|-heal|p2a: Starmie|88/100 brn|[from] item: Leftovers
|-damage|p2a: Starmie|76/100 brn|[from] brn
|-heal|p1a: Gengar|100/100|[from] item: Leftovers
|upkeep
|turn|13
|
|t:|1728077153
|switch|p1a: Zapdos|Zapdos|100/100 par
|move|p2a: Starmie|Hydro Pump|p1a: Zapdos
|-damage|p1a: Zapdos|54/100 par
|
|-weather|Sandstorm|[upkeep]
|-damage|p2a: Starmie|70/100 brn|[from] Sandstorm
|-damage|p1a: Zapdos|48/100 par|[from] Sandstorm
|-heal|p2a: Starmie|76/100 brn|[from] item: Leftovers
|-damage|p2a: Starmie|64/100 brn|[from] brn
|-heal|p1a: Zapdos|54/100 par|[from] item: Leftovers
|upkeep
|turn|14
|
|t:|1728077164
|-curestatus|p2a: Starmie|brn|[from] ability: Natural Cure
|switch|p2a: Celebi|Celebi|72/100
|-damage|p2a: Celebi|60/100|[from] Spikes
|move|p1a: Zapdos|Thunderbolt|p2a: Celebi
|-resisted|p2a: Celebi
|-damage|p2a: Celebi|44/100
|
|-weather|Sandstorm|[upkeep]
|-damage|p2a: Celebi|38/100|[from] Sandstorm
|-damage|p1a: Zapdos|48/100 par|[from] Sandstorm
|-heal|p2a: Celebi|44/100|[from] item: Leftovers
|-heal|p1a: Zapdos|54/100 par|[from] item: Leftovers
|upkeep
|turn|15
|
|t:|1728077175
|switch|p1a: Aerodactyl|Aerodactyl, F|100/100
|move|p2a: Celebi|Leech Seed|p1a: Aerodactyl
|-start|p1a: Aerodactyl|move: Leech Seed
|
|-weather|Sandstorm|[upkeep]
|-damage|p2a: Celebi|38/100|[from] Sandstorm
|-damage|p1a: Aerodactyl|88/100|[from] Leech Seed|[of] p2a: Celebi
|-heal|p2a: Celebi|47/100|[silent]
|-heal|p2a: Celebi|53/100|[from] item: Leftovers
|upkeep
|turn|16
|
|t:|1728077186
|switch|p1a: Swampert|Swampert, F|39/100
|switch|p2a: Swampert|Swampert, M|99/100
|-damage|p2a: Swampert|88/100|[from] Spikes
|
|-weather|Sandstorm|[upkeep]
|-heal|p1a: Swampert|45/100|[from] item: Leftovers
|-heal|p2a: Swampert|94/100|[from] item: Leftovers
|upkeep
|turn|17
|inactive|SoyJosito has 270 seconds left.
|
|t:|1728077208
|move|p2a: Swampert|Protect|p2a: Swampert
|-singleturn|p2a: Swampert|Protect
|move|p1a: Swampert|Toxic|p2a: Swampert|[miss]
|-miss|p1a: Swampert|p2a: Swampert
|
|-weather|Sandstorm|[upkeep]
|-heal|p1a: Swampert|51/100|[from] item: Leftovers
|-heal|p2a: Swampert|99/100|[from] item: Leftovers
|upkeep
|turn|18
|inactive|SoyJosito has 270 seconds left.
|
|t:|1728077234
|switch|p2a: Starmie|Starmie|64/100
|-damage|p2a: Starmie|52/100|[from] Spikes
|move|p1a: Swampert|Toxic|p2a: Starmie
|-status|p2a: Starmie|tox
|
|-weather|Sandstorm|[upkeep]
|-damage|p2a: Starmie|46/100 tox|[from] Sandstorm
|-heal|p2a: Starmie|52/100 tox|[from] item: Leftovers
|-damage|p2a: Starmie|46/100 tox|[from] psn
|-heal|p1a: Swampert|57/100|[from] item: Leftovers
|upkeep
|turn|19
|
|t:|1728077239
|move|p1a: Swampert|Protect|p1a: Swampert
|-singleturn|p1a: Swampert|Protect
|move|p2a: Starmie|Rapid Spin|p1a: Swampert
|-activate|p1a: Swampert|Protect
|
|-weather|Sandstorm|[upkeep]
|-damage|p2a: Starmie|39/100 tox|[from] Sandstorm
|-heal|p2a: Starmie|46/100 tox|[from] item: Leftovers
|-damage|p2a: Starmie|33/100 tox|[from] psn
|-heal|p1a: Swampert|64/100|[from] item: Leftovers
|upkeep
|turn|20
|
|t:|1728077249
|move|p2a: Starmie|Hydro Pump|p1a: Swampert
|-damage|p1a: Swampert|23/100
|move|p1a: Swampert|Surf|p2a: Starmie
|-resisted|p2a: Starmie
|-damage|p2a: Starmie|0 fnt
|faint|p2a: Starmie
|inactive|SoyJosito has 270 seconds left.
|
|t:|1728077289
|switch|p2a: Dugtrio|Dugtrio, F|100/100
|-damage|p2a: Dugtrio|88/100|[from] Spikes
|
|-weather|Sandstorm|[upkeep]
|-heal|p1a: Swampert|29/100|[from] item: Leftovers
|upkeep
|turn|21
|
|t:|1728077292
|move|p1a: Swampert|Protect|p1a: Swampert
|-singleturn|p1a: Swampert|Protect
|move|p2a: Dugtrio|Earthquake|p1a: Swampert
|-activate|p1a: Swampert|Protect
|
|-weather|Sandstorm|[upkeep]
|-heal|p1a: Swampert|35/100|[from] item: Leftovers
|upkeep
|turn|22
|
|t:|1728077294
|move|p2a: Dugtrio|Earthquake|p1a: Swampert
|-damage|p1a: Swampert|0 fnt
|faint|p1a: Swampert
|
|t:|1728077314
|switch|p1a: Aerodactyl|Aerodactyl, F|88/100
|
|-weather|Sandstorm|[upkeep]
|upkeep
|turn|23
|
|t:|1728077320
|switch|p2a: Swampert|Swampert, M|99/100
|-damage|p2a: Swampert|88/100|[from] Spikes
|move|p1a: Aerodactyl|Double-Edge|p2a: Swampert
|-damage|p2a: Swampert|53/100
|
|-weather|Sandstorm|[upkeep]
|-heal|p2a: Swampert|59/100|[from] item: Leftovers
|upkeep
|turn|24
|
|t:|1728077332
|switch|p1a: Skarmory|Skarmory, M|100/100
|move|p2a: Swampert|Hydro Pump|p1a: Skarmory|[miss]
|-miss|p2a: Swampert|p1a: Skarmory
|
|-weather|Sandstorm|[upkeep]
|-heal|p2a: Swampert|66/100|[from] item: Leftovers
|upkeep
|turn|25
|inactive|SoyJosito has 270 seconds left.
|
|t:|1728077349
|switch|p2a: Zapdos|Zapdos|100/100
|move|p1a: Skarmory|Spikes|p2a: Zapdos
|-sidestart|p2: SoyJosito|Spikes
|
|-weather|Sandstorm|[upkeep]
|-damage|p2a: Zapdos|94/100|[from] Sandstorm
|-heal|p2a: Zapdos|100/100|[from] item: Leftovers
|upkeep
|turn|26
|inactive|SoyJosito has 270 seconds left.
|
|t:|1728077369
|switch|p1a: Zapdos|Zapdos|54/100 par
|move|p2a: Zapdos|Thunder Wave|p1a: Zapdos
|-fail|p1a: Zapdos|par
|
|-weather|Sandstorm|[upkeep]
|-damage|p2a: Zapdos|94/100|[from] Sandstorm
|-damage|p1a: Zapdos|48/100 par|[from] Sandstorm
|-heal|p2a: Zapdos|100/100|[from] item: Leftovers
|-heal|p1a: Zapdos|54/100 par|[from] item: Leftovers
|upkeep
|turn|27
|
|t:|1728077373
|move|p2a: Zapdos|Thunderbolt|p1a: Zapdos
|-damage|p1a: Zapdos|11/100 par
|move|p1a: Zapdos|Hidden Power|p2a: Zapdos
|-supereffective|p2a: Zapdos
|-damage|p2a: Zapdos|50/100
|
|-weather|Sandstorm|[upkeep]
|-damage|p2a: Zapdos|44/100|[from] Sandstorm
|-damage|p1a: Zapdos|5/100 par|[from] Sandstorm
|-heal|p2a: Zapdos|50/100|[from] item: Leftovers
|-heal|p1a: Zapdos|11/100 par|[from] item: Leftovers
|upkeep
|turn|28
|
|t:|1728077379
|move|p2a: Zapdos|Thunderbolt|p1a: Zapdos
|-damage|p1a: Zapdos|0 fnt
|faint|p1a: Zapdos
|
|t:|1728077388
|switch|p1a: Aerodactyl|Aerodactyl, F|88/100
|
|-weather|Sandstorm|[upkeep]
|-damage|p2a: Zapdos|44/100|[from] Sandstorm
|-heal|p2a: Zapdos|50/100|[from] item: Leftovers
|upkeep
|turn|29
|inactive|SoyJosito has 270 seconds left.
|
|t:|1728077409
|switch|p2a: Tyranitar|Tyranitar, M|100/100
|-damage|p2a: Tyranitar|84/100|[from] Spikes
|move|p1a: Aerodactyl|Rock Slide|p2a: Tyranitar
|-damage|p2a: Tyranitar|47/100
|
|-weather|Sandstorm|[upkeep]
|-heal|p2a: Tyranitar|53/100|[from] item: Leftovers
|upkeep
|turn|30
|inactive|SoyJosito has 270 seconds left.
|
|t:|1728077429
|switch|p1a: Skarmory|Skarmory, M|100/100
|switch|p2a: Zapdos|Zapdos|50/100
|
|-weather|Sandstorm|[upkeep]
|-damage|p2a: Zapdos|44/100|[from] Sandstorm
|-heal|p2a: Zapdos|50/100|[from] item: Leftovers
|upkeep
|turn|31
|inactive|SoyJosito has 270 seconds left.
|
|t:|1728077452
|move|p2a: Zapdos|Thunderbolt|p1a: Skarmory
|-supereffective|p1a: Skarmory
|-damage|p1a: Skarmory|4/100
|move|p1a: Skarmory|Spikes|p2a: Zapdos
|-sidestart|p2: SoyJosito|Spikes
|
|-weather|Sandstorm|[upkeep]
|-damage|p2a: Zapdos|44/100|[from] Sandstorm
|-heal|p2a: Zapdos|50/100|[from] item: Leftovers
|-heal|p1a: Skarmory|10/100|[from] item: Leftovers
|upkeep
|turn|32
|inactive|SoyJosito has 270 seconds left.
|inactive|nicole7735 has 270 seconds left.
|
|t:|1728077473
|move|p2a: Zapdos|Thunderbolt|p1a: Skarmory
|-supereffective|p1a: Skarmory
|-damage|p1a: Skarmory|0 fnt
|faint|p1a: Skarmory
|inactive|nicole7735 has 270 seconds left.
|
|t:|1728077485
|switch|p1a: Aerodactyl|Aerodactyl, F|88/100
|
|-weather|Sandstorm|[upkeep]
|-damage|p2a: Zapdos|44/100|[from] Sandstorm
|-heal|p2a: Zapdos|50/100|[from] item: Leftovers
|upkeep
|turn|33
|inactive|SoyJosito has 270 seconds left.
|
|t:|1728077517
|switch|p2a: Tyranitar|Tyranitar, M|53/100
|-damage|p2a: Tyranitar|29/100|[from] Spikes
|move|p1a: Aerodactyl|Rock Slide|p2a: Tyranitar
|-damage|p2a: Tyranitar|0 fnt
|faint|p2a: Tyranitar
|
|t:|1728077527
|switch|p2a: Swampert|Swampert, M|66/100
|-damage|p2a: Swampert|41/100|[from] Spikes
|
|-weather|Sandstorm|[upkeep]
|-heal|p2a: Swampert|47/100|[from] item: Leftovers
|upkeep
|turn|34
|
|t:|1728077532
|switch|p1a: Gengar|Gengar, F|100/100
|move|p2a: Swampert|Hydro Pump|p1a: Gengar
|-damage|p1a: Gengar|58/100
|
|-weather|Sandstorm|[upkeep]
|-damage|p1a: Gengar|52/100|[from] Sandstorm
|-heal|p1a: Gengar|58/100|[from] item: Leftovers
|-heal|p2a: Swampert|53/100|[from] item: Leftovers
|upkeep
|turn|35
|
|t:|1728077541
|move|p2a: Swampert|Protect|p2a: Swampert
|-singleturn|p2a: Swampert|Protect
|move|p1a: Gengar|Will-O-Wisp|p2a: Swampert|[miss]
|-miss|p1a: Gengar|p2a: Swampert
|
|-weather|Sandstorm|[upkeep]
|-damage|p1a: Gengar|52/100|[from] Sandstorm
|-heal|p1a: Gengar|58/100|[from] item: Leftovers
|-heal|p2a: Swampert|59/100|[from] item: Leftovers
|upkeep
|turn|36
|
|t:|1728077566
|move|p1a: Gengar|Giga Drain|p2a: Swampert
|-supereffective|p2a: Swampert
|-crit|p2a: Swampert
|-damage|p2a: Swampert|0 fnt
|-heal|p1a: Gengar|99/100|[from] drain|[of] p2a: Swampert
|faint|p2a: Swampert
|
|t:|1728077573
|switch|p2a: Celebi|Celebi|53/100
|-damage|p2a: Celebi|28/100|[from] Spikes
|
|-weather|Sandstorm|[upkeep]
|-damage|p1a: Gengar|93/100|[from] Sandstorm
|-damage|p2a: Celebi|22/100|[from] Sandstorm
|-heal|p1a: Gengar|99/100|[from] item: Leftovers
|-heal|p2a: Celebi|28/100|[from] item: Leftovers
|upkeep
|turn|37
|
|t:|1728077579
|switch|p1a: Tyranitar|Tyranitar, F|100/100
|move|p2a: Celebi|Recover|p2a: Celebi
|-heal|p2a: Celebi|78/100
|
|-weather|Sandstorm|[upkeep]
|-damage|p2a: Celebi|72/100|[from] Sandstorm
|-heal|p2a: Celebi|78/100|[from] item: Leftovers
|upkeep
|turn|38
|
|t:|1728077586
|move|p2a: Celebi|Leech Seed|p1a: Tyranitar
|-start|p1a: Tyranitar|move: Leech Seed
|move|p1a: Tyranitar|Hidden Power|p2a: Celebi
|-supereffective|p2a: Celebi
|-damage|p2a: Celebi|4/100
|
|-weather|Sandstorm|[upkeep]
|-damage|p2a: Celebi|0 fnt|[from] Sandstorm
|faint|p2a: Celebi
|upkeep
|c|☆SoyJosito|GG
|
|t:|1728077597
|switch|p2a: Dugtrio|Dugtrio, F|88/100
|-damage|p2a: Dugtrio|63/100|[from] Spikes
|turn|39
|
|t:|1728077601
|move|p2a: Dugtrio|Earthquake|p1a: Tyranitar
|-supereffective|p1a: Tyranitar
|-damage|p1a: Tyranitar|6/100
|move|p1a: Tyranitar|Earthquake|p2a: Dugtrio
|-damage|p2a: Dugtrio|0 fnt
|faint|p2a: Dugtrio
|inactive|SoyJosito has 270 seconds left.
|
|t:|1728077606
|switch|p2a: Zapdos|Zapdos|50/100
|
|-weather|Sandstorm|[upkeep]
|-damage|p2a: Zapdos|44/100|[from] Sandstorm
|-heal|p2a: Zapdos|50/100|[from] item: Leftovers
|-heal|p1a: Tyranitar|12/100|[from] item: Leftovers
|-damage|p1a: Tyranitar|0 fnt|[from] Leech Seed|[of] p2a: Zapdos
|-heal|p2a: Zapdos|64/100|[silent]
|faint|p1a: Tyranitar
|upkeep
|
|t:|1728077613
|switch|p1a: Gengar|Gengar, F|99/100
|turn|40
|inactive|SoyJosito has 270 seconds left.
|
|t:|1728077642
|move|p2a: Zapdos|Thunderbolt|p1a: Gengar
|-crit|p1a: Gengar
|-damage|p1a: Gengar|0 fnt
|faint|p1a: Gengar
|
|t:|1728077646
|switch|p1a: Aerodactyl|Aerodactyl, F|88/100
|
|-weather|Sandstorm|[upkeep]
|-damage|p2a: Zapdos|58/100|[from] Sandstorm
|-heal|p2a: Zapdos|64/100|[from] item: Leftovers
|upkeep
|turn|41
|inactive|SoyJosito has 270 seconds left.
|
|t:|1728077653
|move|p1a: Aerodactyl|Rock Slide|p2a: Zapdos
|-supereffective|p2a: Zapdos
|-damage|p2a: Zapdos|0 fnt
|faint|p2a: Zapdos
|
|win|nicole7735
|c|☆nicole7735|gg

</script>
<script type="application/json" class="data" id="replaydata-smogtours-gen3ou-794737">
{"id":"smogtours-gen3ou-794737","format":"[Gen 3] OU","players":["nicole7735","SoyJosito"],"uploadtime":1728077653,"views":179,"formatid":"gen3ou","rating":null,"private":0,"password":null}
</script>

<script defer src="js/replays.js?9d40a366"></script>
