<!DOCTYPE html>
<meta charset="utf-8" />
<meta name="viewport" content="width=device-width" />

<title>[Gen 3] OU: Vholtninja vs. Lunarvania - Replays - Pok&eacute;mon Showdown!</title>

<meta name="description" content="Watch a replay of a Pok&eacute;mon battle between Vholtninja and Lunarvania! Format: [Gen 3] OU; Date: Oct 30, 2024" />
<!--

Hey, you! Looking in the source for the replay log?

You can find them in JSON format, just add `.json` at the end of a replay URL.

https://replay.pokemonshowdown.com/gen7randomdoublesbattle-865046831.json

Or, if you only need the log itself, add `.log` instead:

https://replay.pokemonshowdown.com/gen7randomdoublesbattle-865046831.log

-->

<link rel="stylesheet" href="//pokemonshowdown.com/style/global.css?0.023195364461161105" />
<link rel="stylesheet" href="//play.pokemonshowdown.com/style/font-awesome.css?0.13261647063804238" />
<link rel="stylesheet" href="//play.pokemonshowdown.com/style/battle.css?0.8753245789963631" />
<link rel="stylesheet" href="//play.pokemonshowdown.com/style/utilichart.css?0.8627959624976733" />

<!-- Global site tag (gtag.js) - Google Analytics -->
<script async src="https://www.googletagmanager.com/gtag/js?id=UA-26211653-1"></script>
<script>
  window.dataLayer = window.dataLayer || [];
  function gtag(){dataLayer.push(arguments);}
  gtag('js', new Date());

  gtag('config', 'UA-26211653-1');
</script>
<!-- End Google Analytics -->
<!-- Venatus Ad Manager - Install in <HEAD> of page -->
	<script src="https://hb.vntsm.com/v3/live/ad-manager.min.js" type="text/javascript" data-site-id="642aba63ec9a7b11c3c9c1be" data-mode="scan" async></script>
<!-- / Venatus Ad Manager -->

<style>
	@media (max-width:820px) {
		.battle {
			margin: 0 auto;
		}
		.battle-log {
			margin: 7px auto 0;
			max-width: 640px;
			height: 300px;
			position: static;
		}
	}
	.optgroup {
		display: inline-block;
		line-height: 22px;
		font-size: 10pt;
	}
	.optgroup .button {
		height: 25px;
		padding-top: 0;
		padding-bottom: 0;
	}
	.optgroup button.button {
		padding-left: 12px;
		padding-right: 12px;
	}
	.linklist {
		list-style: none;
		margin: 0.5em 0;
		padding: 0;
	}
	.linklist li {
		padding: 2px 0;
	}
	.sidebar {
		float: left;
		width: 320px;
	}
	.bar-wrapper {
		max-width: 1100px;
		margin: 0 auto;
	}
	.bar-wrapper.has-sidebar {
		max-width: 1430px;
	}
	.mainbar {
		margin: 0;
		padding-right: 1px;
	}
	.mainbar.has-sidebar {
		margin-left: 330px;
	}
	@media (min-width: 1511px) {
		.sidebar {
			width: 400px;
		}
		.bar-wrapper.has-sidebar {
			max-width: 1510px;
		}
		.mainbar.has-sidebar {
			margin-left: 410px;
		}
	}
	.section.first-section {
		margin-top: 9px;
	}
	.blocklink small {
		white-space: normal;
	}
	.button {
		vertical-align: middle;
	}
	.replay-controls {
		padding-top: 10px;
	}
	.replay-controls h1 {
		font-size: 16pt;
		font-weight: normal;
		color: #CCC;
	}
	.pagelink {
		text-align: center;
	}
	.pagelink a {
		width: 150px;
	}
	.textbox, .button {
		font-size: 11pt;
		vertical-align: middle;
	}
	@media (max-width: 450px) {
		.button {
			font-size: 9pt;
		}
	}
</style>

<div>

	<header>
		<div class="nav-wrapper"><ul class="nav">
			<li><a class="button nav-first" href="//pokemonshowdown.com/"><img src="//pokemonshowdown.com/images/pokemonshowdownbeta.png" srcset="//pokemonshowdown.com/images/pokemonshowdownbeta.png 1x, //pokemonshowdown.com/images/pokemonshowdownbeta@2x.png 2x" alt="Pok&eacute;mon Showdown" width="146" height="44" /> Home</a></li>
			<li><a class="button" href="//pokemonshowdown.com/dex/">Pok&eacute;dex</a></li>
			<li><a class="button cur" href="/">Replays</a></li>
			<li><a class="button" href="//pokemonshowdown.com/ladder/">Ladder</a></li>
			<li><a class="button nav-last" href="//pokemonshowdown.com/forums/">Forum</a></li>
			<li><a class="button greenbutton nav-first nav-last" href="//play.pokemonshowdown.com/">Play</a></li>
		</ul></div>
	</header>

	<div class="main" id="main">

		<noscript><section class="section">You need to enable JavaScript to use this page; sorry!</section></noscript>

	</div>

</div>

<script defer nomodule src="//play.pokemonshowdown.com/js/lib/ps-polyfill.js"></script>
<script defer src="//play.pokemonshowdown.com/js/lib/preact.min.js"></script>

<script defer src="//play.pokemonshowdown.com/config/config.js?2bddbc15"></script>
<script defer src="//play.pokemonshowdown.com/js/lib/jquery-1.11.0.min.js"></script>
<script defer src="//play.pokemonshowdown.com/js/lib/html-sanitizer-minified.js"></script>
<script defer src="//play.pokemonshowdown.com/js/battle-sound.js"></script>
<script defer src="//play.pokemonshowdown.com/js/battledata.js?0.7209276989879541"></script>
<script defer src="//play.pokemonshowdown.com/data/pokedex-mini.js?0.6111056340867951"></script>
<script defer src="//play.pokemonshowdown.com/data/pokedex-mini-bw.js?0.3532142036491459"></script>
<script defer src="//play.pokemonshowdown.com/data/graphics.js?0.24223875632456182"></script>
<script defer src="//play.pokemonshowdown.com/data/pokedex.js?0.38839984266356864"></script>
<script defer src="//play.pokemonshowdown.com/data/moves.js?0.21866028504024015"></script>
<script defer src="//play.pokemonshowdown.com/data/abilities.js?0.2005157953846628"></script>
<script defer src="//play.pokemonshowdown.com/data/items.js?0.9894211263848525"></script>
<script defer src="//play.pokemonshowdown.com/data/teambuilder-tables.js?0.6008791140282215"></script>
<script defer src="//play.pokemonshowdown.com/js/battle-tooltips.js?0.7580118955022959"></script>
<script defer src="//play.pokemonshowdown.com/js/battle.js?0.6057722274234274"></script>

<script defer src="js/utils.js?e31f9a17"></script>
<script defer src="js/replays-battle.js?7008c182"></script>

<!-- don't scrape this data! just add .json or .log after the URL!
Full API docs: https://github.com/smogon/pokemon-showdown-client/blob/master/WEB-API.md -->
<script type="text/plain" class="log" id="replaylog-smogtours-gen3ou-803440">
|inactive|Battle timer is ON: inactive players will automatically lose when time's up.
|t:|1730312991
|gametype|singles
|player|p1|Vholtninja|serena-masters2|
|player|p2|Lunarvania|sage|
|teamsize|p1|6
|teamsize|p2|6
|gen|3
|tier|[Gen 3] OU
|rule|Sleep Clause Mod: Limit one foe put to sleep
|rule|Switch Priority Clause Mod: Faster Pokémon switch first
|rule|Species Clause: Limit one of each Pokémon
|rule|OHKO Clause: OHKO moves are banned
|rule|Evasion Items Clause: Evasion items are banned
|rule|Evasion Moves Clause: Evasion moves are banned
|rule|Endless Battle Clause: Forcing endless battles is banned
|rule|HP Percentage Mod: HP is shown in percentages
|rule|One Boost Passer Clause: Limit one Baton Passer that has a way to boost its stats
|rule|Freeze Clause Mod: Limit one foe frozen
|
|t:|1730312991
|start
|switch|p1a: Tyranitar|Tyranitar, M|100/100
|switch|p2a: Tyranitar|Tyranitar, M|100/100
|-weather|Sandstorm|[from] ability: Sand Stream|[of] p1a: Tyranitar
|turn|1
|
|t:|1730313000
|switch|p1a: Swampert|Swampert, F|100/100
|switch|p2a: Swampert|Swampert, F|100/100
|
|-weather|Sandstorm|[upkeep]
|upkeep
|turn|2
|
|t:|1730313008
|move|p1a: Swampert|Hydro Pump|p2a: Swampert
|-crit|p2a: Swampert
|-damage|p2a: Swampert|17/100
|move|p2a: Swampert|Toxic|p1a: Swampert
|-status|p1a: Swampert|tox
|
|-weather|Sandstorm|[upkeep]
|-damage|p1a: Swampert|94/100 tox|[from] psn
|-heal|p2a: Swampert|24/100|[from] item: Leftovers
|upkeep
|turn|3
|
|t:|1730313014
|switch|p1a: Heracross|Heracross, F|100/100
|move|p2a: Swampert|Protect||[still]
|-fail|p2a: Swampert
|
|-weather|Sandstorm|[upkeep]
|-damage|p1a: Heracross|94/100|[from] Sandstorm
|-heal|p1a: Heracross|100/100|[from] item: Leftovers
|-heal|p2a: Swampert|30/100|[from] item: Leftovers
|upkeep
|turn|4
|
|t:|1730313018
|switch|p2a: Aerodactyl|Aerodactyl, M|100/100
|move|p1a: Heracross|Substitute|p1a: Heracross
|-start|p1a: Heracross|Substitute
|-damage|p1a: Heracross|75/100
|
|-weather|Sandstorm|[upkeep]
|-damage|p1a: Heracross|69/100|[from] Sandstorm
|-heal|p1a: Heracross|75/100|[from] item: Leftovers
|upkeep
|turn|5
|
|t:|1730313024
|move|p2a: Aerodactyl|Rock Slide|p1a: Heracross
|-crit|p1a: Heracross
|-end|p1a: Heracross|Substitute
|move|p1a: Heracross|Rock Slide|p2a: Aerodactyl
|-supereffective|p2a: Aerodactyl
|-damage|p2a: Aerodactyl|3/100
|
|-weather|Sandstorm|[upkeep]
|-damage|p1a: Heracross|69/100|[from] Sandstorm
|-heal|p1a: Heracross|75/100|[from] item: Leftovers
|upkeep
|turn|6
|
|t:|1730313032
|switch|p1a: Jirachi|Jirachi|100/100
|move|p2a: Aerodactyl|Rock Slide|p1a: Jirachi
|-resisted|p1a: Jirachi
|-damage|p1a: Jirachi|80/100
|
|-weather|Sandstorm|[upkeep]
|-heal|p1a: Jirachi|86/100|[from] item: Leftovers
|upkeep
|turn|7
|
|t:|1730313056
|switch|p2a: Gengar|Gengar, F|100/100
|move|p1a: Jirachi|Body Slam|p2a: Gengar
|-immune|p2a: Gengar
|
|-weather|Sandstorm|[upkeep]
|-damage|p2a: Gengar|94/100|[from] Sandstorm
|-heal|p2a: Gengar|100/100|[from] item: Leftovers
|-heal|p1a: Jirachi|93/100|[from] item: Leftovers
|upkeep
|turn|8
|
|t:|1730313070
|move|p2a: Gengar|Will-O-Wisp|p1a: Jirachi|[miss]
|-miss|p2a: Gengar|p1a: Jirachi
|move|p1a: Jirachi|Fire Punch|p2a: Gengar
|-damage|p2a: Gengar|81/100
|
|-weather|Sandstorm|[upkeep]
|-damage|p2a: Gengar|75/100|[from] Sandstorm
|-heal|p2a: Gengar|81/100|[from] item: Leftovers
|-heal|p1a: Jirachi|99/100|[from] item: Leftovers
|upkeep
|turn|9
|
|t:|1730313076
|move|p2a: Gengar|Will-O-Wisp|p1a: Jirachi
|-status|p1a: Jirachi|brn
|move|p1a: Jirachi|Fire Punch|p2a: Gengar
|-damage|p2a: Gengar|61/100
|
|-weather|Sandstorm|[upkeep]
|-damage|p2a: Gengar|55/100|[from] Sandstorm
|-heal|p2a: Gengar|61/100|[from] item: Leftovers
|-heal|p1a: Jirachi|100/100 brn|[from] item: Leftovers
|-damage|p1a: Jirachi|88/100 brn|[from] brn
|upkeep
|turn|10
|
|t:|1730313091
|move|p2a: Gengar|Thunderbolt|p1a: Jirachi
|-damage|p1a: Jirachi|67/100 brn
|move|p1a: Jirachi|Wish|p1a: Jirachi
|
|-weather|Sandstorm|[upkeep]
|-damage|p2a: Gengar|55/100|[from] Sandstorm
|-heal|p2a: Gengar|61/100|[from] item: Leftovers
|-heal|p1a: Jirachi|73/100 brn|[from] item: Leftovers
|-damage|p1a: Jirachi|61/100 brn|[from] brn
|upkeep
|turn|11
|
|t:|1730313096
|switch|p1a: Swampert|Swampert, F|94/100 tox
|move|p2a: Gengar|Taunt|p1a: Swampert
|-start|p1a: Swampert|move: Taunt
|
|-heal|p1a: Swampert|100/100 tox|[from] move: Wish|[wisher] Jirachi
|-weather|Sandstorm|[upkeep]
|-damage|p2a: Gengar|55/100|[from] Sandstorm
|-heal|p2a: Gengar|61/100|[from] item: Leftovers
|-damage|p1a: Swampert|94/100 tox|[from] psn
|upkeep
|turn|12
|
|t:|1730313102
|move|p2a: Gengar|Giga Drain|p1a: Swampert
|-supereffective|p1a: Swampert
|-damage|p1a: Swampert|4/100 tox
|-heal|p2a: Gengar|100/100|[from] drain|[of] p1a: Swampert
|move|p1a: Swampert|Hydro Pump|p2a: Gengar|[miss]
|-miss|p1a: Swampert|p2a: Gengar
|
|-weather|Sandstorm|[upkeep]
|-damage|p2a: Gengar|94/100|[from] Sandstorm
|-heal|p2a: Gengar|100/100|[from] item: Leftovers
|-heal|p1a: Swampert|10/100 tox|[from] item: Leftovers
|-damage|p1a: Swampert|0 fnt|[from] psn
|faint|p1a: Swampert
|upkeep
|
|t:|1730313110
|switch|p1a: Starmie|Starmie, shiny|100/100
|turn|13
|inactive|Lunarvania has 270 seconds left.
|
|t:|1730313154
|move|p1a: Starmie|Thunder Wave|p2a: Gengar
|-status|p2a: Gengar|par
|cant|p2a: Gengar|par
|
|-weather|Sandstorm|[upkeep]
|-damage|p1a: Starmie|94/100|[from] Sandstorm
|-damage|p2a: Gengar|94/100 par|[from] Sandstorm
|-heal|p1a: Starmie|100/100|[from] item: Leftovers
|-heal|p2a: Gengar|100/100 par|[from] item: Leftovers
|upkeep
|turn|14
|
|t:|1730313160
|move|p1a: Starmie|Surf|p2a: Gengar
|-damage|p2a: Gengar|58/100 par
|cant|p2a: Gengar|par
|
|-weather|Sandstorm|[upkeep]
|-damage|p1a: Starmie|94/100|[from] Sandstorm
|-damage|p2a: Gengar|52/100 par|[from] Sandstorm
|-heal|p1a: Starmie|100/100|[from] item: Leftovers
|-heal|p2a: Gengar|58/100 par|[from] item: Leftovers
|upkeep
|turn|15
|
|t:|1730313164
|move|p1a: Starmie|Surf|p2a: Gengar
|-damage|p2a: Gengar|20/100 par
|move|p2a: Gengar|Thunderbolt|p1a: Starmie
|-supereffective|p1a: Starmie
|-damage|p1a: Starmie|23/100
|
|-weather|Sandstorm|[upkeep]
|-damage|p1a: Starmie|17/100|[from] Sandstorm
|-damage|p2a: Gengar|14/100 par|[from] Sandstorm
|-heal|p1a: Starmie|23/100|[from] item: Leftovers
|-heal|p2a: Gengar|20/100 par|[from] item: Leftovers
|upkeep
|turn|16
|
|t:|1730313171
|switch|p2a: Zapdos|Zapdos|100/100
|move|p1a: Starmie|Recover|p1a: Starmie
|-heal|p1a: Starmie|73/100
|
|-weather|Sandstorm|[upkeep]
|-damage|p1a: Starmie|67/100|[from] Sandstorm
|-damage|p2a: Zapdos|94/100|[from] Sandstorm
|-heal|p1a: Starmie|73/100|[from] item: Leftovers
|-heal|p2a: Zapdos|100/100|[from] item: Leftovers
|upkeep
|turn|17
|
|t:|1730313183
|move|p1a: Starmie|Thunder Wave|p2a: Zapdos
|-status|p2a: Zapdos|par
|cant|p2a: Zapdos|par
|
|-weather|Sandstorm|[upkeep]
|-damage|p1a: Starmie|67/100|[from] Sandstorm
|-damage|p2a: Zapdos|94/100 par|[from] Sandstorm
|-heal|p1a: Starmie|73/100|[from] item: Leftovers
|-heal|p2a: Zapdos|100/100 par|[from] item: Leftovers
|upkeep
|turn|18
|
|t:|1730313187
|move|p1a: Starmie|Surf|p2a: Zapdos
|-damage|p2a: Zapdos|68/100 par
|cant|p2a: Zapdos|par
|
|-weather|Sandstorm|[upkeep]
|-damage|p1a: Starmie|67/100|[from] Sandstorm
|-damage|p2a: Zapdos|61/100 par|[from] Sandstorm
|-heal|p1a: Starmie|73/100|[from] item: Leftovers
|-heal|p2a: Zapdos|68/100 par|[from] item: Leftovers
|upkeep
|turn|19
|
|t:|1730313191
|move|p1a: Starmie|Surf|p2a: Zapdos
|-damage|p2a: Zapdos|36/100 par
|cant|p2a: Zapdos|par
|
|-weather|Sandstorm|[upkeep]
|-damage|p1a: Starmie|67/100|[from] Sandstorm
|-damage|p2a: Zapdos|30/100 par|[from] Sandstorm
|-heal|p1a: Starmie|73/100|[from] item: Leftovers
|-heal|p2a: Zapdos|36/100 par|[from] item: Leftovers
|upkeep
|turn|20
|c|☆Vholtninja|mb
|
|t:|1730313200
|move|p1a: Starmie|Surf|p2a: Zapdos
|-damage|p2a: Zapdos|4/100 par
|move|p2a: Zapdos|Thunderbolt|p1a: Starmie
|-supereffective|p1a: Starmie
|-damage|p1a: Starmie|0 fnt
|faint|p1a: Starmie
|
|t:|1730313206
|switch|p1a: Heracross|Heracross, F|75/100
|
|-weather|Sandstorm|[upkeep]
|-damage|p1a: Heracross|69/100|[from] Sandstorm
|-damage|p2a: Zapdos|0 fnt|[from] Sandstorm
|faint|p2a: Zapdos
|-heal|p1a: Heracross|75/100|[from] item: Leftovers
|upkeep
|
|t:|1730313210
|switch|p2a: Aerodactyl|Aerodactyl, M|3/100
|turn|21
|
|t:|1730313215
|switch|p1a: Jirachi|Jirachi|61/100 brn
|move|p2a: Aerodactyl|Double-Edge|p1a: Jirachi
|-resisted|p1a: Jirachi
|-damage|p1a: Jirachi|41/100 brn
|
|-weather|Sandstorm|[upkeep]
|-heal|p1a: Jirachi|47/100 brn|[from] item: Leftovers
|-damage|p1a: Jirachi|35/100 brn|[from] brn
|upkeep
|turn|22
|
|t:|1730313220
|switch|p2a: Gengar|Gengar, F|20/100 par
|move|p1a: Jirachi|Wish|p1a: Jirachi
|
|-weather|Sandstorm|[upkeep]
|-damage|p2a: Gengar|14/100 par|[from] Sandstorm
|-heal|p1a: Jirachi|41/100 brn|[from] item: Leftovers
|-damage|p1a: Jirachi|28/100 brn|[from] brn
|-heal|p2a: Gengar|20/100 par|[from] item: Leftovers
|upkeep
|turn|23
|
|t:|1730313225
|move|p1a: Jirachi|Protect|p1a: Jirachi
|-singleturn|p1a: Jirachi|Protect
|move|p2a: Gengar|Will-O-Wisp|p1a: Jirachi|[miss]
|-miss|p2a: Gengar|p1a: Jirachi
|
|-heal|p1a: Jirachi|78/100 brn|[from] move: Wish|[wisher] Jirachi
|-weather|Sandstorm|[upkeep]
|-damage|p2a: Gengar|14/100 par|[from] Sandstorm
|-heal|p1a: Jirachi|85/100 brn|[from] item: Leftovers
|-damage|p1a: Jirachi|72/100 brn|[from] brn
|-heal|p2a: Gengar|20/100 par|[from] item: Leftovers
|upkeep
|turn|24
|
|t:|1730313230
|move|p1a: Jirachi|Wish|p1a: Jirachi
|move|p2a: Gengar|Thunderbolt|p1a: Jirachi
|-damage|p1a: Jirachi|54/100 brn
|
|-weather|Sandstorm|[upkeep]
|-damage|p2a: Gengar|14/100 par|[from] Sandstorm
|-heal|p1a: Jirachi|60/100 brn|[from] item: Leftovers
|-damage|p1a: Jirachi|48/100 brn|[from] brn
|-heal|p2a: Gengar|20/100 par|[from] item: Leftovers
|upkeep
|turn|25
|
|t:|1730313236
|move|p1a: Jirachi|Fire Punch|p2a: Gengar
|-damage|p2a: Gengar|0 fnt
|faint|p2a: Gengar
|
|t:|1730313239
|switch|p2a: Aerodactyl|Aerodactyl, M|3/100
|
|-heal|p1a: Jirachi|98/100 brn|[from] move: Wish|[wisher] Jirachi
|-weather|Sandstorm|[upkeep]
|-heal|p1a: Jirachi|100/100 brn|[from] item: Leftovers
|-damage|p1a: Jirachi|88/100 brn|[from] brn
|upkeep
|turn|26
|
|t:|1730313245
|switch|p2a: Swampert|Swampert, F|30/100
|move|p1a: Jirachi|Body Slam|p2a: Swampert
|-damage|p2a: Swampert|22/100
|-status|p2a: Swampert|par
|
|-weather|Sandstorm|[upkeep]
|-heal|p1a: Jirachi|94/100 brn|[from] item: Leftovers
|-damage|p1a: Jirachi|82/100 brn|[from] brn
|-heal|p2a: Swampert|28/100 par|[from] item: Leftovers
|upkeep
|turn|27
|
|t:|1730313254
|move|p2a: Swampert|Protect|p2a: Swampert
|-singleturn|p2a: Swampert|Protect
|move|p1a: Jirachi|Body Slam|p2a: Swampert
|-activate|p2a: Swampert|Protect
|
|-weather|Sandstorm|[upkeep]
|-heal|p1a: Jirachi|88/100 brn|[from] item: Leftovers
|-damage|p1a: Jirachi|76/100 brn|[from] brn
|-heal|p2a: Swampert|34/100 par|[from] item: Leftovers
|upkeep
|turn|28
|
|t:|1730313259
|switch|p1a: Zapdos|Zapdos|100/100
|move|p2a: Swampert|Surf|p1a: Zapdos
|-damage|p1a: Zapdos|68/100
|
|-weather|Sandstorm|[upkeep]
|-damage|p1a: Zapdos|62/100|[from] Sandstorm
|-heal|p1a: Zapdos|68/100|[from] item: Leftovers
|-heal|p2a: Swampert|41/100 par|[from] item: Leftovers
|upkeep
|turn|29
|
|t:|1730313263
|move|p2a: Swampert|Protect|p2a: Swampert
|-singleturn|p2a: Swampert|Protect
|move|p1a: Zapdos|Hidden Power|p2a: Swampert
|-activate|p2a: Swampert|Protect
|
|-weather|Sandstorm|[upkeep]
|-damage|p1a: Zapdos|62/100|[from] Sandstorm
|-heal|p1a: Zapdos|68/100|[from] item: Leftovers
|-heal|p2a: Swampert|47/100 par|[from] item: Leftovers
|upkeep
|turn|30
|
|t:|1730313288
|switch|p2a: Aerodactyl|Aerodactyl, M|3/100
|move|p1a: Zapdos|Hidden Power|p2a: Aerodactyl
|-damage|p2a: Aerodactyl|0 fnt
|faint|p2a: Aerodactyl
|
|t:|1730313292
|switch|p2a: Tyranitar|Tyranitar, M|100/100
|
|-weather|Sandstorm|[upkeep]
|-damage|p1a: Zapdos|62/100|[from] Sandstorm
|-heal|p1a: Zapdos|68/100|[from] item: Leftovers
|upkeep
|turn|31
|
|t:|1730313310
|switch|p1a: Jirachi|Jirachi|76/100 brn
|move|p2a: Tyranitar|Dragon Dance|p2a: Tyranitar
|-boost|p2a: Tyranitar|atk|1
|-boost|p2a: Tyranitar|spe|1
|
|-weather|Sandstorm|[upkeep]
|-heal|p1a: Jirachi|82/100 brn|[from] item: Leftovers
|-damage|p1a: Jirachi|70/100 brn|[from] brn
|upkeep
|turn|32
|
|t:|1730313318
|move|p2a: Tyranitar|Earthquake|p1a: Jirachi
|-supereffective|p1a: Jirachi
|-damage|p1a: Jirachi|0 fnt
|faint|p1a: Jirachi
|
|t:|1730313321
|switch|p1a: Heracross|Heracross, F|75/100
|
|-weather|Sandstorm|[upkeep]
|-damage|p1a: Heracross|69/100|[from] Sandstorm
|-heal|p1a: Heracross|75/100|[from] item: Leftovers
|upkeep
|turn|33
|
|t:|1730313326
|move|p2a: Tyranitar|Rock Slide|p1a: Heracross
|-damage|p1a: Heracross|0 fnt
|faint|p1a: Heracross
|
|t:|1730313329
|switch|p1a: Tyranitar|Tyranitar, M|100/100
|
|-weather|Sandstorm|[upkeep]
|upkeep
|turn|34
|
|t:|1730313333
|move|p2a: Tyranitar|Earthquake|p1a: Tyranitar
|-supereffective|p1a: Tyranitar
|-damage|p1a: Tyranitar|0 fnt
|faint|p1a: Tyranitar
|
|t:|1730313337
|switch|p1a: Zapdos|Zapdos|68/100
|
|-weather|Sandstorm|[upkeep]
|-damage|p1a: Zapdos|62/100|[from] Sandstorm
|-heal|p1a: Zapdos|68/100|[from] item: Leftovers
|upkeep
|turn|35
|
|t:|1730313341
|move|p1a: Zapdos|Thunder Wave|p2a: Tyranitar
|-status|p2a: Tyranitar|par
|move|p2a: Tyranitar|Rock Slide|p1a: Zapdos
|-supereffective|p1a: Zapdos
|-damage|p1a: Zapdos|0 fnt
|faint|p1a: Zapdos
|
|win|Lunarvania
|c|☆Vholtninja|gg
|c|☆Lunarvania|gg

</script>
<script type="application/json" class="data" id="replaydata-smogtours-gen3ou-803440">
{"id":"smogtours-gen3ou-803440","format":"[Gen 3] OU","players":["Vholtninja","Lunarvania"],"uploadtime":1730313341,"views":47,"formatid":"gen3ou","rating":null,"private":0,"password":null}
</script>

<script defer src="js/replays.js?9d40a366"></script>
