<!DOCTYPE html>
<meta charset="utf-8" />
<meta name="viewport" content="width=device-width" />

<title>[Gen 3] OU: cheesimoon vs. lexitg - Replays - Pok&eacute;mon Showdown!</title>

<meta name="description" content="Watch a replay of a Pok&eacute;mon battle between cheesimoon and lexitg! Format: [Gen 3] OU; Date: Nov 8, 2024" />
<!--

Hey, you! Looking in the source for the replay log?

You can find them in JSON format, just add `.json` at the end of a replay URL.

https://replay.pokemonshowdown.com/gen7randomdoublesbattle-865046831.json

Or, if you only need the log itself, add `.log` instead:

https://replay.pokemonshowdown.com/gen7randomdoublesbattle-865046831.log

-->

<link rel="stylesheet" href="//pokemonshowdown.com/style/global.css?0.023195364461161105" />
<link rel="stylesheet" href="//play.pokemonshowdown.com/style/font-awesome.css?0.13261647063804238" />
<link rel="stylesheet" href="//play.pokemonshowdown.com/style/battle.css?0.8753245789963631" />
<link rel="stylesheet" href="//play.pokemonshowdown.com/style/utilichart.css?0.8627959624976733" />

<!-- Global site tag (gtag.js) - Google Analytics -->
<script async src="https://www.googletagmanager.com/gtag/js?id=UA-26211653-1"></script>
<script>
  window.dataLayer = window.dataLayer || [];
  function gtag(){dataLayer.push(arguments);}
  gtag('js', new Date());

  gtag('config', 'UA-26211653-1');
</script>
<!-- End Google Analytics -->
<!-- Venatus Ad Manager - Install in <HEAD> of page -->
	<script src="https://hb.vntsm.com/v3/live/ad-manager.min.js" type="text/javascript" data-site-id="642aba63ec9a7b11c3c9c1be" data-mode="scan" async></script>
<!-- / Venatus Ad Manager -->

<style>
	@media (max-width:820px) {
		.battle {
			margin: 0 auto;
		}
		.battle-log {
			margin: 7px auto 0;
			max-width: 640px;
			height: 300px;
			position: static;
		}
	}
	.optgroup {
		display: inline-block;
		line-height: 22px;
		font-size: 10pt;
	}
	.optgroup .button {
		height: 25px;
		padding-top: 0;
		padding-bottom: 0;
	}
	.optgroup button.button {
		padding-left: 12px;
		padding-right: 12px;
	}
	.linklist {
		list-style: none;
		margin: 0.5em 0;
		padding: 0;
	}
	.linklist li {
		padding: 2px 0;
	}
	.sidebar {
		float: left;
		width: 320px;
	}
	.bar-wrapper {
		max-width: 1100px;
		margin: 0 auto;
	}
	.bar-wrapper.has-sidebar {
		max-width: 1430px;
	}
	.mainbar {
		margin: 0;
		padding-right: 1px;
	}
	.mainbar.has-sidebar {
		margin-left: 330px;
	}
	@media (min-width: 1511px) {
		.sidebar {
			width: 400px;
		}
		.bar-wrapper.has-sidebar {
			max-width: 1510px;
		}
		.mainbar.has-sidebar {
			margin-left: 410px;
		}
	}
	.section.first-section {
		margin-top: 9px;
	}
	.blocklink small {
		white-space: normal;
	}
	.button {
		vertical-align: middle;
	}
	.replay-controls {
		padding-top: 10px;
	}
	.replay-controls h1 {
		font-size: 16pt;
		font-weight: normal;
		color: #CCC;
	}
	.pagelink {
		text-align: center;
	}
	.pagelink a {
		width: 150px;
	}
	.textbox, .button {
		font-size: 11pt;
		vertical-align: middle;
	}
	@media (max-width: 450px) {
		.button {
			font-size: 9pt;
		}
	}
</style>

<div>

	<header>
		<div class="nav-wrapper"><ul class="nav">
			<li><a class="button nav-first" href="//pokemonshowdown.com/"><img src="//pokemonshowdown.com/images/pokemonshowdownbeta.png" srcset="//pokemonshowdown.com/images/pokemonshowdownbeta.png 1x, //pokemonshowdown.com/images/pokemonshowdownbeta@2x.png 2x" alt="Pok&eacute;mon Showdown" width="146" height="44" /> Home</a></li>
			<li><a class="button" href="//pokemonshowdown.com/dex/">Pok&eacute;dex</a></li>
			<li><a class="button cur" href="/">Replays</a></li>
			<li><a class="button" href="//pokemonshowdown.com/ladder/">Ladder</a></li>
			<li><a class="button nav-last" href="//pokemonshowdown.com/forums/">Forum</a></li>
			<li><a class="button greenbutton nav-first nav-last" href="//play.pokemonshowdown.com/">Play</a></li>
		</ul></div>
	</header>

	<div class="main" id="main">

		<noscript><section class="section">You need to enable JavaScript to use this page; sorry!</section></noscript>

	</div>

</div>

<script defer nomodule src="//play.pokemonshowdown.com/js/lib/ps-polyfill.js"></script>
<script defer src="//play.pokemonshowdown.com/js/lib/preact.min.js"></script>

<script defer src="//play.pokemonshowdown.com/config/config.js?2bddbc15"></script>
<script defer src="//play.pokemonshowdown.com/js/lib/jquery-1.11.0.min.js"></script>
<script defer src="//play.pokemonshowdown.com/js/lib/html-sanitizer-minified.js"></script>
<script defer src="//play.pokemonshowdown.com/js/battle-sound.js"></script>
<script defer src="//play.pokemonshowdown.com/js/battledata.js?0.7209276989879541"></script>
<script defer src="//play.pokemonshowdown.com/data/pokedex-mini.js?0.6111056340867951"></script>
<script defer src="//play.pokemonshowdown.com/data/pokedex-mini-bw.js?0.3532142036491459"></script>
<script defer src="//play.pokemonshowdown.com/data/graphics.js?0.24223875632456182"></script>
<script defer src="//play.pokemonshowdown.com/data/pokedex.js?0.38839984266356864"></script>
<script defer src="//play.pokemonshowdown.com/data/moves.js?0.21866028504024015"></script>
<script defer src="//play.pokemonshowdown.com/data/abilities.js?0.2005157953846628"></script>
<script defer src="//play.pokemonshowdown.com/data/items.js?0.9894211263848525"></script>
<script defer src="//play.pokemonshowdown.com/data/teambuilder-tables.js?0.6008791140282215"></script>
<script defer src="//play.pokemonshowdown.com/js/battle-tooltips.js?0.7580118955022959"></script>
<script defer src="//play.pokemonshowdown.com/js/battle.js?0.6057722274234274"></script>

<script defer src="js/utils.js?e31f9a17"></script>
<script defer src="js/replays-battle.js?7008c182"></script>

<!-- don't scrape this data! just add .json or .log after the URL!
Full API docs: https://github.com/smogon/pokemon-showdown-client/blob/master/WEB-API.md -->
<script type="text/plain" class="log" id="replaylog-smogtours-gen3ou-805321">
|inactive|Battle timer is ON: inactive players will automatically lose when time's up.
|t:|1731108572
|gametype|singles
|player|p1|cheesimoon|iris-gen5bw2|
|player|p2|lexitg|169|
|teamsize|p1|6
|teamsize|p2|6
|gen|3
|tier|[Gen 3] OU
|rule|Sleep Clause Mod: Limit one foe put to sleep
|rule|Switch Priority Clause Mod: Faster Pokémon switch first
|rule|Species Clause: Limit one of each Pokémon
|rule|OHKO Clause: OHKO moves are banned
|rule|Evasion Items Clause: Evasion items are banned
|rule|Evasion Moves Clause: Evasion moves are banned
|rule|Endless Battle Clause: Forcing endless battles is banned
|rule|HP Percentage Mod: HP is shown in percentages
|rule|One Boost Passer Clause: Limit one Baton Passer that has a way to boost its stats
|rule|Freeze Clause Mod: Limit one foe frozen
|
|t:|1731108572
|start
|switch|p1a: Yunyun|Zapdos|100/100
|switch|p2a: Skarmory|Skarmory, F|100/100
|turn|1
|
|t:|1731108579
|switch|p2a: Blissey|Blissey, F, shiny|100/100
|move|p1a: Yunyun|Substitute|p1a: Yunyun
|-start|p1a: Yunyun|Substitute
|-damage|p1a: Yunyun|76/100
|
|-heal|p1a: Yunyun|82/100|[from] item: Leftovers
|upkeep
|turn|2
|
|t:|1731108596
|move|p1a: Yunyun|Baton Pass|p1a: Yunyun
|
|t:|1731108598
|switch|p1a: Kazuma|Dugtrio, M|100/100|[from] Baton Pass
|move|p2a: Blissey|Ice Beam|p1a: Kazuma
|-supereffective|p1a: Kazuma
|-end|p1a: Kazuma|Substitute
|
|upkeep
|turn|3
|
|t:|1731108600
|move|p1a: Kazuma|Earthquake|p2a: Blissey
|-damage|p2a: Blissey|37/100
|move|p2a: Blissey|Ice Beam|p1a: Kazuma
|-supereffective|p1a: Kazuma
|-damage|p1a: Kazuma|14/100
|
|-heal|p2a: Blissey|43/100|[from] item: Leftovers
|upkeep
|turn|4
|
|t:|1731108603
|move|p1a: Kazuma|Earthquake|p2a: Blissey
|-damage|p2a: Blissey|0 fnt
|faint|p2a: Blissey
|c|☆lexitg|ive been zapdug'd 
|
|t:|1731108623
|switch|p2a: Skarmory|Skarmory, F|100/100
|
|upkeep
|turn|5
|c|☆cheesimoon|truly
|
|t:|1731108628
|switch|p1a: Yunyun|Zapdos|82/100
|move|p2a: Skarmory|Spikes|p1a: Yunyun
|-sidestart|p1: cheesimoon|Spikes
|
|-heal|p1a: Yunyun|88/100|[from] item: Leftovers
|upkeep
|turn|6
|
|t:|1731108638
|switch|p2a: Tyranitar|Tyranitar, F|100/100
|-weather|Sandstorm|[from] ability: Sand Stream|[of] p2a: Tyranitar
|move|p1a: Yunyun|Thunderbolt|p2a: Tyranitar
|-damage|p2a: Tyranitar|68/100
|
|-weather|Sandstorm|[upkeep]
|-damage|p1a: Yunyun|82/100|[from] Sandstorm
|-heal|p1a: Yunyun|88/100|[from] item: Leftovers
|-heal|p2a: Tyranitar|74/100|[from] item: Leftovers
|upkeep
|turn|7
|
|t:|1731108649
|move|p1a: Yunyun|Thunderbolt|p2a: Tyranitar
|-crit|p2a: Tyranitar
|-damage|p2a: Tyranitar|12/100
|move|p2a: Tyranitar|Rock Slide|p1a: Yunyun|[miss]
|-miss|p2a: Tyranitar|p1a: Yunyun
|
|-weather|Sandstorm|[upkeep]
|-damage|p1a: Yunyun|82/100|[from] Sandstorm
|-heal|p1a: Yunyun|88/100|[from] item: Leftovers
|-heal|p2a: Tyranitar|19/100|[from] item: Leftovers
|upkeep
|turn|8
|c|☆lexitg|rough
|c|☆cheesimoon|bruh thats so unfort
|
|t:|1731108658
|move|p1a: Yunyun|Thunderbolt|p2a: Tyranitar
|-damage|p2a: Tyranitar|0 fnt
|faint|p2a: Tyranitar
|
|t:|1731108663
|switch|p2a: Gengar|Gengar, F|100/100
|
|-weather|Sandstorm|[upkeep]
|-damage|p2a: Gengar|95/100|[from] Sandstorm
|-damage|p1a: Yunyun|82/100|[from] Sandstorm
|-heal|p2a: Gengar|100/100|[from] item: Leftovers
|-heal|p1a: Yunyun|88/100|[from] item: Leftovers
|upkeep
|turn|9
|
|t:|1731108672
|move|p2a: Gengar|Explosion|p1a: Yunyun
|-damage|p1a: Yunyun|15/100
|faint|p2a: Gengar
|
|t:|1731108676
|switch|p2a: Starmie|Starmie|100/100
|
|-weather|Sandstorm|[upkeep]
|-damage|p2a: Starmie|94/100|[from] Sandstorm
|-damage|p1a: Yunyun|9/100|[from] Sandstorm
|-heal|p2a: Starmie|100/100|[from] item: Leftovers
|-heal|p1a: Yunyun|15/100|[from] item: Leftovers
|upkeep
|turn|10
|
|t:|1731108685
|move|p2a: Starmie|Ice Beam|p1a: Yunyun
|-supereffective|p1a: Yunyun
|-damage|p1a: Yunyun|0 fnt
|faint|p1a: Yunyun
|
|t:|1731108711
|switch|p1a: Megumin|Gengar, F|100/100
|
|-weather|Sandstorm|[upkeep]
|-damage|p2a: Starmie|94/100|[from] Sandstorm
|-damage|p1a: Megumin|94/100|[from] Sandstorm
|-heal|p2a: Starmie|100/100|[from] item: Leftovers
|-heal|p1a: Megumin|100/100|[from] item: Leftovers
|upkeep
|turn|11
|
|t:|1731108725
|move|p2a: Starmie|Hydro Pump|p1a: Megumin
|-damage|p1a: Megumin|16/100
|move|p1a: Megumin|Thunderbolt|p2a: Starmie
|-supereffective|p2a: Starmie
|-damage|p2a: Starmie|11/100
|
|-weather|Sandstorm|[upkeep]
|-damage|p2a: Starmie|5/100|[from] Sandstorm
|-damage|p1a: Megumin|10/100|[from] Sandstorm
|-heal|p2a: Starmie|11/100|[from] item: Leftovers
|-heal|p1a: Megumin|16/100|[from] item: Leftovers
|upkeep
|turn|12
|
|t:|1731108734
|switch|p1a: Kazuma|Dugtrio, M|14/100
|-damage|p1a: Kazuma|2/100|[from] Spikes
|move|p2a: Starmie|Ice Beam|p1a: Kazuma
|-supereffective|p1a: Kazuma
|-damage|p1a: Kazuma|0 fnt
|faint|p1a: Kazuma
|
|t:|1731108738
|switch|p1a: Aqua|Kingdra, F|100/100
|-damage|p1a: Aqua|88/100|[from] Spikes
|
|-weather|Sandstorm|[upkeep]
|-damage|p2a: Starmie|5/100|[from] Sandstorm
|-damage|p1a: Aqua|82/100|[from] Sandstorm
|-heal|p2a: Starmie|11/100|[from] item: Leftovers
|upkeep
|turn|13
|
|t:|1731108747
|move|p2a: Starmie|Ice Beam|p1a: Aqua
|-damage|p1a: Aqua|51/100
|move|p1a: Aqua|Hidden Power|p2a: Starmie
|-supereffective|p2a: Starmie
|-damage|p2a: Starmie|0 fnt
|faint|p2a: Starmie
|
|t:|1731108757
|switch|p2a: Swampert|Swampert, F|100/100
|
|-weather|Sandstorm|[upkeep]
|-damage|p1a: Aqua|45/100|[from] Sandstorm
|upkeep
|turn|14
|
|t:|1731108760
|move|p1a: Aqua|Rain Dance|p1a: Aqua
|-weather|RainDance
|move|p2a: Swampert|Earthquake|p1a: Aqua
|-damage|p1a: Aqua|4/100
|
|-weather|RainDance|[upkeep]
|upkeep
|turn|15
|
|t:|1731108765
|move|p2a: Swampert|Protect|p2a: Swampert
|-singleturn|p2a: Swampert|Protect
|move|p1a: Aqua|Surf|p2a: Swampert
|-activate|p2a: Swampert|Protect
|
|-weather|RainDance|[upkeep]
|upkeep
|turn|16
|
|t:|1731108769
|switch|p2a: Skarmory|Skarmory, F|100/100
|move|p1a: Aqua|Surf|p2a: Skarmory
|-damage|p2a: Skarmory|42/100
|
|-weather|RainDance|[upkeep]
|-heal|p2a: Skarmory|48/100|[from] item: Leftovers
|upkeep
|turn|17
|
|t:|1731108774
|move|p2a: Skarmory|Protect|p2a: Skarmory
|-singleturn|p2a: Skarmory|Protect
|move|p1a: Aqua|Surf|p2a: Skarmory
|-activate|p2a: Skarmory|Protect
|
|-weather|RainDance|[upkeep]
|-heal|p2a: Skarmory|53/100|[from] item: Leftovers
|upkeep
|turn|18
|
|t:|1731108786
|move|p2a: Skarmory|Protect|p2a: Skarmory
|-singleturn|p2a: Skarmory|Protect
|move|p1a: Aqua|Surf|p2a: Skarmory
|-activate|p2a: Skarmory|Protect
|
|-weather|none
|-heal|p2a: Skarmory|59/100|[from] item: Leftovers
|upkeep
|turn|19
|
|t:|1731108810
|move|p1a: Aqua|Surf|p2a: Skarmory
|-damage|p2a: Skarmory|22/100
|move|p2a: Skarmory|Toxic|p1a: Aqua
|-status|p1a: Aqua|tox
|-enditem|p1a: Aqua|Lum Berry|[eat]
|-curestatus|p1a: Aqua|tox|[msg]
|
|-heal|p2a: Skarmory|28/100|[from] item: Leftovers
|upkeep
|turn|20
|
|t:|1731108819
|move|p1a: Aqua|Rain Dance|p1a: Aqua
|-weather|RainDance
|move|p2a: Skarmory|Toxic|p1a: Aqua
|-status|p1a: Aqua|tox
|
|-weather|RainDance|[upkeep]
|-damage|p1a: Aqua|0 fnt|[from] psn
|faint|p1a: Aqua
|-heal|p2a: Skarmory|34/100|[from] item: Leftovers
|upkeep
|
|t:|1731108823
|switch|p1a: Darkness|Jirachi|100/100
|-damage|p1a: Darkness|88/100|[from] Spikes
|turn|21
|
|t:|1731108828
|move|p1a: Darkness|Thunderbolt|p2a: Skarmory
|-supereffective|p2a: Skarmory
|-damage|p2a: Skarmory|0 fnt
|faint|p2a: Skarmory
|
|t:|1731108830
|switch|p2a: Swampert|Swampert, F|100/100
|
|-weather|RainDance|[upkeep]
|-heal|p1a: Darkness|94/100|[from] item: Leftovers
|upkeep
|turn|22
|
|t:|1731108838
|move|p1a: Darkness|Ice Punch|p2a: Swampert
|-damage|p2a: Swampert|85/100
|-status|p2a: Swampert|frz
|cant|p2a: Swampert|frz
|
|-weather|RainDance|[upkeep]
|-heal|p1a: Darkness|100/100|[from] item: Leftovers
|-heal|p2a: Swampert|91/100 frz|[from] item: Leftovers
|upkeep
|turn|23
|
|t:|1731108849
|-curestatus|p2a: Swampert|frz|[msg]
|move|p2a: Swampert|Protect|p2a: Swampert
|-singleturn|p2a: Swampert|Protect
|move|p1a: Darkness|Calm Mind|p1a: Darkness
|-boost|p1a: Darkness|spa|1
|-boost|p1a: Darkness|spd|1
|
|-weather|RainDance|[upkeep]
|-heal|p2a: Swampert|97/100|[from] item: Leftovers
|upkeep
|turn|24
|
|t:|1731108853
|move|p1a: Darkness|Ice Punch|p2a: Swampert
|-damage|p2a: Swampert|73/100
|move|p2a: Swampert|Earthquake|p1a: Darkness
|-supereffective|p1a: Darkness
|-damage|p1a: Darkness|57/100
|
|-weather|none
|-heal|p1a: Darkness|63/100|[from] item: Leftovers
|-heal|p2a: Swampert|80/100|[from] item: Leftovers
|upkeep
|turn|25
|
|t:|1731108859
|move|p1a: Darkness|Ice Punch|p2a: Swampert
|-damage|p2a: Swampert|58/100
|move|p2a: Swampert|Earthquake|p1a: Darkness
|-supereffective|p1a: Darkness
|-damage|p1a: Darkness|13/100
|
|-heal|p1a: Darkness|19/100|[from] item: Leftovers
|-heal|p2a: Swampert|64/100|[from] item: Leftovers
|upkeep
|turn|26
|
|t:|1731108865
|move|p2a: Swampert|Protect|p2a: Swampert
|-singleturn|p2a: Swampert|Protect
|move|p1a: Darkness|Ice Punch|p2a: Swampert
|-activate|p2a: Swampert|Protect
|
|-heal|p1a: Darkness|25/100|[from] item: Leftovers
|-heal|p2a: Swampert|71/100|[from] item: Leftovers
|upkeep
|turn|27
|
|t:|1731108870
|move|p1a: Darkness|Ice Punch|p2a: Swampert
|-damage|p2a: Swampert|49/100
|move|p2a: Swampert|Earthquake|p1a: Darkness
|-supereffective|p1a: Darkness
|-damage|p1a: Darkness|0 fnt
|faint|p1a: Darkness
|
|t:|1731108881
|switch|p1a: Megumin|Gengar, F|16/100
|
|-heal|p1a: Megumin|22/100|[from] item: Leftovers
|-heal|p2a: Swampert|55/100|[from] item: Leftovers
|upkeep
|turn|28
|
|t:|1731108888
|move|p1a: Megumin|Will-O-Wisp|p2a: Swampert
|-status|p2a: Swampert|brn
|move|p2a: Swampert|Ice Beam|p1a: Megumin
|-damage|p1a: Megumin|0 fnt
|faint|p1a: Megumin
|
|t:|1731108889
|switch|p1a: Iris|Heracross, F|100/100
|-damage|p1a: Iris|88/100|[from] Spikes
|
|-heal|p2a: Swampert|61/100 brn|[from] item: Leftovers
|-damage|p2a: Swampert|49/100 brn|[from] brn
|upkeep
|turn|29
|
|t:|1731108895
|move|p1a: Iris|Substitute|p1a: Iris
|-start|p1a: Iris|Substitute
|-damage|p1a: Iris|63/100
|move|p2a: Swampert|Hydro Pump|p1a: Iris
|-end|p1a: Iris|Substitute
|
|-heal|p2a: Swampert|55/100 brn|[from] item: Leftovers
|-damage|p2a: Swampert|43/100 brn|[from] brn
|upkeep
|turn|30
|
|t:|1731108900
|move|p1a: Iris|Substitute|p1a: Iris
|-start|p1a: Iris|Substitute
|-damage|p1a: Iris|39/100
|move|p2a: Swampert|Hydro Pump|p1a: Iris
|-end|p1a: Iris|Substitute
|
|-heal|p2a: Swampert|49/100 brn|[from] item: Leftovers
|-damage|p2a: Swampert|36/100 brn|[from] brn
|upkeep
|turn|31
|
|t:|1731108908
|move|p1a: Iris|Reversal|p2a: Swampert
|-crit|p2a: Swampert
|-damage|p2a: Swampert|5/100 brn
|move|p2a: Swampert|Hydro Pump|p1a: Iris
|-damage|p1a: Iris|0 fnt
|faint|p1a: Iris
|
|win|lexitg
|c|☆cheesimoon|oh
|c|☆lexitg|oh
|c|☆cheesimoon|i trolled so hard there
|c|☆cheesimoon|gg
|c|☆lexitg|ggs

</script>
<script type="application/json" class="data" id="replaydata-smogtours-gen3ou-805321">
{"id":"smogtours-gen3ou-805321","format":"[Gen 3] OU","players":["cheesimoon","lexitg"],"uploadtime":1731108908,"views":19,"formatid":"gen3ou","rating":null,"private":0,"password":null}
</script>

<script defer src="js/replays.js?9d40a366"></script>
