<!DOCTYPE html>
<meta charset="utf-8" />
<meta name="viewport" content="width=device-width" />

<title>[Gen 3] OU: SSBM Nicki vs. Leeto64 - Replays - Pok&eacute;mon Showdown!</title>

<meta name="description" content="Watch a replay of a Pok&eacute;mon battle between SSBM Nicki and Leeto64! Format: [Gen 3] OU; Date: Oct 9, 2024" />
<!--

Hey, you! Looking in the source for the replay log?

You can find them in JSON format, just add `.json` at the end of a replay URL.

https://replay.pokemonshowdown.com/gen7randomdoublesbattle-865046831.json

Or, if you only need the log itself, add `.log` instead:

https://replay.pokemonshowdown.com/gen7randomdoublesbattle-865046831.log

-->

<link rel="stylesheet" href="//pokemonshowdown.com/style/global.css?0.023195364461161105" />
<link rel="stylesheet" href="//play.pokemonshowdown.com/style/font-awesome.css?0.13261647063804238" />
<link rel="stylesheet" href="//play.pokemonshowdown.com/style/battle.css?0.8753245789963631" />
<link rel="stylesheet" href="//play.pokemonshowdown.com/style/utilichart.css?0.8627959624976733" />

<!-- Global site tag (gtag.js) - Google Analytics -->
<script async src="https://www.googletagmanager.com/gtag/js?id=UA-26211653-1"></script>
<script>
  window.dataLayer = window.dataLayer || [];
  function gtag(){dataLayer.push(arguments);}
  gtag('js', new Date());

  gtag('config', 'UA-26211653-1');
</script>
<!-- End Google Analytics -->
<!-- Venatus Ad Manager - Install in <HEAD> of page -->
	<script src="https://hb.vntsm.com/v3/live/ad-manager.min.js" type="text/javascript" data-site-id="642aba63ec9a7b11c3c9c1be" data-mode="scan" async></script>
<!-- / Venatus Ad Manager -->

<style>
	@media (max-width:820px) {
		.battle {
			margin: 0 auto;
		}
		.battle-log {
			margin: 7px auto 0;
			max-width: 640px;
			height: 300px;
			position: static;
		}
	}
	.optgroup {
		display: inline-block;
		line-height: 22px;
		font-size: 10pt;
	}
	.optgroup .button {
		height: 25px;
		padding-top: 0;
		padding-bottom: 0;
	}
	.optgroup button.button {
		padding-left: 12px;
		padding-right: 12px;
	}
	.linklist {
		list-style: none;
		margin: 0.5em 0;
		padding: 0;
	}
	.linklist li {
		padding: 2px 0;
	}
	.sidebar {
		float: left;
		width: 320px;
	}
	.bar-wrapper {
		max-width: 1100px;
		margin: 0 auto;
	}
	.bar-wrapper.has-sidebar {
		max-width: 1430px;
	}
	.mainbar {
		margin: 0;
		padding-right: 1px;
	}
	.mainbar.has-sidebar {
		margin-left: 330px;
	}
	@media (min-width: 1511px) {
		.sidebar {
			width: 400px;
		}
		.bar-wrapper.has-sidebar {
			max-width: 1510px;
		}
		.mainbar.has-sidebar {
			margin-left: 410px;
		}
	}
	.section.first-section {
		margin-top: 9px;
	}
	.blocklink small {
		white-space: normal;
	}
	.button {
		vertical-align: middle;
	}
	.replay-controls {
		padding-top: 10px;
	}
	.replay-controls h1 {
		font-size: 16pt;
		font-weight: normal;
		color: #CCC;
	}
	.pagelink {
		text-align: center;
	}
	.pagelink a {
		width: 150px;
	}
	.textbox, .button {
		font-size: 11pt;
		vertical-align: middle;
	}
	@media (max-width: 450px) {
		.button {
			font-size: 9pt;
		}
	}
</style>

<div>

	<header>
		<div class="nav-wrapper"><ul class="nav">
			<li><a class="button nav-first" href="//pokemonshowdown.com/"><img src="//pokemonshowdown.com/images/pokemonshowdownbeta.png" srcset="//pokemonshowdown.com/images/pokemonshowdownbeta.png 1x, //pokemonshowdown.com/images/pokemonshowdownbeta@2x.png 2x" alt="Pok&eacute;mon Showdown" width="146" height="44" /> Home</a></li>
			<li><a class="button" href="//pokemonshowdown.com/dex/">Pok&eacute;dex</a></li>
			<li><a class="button cur" href="/">Replays</a></li>
			<li><a class="button" href="//pokemonshowdown.com/ladder/">Ladder</a></li>
			<li><a class="button nav-last" href="//pokemonshowdown.com/forums/">Forum</a></li>
			<li><a class="button greenbutton nav-first nav-last" href="//play.pokemonshowdown.com/">Play</a></li>
		</ul></div>
	</header>

	<div class="main" id="main">

		<noscript><section class="section">You need to enable JavaScript to use this page; sorry!</section></noscript>

	</div>

</div>

<script defer nomodule src="//play.pokemonshowdown.com/js/lib/ps-polyfill.js"></script>
<script defer src="//play.pokemonshowdown.com/js/lib/preact.min.js"></script>

<script defer src="//play.pokemonshowdown.com/config/config.js?2bddbc15"></script>
<script defer src="//play.pokemonshowdown.com/js/lib/jquery-1.11.0.min.js"></script>
<script defer src="//play.pokemonshowdown.com/js/lib/html-sanitizer-minified.js"></script>
<script defer src="//play.pokemonshowdown.com/js/battle-sound.js"></script>
<script defer src="//play.pokemonshowdown.com/js/battledata.js?0.7209276989879541"></script>
<script defer src="//play.pokemonshowdown.com/data/pokedex-mini.js?0.6111056340867951"></script>
<script defer src="//play.pokemonshowdown.com/data/pokedex-mini-bw.js?0.3532142036491459"></script>
<script defer src="//play.pokemonshowdown.com/data/graphics.js?0.24223875632456182"></script>
<script defer src="//play.pokemonshowdown.com/data/pokedex.js?0.38839984266356864"></script>
<script defer src="//play.pokemonshowdown.com/data/moves.js?0.21866028504024015"></script>
<script defer src="//play.pokemonshowdown.com/data/abilities.js?0.2005157953846628"></script>
<script defer src="//play.pokemonshowdown.com/data/items.js?0.9894211263848525"></script>
<script defer src="//play.pokemonshowdown.com/data/teambuilder-tables.js?0.6008791140282215"></script>
<script defer src="//play.pokemonshowdown.com/js/battle-tooltips.js?0.7580118955022959"></script>
<script defer src="//play.pokemonshowdown.com/js/battle.js?0.6057722274234274"></script>

<script defer src="js/utils.js?e31f9a17"></script>
<script defer src="js/replays-battle.js?7008c182"></script>

<!-- don't scrape this data! just add .json or .log after the URL!
Full API docs: https://github.com/smogon/pokemon-showdown-client/blob/master/WEB-API.md -->
<script type="text/plain" class="log" id="replaylog-smogtours-gen3ou-796724">
|inactive|Battle timer is ON: inactive players will automatically lose when time's up.
|t:|1728502562
|gametype|singles
|player|p1|SSBM Nicki|265|
|player|p2|Leeto64|acetrainerf-gen2|
|teamsize|p1|6
|teamsize|p2|6
|gen|3
|tier|[Gen 3] OU
|rule|Sleep Clause Mod: Limit one foe put to sleep
|rule|Switch Priority Clause Mod: Faster Pokémon switch first
|rule|Species Clause: Limit one of each Pokémon
|rule|OHKO Clause: OHKO moves are banned
|rule|Evasion Items Clause: Evasion items are banned
|rule|Evasion Moves Clause: Evasion moves are banned
|rule|Endless Battle Clause: Forcing endless battles is banned
|rule|HP Percentage Mod: HP is shown in percentages
|rule|One Boost Passer Clause: Limit one Baton Passer that has a way to boost its stats
|rule|Freeze Clause Mod: Limit one foe frozen
|
|t:|1728502562
|start
|switch|p1a: Aerodactyl|Aerodactyl, F|100/100
|switch|p2a: Medicham|Medicham, M|100/100
|turn|1
|c|☆Leeto64|glhf
|inactive|SSBM Nicki has 270 seconds left.
|inactive|Leeto64 has 270 seconds left.
|c|☆SSBM Nicki|glhf
|inactive|SSBM Nicki has 240 seconds left.
|
|t:|1728502634
|switch|p2a: Salamence|Salamence, M, shiny|100/100
|-ability|p2a: Salamence|Intimidate|boost
|-unboost|p1a: Aerodactyl|atk|1
|move|p1a: Aerodactyl|Double-Edge|p2a: Salamence
|-damage|p2a: Salamence|49/100
|
|-heal|p2a: Salamence|55/100|[from] item: Leftovers
|upkeep
|turn|2
|
|t:|1728502657
|switch|p1a: Swampert|Swampert, F|100/100
|move|p2a: Salamence|Dragon Dance|p2a: Salamence
|-boost|p2a: Salamence|atk|1
|-boost|p2a: Salamence|spe|1
|
|-heal|p2a: Salamence|61/100|[from] item: Leftovers
|upkeep
|turn|3
|
|t:|1728502667
|switch|p2a: Suicune|Suicune|100/100
|move|p1a: Swampert|Toxic|p2a: Suicune
|-status|p2a: Suicune|tox
|
|-damage|p2a: Suicune|94/100 tox|[from] psn
|upkeep
|turn|4
|
|t:|1728502679
|switch|p1a: Zapdos|Zapdos|100/100
|move|p2a: Suicune|Calm Mind|p2a: Suicune
|-boost|p2a: Suicune|spa|1
|-boost|p2a: Suicune|spd|1
|
|-heal|p2a: Suicune|100/100 tox|[from] item: Leftovers
|-damage|p2a: Suicune|88/100 tox|[from] psn
|upkeep
|turn|5
|
|t:|1728502693
|switch|p1a: Blissey|Blissey, F|100/100
|move|p2a: Suicune|Ice Beam|p1a: Blissey
|-damage|p1a: Blissey|86/100
|
|-heal|p2a: Suicune|94/100 tox|[from] item: Leftovers
|-damage|p2a: Suicune|76/100 tox|[from] psn
|-heal|p1a: Blissey|92/100|[from] item: Leftovers
|upkeep
|turn|6
|
|t:|1728502701
|move|p2a: Suicune|Rest|p2a: Suicune
|-status|p2a: Suicune|slp|[from] move: Rest
|-heal|p2a: Suicune|100/100 slp|[silent]
|move|p1a: Blissey|Ice Beam|p2a: Suicune
|-resisted|p2a: Suicune
|-damage|p2a: Suicune|95/100 slp
|
|-heal|p2a: Suicune|100/100 slp|[from] item: Leftovers
|-heal|p1a: Blissey|98/100|[from] item: Leftovers
|upkeep
|turn|7
|
|t:|1728502709
|switch|p2a: Medicham|Medicham, M|100/100
|switch|p1a: Zapdos|Zapdos|100/100
|
|upkeep
|turn|8
|inactive|SSBM Nicki has 270 seconds left.
|
|t:|1728502741
|switch|p1a: Swampert|Swampert, F|100/100
|move|p2a: Medicham|Rock Slide|p1a: Swampert
|-resisted|p1a: Swampert
|-damage|p1a: Swampert|89/100
|
|-heal|p1a: Swampert|95/100|[from] item: Leftovers
|upkeep
|turn|9
|
|t:|1728502753
|move|p2a: Medicham|Brick Break|p1a: Swampert
|-damage|p1a: Swampert|61/100
|move|p1a: Swampert|Surf|p2a: Medicham
|-damage|p2a: Medicham|55/100
|
|-heal|p1a: Swampert|67/100|[from] item: Leftovers
|upkeep
|turn|10
|inactive|SSBM Nicki has 270 seconds left.
|
|t:|1728502774
|switch|p2a: Suicune|Suicune|100/100 slp
|move|p1a: Swampert|Protect||[still]
|-fail|p1a: Swampert
|
|-heal|p1a: Swampert|73/100|[from] item: Leftovers
|upkeep
|turn|11
|inactive|SSBM Nicki has 270 seconds left.
|
|t:|1728502804
|switch|p1a: Blissey|Blissey, F|98/100
|cant|p2a: Suicune|slp
|
|-heal|p1a: Blissey|100/100|[from] item: Leftovers
|upkeep
|turn|12
|
|t:|1728502808
|cant|p2a: Suicune|slp
|move|p1a: Blissey|Thunderbolt|p2a: Suicune
|-supereffective|p2a: Suicune
|-damage|p2a: Suicune|69/100 slp
|
|-heal|p2a: Suicune|75/100 slp|[from] item: Leftovers
|upkeep
|turn|13
|inactive|SSBM Nicki has 270 seconds left.
|
|t:|1728502820
|switch|p2a: Medicham|Medicham, M|55/100
|move|p1a: Blissey|Thunderbolt|p2a: Medicham
|-damage|p2a: Medicham|16/100
|-status|p2a: Medicham|par
|
|-enditem|p2a: Medicham|Salac Berry|[eat]
|-boost|p2a: Medicham|spe|1|[from] item: Salac Berry
|upkeep
|turn|14
|inactive|SSBM Nicki has 270 seconds left.
|
|t:|1728502841
|-singleturn|p2a: Medicham|move: Focus Punch
|move|p1a: Blissey|Thunderbolt|p2a: Medicham
|-damage|p2a: Medicham|0 fnt
|faint|p2a: Medicham
|
|t:|1728502854
|switch|p2a: Magneton|Magneton|100/100
|
|upkeep
|turn|15
|inactive|SSBM Nicki has 270 seconds left.
|
|t:|1728502870
|move|p2a: Magneton|Toxic|p1a: Blissey|[miss]
|-miss|p2a: Magneton|p1a: Blissey
|move|p1a: Blissey|Ice Beam|p2a: Magneton
|-resisted|p2a: Magneton
|-damage|p2a: Magneton|77/100
|
|upkeep
|turn|16
|
|t:|1728502875
|move|p2a: Magneton|Toxic|p1a: Blissey
|-status|p1a: Blissey|tox
|move|p1a: Blissey|Thunderbolt|p2a: Magneton
|-resisted|p2a: Magneton
|-damage|p2a: Magneton|53/100
|
|-damage|p1a: Blissey|94/100 tox|[from] psn
|upkeep
|turn|17
|
|t:|1728502883
|move|p2a: Magneton|Thunderbolt|p1a: Blissey
|-damage|p1a: Blissey|72/100 tox
|move|p1a: Blissey|Ice Beam|p2a: Magneton
|-resisted|p2a: Magneton
|-damage|p2a: Magneton|31/100
|
|-heal|p1a: Blissey|78/100 tox|[from] item: Leftovers
|-damage|p1a: Blissey|66/100 tox|[from] psn
|upkeep
|turn|18
|
|t:|1728502893
|switch|p2a: Snorlax|Snorlax, F, shiny|100/100
|move|p1a: Blissey|Soft-Boiled|p1a: Blissey
|-heal|p1a: Blissey|100/100 tox
|
|-damage|p1a: Blissey|82/100 tox|[from] psn
|upkeep
|turn|19
|
|t:|1728502902
|-curestatus|p1a: Blissey|tox|[from] ability: Natural Cure
|switch|p1a: Forretress|Forretress, M|100/100
|switch|p2a: Salamence|Salamence, M, shiny|61/100
|-ability|p2a: Salamence|Intimidate|boost
|-unboost|p1a: Forretress|atk|1
|
|-heal|p2a: Salamence|67/100|[from] item: Leftovers
|upkeep
|turn|20
|
|t:|1728502919
|move|p2a: Salamence|Rock Slide|p1a: Forretress
|-damage|p1a: Forretress|79/100
|cant|p1a: Forretress|flinch
|
|-heal|p2a: Salamence|73/100|[from] item: Leftovers
|-heal|p1a: Forretress|86/100|[from] item: Leftovers
|upkeep
|turn|21
|
|t:|1728502925
|switch|p2a: Magneton|Magneton|31/100
|move|p1a: Forretress|Spikes|p2a: Magneton
|-sidestart|p2: Leeto64|Spikes
|
|-heal|p1a: Forretress|92/100|[from] item: Leftovers
|upkeep
|turn|22
|inactive|SSBM Nicki has 270 seconds left.
|
|t:|1728502981
|move|p2a: Magneton|Hidden Power|p1a: Forretress
|-supereffective|p1a: Forretress
|-damage|p1a: Forretress|0 fnt
|faint|p1a: Forretress
|inactive|SSBM Nicki has 240 seconds left.
|
|t:|1728502996
|switch|p1a: Aerodactyl|Aerodactyl, F|100/100
|
|upkeep
|turn|23
|inactive|SSBM Nicki has 240 seconds left.
|
|t:|1728503018
|move|p1a: Aerodactyl|Double-Edge|p2a: Magneton
|-resisted|p2a: Magneton
|-damage|p2a: Magneton|0 fnt
|faint|p2a: Magneton
|
|t:|1728503024
|switch|p2a: Metagross|Metagross, shiny|100/100
|-damage|p2a: Metagross|88/100|[from] Spikes
|
|-heal|p2a: Metagross|94/100|[from] item: Leftovers
|upkeep
|turn|24
|inactive|SSBM Nicki has 240 seconds left.
|
|t:|1728503046
|switch|p1a: Swampert|Swampert, F|73/100
|move|p2a: Metagross|Meteor Mash|p1a: Swampert
|-resisted|p1a: Swampert
|-crit|p1a: Swampert
|-damage|p1a: Swampert|38/100
|-boost|p2a: Metagross|atk|1
|
|-heal|p2a: Metagross|99/100|[from] item: Leftovers
|-heal|p1a: Swampert|45/100|[from] item: Leftovers
|upkeep
|turn|25
|
|t:|1728503052
|move|p1a: Swampert|Protect|p1a: Swampert
|-singleturn|p1a: Swampert|Protect
|move|p2a: Metagross|Earthquake|p1a: Swampert
|-activate|p1a: Swampert|Protect
|
|-heal|p2a: Metagross|100/100|[from] item: Leftovers
|-heal|p1a: Swampert|51/100|[from] item: Leftovers
|upkeep
|turn|26
|
|t:|1728503081
|move|p2a: Metagross|Agility|p2a: Metagross
|-boost|p2a: Metagross|spe|2
|move|p1a: Swampert|Surf|p2a: Metagross
|-damage|p2a: Metagross|73/100
|
|-heal|p2a: Metagross|79/100|[from] item: Leftovers
|-heal|p1a: Swampert|57/100|[from] item: Leftovers
|upkeep
|turn|27
|
|t:|1728503089
|move|p2a: Metagross|Earthquake|p1a: Swampert
|-damage|p1a: Swampert|17/100
|move|p1a: Swampert|Surf|p2a: Metagross
|-damage|p2a: Metagross|32/100
|
|-heal|p2a: Metagross|38/100|[from] item: Leftovers
|-heal|p1a: Swampert|23/100|[from] item: Leftovers
|upkeep
|turn|28
|
|t:|1728503103
|move|p2a: Metagross|Meteor Mash|p1a: Swampert
|-resisted|p1a: Swampert
|-damage|p1a: Swampert|0 fnt
|faint|p1a: Swampert
|
|t:|1728503106
|switch|p1a: Zapdos|Zapdos|100/100
|
|-heal|p2a: Metagross|44/100|[from] item: Leftovers
|upkeep
|turn|29
|
|t:|1728503111
|move|p2a: Metagross|Meteor Mash|p1a: Zapdos|[miss]
|-miss|p2a: Metagross|p1a: Zapdos
|move|p1a: Zapdos|Roar|p2a: Metagross
|drag|p2a: Snorlax|Snorlax, F, shiny|100/100
|-damage|p2a: Snorlax|88/100|[from] Spikes
|
|-heal|p2a: Snorlax|94/100|[from] item: Leftovers
|upkeep
|turn|30
|inactive|SSBM Nicki has 240 seconds left.
|
|t:|1728503123
|switch|p1a: Tyranitar|Tyranitar, M|100/100
|-weather|Sandstorm|[from] ability: Sand Stream|[of] p1a: Tyranitar
|move|p2a: Snorlax|Body Slam|p1a: Tyranitar
|-resisted|p1a: Tyranitar
|-damage|p1a: Tyranitar|85/100
|
|-weather|Sandstorm|[upkeep]
|-damage|p2a: Snorlax|88/100|[from] Sandstorm
|-heal|p1a: Tyranitar|91/100|[from] item: Leftovers
|-heal|p2a: Snorlax|94/100|[from] item: Leftovers
|upkeep
|turn|31
|inactive|SSBM Nicki has 240 seconds left.
|
|t:|1728503149
|move|p1a: Tyranitar|Crunch|p2a: Snorlax
|-damage|p2a: Snorlax|72/100
|move|p2a: Snorlax|Earthquake|p1a: Tyranitar
|-supereffective|p1a: Tyranitar
|-damage|p1a: Tyranitar|43/100
|
|-weather|Sandstorm|[upkeep]
|-damage|p2a: Snorlax|66/100|[from] Sandstorm
|-heal|p1a: Tyranitar|49/100|[from] item: Leftovers
|-heal|p2a: Snorlax|72/100|[from] item: Leftovers
|upkeep
|turn|32
|inactive|SSBM Nicki has 210 seconds left.
|inactive|Leeto64 has 270 seconds left.
|
|t:|1728503210
|switch|p2a: Suicune|Suicune|75/100 slp
|-damage|p2a: Suicune|63/100 slp|[from] Spikes
|move|p1a: Tyranitar|Earthquake|p2a: Suicune
|-damage|p2a: Suicune|39/100 slp
|
|-weather|Sandstorm|[upkeep]
|-damage|p2a: Suicune|33/100 slp|[from] Sandstorm
|-heal|p2a: Suicune|39/100 slp|[from] item: Leftovers
|-heal|p1a: Tyranitar|55/100|[from] item: Leftovers
|upkeep
|turn|33
|inactive|Leeto64 has 270 seconds left.
|inactive|SSBM Nicki has 180 seconds left.
|
|t:|1728503225
|-curestatus|p2a: Suicune|slp|[msg]
|move|p2a: Suicune|Surf|p1a: Tyranitar
|-supereffective|p1a: Tyranitar
|-damage|p1a: Tyranitar|0 fnt
|faint|p1a: Tyranitar
|inactive|SSBM Nicki has 180 seconds left.
|
|t:|1728503236
|switch|p1a: Zapdos|Zapdos|100/100
|
|-weather|Sandstorm|[upkeep]
|-damage|p1a: Zapdos|94/100|[from] Sandstorm
|-damage|p2a: Suicune|33/100|[from] Sandstorm
|-heal|p1a: Zapdos|100/100|[from] item: Leftovers
|-heal|p2a: Suicune|39/100|[from] item: Leftovers
|upkeep
|turn|34
|inactive|SSBM Nicki has 180 seconds left.
|inactive|Leeto64 has 270 seconds left.
|
|t:|1728503261
|move|p1a: Zapdos|Thunderbolt|p2a: Suicune
|-supereffective|p2a: Suicune
|-damage|p2a: Suicune|0 fnt
|faint|p2a: Suicune
|inactive|Leeto64 has 270 seconds left.
|
|t:|1728503267
|switch|p2a: Snorlax|Snorlax, F, shiny|72/100
|-damage|p2a: Snorlax|60/100|[from] Spikes
|
|-weather|Sandstorm|[upkeep]
|-damage|p1a: Zapdos|94/100|[from] Sandstorm
|-damage|p2a: Snorlax|54/100|[from] Sandstorm
|-heal|p1a: Zapdos|100/100|[from] item: Leftovers
|-heal|p2a: Snorlax|60/100|[from] item: Leftovers
|upkeep
|turn|35
|
|t:|1728503283
|move|p1a: Zapdos|Thunderbolt|p2a: Snorlax
|-damage|p2a: Snorlax|37/100
|move|p2a: Snorlax|Body Slam|p1a: Zapdos
|-damage|p1a: Zapdos|61/100
|
|-weather|Sandstorm|[upkeep]
|-damage|p1a: Zapdos|55/100|[from] Sandstorm
|-damage|p2a: Snorlax|31/100|[from] Sandstorm
|-heal|p1a: Zapdos|61/100|[from] item: Leftovers
|-heal|p2a: Snorlax|37/100|[from] item: Leftovers
|upkeep
|turn|36
|
|t:|1728503299
|move|p1a: Zapdos|Thunderbolt|p2a: Snorlax
|-damage|p2a: Snorlax|16/100
|move|p2a: Snorlax|Body Slam|p1a: Zapdos
|-damage|p1a: Zapdos|23/100
|
|-weather|Sandstorm|[upkeep]
|-damage|p1a: Zapdos|17/100|[from] Sandstorm
|-damage|p2a: Snorlax|9/100|[from] Sandstorm
|-heal|p1a: Zapdos|23/100|[from] item: Leftovers
|-heal|p2a: Snorlax|16/100|[from] item: Leftovers
|upkeep
|turn|37
|
|t:|1728503307
|move|p1a: Zapdos|Thunderbolt|p2a: Snorlax
|-damage|p2a: Snorlax|0 fnt
|faint|p2a: Snorlax
|
|t:|1728503310
|switch|p2a: Salamence|Salamence, M, shiny|73/100
|-ability|p2a: Salamence|Intimidate|boost
|-unboost|p1a: Zapdos|atk|1
|
|-weather|Sandstorm|[upkeep]
|-damage|p2a: Salamence|67/100|[from] Sandstorm
|-damage|p1a: Zapdos|17/100|[from] Sandstorm
|-heal|p2a: Salamence|73/100|[from] item: Leftovers
|-heal|p1a: Zapdos|23/100|[from] item: Leftovers
|upkeep
|turn|38
|inactive|SSBM Nicki has 180 seconds left.
|
|t:|1728503328
|move|p2a: Salamence|Rock Slide|p1a: Zapdos
|-supereffective|p1a: Zapdos
|-damage|p1a: Zapdos|0 fnt
|faint|p1a: Zapdos
|inactive|SSBM Nicki has 150 seconds left.
|
|t:|1728503363
|switch|p1a: Blissey|Blissey, F|82/100
|
|-weather|Sandstorm|[upkeep]
|-damage|p2a: Salamence|67/100|[from] Sandstorm
|-damage|p1a: Blissey|76/100|[from] Sandstorm
|-heal|p2a: Salamence|73/100|[from] item: Leftovers
|-heal|p1a: Blissey|82/100|[from] item: Leftovers
|upkeep
|turn|39
|
|t:|1728503371
|move|p2a: Salamence|Dragon Dance|p2a: Salamence
|-boost|p2a: Salamence|atk|1
|-boost|p2a: Salamence|spe|1
|move|p1a: Blissey|Ice Beam|p2a: Salamence
|-supereffective|p2a: Salamence
|-damage|p2a: Salamence|0 fnt
|faint|p2a: Salamence
|
|t:|1728503376
|switch|p2a: Metagross|Metagross, shiny|44/100
|-damage|p2a: Metagross|32/100|[from] Spikes
|
|-weather|Sandstorm|[upkeep]
|-damage|p1a: Blissey|76/100|[from] Sandstorm
|-heal|p2a: Metagross|38/100|[from] item: Leftovers
|-heal|p1a: Blissey|82/100|[from] item: Leftovers
|upkeep
|turn|40
|
|t:|1728503384
|move|p2a: Metagross|Agility|p2a: Metagross
|-boost|p2a: Metagross|spe|2
|move|p1a: Blissey|Thunderbolt|p2a: Metagross
|-damage|p2a: Metagross|13/100
|
|-weather|Sandstorm|[upkeep]
|-damage|p1a: Blissey|76/100|[from] Sandstorm
|-heal|p2a: Metagross|19/100|[from] item: Leftovers
|-heal|p1a: Blissey|82/100|[from] item: Leftovers
|upkeep
|turn|41
|
|t:|1728503386
|move|p2a: Metagross|Meteor Mash|p1a: Blissey
|-damage|p1a: Blissey|27/100
|move|p1a: Blissey|Thunderbolt|p2a: Metagross
|-damage|p2a: Metagross|0 fnt
|faint|p2a: Metagross
|
|win|SSBM Nicki
|c|☆SSBM Nicki|gg
|c|☆Leeto64|gg wp

</script>
<script type="application/json" class="data" id="replaydata-smogtours-gen3ou-796724">
{"id":"smogtours-gen3ou-796724","format":"[Gen 3] OU","players":["SSBM Nicki","Leeto64"],"uploadtime":1728503386,"views":129,"formatid":"gen3ou","rating":null,"private":0,"password":null}
</script>

<script defer src="js/replays.js?9d40a366"></script>
