<!DOCTYPE html>
<meta charset="utf-8" />
<meta name="viewport" content="width=device-width" />

<title>[Gen 3] OU: ChangchunDeXiannu vs. Msousagamer - Replays - Pok&eacute;mon Showdown!</title>

<meta name="description" content="Watch a replay of a Pok&eacute;mon battle between ChangchunDeXiannu and Msousagamer! Format: [Gen 3] OU; Date: Oct 13, 2024" />
<!--

Hey, you! Looking in the source for the replay log?

You can find them in JSON format, just add `.json` at the end of a replay URL.

https://replay.pokemonshowdown.com/gen7randomdoublesbattle-865046831.json

Or, if you only need the log itself, add `.log` instead:

https://replay.pokemonshowdown.com/gen7randomdoublesbattle-865046831.log

-->

<link rel="stylesheet" href="//pokemonshowdown.com/style/global.css?0.023195364461161105" />
<link rel="stylesheet" href="//play.pokemonshowdown.com/style/font-awesome.css?0.13261647063804238" />
<link rel="stylesheet" href="//play.pokemonshowdown.com/style/battle.css?0.8753245789963631" />
<link rel="stylesheet" href="//play.pokemonshowdown.com/style/utilichart.css?0.8627959624976733" />

<!-- Global site tag (gtag.js) - Google Analytics -->
<script async src="https://www.googletagmanager.com/gtag/js?id=UA-26211653-1"></script>
<script>
  window.dataLayer = window.dataLayer || [];
  function gtag(){dataLayer.push(arguments);}
  gtag('js', new Date());

  gtag('config', 'UA-26211653-1');
</script>
<!-- End Google Analytics -->
<!-- Venatus Ad Manager - Install in <HEAD> of page -->
	<script src="https://hb.vntsm.com/v3/live/ad-manager.min.js" type="text/javascript" data-site-id="642aba63ec9a7b11c3c9c1be" data-mode="scan" async></script>
<!-- / Venatus Ad Manager -->

<style>
	@media (max-width:820px) {
		.battle {
			margin: 0 auto;
		}
		.battle-log {
			margin: 7px auto 0;
			max-width: 640px;
			height: 300px;
			position: static;
		}
	}
	.optgroup {
		display: inline-block;
		line-height: 22px;
		font-size: 10pt;
	}
	.optgroup .button {
		height: 25px;
		padding-top: 0;
		padding-bottom: 0;
	}
	.optgroup button.button {
		padding-left: 12px;
		padding-right: 12px;
	}
	.linklist {
		list-style: none;
		margin: 0.5em 0;
		padding: 0;
	}
	.linklist li {
		padding: 2px 0;
	}
	.sidebar {
		float: left;
		width: 320px;
	}
	.bar-wrapper {
		max-width: 1100px;
		margin: 0 auto;
	}
	.bar-wrapper.has-sidebar {
		max-width: 1430px;
	}
	.mainbar {
		margin: 0;
		padding-right: 1px;
	}
	.mainbar.has-sidebar {
		margin-left: 330px;
	}
	@media (min-width: 1511px) {
		.sidebar {
			width: 400px;
		}
		.bar-wrapper.has-sidebar {
			max-width: 1510px;
		}
		.mainbar.has-sidebar {
			margin-left: 410px;
		}
	}
	.section.first-section {
		margin-top: 9px;
	}
	.blocklink small {
		white-space: normal;
	}
	.button {
		vertical-align: middle;
	}
	.replay-controls {
		padding-top: 10px;
	}
	.replay-controls h1 {
		font-size: 16pt;
		font-weight: normal;
		color: #CCC;
	}
	.pagelink {
		text-align: center;
	}
	.pagelink a {
		width: 150px;
	}
	.textbox, .button {
		font-size: 11pt;
		vertical-align: middle;
	}
	@media (max-width: 450px) {
		.button {
			font-size: 9pt;
		}
	}
</style>

<div>

	<header>
		<div class="nav-wrapper"><ul class="nav">
			<li><a class="button nav-first" href="//pokemonshowdown.com/"><img src="//pokemonshowdown.com/images/pokemonshowdownbeta.png" srcset="//pokemonshowdown.com/images/pokemonshowdownbeta.png 1x, //pokemonshowdown.com/images/pokemonshowdownbeta@2x.png 2x" alt="Pok&eacute;mon Showdown" width="146" height="44" /> Home</a></li>
			<li><a class="button" href="//pokemonshowdown.com/dex/">Pok&eacute;dex</a></li>
			<li><a class="button cur" href="/">Replays</a></li>
			<li><a class="button" href="//pokemonshowdown.com/ladder/">Ladder</a></li>
			<li><a class="button nav-last" href="//pokemonshowdown.com/forums/">Forum</a></li>
			<li><a class="button greenbutton nav-first nav-last" href="//play.pokemonshowdown.com/">Play</a></li>
		</ul></div>
	</header>

	<div class="main" id="main">

		<noscript><section class="section">You need to enable JavaScript to use this page; sorry!</section></noscript>

	</div>

</div>

<script defer nomodule src="//play.pokemonshowdown.com/js/lib/ps-polyfill.js"></script>
<script defer src="//play.pokemonshowdown.com/js/lib/preact.min.js"></script>

<script defer src="//play.pokemonshowdown.com/config/config.js?2bddbc15"></script>
<script defer src="//play.pokemonshowdown.com/js/lib/jquery-1.11.0.min.js"></script>
<script defer src="//play.pokemonshowdown.com/js/lib/html-sanitizer-minified.js"></script>
<script defer src="//play.pokemonshowdown.com/js/battle-sound.js"></script>
<script defer src="//play.pokemonshowdown.com/js/battledata.js?0.7209276989879541"></script>
<script defer src="//play.pokemonshowdown.com/data/pokedex-mini.js?0.6111056340867951"></script>
<script defer src="//play.pokemonshowdown.com/data/pokedex-mini-bw.js?0.3532142036491459"></script>
<script defer src="//play.pokemonshowdown.com/data/graphics.js?0.24223875632456182"></script>
<script defer src="//play.pokemonshowdown.com/data/pokedex.js?0.38839984266356864"></script>
<script defer src="//play.pokemonshowdown.com/data/moves.js?0.21866028504024015"></script>
<script defer src="//play.pokemonshowdown.com/data/abilities.js?0.2005157953846628"></script>
<script defer src="//play.pokemonshowdown.com/data/items.js?0.9894211263848525"></script>
<script defer src="//play.pokemonshowdown.com/data/teambuilder-tables.js?0.6008791140282215"></script>
<script defer src="//play.pokemonshowdown.com/js/battle-tooltips.js?0.7580118955022959"></script>
<script defer src="//play.pokemonshowdown.com/js/battle.js?0.6057722274234274"></script>

<script defer src="js/utils.js?e31f9a17"></script>
<script defer src="js/replays-battle.js?7008c182"></script>

<!-- don't scrape this data! just add .json or .log after the URL!
Full API docs: https://github.com/smogon/pokemon-showdown-client/blob/master/WEB-API.md -->
<script type="text/plain" class="log" id="replaylog-smogtours-gen3ou-798290">
|inactive|Battle timer is ON: inactive players will automatically lose when time's up.
|t:|1728847032
|gametype|singles
|player|p1|ChangchunDeXiannu|skierf-gen4dp|
|player|p2|Msousagamer|veteran|
|teamsize|p1|6
|teamsize|p2|6
|gen|3
|tier|[Gen 3] OU
|rule|Sleep Clause Mod: Limit one foe put to sleep
|rule|Switch Priority Clause Mod: Faster Pokémon switch first
|rule|Species Clause: Limit one of each Pokémon
|rule|OHKO Clause: OHKO moves are banned
|rule|Evasion Items Clause: Evasion items are banned
|rule|Evasion Moves Clause: Evasion moves are banned
|rule|Endless Battle Clause: Forcing endless battles is banned
|rule|HP Percentage Mod: HP is shown in percentages
|rule|One Boost Passer Clause: Limit one Baton Passer that has a way to boost its stats
|rule|Freeze Clause Mod: Limit one foe frozen
|
|t:|1728847032
|start
|switch|p1a: Fakkass|Blaziken, F, shiny|100/100
|switch|p2a: Zapdos|Zapdos|100/100
|turn|1
|
|t:|1728847041
|switch|p1a: Kula|Claydol|100/100
|move|p2a: Zapdos|Thunderbolt|p1a: Kula
|-immune|p1a: Kula
|
|upkeep
|turn|2
|
|t:|1728847049
|switch|p2a: Celebi|Celebi|100/100
|move|p1a: Kula|Rock Slide|p2a: Celebi
|-damage|p2a: Celebi|87/100
|
|-heal|p2a: Celebi|94/100|[from] item: Leftovers
|upkeep
|turn|3
|
|t:|1728847054
|move|p2a: Celebi|Baton Pass|p2a: Celebi
|
|t:|1728847062
|switch|p2a: Metagross|Metagross|100/100|[from] Baton Pass
|move|p1a: Kula|Explosion|p2a: Metagross
|-resisted|p2a: Metagross
|-crit|p2a: Metagross
|-damage|p2a: Metagross|8/100
|faint|p1a: Kula
|c|☆Msousagamer|Dude
|
|t:|1728847066
|switch|p1a: Fakkass|Blaziken, F, shiny|100/100
|
|-heal|p2a: Metagross|14/100|[from] item: Leftovers
|upkeep
|turn|4
|
|t:|1728847073
|switch|p2a: Charizard|Charizard, F|100/100
|move|p1a: Fakkass|Fire Blast|p2a: Charizard|[miss]
|-miss|p1a: Fakkass|p2a: Charizard
|
|upkeep
|turn|5
|
|t:|1728847077
|switch|p1a: Fugl1|Zapdos|100/100
|move|p2a: Charizard|Fire Blast|p1a: Fugl1
|-damage|p1a: Fugl1|40/100
|
|-heal|p1a: Fugl1|46/100|[from] item: Leftovers
|upkeep
|turn|6
|c|☆ChangchunDeXiannu|ya
|inactive|Msousagamer has 270 seconds left.
|
|t:|1728847114
|switch|p2a: Celebi|Celebi|94/100
|move|p1a: Fugl1|Thunderbolt|p2a: Celebi
|-resisted|p2a: Celebi
|-damage|p2a: Celebi|74/100
|
|-heal|p1a: Fugl1|52/100|[from] item: Leftovers
|-heal|p2a: Celebi|80/100|[from] item: Leftovers
|upkeep
|turn|7
|
|t:|1728847117
|move|p1a: Fugl1|Hidden Power|p2a: Celebi
|-supereffective|p2a: Celebi
|-damage|p2a: Celebi|43/100
|move|p2a: Celebi|Calm Mind|p2a: Celebi
|-boost|p2a: Celebi|spa|1
|-boost|p2a: Celebi|spd|1
|
|-heal|p1a: Fugl1|58/100|[from] item: Leftovers
|-heal|p2a: Celebi|49/100|[from] item: Leftovers
|upkeep
|turn|8
|
|t:|1728847119
|move|p2a: Celebi|Recover|p2a: Celebi
|-heal|p2a: Celebi|99/100
|move|p1a: Fugl1|Roar|p2a: Celebi
|drag|p2a: Swampert|Swampert, M|100/100
|
|-heal|p1a: Fugl1|64/100|[from] item: Leftovers
|upkeep
|turn|9
|
|t:|1728847131
|switch|p1a: Nja|Celebi|100/100
|move|p2a: Swampert|Ice Beam|p1a: Nja
|-supereffective|p1a: Nja
|-damage|p1a: Nja|69/100
|
|-heal|p1a: Nja|75/100|[from] item: Leftovers
|upkeep
|turn|10
|
|t:|1728847137
|switch|p2a: Charizard|Charizard, F|100/100
|move|p1a: Nja|Recover|p1a: Nja
|-heal|p1a: Nja|100/100
|
|upkeep
|turn|11
|
|t:|1728847145
|switch|p1a: 你魚|Milotic, M|100/100
|move|p2a: Charizard|Fire Blast|p1a: 你魚
|-resisted|p1a: 你魚
|-damage|p1a: 你魚|80/100
|
|-heal|p1a: 你魚|86/100|[from] item: Leftovers
|upkeep
|turn|12
|
|t:|1728847150
|switch|p2a: Celebi|Celebi|99/100
|move|p1a: 你魚|Surf|p2a: Celebi
|-resisted|p2a: Celebi
|-damage|p2a: Celebi|85/100
|
|-heal|p2a: Celebi|91/100|[from] item: Leftovers
|-heal|p1a: 你魚|92/100|[from] item: Leftovers
|upkeep
|turn|13
|
|t:|1728847155
|switch|p1a: Stuk|Skarmory, M|100/100
|move|p2a: Celebi|Calm Mind|p2a: Celebi
|-boost|p2a: Celebi|spa|1
|-boost|p2a: Celebi|spd|1
|
|-heal|p2a: Celebi|98/100|[from] item: Leftovers
|upkeep
|turn|14
|
|t:|1728847160
|move|p2a: Celebi|Hidden Power|p1a: Stuk
|-supereffective|p1a: Stuk
|-damage|p1a: Stuk|54/100
|move|p1a: Stuk|Roar|p2a: Celebi
|drag|p2a: Metagross|Metagross|14/100
|
|-heal|p1a: Stuk|60/100|[from] item: Leftovers
|-heal|p2a: Metagross|20/100|[from] item: Leftovers
|upkeep
|turn|15
|
|t:|1728847167
|switch|p2a: Charizard|Charizard, F|100/100
|move|p1a: Stuk|Protect||[still]
|-fail|p1a: Stuk
|
|-heal|p1a: Stuk|66/100|[from] item: Leftovers
|upkeep
|turn|16
|
|t:|1728847181
|move|p1a: Stuk|Protect|p1a: Stuk
|-singleturn|p1a: Stuk|Protect
|move|p2a: Charizard|Fire Blast|p1a: Stuk
|-activate|p1a: Stuk|Protect
|
|-heal|p1a: Stuk|72/100|[from] item: Leftovers
|upkeep
|turn|17
|
|t:|1728847186
|switch|p2a: Zapdos|Zapdos|100/100
|switch|p1a: 你魚|Milotic, M|92/100
|
|-heal|p1a: 你魚|98/100|[from] item: Leftovers
|upkeep
|turn|18
|
|t:|1728847192
|switch|p1a: Nja|Celebi|100/100
|move|p2a: Zapdos|Thunder Wave|p1a: Nja
|-status|p1a: Nja|par
|
|upkeep
|turn|19
|
|t:|1728847194
|move|p2a: Zapdos|Hidden Power|p1a: Nja
|-supereffective|p1a: Nja
|-damage|p1a: Nja|61/100 par
|cant|p1a: Nja|par
|
|-heal|p1a: Nja|67/100 par|[from] item: Leftovers
|upkeep
|turn|20
|
|t:|1728847197
|move|p2a: Zapdos|Hidden Power|p1a: Nja
|-supereffective|p1a: Nja
|-damage|p1a: Nja|31/100 par
|move|p1a: Nja|Recover|p1a: Nja
|-heal|p1a: Nja|81/100 par
|
|-heal|p1a: Nja|87/100 par|[from] item: Leftovers
|upkeep
|turn|21
|
|t:|1728847200
|switch|p2a: Metagross|Metagross|20/100
|move|p1a: Nja|Leech Seed|p2a: Metagross
|-start|p2a: Metagross|move: Leech Seed
|
|-heal|p2a: Metagross|26/100|[from] item: Leftovers
|-damage|p2a: Metagross|13/100|[from] Leech Seed|[of] p1a: Nja
|-heal|p1a: Nja|98/100 par|[silent]
|-heal|p1a: Nja|100/100 par|[from] item: Leftovers
|upkeep
|turn|22
|
|t:|1728847205
|-curestatus|p1a: Nja|par|[from] ability: Natural Cure
|switch|p1a: Stuk|Skarmory, M|72/100
|move|p2a: Metagross|Explosion|p1a: Stuk
|-resisted|p1a: Stuk
|-damage|p1a: Stuk|14/100
|faint|p2a: Metagross
|
|t:|1728847229
|switch|p2a: Tyranitar|Tyranitar, F|100/100
|-weather|Sandstorm|[from] ability: Sand Stream|[of] p2a: Tyranitar
|
|-weather|Sandstorm|[upkeep]
|-heal|p1a: Stuk|20/100|[from] item: Leftovers
|upkeep
|turn|23
|
|t:|1728847234
|move|p2a: Tyranitar|Rock Slide|p1a: Stuk
|-crit|p1a: Stuk
|-damage|p1a: Stuk|0 fnt
|faint|p1a: Stuk
|
|t:|1728847237
|switch|p1a: Fakkass|Blaziken, F, shiny|100/100
|
|-weather|Sandstorm|[upkeep]
|-damage|p1a: Fakkass|94/100|[from] Sandstorm
|-heal|p1a: Fakkass|100/100|[from] item: Leftovers
|upkeep
|turn|24
|
|t:|1728847255
|switch|p2a: Swampert|Swampert, M|100/100
|move|p1a: Fakkass|Substitute|p1a: Fakkass
|-start|p1a: Fakkass|Substitute
|-damage|p1a: Fakkass|75/100
|
|-weather|Sandstorm|[upkeep]
|-damage|p1a: Fakkass|69/100|[from] Sandstorm
|-heal|p1a: Fakkass|75/100|[from] item: Leftovers
|upkeep
|turn|25
|
|t:|1728847260
|-singleturn|p1a: Fakkass|move: Focus Punch
|move|p2a: Swampert|Protect|p2a: Swampert
|-singleturn|p2a: Swampert|Protect
|move|p1a: Fakkass|Focus Punch|p2a: Swampert
|-activate|p2a: Swampert|Protect
|
|-weather|Sandstorm|[upkeep]
|-damage|p1a: Fakkass|69/100|[from] Sandstorm
|-heal|p1a: Fakkass|75/100|[from] item: Leftovers
|upkeep
|turn|26
|
|t:|1728847265
|-singleturn|p1a: Fakkass|move: Focus Punch
|move|p1a: Fakkass|Focus Punch|p2a: Swampert
|-damage|p2a: Swampert|58/100
|move|p2a: Swampert|Roar|p1a: Fakkass
|drag|p1a: 你魚|Milotic, M|98/100
|
|-weather|Sandstorm|[upkeep]
|-damage|p1a: 你魚|92/100|[from] Sandstorm
|-heal|p1a: 你魚|98/100|[from] item: Leftovers
|-heal|p2a: Swampert|64/100|[from] item: Leftovers
|upkeep
|turn|27
|
|t:|1728847272
|switch|p2a: Celebi|Celebi|98/100
|move|p1a: 你魚|Toxic|p2a: Celebi
|-status|p2a: Celebi|tox
|
|-weather|Sandstorm|[upkeep]
|-damage|p2a: Celebi|91/100 tox|[from] Sandstorm
|-damage|p1a: 你魚|92/100|[from] Sandstorm
|-heal|p2a: Celebi|98/100 tox|[from] item: Leftovers
|-damage|p2a: Celebi|91/100 tox|[from] psn
|-heal|p1a: 你魚|98/100|[from] item: Leftovers
|upkeep
|turn|28
|
|t:|1728847274
|switch|p1a: Fugl1|Zapdos|64/100
|move|p2a: Celebi|Baton Pass|p2a: Celebi
|
|t:|1728847279
|-curestatus|p2a: Celebi|tox|[from] ability: Natural Cure
|switch|p2a: Tyranitar|Tyranitar, F|100/100|[from] Baton Pass
|
|-weather|Sandstorm|[upkeep]
|-damage|p1a: Fugl1|58/100|[from] Sandstorm
|-heal|p1a: Fugl1|64/100|[from] item: Leftovers
|upkeep
|turn|29
|
|t:|1728847285
|switch|p1a: 你魚|Milotic, M|98/100
|move|p2a: Tyranitar|Rock Slide|p1a: 你魚
|-damage|p1a: 你魚|70/100
|
|-weather|Sandstorm|[upkeep]
|-damage|p1a: 你魚|64/100|[from] Sandstorm
|-heal|p1a: 你魚|70/100|[from] item: Leftovers
|upkeep
|turn|30
|
|t:|1728847288
|switch|p2a: Celebi|Celebi|91/100
|move|p1a: 你魚|Surf|p2a: Celebi
|-resisted|p2a: Celebi
|-damage|p2a: Celebi|77/100
|
|-weather|Sandstorm|[upkeep]
|-damage|p2a: Celebi|71/100|[from] Sandstorm
|-damage|p1a: 你魚|64/100|[from] Sandstorm
|-heal|p2a: Celebi|77/100|[from] item: Leftovers
|-heal|p1a: 你魚|70/100|[from] item: Leftovers
|upkeep
|turn|31
|
|t:|1728847291
|move|p2a: Celebi|Calm Mind|p2a: Celebi
|-boost|p2a: Celebi|spa|1
|-boost|p2a: Celebi|spd|1
|move|p1a: 你魚|Toxic|p2a: Celebi
|-status|p2a: Celebi|tox
|
|-weather|Sandstorm|[upkeep]
|-damage|p2a: Celebi|71/100 tox|[from] Sandstorm
|-damage|p1a: 你魚|64/100|[from] Sandstorm
|-heal|p2a: Celebi|77/100 tox|[from] item: Leftovers
|-damage|p2a: Celebi|71/100 tox|[from] psn
|-heal|p1a: 你魚|70/100|[from] item: Leftovers
|upkeep
|turn|32
|
|t:|1728847293
|switch|p1a: Fugl1|Zapdos|64/100
|move|p2a: Celebi|Baton Pass|p2a: Celebi
|
|t:|1728847301
|-curestatus|p2a: Celebi|tox|[from] ability: Natural Cure
|switch|p2a: Zapdos|Zapdos|100/100|[from] Baton Pass
|
|-weather|Sandstorm|[upkeep]
|-damage|p2a: Zapdos|94/100|[from] Sandstorm
|-damage|p1a: Fugl1|58/100|[from] Sandstorm
|-heal|p1a: Fugl1|64/100|[from] item: Leftovers
|-heal|p2a: Zapdos|100/100|[from] item: Leftovers
|upkeep
|turn|33
|
|t:|1728847304
|move|p1a: Fugl1|Thunder Wave|p2a: Zapdos
|-status|p2a: Zapdos|par
|cant|p2a: Zapdos|par
|
|-weather|Sandstorm|[upkeep]
|-damage|p1a: Fugl1|58/100|[from] Sandstorm
|-damage|p2a: Zapdos|94/100 par|[from] Sandstorm
|-heal|p1a: Fugl1|64/100|[from] item: Leftovers
|-heal|p2a: Zapdos|100/100 par|[from] item: Leftovers
|upkeep
|turn|34
|
|t:|1728847307
|move|p1a: Fugl1|Thunderbolt|p2a: Zapdos
|-damage|p2a: Zapdos|65/100 par
|cant|p2a: Zapdos|par
|
|-weather|Sandstorm|[upkeep]
|-damage|p1a: Fugl1|58/100|[from] Sandstorm
|-damage|p2a: Zapdos|59/100 par|[from] Sandstorm
|-heal|p1a: Fugl1|64/100|[from] item: Leftovers
|-heal|p2a: Zapdos|65/100 par|[from] item: Leftovers
|upkeep
|turn|35
|
|t:|1728847309
|switch|p1a: Nja|Celebi|100/100
|move|p2a: Zapdos|Hidden Power|p1a: Nja
|-supereffective|p1a: Nja
|-damage|p1a: Nja|47/100
|
|-weather|Sandstorm|[upkeep]
|-damage|p1a: Nja|41/100|[from] Sandstorm
|-damage|p2a: Zapdos|59/100 par|[from] Sandstorm
|-heal|p1a: Nja|47/100|[from] item: Leftovers
|-heal|p2a: Zapdos|65/100 par|[from] item: Leftovers
|upkeep
|turn|36
|
|t:|1728847312
|move|p1a: Nja|Recover|p1a: Nja
|-heal|p1a: Nja|97/100
|move|p2a: Zapdos|Thunder Wave|p1a: Nja
|-status|p1a: Nja|par
|
|-weather|Sandstorm|[upkeep]
|-damage|p2a: Zapdos|59/100 par|[from] Sandstorm
|-damage|p1a: Nja|91/100 par|[from] Sandstorm
|-heal|p2a: Zapdos|65/100 par|[from] item: Leftovers
|-heal|p1a: Nja|97/100 par|[from] item: Leftovers
|upkeep
|turn|37
|
|t:|1728847315
|switch|p2a: Celebi|Celebi|71/100
|move|p1a: Nja|Leech Seed|p2a: Celebi
|-immune|p2a: Celebi
|
|-weather|Sandstorm|[upkeep]
|-damage|p2a: Celebi|65/100|[from] Sandstorm
|-damage|p1a: Nja|91/100 par|[from] Sandstorm
|-heal|p2a: Celebi|71/100|[from] item: Leftovers
|-heal|p1a: Nja|97/100 par|[from] item: Leftovers
|upkeep
|turn|38
|
|t:|1728847317
|-curestatus|p1a: Nja|par|[from] ability: Natural Cure
|switch|p1a: Fugl1|Zapdos|64/100
|move|p2a: Celebi|Calm Mind|p2a: Celebi
|-boost|p2a: Celebi|spa|1
|-boost|p2a: Celebi|spd|1
|
|-weather|Sandstorm|[upkeep]
|-damage|p1a: Fugl1|58/100|[from] Sandstorm
|-damage|p2a: Celebi|65/100|[from] Sandstorm
|-heal|p1a: Fugl1|64/100|[from] item: Leftovers
|-heal|p2a: Celebi|71/100|[from] item: Leftovers
|upkeep
|turn|39
|
|t:|1728847321
|move|p2a: Celebi|Calm Mind|p2a: Celebi
|-boost|p2a: Celebi|spa|1
|-boost|p2a: Celebi|spd|1
|move|p1a: Fugl1|Roar|p2a: Celebi
|drag|p2a: Tyranitar|Tyranitar, F|100/100
|
|-weather|Sandstorm|[upkeep]
|-damage|p1a: Fugl1|58/100|[from] Sandstorm
|-heal|p1a: Fugl1|64/100|[from] item: Leftovers
|upkeep
|turn|40
|
|t:|1728847330
|switch|p2a: Celebi|Celebi|71/100
|move|p1a: Fugl1|Thunderbolt|p2a: Celebi
|-resisted|p2a: Celebi
|-damage|p2a: Celebi|52/100
|
|-weather|Sandstorm|[upkeep]
|-damage|p1a: Fugl1|58/100|[from] Sandstorm
|-damage|p2a: Celebi|46/100|[from] Sandstorm
|-heal|p1a: Fugl1|64/100|[from] item: Leftovers
|-heal|p2a: Celebi|52/100|[from] item: Leftovers
|upkeep
|turn|41
|
|t:|1728847347
|move|p1a: Fugl1|Hidden Power|p2a: Celebi
|-supereffective|p2a: Celebi
|-damage|p2a: Celebi|16/100
|move|p2a: Celebi|Recover|p2a: Celebi
|-heal|p2a: Celebi|66/100
|
|-weather|Sandstorm|[upkeep]
|-damage|p1a: Fugl1|58/100|[from] Sandstorm
|-damage|p2a: Celebi|60/100|[from] Sandstorm
|-heal|p1a: Fugl1|64/100|[from] item: Leftovers
|-heal|p2a: Celebi|66/100|[from] item: Leftovers
|upkeep
|turn|42
|
|t:|1728847354
|switch|p2a: Swampert|Swampert, M|64/100
|move|p1a: Fugl1|Hidden Power|p2a: Swampert
|-damage|p2a: Swampert|41/100
|
|-weather|Sandstorm|[upkeep]
|-damage|p1a: Fugl1|58/100|[from] Sandstorm
|-heal|p1a: Fugl1|64/100|[from] item: Leftovers
|-heal|p2a: Swampert|48/100|[from] item: Leftovers
|upkeep
|turn|43
|
|t:|1728847358
|switch|p1a: Nja|Celebi|97/100
|move|p2a: Swampert|Ice Beam|p1a: Nja
|-supereffective|p1a: Nja
|-damage|p1a: Nja|67/100
|
|-weather|Sandstorm|[upkeep]
|-damage|p1a: Nja|61/100|[from] Sandstorm
|-heal|p1a: Nja|67/100|[from] item: Leftovers
|-heal|p2a: Swampert|54/100|[from] item: Leftovers
|upkeep
|turn|44
|
|t:|1728847367
|switch|p2a: Charizard|Charizard, F|100/100
|move|p1a: Nja|Hidden Power|p2a: Charizard
|-resisted|p2a: Charizard
|-crit|p2a: Charizard
|-damage|p2a: Charizard|84/100
|
|-weather|Sandstorm|[upkeep]
|-damage|p2a: Charizard|78/100|[from] Sandstorm
|-damage|p1a: Nja|61/100|[from] Sandstorm
|-heal|p2a: Charizard|84/100|[from] item: Leftovers
|-heal|p1a: Nja|67/100|[from] item: Leftovers
|upkeep
|turn|45
|
|t:|1728847375
|switch|p2a: Celebi|Celebi|66/100
|switch|p1a: 你魚|Milotic, M|70/100
|
|-weather|Sandstorm|[upkeep]
|-damage|p2a: Celebi|60/100|[from] Sandstorm
|-damage|p1a: 你魚|64/100|[from] Sandstorm
|-heal|p2a: Celebi|66/100|[from] item: Leftovers
|-heal|p1a: 你魚|70/100|[from] item: Leftovers
|upkeep
|turn|46
|
|t:|1728847378
|move|p2a: Celebi|Calm Mind|p2a: Celebi
|-boost|p2a: Celebi|spa|1
|-boost|p2a: Celebi|spd|1
|move|p1a: 你魚|Toxic|p2a: Celebi|[miss]
|-miss|p1a: 你魚|p2a: Celebi
|
|-weather|Sandstorm|[upkeep]
|-damage|p2a: Celebi|60/100|[from] Sandstorm
|-damage|p1a: 你魚|64/100|[from] Sandstorm
|-heal|p2a: Celebi|66/100|[from] item: Leftovers
|-heal|p1a: 你魚|70/100|[from] item: Leftovers
|upkeep
|turn|47
|
|t:|1728847383
|move|p2a: Celebi|Baton Pass|p2a: Celebi
|
|t:|1728847385
|switch|p2a: Zapdos|Zapdos|65/100 par|[from] Baton Pass
|move|p1a: 你魚|Toxic||[still]
|-fail|p1a: 你魚
|
|-weather|Sandstorm|[upkeep]
|-damage|p1a: 你魚|64/100|[from] Sandstorm
|-damage|p2a: Zapdos|59/100 par|[from] Sandstorm
|-heal|p1a: 你魚|70/100|[from] item: Leftovers
|-heal|p2a: Zapdos|65/100 par|[from] item: Leftovers
|upkeep
|turn|48
|
|t:|1728847389
|switch|p1a: Nja|Celebi|67/100
|move|p2a: Zapdos|Thunderbolt|p1a: Nja
|-resisted|p1a: Nja
|-damage|p1a: Nja|40/100
|-status|p1a: Nja|par
|
|-weather|Sandstorm|[upkeep]
|-damage|p2a: Zapdos|59/100 par|[from] Sandstorm
|-damage|p1a: Nja|34/100 par|[from] Sandstorm
|-heal|p2a: Zapdos|65/100 par|[from] item: Leftovers
|-heal|p1a: Nja|40/100 par|[from] item: Leftovers
|upkeep
|turn|49
|
|t:|1728847391
|move|p2a: Zapdos|Hidden Power|p1a: Nja
|-supereffective|p1a: Nja
|-crit|p1a: Nja
|-damage|p1a: Nja|0 fnt
|faint|p1a: Nja
|
|t:|1728847397
|switch|p1a: Fugl1|Zapdos|64/100
|
|-weather|Sandstorm|[upkeep]
|-damage|p1a: Fugl1|58/100|[from] Sandstorm
|-damage|p2a: Zapdos|59/100 par|[from] Sandstorm
|-heal|p1a: Fugl1|64/100|[from] item: Leftovers
|-heal|p2a: Zapdos|65/100 par|[from] item: Leftovers
|upkeep
|turn|50
|
|t:|1728847407
|move|p1a: Fugl1|Thunderbolt|p2a: Zapdos
|-damage|p2a: Zapdos|28/100 par
|move|p2a: Zapdos|Hidden Power|p1a: Fugl1
|-supereffective|p1a: Fugl1
|-damage|p1a: Fugl1|0 fnt
|faint|p1a: Fugl1
|
|t:|1728847410
|switch|p1a: Fakkass|Blaziken, F, shiny|75/100
|
|-weather|Sandstorm|[upkeep]
|-damage|p1a: Fakkass|69/100|[from] Sandstorm
|-damage|p2a: Zapdos|22/100 par|[from] Sandstorm
|-heal|p1a: Fakkass|75/100|[from] item: Leftovers
|-heal|p2a: Zapdos|28/100 par|[from] item: Leftovers
|upkeep
|turn|51
|
|t:|1728847412
|move|p1a: Fakkass|Fire Blast|p2a: Zapdos|[miss]
|-miss|p1a: Fakkass|p2a: Zapdos
|move|p2a: Zapdos|Hidden Power|p1a: Fakkass
|-resisted|p1a: Fakkass
|-damage|p1a: Fakkass|48/100
|
|-weather|Sandstorm|[upkeep]
|-damage|p1a: Fakkass|42/100|[from] Sandstorm
|-damage|p2a: Zapdos|22/100 par|[from] Sandstorm
|-heal|p1a: Fakkass|48/100|[from] item: Leftovers
|-heal|p2a: Zapdos|28/100 par|[from] item: Leftovers
|upkeep
|turn|52
|
|t:|1728847416
|move|p1a: Fakkass|Fire Blast|p2a: Zapdos
|-damage|p2a: Zapdos|0 fnt
|faint|p2a: Zapdos
|
|t:|1728847420
|switch|p2a: Swampert|Swampert, M|54/100
|
|-weather|Sandstorm|[upkeep]
|-damage|p1a: Fakkass|42/100|[from] Sandstorm
|-heal|p1a: Fakkass|48/100|[from] item: Leftovers
|-heal|p2a: Swampert|60/100|[from] item: Leftovers
|upkeep
|turn|53
|
|t:|1728847424
|move|p1a: Fakkass|Fire Blast|p2a: Swampert
|-resisted|p2a: Swampert
|-crit|p2a: Swampert
|-damage|p2a: Swampert|10/100
|move|p2a: Swampert|Surf|p1a: Fakkass
|-supereffective|p1a: Fakkass
|-damage|p1a: Fakkass|0 fnt
|faint|p1a: Fakkass
|
|t:|1728847426
|switch|p1a: 你魚|Milotic, M|70/100
|
|-weather|Sandstorm|[upkeep]
|-damage|p1a: 你魚|64/100|[from] Sandstorm
|-heal|p1a: 你魚|70/100|[from] item: Leftovers
|-heal|p2a: Swampert|16/100|[from] item: Leftovers
|upkeep
|turn|54
|
|t:|1728847428
|move|p1a: 你魚|Recover|p1a: 你魚
|-heal|p1a: 你魚|100/100
|move|p2a: Swampert|Surf|p1a: 你魚
|-resisted|p1a: 你魚
|-damage|p1a: 你魚|86/100
|
|-weather|Sandstorm|[upkeep]
|-damage|p1a: 你魚|80/100|[from] Sandstorm
|-heal|p1a: 你魚|86/100|[from] item: Leftovers
|-heal|p2a: Swampert|22/100|[from] item: Leftovers
|upkeep
|turn|55
|
|t:|1728847430
|move|p1a: 你魚|Surf|p2a: Swampert
|-crit|p2a: Swampert
|-damage|p2a: Swampert|0 fnt
|faint|p2a: Swampert
|
|t:|1728847432
|switch|p2a: Celebi|Celebi|66/100
|
|-weather|Sandstorm|[upkeep]
|-damage|p2a: Celebi|60/100|[from] Sandstorm
|-damage|p1a: 你魚|80/100|[from] Sandstorm
|-heal|p2a: Celebi|66/100|[from] item: Leftovers
|-heal|p1a: 你魚|86/100|[from] item: Leftovers
|upkeep
|turn|56
|
|t:|1728847434
|move|p2a: Celebi|Calm Mind|p2a: Celebi
|-boost|p2a: Celebi|spa|1
|-boost|p2a: Celebi|spd|1
|move|p1a: 你魚|Toxic|p2a: Celebi
|-status|p2a: Celebi|tox
|
|-weather|Sandstorm|[upkeep]
|-damage|p2a: Celebi|60/100 tox|[from] Sandstorm
|-damage|p1a: 你魚|80/100|[from] Sandstorm
|-heal|p2a: Celebi|66/100 tox|[from] item: Leftovers
|-damage|p2a: Celebi|60/100 tox|[from] psn
|-heal|p1a: 你魚|86/100|[from] item: Leftovers
|upkeep
|turn|57
|
|t:|1728847437
|move|p2a: Celebi|Calm Mind|p2a: Celebi
|-boost|p2a: Celebi|spa|1
|-boost|p2a: Celebi|spd|1
|move|p1a: 你魚|Surf|p2a: Celebi
|-resisted|p2a: Celebi
|-crit|p2a: Celebi
|-damage|p2a: Celebi|33/100 tox
|
|-weather|Sandstorm|[upkeep]
|-damage|p2a: Celebi|27/100 tox|[from] Sandstorm
|-damage|p1a: 你魚|80/100|[from] Sandstorm
|-heal|p2a: Celebi|33/100 tox|[from] item: Leftovers
|-damage|p2a: Celebi|21/100 tox|[from] psn
|-heal|p1a: 你魚|86/100|[from] item: Leftovers
|upkeep
|turn|58
|
|t:|1728847441
|move|p2a: Celebi|Recover|p2a: Celebi
|-heal|p2a: Celebi|71/100 tox
|move|p1a: 你魚|Surf|p2a: Celebi
|-resisted|p2a: Celebi
|-damage|p2a: Celebi|65/100 tox
|
|-weather|Sandstorm|[upkeep]
|-damage|p2a: Celebi|58/100 tox|[from] Sandstorm
|-damage|p1a: 你魚|80/100|[from] Sandstorm
|-heal|p2a: Celebi|65/100 tox|[from] item: Leftovers
|-damage|p2a: Celebi|46/100 tox|[from] psn
|-heal|p1a: 你魚|86/100|[from] item: Leftovers
|upkeep
|turn|59
|
|t:|1728847444
|move|p2a: Celebi|Baton Pass|p2a: Celebi
|
|t:|1728847459
|-curestatus|p2a: Celebi|tox|[from] ability: Natural Cure
|switch|p2a: Tyranitar|Tyranitar, F|100/100|[from] Baton Pass
|move|p1a: 你魚|Surf|p2a: Tyranitar
|-supereffective|p2a: Tyranitar
|-damage|p2a: Tyranitar|69/100
|
|-weather|Sandstorm|[upkeep]
|-damage|p1a: 你魚|80/100|[from] Sandstorm
|-heal|p2a: Tyranitar|76/100|[from] item: Leftovers
|-heal|p1a: 你魚|86/100|[from] item: Leftovers
|upkeep
|turn|60
|
|t:|1728847473
|move|p2a: Tyranitar|Hidden Power|p1a: 你魚
|-supereffective|p1a: 你魚
|-damage|p1a: 你魚|45/100
|move|p1a: 你魚|Toxic|p2a: Tyranitar
|-status|p2a: Tyranitar|tox
|
|-weather|Sandstorm|[upkeep]
|-damage|p1a: 你魚|39/100|[from] Sandstorm
|-heal|p2a: Tyranitar|82/100 tox|[from] item: Leftovers
|-damage|p2a: Tyranitar|76/100 tox|[from] psn
|-heal|p1a: 你魚|45/100|[from] item: Leftovers
|upkeep
|turn|61
|
|t:|1728847477
|move|p2a: Tyranitar|Hidden Power|p1a: 你魚
|-supereffective|p1a: 你魚
|-damage|p1a: 你魚|3/100
|move|p1a: 你魚|Recover|p1a: 你魚
|-heal|p1a: 你魚|53/100
|
|-weather|Sandstorm|[upkeep]
|-damage|p1a: 你魚|46/100|[from] Sandstorm
|-heal|p2a: Tyranitar|82/100 tox|[from] item: Leftovers
|-damage|p2a: Tyranitar|69/100 tox|[from] psn
|-heal|p1a: 你魚|53/100|[from] item: Leftovers
|upkeep
|turn|62
|c|☆Msousagamer|2 min rolls tho oof
|
|t:|1728847490
|move|p2a: Tyranitar|Rock Slide|p1a: 你魚
|-damage|p1a: 你魚|21/100
|move|p1a: 你魚|Recover|p1a: 你魚
|-heal|p1a: 你魚|71/100
|
|-weather|Sandstorm|[upkeep]
|-damage|p1a: 你魚|65/100|[from] Sandstorm
|-heal|p2a: Tyranitar|76/100 tox|[from] item: Leftovers
|-damage|p2a: Tyranitar|57/100 tox|[from] psn
|-heal|p1a: 你魚|71/100|[from] item: Leftovers
|upkeep
|turn|63
|
|t:|1728847493
|move|p2a: Tyranitar|Rock Slide|p1a: 你魚
|-damage|p1a: 你魚|40/100
|move|p1a: 你魚|Recover|p1a: 你魚
|-heal|p1a: 你魚|90/100
|
|-weather|Sandstorm|[upkeep]
|-damage|p1a: 你魚|84/100|[from] Sandstorm
|-heal|p2a: Tyranitar|63/100 tox|[from] item: Leftovers
|-damage|p2a: Tyranitar|38/100 tox|[from] psn
|-heal|p1a: 你魚|90/100|[from] item: Leftovers
|upkeep
|turn|64
|
|t:|1728847498
|move|p2a: Tyranitar|Rock Slide|p1a: 你魚
|-damage|p1a: 你魚|62/100
|move|p1a: 你魚|Recover|p1a: 你魚
|-heal|p1a: 你魚|100/100
|
|-weather|Sandstorm|[upkeep]
|-damage|p1a: 你魚|94/100|[from] Sandstorm
|-heal|p2a: Tyranitar|44/100 tox|[from] item: Leftovers
|-damage|p2a: Tyranitar|13/100 tox|[from] psn
|-heal|p1a: 你魚|100/100|[from] item: Leftovers
|upkeep
|turn|65
|
|t:|1728847505
|switch|p2a: Celebi|Celebi|46/100
|move|p1a: 你魚|Recover||[still]
|-fail|p1a: 你魚|heal
|
|-weather|Sandstorm|[upkeep]
|-damage|p2a: Celebi|40/100|[from] Sandstorm
|-damage|p1a: 你魚|94/100|[from] Sandstorm
|-heal|p2a: Celebi|46/100|[from] item: Leftovers
|-heal|p1a: 你魚|100/100|[from] item: Leftovers
|upkeep
|turn|66
|c|☆ChangchunDeXiannu|unfort
|
|t:|1728847509
|move|p2a: Celebi|Recover|p2a: Celebi
|-heal|p2a: Celebi|96/100
|move|p1a: 你魚|Toxic|p2a: Celebi
|-status|p2a: Celebi|tox
|
|-weather|Sandstorm|[upkeep]
|-damage|p2a: Celebi|90/100 tox|[from] Sandstorm
|-damage|p1a: 你魚|94/100|[from] Sandstorm
|-heal|p2a: Celebi|96/100 tox|[from] item: Leftovers
|-damage|p2a: Celebi|90/100 tox|[from] psn
|-heal|p1a: 你魚|100/100|[from] item: Leftovers
|upkeep
|turn|67
|
|t:|1728847514
|move|p2a: Celebi|Calm Mind|p2a: Celebi
|-boost|p2a: Celebi|spa|1
|-boost|p2a: Celebi|spd|1
|move|p1a: 你魚|Refresh||[still]
|-fail|p1a: 你魚
|
|-weather|Sandstorm|[upkeep]
|-damage|p2a: Celebi|84/100 tox|[from] Sandstorm
|-damage|p1a: 你魚|94/100|[from] Sandstorm
|-heal|p2a: Celebi|90/100 tox|[from] item: Leftovers
|-damage|p2a: Celebi|77/100 tox|[from] psn
|-heal|p1a: 你魚|100/100|[from] item: Leftovers
|upkeep
|turn|68
|
|t:|1728847516
|move|p2a: Celebi|Baton Pass|p2a: Celebi
|
|t:|1728847518
|-curestatus|p2a: Celebi|tox|[from] ability: Natural Cure
|switch|p2a: Tyranitar|Tyranitar, F|13/100 tox|[from] Baton Pass
|move|p1a: 你魚|Refresh||[still]
|-fail|p1a: 你魚
|
|-weather|Sandstorm|[upkeep]
|-damage|p1a: 你魚|94/100|[from] Sandstorm
|-heal|p2a: Tyranitar|19/100 tox|[from] item: Leftovers
|-damage|p2a: Tyranitar|13/100 tox|[from] psn
|-heal|p1a: 你魚|100/100|[from] item: Leftovers
|upkeep
|turn|69
|
|t:|1728847524
|move|p2a: Tyranitar|Rock Slide|p1a: 你魚
|-damage|p1a: 你魚|73/100
|move|p1a: 你魚|Recover|p1a: 你魚
|-heal|p1a: 你魚|100/100
|
|-weather|Sandstorm|[upkeep]
|-damage|p1a: 你魚|94/100|[from] Sandstorm
|-heal|p2a: Tyranitar|19/100 tox|[from] item: Leftovers
|-damage|p2a: Tyranitar|7/100 tox|[from] psn
|-heal|p1a: 你魚|100/100|[from] item: Leftovers
|upkeep
|turn|70
|
|t:|1728847532
|switch|p2a: Celebi|Celebi|77/100
|move|p1a: 你魚|Refresh||[still]
|-fail|p1a: 你魚
|
|-weather|Sandstorm|[upkeep]
|-damage|p2a: Celebi|71/100|[from] Sandstorm
|-damage|p1a: 你魚|94/100|[from] Sandstorm
|-heal|p2a: Celebi|77/100|[from] item: Leftovers
|-heal|p1a: 你魚|100/100|[from] item: Leftovers
|upkeep
|turn|71
|
|t:|1728847533
|move|p2a: Celebi|Calm Mind|p2a: Celebi
|-boost|p2a: Celebi|spa|1
|-boost|p2a: Celebi|spd|1
|move|p1a: 你魚|Toxic|p2a: Celebi
|-status|p2a: Celebi|tox
|
|-weather|Sandstorm|[upkeep]
|-damage|p2a: Celebi|71/100 tox|[from] Sandstorm
|-damage|p1a: 你魚|94/100|[from] Sandstorm
|-heal|p2a: Celebi|77/100 tox|[from] item: Leftovers
|-damage|p2a: Celebi|71/100 tox|[from] psn
|-heal|p1a: 你魚|100/100|[from] item: Leftovers
|upkeep
|turn|72
|
|t:|1728847537
|move|p2a: Celebi|Calm Mind|p2a: Celebi
|-boost|p2a: Celebi|spa|1
|-boost|p2a: Celebi|spd|1
|move|p1a: 你魚|Surf|p2a: Celebi
|-resisted|p2a: Celebi
|-damage|p2a: Celebi|65/100 tox
|
|-weather|Sandstorm|[upkeep]
|-damage|p2a: Celebi|59/100 tox|[from] Sandstorm
|-damage|p1a: 你魚|94/100|[from] Sandstorm
|-heal|p2a: Celebi|65/100 tox|[from] item: Leftovers
|-damage|p2a: Celebi|53/100 tox|[from] psn
|-heal|p1a: 你魚|100/100|[from] item: Leftovers
|upkeep
|turn|73
|
|t:|1728847539
|move|p2a: Celebi|Calm Mind|p2a: Celebi
|-boost|p2a: Celebi|spa|1
|-boost|p2a: Celebi|spd|1
|move|p1a: 你魚|Surf|p2a: Celebi
|-resisted|p2a: Celebi
|-damage|p2a: Celebi|47/100 tox
|
|-weather|Sandstorm|[upkeep]
|-damage|p2a: Celebi|41/100 tox|[from] Sandstorm
|-damage|p1a: 你魚|94/100|[from] Sandstorm
|-heal|p2a: Celebi|47/100 tox|[from] item: Leftovers
|-damage|p2a: Celebi|28/100 tox|[from] psn
|-heal|p1a: 你魚|100/100|[from] item: Leftovers
|upkeep
|turn|74
|
|t:|1728847541
|move|p2a: Celebi|Baton Pass|p2a: Celebi
|
|t:|1728847543
|-curestatus|p2a: Celebi|tox|[from] ability: Natural Cure
|switch|p2a: Charizard|Charizard, F|84/100|[from] Baton Pass
|move|p1a: 你魚|Surf|p2a: Charizard
|-supereffective|p2a: Charizard
|-damage|p2a: Charizard|48/100
|
|-weather|Sandstorm|[upkeep]
|-damage|p2a: Charizard|42/100|[from] Sandstorm
|-damage|p1a: 你魚|94/100|[from] Sandstorm
|-heal|p2a: Charizard|48/100|[from] item: Leftovers
|-heal|p1a: 你魚|100/100|[from] item: Leftovers
|upkeep
|turn|75
|
|t:|1728847546
|move|p2a: Charizard|Hidden Power|p1a: 你魚
|-supereffective|p1a: 你魚
|-damage|p1a: 你魚|29/100
|move|p1a: 你魚|Surf|p2a: Charizard
|-supereffective|p2a: Charizard
|-damage|p2a: Charizard|11/100
|
|-weather|Sandstorm|[upkeep]
|-damage|p2a: Charizard|5/100|[from] Sandstorm
|-damage|p1a: 你魚|23/100|[from] Sandstorm
|-heal|p2a: Charizard|11/100|[from] item: Leftovers
|-heal|p1a: 你魚|29/100|[from] item: Leftovers
|upkeep
|turn|76
|c|☆Msousagamer|Gg
|c|☆ChangchunDeXiannu|gg
|
|t:|1728847553
|move|p2a: Charizard|Hidden Power|p1a: 你魚
|-supereffective|p1a: 你魚
|-damage|p1a: 你魚|0 fnt
|faint|p1a: 你魚
|
|win|Msousagamer
|player|p2|

</script>
<script type="application/json" class="data" id="replaydata-smogtours-gen3ou-798290">
{"id":"smogtours-gen3ou-798290","format":"[Gen 3] OU","players":["ChangchunDeXiannu","Msousagamer"],"uploadtime":1728847553,"views":100,"formatid":"gen3ou","rating":null,"private":0,"password":null}
</script>

<script defer src="js/replays.js?9d40a366"></script>
