<!DOCTYPE html>
<meta charset="utf-8" />
<meta name="viewport" content="width=device-width" />

<title>[Gen 3] OU: marsandback vs. The_App15 - Replays - Pok&eacute;mon Showdown!</title>

<meta name="description" content="Watch a replay of a Pok&eacute;mon battle between marsandback and The_App15! Format: [Gen 3] OU; Date: Oct 1, 2024" />
<!--

Hey, you! Looking in the source for the replay log?

You can find them in JSON format, just add `.json` at the end of a replay URL.

https://replay.pokemonshowdown.com/gen7randomdoublesbattle-865046831.json

Or, if you only need the log itself, add `.log` instead:

https://replay.pokemonshowdown.com/gen7randomdoublesbattle-865046831.log

-->

<link rel="stylesheet" href="//pokemonshowdown.com/style/global.css?0.023195364461161105" />
<link rel="stylesheet" href="//play.pokemonshowdown.com/style/font-awesome.css?0.13261647063804238" />
<link rel="stylesheet" href="//play.pokemonshowdown.com/style/battle.css?0.8753245789963631" />
<link rel="stylesheet" href="//play.pokemonshowdown.com/style/utilichart.css?0.8627959624976733" />

<!-- Global site tag (gtag.js) - Google Analytics -->
<script async src="https://www.googletagmanager.com/gtag/js?id=UA-26211653-1"></script>
<script>
  window.dataLayer = window.dataLayer || [];
  function gtag(){dataLayer.push(arguments);}
  gtag('js', new Date());

  gtag('config', 'UA-26211653-1');
</script>
<!-- End Google Analytics -->
<!-- Venatus Ad Manager - Install in <HEAD> of page -->
	<script src="https://hb.vntsm.com/v3/live/ad-manager.min.js" type="text/javascript" data-site-id="642aba63ec9a7b11c3c9c1be" data-mode="scan" async></script>
<!-- / Venatus Ad Manager -->

<style>
	@media (max-width:820px) {
		.battle {
			margin: 0 auto;
		}
		.battle-log {
			margin: 7px auto 0;
			max-width: 640px;
			height: 300px;
			position: static;
		}
	}
	.optgroup {
		display: inline-block;
		line-height: 22px;
		font-size: 10pt;
	}
	.optgroup .button {
		height: 25px;
		padding-top: 0;
		padding-bottom: 0;
	}
	.optgroup button.button {
		padding-left: 12px;
		padding-right: 12px;
	}
	.linklist {
		list-style: none;
		margin: 0.5em 0;
		padding: 0;
	}
	.linklist li {
		padding: 2px 0;
	}
	.sidebar {
		float: left;
		width: 320px;
	}
	.bar-wrapper {
		max-width: 1100px;
		margin: 0 auto;
	}
	.bar-wrapper.has-sidebar {
		max-width: 1430px;
	}
	.mainbar {
		margin: 0;
		padding-right: 1px;
	}
	.mainbar.has-sidebar {
		margin-left: 330px;
	}
	@media (min-width: 1511px) {
		.sidebar {
			width: 400px;
		}
		.bar-wrapper.has-sidebar {
			max-width: 1510px;
		}
		.mainbar.has-sidebar {
			margin-left: 410px;
		}
	}
	.section.first-section {
		margin-top: 9px;
	}
	.blocklink small {
		white-space: normal;
	}
	.button {
		vertical-align: middle;
	}
	.replay-controls {
		padding-top: 10px;
	}
	.replay-controls h1 {
		font-size: 16pt;
		font-weight: normal;
		color: #CCC;
	}
	.pagelink {
		text-align: center;
	}
	.pagelink a {
		width: 150px;
	}
	.textbox, .button {
		font-size: 11pt;
		vertical-align: middle;
	}
	@media (max-width: 450px) {
		.button {
			font-size: 9pt;
		}
	}
</style>

<div>

	<header>
		<div class="nav-wrapper"><ul class="nav">
			<li><a class="button nav-first" href="//pokemonshowdown.com/"><img src="//pokemonshowdown.com/images/pokemonshowdownbeta.png" srcset="//pokemonshowdown.com/images/pokemonshowdownbeta.png 1x, //pokemonshowdown.com/images/pokemonshowdownbeta@2x.png 2x" alt="Pok&eacute;mon Showdown" width="146" height="44" /> Home</a></li>
			<li><a class="button" href="//pokemonshowdown.com/dex/">Pok&eacute;dex</a></li>
			<li><a class="button cur" href="/">Replays</a></li>
			<li><a class="button" href="//pokemonshowdown.com/ladder/">Ladder</a></li>
			<li><a class="button nav-last" href="//pokemonshowdown.com/forums/">Forum</a></li>
			<li><a class="button greenbutton nav-first nav-last" href="//play.pokemonshowdown.com/">Play</a></li>
		</ul></div>
	</header>

	<div class="main" id="main">

		<noscript><section class="section">You need to enable JavaScript to use this page; sorry!</section></noscript>

	</div>

</div>

<script defer nomodule src="//play.pokemonshowdown.com/js/lib/ps-polyfill.js"></script>
<script defer src="//play.pokemonshowdown.com/js/lib/preact.min.js"></script>

<script defer src="//play.pokemonshowdown.com/config/config.js?2bddbc15"></script>
<script defer src="//play.pokemonshowdown.com/js/lib/jquery-1.11.0.min.js"></script>
<script defer src="//play.pokemonshowdown.com/js/lib/html-sanitizer-minified.js"></script>
<script defer src="//play.pokemonshowdown.com/js/battle-sound.js"></script>
<script defer src="//play.pokemonshowdown.com/js/battledata.js?0.7209276989879541"></script>
<script defer src="//play.pokemonshowdown.com/data/pokedex-mini.js?0.6111056340867951"></script>
<script defer src="//play.pokemonshowdown.com/data/pokedex-mini-bw.js?0.3532142036491459"></script>
<script defer src="//play.pokemonshowdown.com/data/graphics.js?0.24223875632456182"></script>
<script defer src="//play.pokemonshowdown.com/data/pokedex.js?0.38839984266356864"></script>
<script defer src="//play.pokemonshowdown.com/data/moves.js?0.21866028504024015"></script>
<script defer src="//play.pokemonshowdown.com/data/abilities.js?0.2005157953846628"></script>
<script defer src="//play.pokemonshowdown.com/data/items.js?0.9894211263848525"></script>
<script defer src="//play.pokemonshowdown.com/data/teambuilder-tables.js?0.6008791140282215"></script>
<script defer src="//play.pokemonshowdown.com/js/battle-tooltips.js?0.7580118955022959"></script>
<script defer src="//play.pokemonshowdown.com/js/battle.js?0.6057722274234274"></script>

<script defer src="js/utils.js?e31f9a17"></script>
<script defer src="js/replays-battle.js?7008c182"></script>

<!-- don't scrape this data! just add .json or .log after the URL!
Full API docs: https://github.com/smogon/pokemon-showdown-client/blob/master/WEB-API.md -->
<script type="text/plain" class="log" id="replaylog-smogtours-gen3ou-793792">
|inactive|Battle timer is ON: inactive players will automatically lose when time's up.
|t:|1727806097
|gametype|singles
|player|p1|marsandback|erika-gen3|
|player|p2|The_App15|ethan|
|teamsize|p1|6
|teamsize|p2|6
|gen|3
|tier|[Gen 3] OU
|rule|Sleep Clause Mod: Limit one foe put to sleep
|rule|Switch Priority Clause Mod: Faster Pokémon switch first
|rule|Species Clause: Limit one of each Pokémon
|rule|OHKO Clause: OHKO moves are banned
|rule|Evasion Items Clause: Evasion items are banned
|rule|Evasion Moves Clause: Evasion moves are banned
|rule|Endless Battle Clause: Forcing endless battles is banned
|rule|HP Percentage Mod: HP is shown in percentages
|rule|One Boost Passer Clause: Limit one Baton Passer that has a way to boost its stats
|rule|Freeze Clause Mod: Limit one foe frozen
|
|t:|1727806097
|start
|switch|p1a: Salamence|Salamence, M|100/100
|switch|p2a: Salamence|Salamence, M|100/100
|-ability|p2a: Salamence|Intimidate|boost
|-unboost|p1a: Salamence|atk|1
|-ability|p1a: Salamence|Intimidate|boost
|-unboost|p2a: Salamence|atk|1
|turn|1
|c|☆marsandback|gl
|c|☆The_App15|glhf
|inactive|marsandback has 270 seconds left.
|inactive|The_App15 has 270 seconds left.
|inactive|The_App15 has 240 seconds left.
|
|t:|1727806158
|switch|p1a: Blissey|Blissey, F|100/100
|move|p2a: Salamence|Dragon Claw|p1a: Blissey
|-damage|p1a: Blissey|85/100
|
|-heal|p1a: Blissey|91/100|[from] item: Leftovers
|upkeep
|turn|2
|
|t:|1727806166
|switch|p2a: Blissey|Blissey, F|100/100
|switch|p1a: Skarmory|Skarmory, M|100/100
|
|upkeep
|turn|3
|
|t:|1727806183
|move|p1a: Skarmory|Spikes|p2a: Blissey
|-sidestart|p2: The_App15|Spikes
|move|p2a: Blissey|Sing|p1a: Skarmory|[miss]
|-miss|p2a: Blissey|p1a: Skarmory
|
|upkeep
|turn|4
|
|t:|1727806194
|switch|p1a: Starmie|Starmie|100/100
|move|p2a: Blissey|Thunderbolt|p1a: Starmie
|-supereffective|p1a: Starmie
|-damage|p1a: Starmie|43/100
|
|-heal|p1a: Starmie|50/100|[from] item: Leftovers
|upkeep
|turn|5
|
|t:|1727806204
|switch|p1a: Celebi|Celebi|100/100
|move|p2a: Blissey|Thunderbolt|p1a: Celebi
|-resisted|p1a: Celebi
|-damage|p1a: Celebi|92/100
|
|-heal|p1a: Celebi|98/100|[from] item: Leftovers
|upkeep
|turn|6
|
|t:|1727806210
|move|p1a: Celebi|Leech Seed|p2a: Blissey
|-start|p2a: Blissey|move: Leech Seed
|move|p2a: Blissey|Sing|p1a: Celebi
|-status|p1a: Celebi|slp|[from] move: Sing
|
|-heal|p1a: Celebi|100/100 slp|[from] item: Leftovers
|-damage|p2a: Blissey|88/100|[from] Leech Seed|[of] p1a: Celebi
|upkeep
|turn|7
|
|t:|1727806239
|-curestatus|p1a: Celebi|slp|[from] ability: Natural Cure
|switch|p1a: Blissey|Blissey, F|91/100
|switch|p2a: Salamence|Salamence, M|100/100
|-ability|p2a: Salamence|Intimidate|boost
|-unboost|p1a: Blissey|atk|1
|
|-heal|p1a: Blissey|97/100|[from] item: Leftovers
|upkeep
|turn|8
|
|t:|1727806250
|switch|p2a: Metagross|Metagross|100/100
|-damage|p2a: Metagross|88/100|[from] Spikes
|move|p1a: Blissey|Wish|p1a: Blissey
|
|-heal|p2a: Metagross|94/100|[from] item: Leftovers
|-heal|p1a: Blissey|100/100|[from] item: Leftovers
|upkeep
|turn|9
|
|t:|1727806270
|switch|p1a: Starmie|Starmie|50/100
|move|p2a: Metagross|Meteor Mash|p1a: Starmie
|-resisted|p1a: Starmie
|-damage|p1a: Starmie|23/100
|
|-heal|p1a: Starmie|73/100|[from] move: Wish|[wisher] Blissey
|-heal|p1a: Starmie|79/100|[from] item: Leftovers
|-heal|p2a: Metagross|99/100|[from] item: Leftovers
|upkeep
|turn|10
|
|t:|1727806278
|switch|p2a: Blissey|Blissey, F|88/100
|-damage|p2a: Blissey|76/100|[from] Spikes
|move|p1a: Starmie|Thunder Wave|p2a: Blissey
|-status|p2a: Blissey|par
|
|-heal|p1a: Starmie|85/100|[from] item: Leftovers
|-heal|p2a: Blissey|82/100 par|[from] item: Leftovers
|upkeep
|turn|11
|
|t:|1727806283
|switch|p1a: Celebi|Celebi|100/100
|move|p2a: Blissey|Ice Beam|p1a: Celebi
|-supereffective|p1a: Celebi
|-damage|p1a: Celebi|66/100
|
|-heal|p1a: Celebi|72/100|[from] item: Leftovers
|-heal|p2a: Blissey|88/100 par|[from] item: Leftovers
|upkeep
|turn|12
|
|t:|1727806298
|move|p1a: Celebi|Leech Seed|p2a: Blissey
|-start|p2a: Blissey|move: Leech Seed
|cant|p2a: Blissey|par
|
|-heal|p1a: Celebi|78/100|[from] item: Leftovers
|-heal|p2a: Blissey|94/100 par|[from] item: Leftovers
|-damage|p2a: Blissey|82/100 par|[from] Leech Seed|[of] p1a: Celebi
|-heal|p1a: Celebi|98/100|[silent]
|upkeep
|turn|13
|
|t:|1727806309
|switch|p1a: Skarmory|Skarmory, M|100/100
|-curestatus|p2a: Blissey|par|[from] ability: Natural Cure
|switch|p2a: Metagross|Metagross|99/100
|-damage|p2a: Metagross|88/100|[from] Spikes
|
|-heal|p2a: Metagross|94/100|[from] item: Leftovers
|upkeep
|turn|14
|
|t:|1727806315
|switch|p2a: Skarmory|Skarmory, F|100/100
|move|p1a: Skarmory|Spikes|p2a: Skarmory
|-sidestart|p2: The_App15|Spikes
|
|upkeep
|turn|15
|
|t:|1727806326
|move|p2a: Skarmory|Spikes|p1a: Skarmory
|-sidestart|p1: marsandback|Spikes
|move|p1a: Skarmory|Spikes|p2a: Skarmory
|-sidestart|p2: The_App15|Spikes
|
|upkeep
|turn|16
|
|t:|1727806335
|move|p2a: Skarmory|Roar|p1a: Skarmory
|drag|p1a: Metagross|Metagross|100/100
|-damage|p1a: Metagross|88/100|[from] Spikes
|
|-heal|p1a: Metagross|94/100|[from] item: Leftovers
|upkeep
|turn|17
|
|t:|1727806341
|switch|p1a: Starmie|Starmie|85/100
|-damage|p1a: Starmie|73/100|[from] Spikes
|move|p2a: Skarmory|Protect||[still]
|-fail|p2a: Skarmory
|
|-heal|p1a: Starmie|79/100|[from] item: Leftovers
|upkeep
|turn|18
|
|t:|1727806369
|move|p1a: Starmie|Rapid Spin|p2a: Skarmory
|-resisted|p2a: Skarmory
|-damage|p2a: Skarmory|99/100
|-sideend|p1: marsandback|Spikes|[from] move: Rapid Spin|[of] p1a: Starmie
|move|p2a: Skarmory|Toxic|p1a: Starmie
|-status|p1a: Starmie|tox
|
|-heal|p1a: Starmie|85/100 tox|[from] item: Leftovers
|-damage|p1a: Starmie|79/100 tox|[from] psn
|-heal|p2a: Skarmory|100/100|[from] item: Leftovers
|upkeep
|turn|19
|
|t:|1727806378
|switch|p2a: Claydol|Claydol|100/100
|move|p1a: Starmie|Thunder Wave|p2a: Claydol
|-immune|p2a: Claydol
|
|-heal|p1a: Starmie|85/100 tox|[from] item: Leftovers
|-damage|p1a: Starmie|73/100 tox|[from] psn
|upkeep
|turn|20
|
|t:|1727806386
|move|p1a: Starmie|Surf|p2a: Claydol
|-supereffective|p2a: Claydol
|-damage|p2a: Claydol|37/100
|move|p2a: Claydol|Rapid Spin|p1a: Starmie
|-damage|p1a: Starmie|67/100 tox
|-sideend|p2: The_App15|Spikes|[from] move: Rapid Spin|[of] p2a: Claydol
|
|-heal|p1a: Starmie|73/100 tox|[from] item: Leftovers
|-damage|p1a: Starmie|55/100 tox|[from] psn
|-heal|p2a: Claydol|43/100|[from] item: Leftovers
|upkeep
|turn|21
|
|t:|1727806400
|-curestatus|p1a: Starmie|tox|[from] ability: Natural Cure
|switch|p1a: Skarmory|Skarmory, M|100/100
|switch|p2a: Blissey|Blissey, F|82/100
|
|-heal|p2a: Blissey|88/100|[from] item: Leftovers
|upkeep
|turn|22
|
|t:|1727806407
|switch|p2a: Claydol|Claydol|43/100
|move|p1a: Skarmory|Spikes|p2a: Claydol
|-sidestart|p2: The_App15|Spikes
|
|-heal|p2a: Claydol|50/100|[from] item: Leftovers
|upkeep
|turn|23
|
|t:|1727806412
|move|p2a: Claydol|Rapid Spin|p1a: Skarmory
|-resisted|p1a: Skarmory
|-damage|p1a: Skarmory|99/100
|-sideend|p2: The_App15|Spikes|[from] move: Rapid Spin|[of] p2a: Claydol
|move|p1a: Skarmory|Toxic|p2a: Claydol
|-status|p2a: Claydol|tox
|
|-heal|p2a: Claydol|56/100 tox|[from] item: Leftovers
|-damage|p2a: Claydol|50/100 tox|[from] psn
|-heal|p1a: Skarmory|100/100|[from] item: Leftovers
|upkeep
|turn|24
|
|t:|1727806424
|switch|p2a: Blissey|Blissey, F|88/100
|move|p1a: Skarmory|Spikes|p2a: Blissey
|-sidestart|p2: The_App15|Spikes
|
|-heal|p2a: Blissey|94/100|[from] item: Leftovers
|upkeep
|turn|25
|
|t:|1727806431
|switch|p1a: Blissey|Blissey, F|100/100
|move|p2a: Blissey|Ice Beam|p1a: Blissey
|-damage|p1a: Blissey|90/100
|
|-heal|p2a: Blissey|99/100|[from] item: Leftovers
|-heal|p1a: Blissey|96/100|[from] item: Leftovers
|upkeep
|turn|26
|
|t:|1727806447
|switch|p2a: Claydol|Claydol|50/100 tox
|move|p1a: Blissey|Wish|p1a: Blissey
|
|-heal|p2a: Claydol|56/100 tox|[from] item: Leftovers
|-damage|p2a: Claydol|50/100 tox|[from] psn
|-heal|p1a: Blissey|100/100|[from] item: Leftovers
|upkeep
|turn|27
|
|t:|1727806450
|move|p2a: Claydol|Rapid Spin|p1a: Blissey
|-damage|p1a: Blissey|96/100
|-sideend|p2: The_App15|Spikes|[from] move: Rapid Spin|[of] p2a: Claydol
|move|p1a: Blissey|Ice Beam|p2a: Claydol
|-supereffective|p2a: Claydol
|-damage|p2a: Claydol|8/100 tox
|
|-heal|p1a: Blissey|100/100|[from] move: Wish|[wisher] Blissey
|-heal|p2a: Claydol|14/100 tox|[from] item: Leftovers
|-damage|p2a: Claydol|2/100 tox|[from] psn
|upkeep
|turn|28
|
|t:|1727806457
|switch|p1a: Skarmory|Skarmory, M|100/100
|move|p2a: Claydol|Explosion|p1a: Skarmory
|-resisted|p1a: Skarmory
|-damage|p1a: Skarmory|52/100
|faint|p2a: Claydol
|
|t:|1727806465
|switch|p2a: Salamence|Salamence, M|100/100
|-ability|p2a: Salamence|Intimidate|boost
|-unboost|p1a: Skarmory|atk|1
|
|-heal|p1a: Skarmory|58/100|[from] item: Leftovers
|upkeep
|turn|29
|
|t:|1727806469
|switch|p1a: Blissey|Blissey, F|100/100
|move|p2a: Salamence|Fire Blast|p1a: Blissey
|-damage|p1a: Blissey|85/100
|-status|p1a: Blissey|brn
|
|-heal|p1a: Blissey|91/100 brn|[from] item: Leftovers
|-damage|p1a: Blissey|79/100 brn|[from] brn
|upkeep
|turn|30
|
|t:|1727806496
|switch|p2a: Metagross|Metagross|94/100
|-curestatus|p1a: Blissey|brn|[from] ability: Natural Cure
|switch|p1a: Celebi|Celebi|98/100
|
|-heal|p1a: Celebi|100/100|[from] item: Leftovers
|-heal|p2a: Metagross|99/100|[from] item: Leftovers
|upkeep
|turn|31
|
|t:|1727806501
|move|p1a: Celebi|Leech Seed|p2a: Metagross
|-start|p2a: Metagross|move: Leech Seed
|move|p2a: Metagross|Meteor Mash|p1a: Celebi
|-damage|p1a: Celebi|63/100
|
|-heal|p1a: Celebi|69/100|[from] item: Leftovers
|-heal|p2a: Metagross|100/100|[from] item: Leftovers
|-damage|p2a: Metagross|88/100|[from] Leech Seed|[of] p1a: Celebi
|-heal|p1a: Celebi|80/100|[silent]
|upkeep
|turn|32
|
|t:|1727806507
|switch|p1a: Skarmory|Skarmory, M|58/100
|move|p2a: Metagross|Meteor Mash|p1a: Skarmory
|-resisted|p1a: Skarmory
|-damage|p1a: Skarmory|39/100
|-boost|p2a: Metagross|atk|1
|
|-heal|p1a: Skarmory|45/100|[from] item: Leftovers
|-heal|p2a: Metagross|94/100|[from] item: Leftovers
|-damage|p2a: Metagross|82/100|[from] Leech Seed|[of] p1a: Skarmory
|-heal|p1a: Skarmory|58/100|[silent]
|upkeep
|turn|33
|
|t:|1727806524
|switch|p2a: Salamence|Salamence, M|100/100
|-ability|p2a: Salamence|Intimidate|boost
|-unboost|p1a: Skarmory|atk|1
|move|p1a: Skarmory|Spikes|p2a: Salamence
|-sidestart|p2: The_App15|Spikes
|
|-heal|p1a: Skarmory|64/100|[from] item: Leftovers
|upkeep
|turn|34
|
|t:|1727806530
|switch|p1a: Blissey|Blissey, F|79/100
|move|p2a: Salamence|Brick Break|p1a: Blissey
|-supereffective|p1a: Blissey
|-damage|p1a: Blissey|33/100
|
|-heal|p1a: Blissey|40/100|[from] item: Leftovers
|upkeep
|turn|35
|
|t:|1727806536
|switch|p1a: Starmie|Starmie|55/100
|move|p2a: Salamence|Brick Break|p1a: Starmie
|-resisted|p1a: Starmie
|-damage|p1a: Starmie|41/100
|
|-heal|p1a: Starmie|47/100|[from] item: Leftovers
|upkeep
|turn|36
|
|t:|1727806542
|switch|p2a: Blissey|Blissey, F|99/100
|-damage|p2a: Blissey|88/100|[from] Spikes
|move|p1a: Starmie|Recover|p1a: Starmie
|-heal|p1a: Starmie|97/100
|
|-heal|p1a: Starmie|100/100|[from] item: Leftovers
|-heal|p2a: Blissey|94/100|[from] item: Leftovers
|upkeep
|turn|37
|
|t:|1727806548
|switch|p1a: Blissey|Blissey, F|40/100
|move|p2a: Blissey|Sing|p1a: Blissey|[miss]
|-miss|p2a: Blissey|p1a: Blissey
|
|-heal|p2a: Blissey|99/100|[from] item: Leftovers
|-heal|p1a: Blissey|46/100|[from] item: Leftovers
|upkeep
|turn|38
|
|t:|1727806554
|switch|p2a: Tyranitar|Tyranitar, F|100/100
|-damage|p2a: Tyranitar|88/100|[from] Spikes
|-weather|Sandstorm|[from] ability: Sand Stream|[of] p2a: Tyranitar
|move|p1a: Blissey|Soft-Boiled|p1a: Blissey
|-heal|p1a: Blissey|96/100
|
|-weather|Sandstorm|[upkeep]
|-damage|p1a: Blissey|90/100|[from] Sandstorm
|-heal|p2a: Tyranitar|94/100|[from] item: Leftovers
|-heal|p1a: Blissey|96/100|[from] item: Leftovers
|upkeep
|turn|39
|
|t:|1727806562
|switch|p1a: Salamence|Salamence, M|100/100
|-ability|p1a: Salamence|Intimidate|boost
|-unboost|p2a: Tyranitar|atk|1
|move|p2a: Tyranitar|Dragon Dance|p2a: Tyranitar
|-boost|p2a: Tyranitar|atk|1
|-boost|p2a: Tyranitar|spe|1
|
|-weather|Sandstorm|[upkeep]
|-damage|p1a: Salamence|94/100|[from] Sandstorm
|-heal|p2a: Tyranitar|100/100|[from] item: Leftovers
|-heal|p1a: Salamence|100/100|[from] item: Leftovers
|upkeep
|turn|40
|
|t:|1727806579
|switch|p1a: Metagross|Metagross|94/100
|move|p2a: Tyranitar|Rock Slide|p1a: Metagross
|-resisted|p1a: Metagross
|-damage|p1a: Metagross|83/100
|
|-weather|Sandstorm|[upkeep]
|-heal|p1a: Metagross|89/100|[from] item: Leftovers
|upkeep
|turn|41
|
|t:|1727806585
|switch|p2a: Skarmory|Skarmory, F|100/100
|move|p1a: Metagross|Meteor Mash|p2a: Skarmory|[miss]
|-miss|p1a: Metagross|p2a: Skarmory
|
|-weather|Sandstorm|[upkeep]
|-heal|p1a: Metagross|95/100|[from] item: Leftovers
|upkeep
|turn|42
|
|t:|1727806591
|switch|p1a: Skarmory|Skarmory, M|64/100
|move|p2a: Skarmory|Spikes|p1a: Skarmory
|-sidestart|p1: marsandback|Spikes
|
|-weather|Sandstorm|[upkeep]
|-heal|p1a: Skarmory|70/100|[from] item: Leftovers
|upkeep
|turn|43
|
|t:|1727806599
|switch|p2a: Tyranitar|Tyranitar, F|100/100
|-damage|p2a: Tyranitar|88/100|[from] Spikes
|move|p1a: Skarmory|Spikes|p2a: Tyranitar
|-sidestart|p2: The_App15|Spikes
|
|-weather|Sandstorm|[upkeep]
|-heal|p2a: Tyranitar|94/100|[from] item: Leftovers
|-heal|p1a: Skarmory|76/100|[from] item: Leftovers
|upkeep
|turn|44
|
|t:|1727806603
|move|p2a: Tyranitar|Dragon Dance|p2a: Tyranitar
|-boost|p2a: Tyranitar|atk|1
|-boost|p2a: Tyranitar|spe|1
|move|p1a: Skarmory|Spikes|p2a: Tyranitar
|-sidestart|p2: The_App15|Spikes
|
|-weather|Sandstorm|[upkeep]
|-heal|p2a: Tyranitar|100/100|[from] item: Leftovers
|-heal|p1a: Skarmory|82/100|[from] item: Leftovers
|upkeep
|turn|45
|
|t:|1727806607
|move|p2a: Tyranitar|Rock Slide|p1a: Skarmory
|-damage|p1a: Skarmory|40/100
|move|p1a: Skarmory|Roar|p2a: Tyranitar
|drag|p2a: Skarmory|Skarmory, F|100/100
|
|-weather|Sandstorm|[upkeep]
|-heal|p1a: Skarmory|46/100|[from] item: Leftovers
|upkeep
|turn|46
|
|t:|1727806624
|switch|p2a: Salamence|Salamence, M|100/100
|-ability|p2a: Salamence|Intimidate|boost
|-unboost|p1a: Skarmory|atk|1
|move|p1a: Skarmory|Roar|p2a: Salamence
|drag|p2a: Skarmory|Skarmory, F|100/100
|
|-weather|Sandstorm|[upkeep]
|-heal|p1a: Skarmory|52/100|[from] item: Leftovers
|upkeep
|turn|47
|
|t:|1727806633
|switch|p1a: Starmie|Starmie|100/100
|-damage|p1a: Starmie|88/100|[from] Spikes
|move|p2a: Skarmory|Roar|p1a: Starmie
|drag|p1a: Salamence|Salamence, M|100/100
|-ability|p1a: Salamence|Intimidate|boost
|-unboost|p2a: Skarmory|atk|1
|
|-weather|Sandstorm|[upkeep]
|-damage|p1a: Salamence|94/100|[from] Sandstorm
|-heal|p1a: Salamence|100/100|[from] item: Leftovers
|upkeep
|turn|48
|
|t:|1727806637
|move|p1a: Salamence|Flamethrower|p2a: Skarmory
|-supereffective|p2a: Skarmory
|-damage|p2a: Skarmory|44/100
|move|p2a: Skarmory|Toxic|p1a: Salamence|[miss]
|-miss|p2a: Skarmory|p1a: Salamence
|
|-weather|Sandstorm|[upkeep]
|-damage|p1a: Salamence|94/100|[from] Sandstorm
|-heal|p1a: Salamence|100/100|[from] item: Leftovers
|-heal|p2a: Skarmory|50/100|[from] item: Leftovers
|upkeep
|turn|49
|
|t:|1727806660
|move|p2a: Skarmory|Protect|p2a: Skarmory
|-singleturn|p2a: Skarmory|Protect
|move|p1a: Salamence|Flamethrower|p2a: Skarmory
|-activate|p2a: Skarmory|Protect
|
|-weather|Sandstorm|[upkeep]
|-damage|p1a: Salamence|94/100|[from] Sandstorm
|-heal|p1a: Salamence|100/100|[from] item: Leftovers
|-heal|p2a: Skarmory|57/100|[from] item: Leftovers
|upkeep
|turn|50
|
|t:|1727806667
|move|p1a: Salamence|Flamethrower|p2a: Skarmory
|-supereffective|p2a: Skarmory
|-damage|p2a: Skarmory|1/100
|move|p2a: Skarmory|Toxic|p1a: Salamence
|-status|p1a: Salamence|tox
|
|-weather|Sandstorm|[upkeep]
|-damage|p1a: Salamence|94/100 tox|[from] Sandstorm
|-heal|p1a: Salamence|100/100 tox|[from] item: Leftovers
|-damage|p1a: Salamence|94/100 tox|[from] psn
|-heal|p2a: Skarmory|7/100|[from] item: Leftovers
|upkeep
|turn|51
|
|t:|1727806671
|move|p2a: Skarmory|Protect|p2a: Skarmory
|-singleturn|p2a: Skarmory|Protect
|move|p1a: Salamence|Dragon Claw|p2a: Skarmory
|-activate|p2a: Skarmory|Protect
|
|-weather|Sandstorm|[upkeep]
|-damage|p1a: Salamence|88/100 tox|[from] Sandstorm
|-heal|p1a: Salamence|94/100 tox|[from] item: Leftovers
|-damage|p1a: Salamence|82/100 tox|[from] psn
|-heal|p2a: Skarmory|13/100|[from] item: Leftovers
|upkeep
|turn|52
|
|t:|1727806679
|switch|p2a: Blissey|Blissey, F|99/100
|-damage|p2a: Blissey|75/100|[from] Spikes
|move|p1a: Salamence|Brick Break|p2a: Blissey
|-supereffective|p2a: Blissey
|-damage|p2a: Blissey|24/100
|
|-weather|Sandstorm|[upkeep]
|-damage|p1a: Salamence|76/100 tox|[from] Sandstorm
|-damage|p2a: Blissey|18/100|[from] Sandstorm
|-heal|p1a: Salamence|82/100 tox|[from] item: Leftovers
|-damage|p1a: Salamence|64/100 tox|[from] psn
|-heal|p2a: Blissey|24/100|[from] item: Leftovers
|upkeep
|turn|53
|
|t:|1727806688
|move|p1a: Salamence|Brick Break|p2a: Blissey
|-supereffective|p2a: Blissey
|-damage|p2a: Blissey|0 fnt
|faint|p2a: Blissey
|
|t:|1727806695
|switch|p2a: Salamence|Salamence, M|100/100
|-ability|p2a: Salamence|Intimidate|boost
|-unboost|p1a: Salamence|atk|1
|
|-weather|Sandstorm|[upkeep]
|-damage|p2a: Salamence|94/100|[from] Sandstorm
|-damage|p1a: Salamence|58/100 tox|[from] Sandstorm
|-heal|p2a: Salamence|100/100|[from] item: Leftovers
|-heal|p1a: Salamence|64/100 tox|[from] item: Leftovers
|-damage|p1a: Salamence|40/100 tox|[from] psn
|upkeep
|turn|54
|
|t:|1727806703
|switch|p1a: Blissey|Blissey, F|96/100
|-damage|p1a: Blissey|83/100|[from] Spikes
|move|p2a: Salamence|Dragon Claw|p1a: Blissey
|-damage|p1a: Blissey|67/100
|
|-weather|Sandstorm|[upkeep]
|-damage|p2a: Salamence|94/100|[from] Sandstorm
|-damage|p1a: Blissey|60/100|[from] Sandstorm
|-heal|p2a: Salamence|100/100|[from] item: Leftovers
|-heal|p1a: Blissey|67/100|[from] item: Leftovers
|upkeep
|turn|55
|
|t:|1727806707
|switch|p2a: Tyranitar|Tyranitar, F|100/100
|-damage|p2a: Tyranitar|76/100|[from] Spikes
|move|p1a: Blissey|Ice Beam|p2a: Tyranitar
|-crit|p2a: Tyranitar
|-damage|p2a: Tyranitar|36/100
|
|-weather|Sandstorm|[upkeep]
|-damage|p1a: Blissey|60/100|[from] Sandstorm
|-heal|p2a: Tyranitar|43/100|[from] item: Leftovers
|-heal|p1a: Blissey|67/100|[from] item: Leftovers
|upkeep
|turn|56
|
|t:|1727806716
|switch|p1a: Metagross|Metagross|95/100
|-damage|p1a: Metagross|83/100|[from] Spikes
|move|p2a: Tyranitar|Dragon Dance|p2a: Tyranitar
|-boost|p2a: Tyranitar|atk|1
|-boost|p2a: Tyranitar|spe|1
|
|-weather|Sandstorm|[upkeep]
|-heal|p2a: Tyranitar|49/100|[from] item: Leftovers
|-heal|p1a: Metagross|89/100|[from] item: Leftovers
|upkeep
|turn|57
|
|t:|1727806742
|move|p2a: Tyranitar|Earthquake|p1a: Metagross
|-supereffective|p1a: Metagross
|-damage|p1a: Metagross|27/100
|move|p1a: Metagross|Meteor Mash|p2a: Tyranitar
|-supereffective|p2a: Tyranitar
|-damage|p2a: Tyranitar|0 fnt
|faint|p2a: Tyranitar
|
|t:|1727806772
|switch|p2a: Skarmory|Skarmory, F|13/100
|
|-weather|Sandstorm|[upkeep]
|-heal|p2a: Skarmory|19/100|[from] item: Leftovers
|-heal|p1a: Metagross|33/100|[from] item: Leftovers
|upkeep
|turn|58
|
|t:|1727806774
|move|p2a: Skarmory|Protect|p2a: Skarmory
|-singleturn|p2a: Skarmory|Protect
|move|p1a: Metagross|Meteor Mash|p2a: Skarmory
|-activate|p2a: Skarmory|Protect
|
|-weather|Sandstorm|[upkeep]
|-heal|p2a: Skarmory|25/100|[from] item: Leftovers
|-heal|p1a: Metagross|39/100|[from] item: Leftovers
|upkeep
|turn|59
|
|t:|1727806777
|move|p1a: Metagross|Meteor Mash|p2a: Skarmory|[miss]
|-miss|p1a: Metagross|p2a: Skarmory
|move|p2a: Skarmory|Roar|p1a: Metagross
|drag|p1a: Starmie|Starmie|88/100
|-damage|p1a: Starmie|76/100|[from] Spikes
|
|-weather|Sandstorm|[upkeep]
|-damage|p1a: Starmie|70/100|[from] Sandstorm
|-heal|p1a: Starmie|76/100|[from] item: Leftovers
|-heal|p2a: Skarmory|31/100|[from] item: Leftovers
|upkeep
|turn|60
|
|t:|1727806783
|move|p2a: Skarmory|Protect|p2a: Skarmory
|-singleturn|p2a: Skarmory|Protect
|move|p1a: Starmie|Recover|p1a: Starmie
|-heal|p1a: Starmie|100/100
|
|-weather|Sandstorm|[upkeep]
|-damage|p1a: Starmie|94/100|[from] Sandstorm
|-heal|p1a: Starmie|100/100|[from] item: Leftovers
|-heal|p2a: Skarmory|37/100|[from] item: Leftovers
|upkeep
|turn|61
|
|t:|1727806786
|move|p1a: Starmie|Surf|p2a: Skarmory
|-damage|p2a: Skarmory|5/100
|move|p2a: Skarmory|Toxic|p1a: Starmie
|-status|p1a: Starmie|tox
|
|-weather|Sandstorm|[upkeep]
|-damage|p1a: Starmie|94/100 tox|[from] Sandstorm
|-heal|p1a: Starmie|100/100 tox|[from] item: Leftovers
|-damage|p1a: Starmie|94/100 tox|[from] psn
|-heal|p2a: Skarmory|11/100|[from] item: Leftovers
|upkeep
|turn|62
|
|t:|1727806791
|move|p2a: Skarmory|Protect|p2a: Skarmory
|-singleturn|p2a: Skarmory|Protect
|move|p1a: Starmie|Surf|p2a: Skarmory
|-activate|p2a: Skarmory|Protect
|
|-weather|Sandstorm|[upkeep]
|-damage|p1a: Starmie|88/100 tox|[from] Sandstorm
|-heal|p1a: Starmie|94/100 tox|[from] item: Leftovers
|-damage|p1a: Starmie|82/100 tox|[from] psn
|-heal|p2a: Skarmory|17/100|[from] item: Leftovers
|upkeep
|turn|63
|
|t:|1727806799
|move|p1a: Starmie|Surf|p2a: Skarmory
|-damage|p2a: Skarmory|0 fnt
|faint|p2a: Skarmory
|
|t:|1727806803
|switch|p2a: Metagross|Metagross|82/100
|-damage|p2a: Metagross|57/100|[from] Spikes
|
|-weather|Sandstorm|[upkeep]
|-damage|p1a: Starmie|76/100 tox|[from] Sandstorm
|-heal|p1a: Starmie|82/100 tox|[from] item: Leftovers
|-damage|p1a: Starmie|63/100 tox|[from] psn
|-heal|p2a: Metagross|63/100|[from] item: Leftovers
|upkeep
|turn|64
|
|t:|1727806811
|-curestatus|p1a: Starmie|tox|[from] ability: Natural Cure
|switch|p1a: Metagross|Metagross|39/100
|-damage|p1a: Metagross|27/100|[from] Spikes
|move|p2a: Metagross|Explosion|p1a: Metagross
|-resisted|p1a: Metagross
|-damage|p1a: Metagross|0 fnt
|faint|p2a: Metagross
|faint|p1a: Metagross
|
|t:|1727806815
|switch|p2a: Salamence|Salamence, M|100/100
|switch|p1a: Salamence|Salamence, M|40/100 tox
|-ability|p2a: Salamence|Intimidate|boost
|-unboost|p1a: Salamence|atk|1
|-ability|p1a: Salamence|Intimidate|boost
|-unboost|p2a: Salamence|atk|1
|
|-weather|Sandstorm|[upkeep]
|-damage|p2a: Salamence|94/100|[from] Sandstorm
|-damage|p1a: Salamence|34/100 tox|[from] Sandstorm
|-heal|p2a: Salamence|100/100|[from] item: Leftovers
|-heal|p1a: Salamence|40/100 tox|[from] item: Leftovers
|-damage|p1a: Salamence|34/100 tox|[from] psn
|upkeep
|turn|65
|
|t:|1727806823
|switch|p1a: Skarmory|Skarmory, M|52/100
|move|p2a: Salamence|Dragon Claw|p1a: Skarmory
|-resisted|p1a: Skarmory
|-crit|p1a: Skarmory
|-damage|p1a: Skarmory|11/100
|
|-weather|Sandstorm|[upkeep]
|-damage|p2a: Salamence|94/100|[from] Sandstorm
|-heal|p2a: Salamence|100/100|[from] item: Leftovers
|-heal|p1a: Skarmory|17/100|[from] item: Leftovers
|upkeep
|turn|66
|
|t:|1727806828
|move|p2a: Salamence|Dragon Claw|p1a: Skarmory
|-resisted|p1a: Skarmory
|-damage|p1a: Skarmory|0 fnt
|faint|p1a: Skarmory
|
|t:|1727806830
|switch|p1a: Starmie|Starmie|63/100
|-damage|p1a: Starmie|51/100|[from] Spikes
|
|-weather|Sandstorm|[upkeep]
|-damage|p1a: Starmie|45/100|[from] Sandstorm
|-damage|p2a: Salamence|94/100|[from] Sandstorm
|-heal|p1a: Starmie|51/100|[from] item: Leftovers
|-heal|p2a: Salamence|100/100|[from] item: Leftovers
|upkeep
|turn|67
|
|t:|1727806833
|move|p1a: Starmie|Thunder Wave|p2a: Salamence
|-status|p2a: Salamence|par
|cant|p2a: Salamence|par
|
|-weather|Sandstorm|[upkeep]
|-damage|p1a: Starmie|45/100|[from] Sandstorm
|-damage|p2a: Salamence|94/100 par|[from] Sandstorm
|-heal|p1a: Starmie|51/100|[from] item: Leftovers
|-heal|p2a: Salamence|100/100 par|[from] item: Leftovers
|upkeep
|turn|68
|
|t:|1727806836
|move|p1a: Starmie|Surf|p2a: Salamence
|-resisted|p2a: Salamence
|-damage|p2a: Salamence|80/100 par
|move|p2a: Salamence|Hidden Power|p1a: Starmie
|-supereffective|p1a: Starmie
|-damage|p1a: Starmie|0 fnt
|faint|p1a: Starmie
|
|t:|1727806839
|switch|p1a: Salamence|Salamence, M|34/100 tox
|-ability|p1a: Salamence|Intimidate|boost
|-unboost|p2a: Salamence|atk|1
|
|-weather|Sandstorm|[upkeep]
|-damage|p1a: Salamence|28/100 tox|[from] Sandstorm
|-damage|p2a: Salamence|74/100 par|[from] Sandstorm
|-heal|p1a: Salamence|34/100 tox|[from] item: Leftovers
|-damage|p1a: Salamence|28/100 tox|[from] psn
|-heal|p2a: Salamence|80/100 par|[from] item: Leftovers
|upkeep
|turn|69
|c|☆marsandback|gg
|
|t:|1727806841
|move|p1a: Salamence|Dragon Claw|p2a: Salamence
|-supereffective|p2a: Salamence
|-crit|p2a: Salamence
|-damage|p2a: Salamence|0 fnt
|faint|p2a: Salamence
|
|win|marsandback
|c|☆The_App15|gg

</script>
<script type="application/json" class="data" id="replaydata-smogtours-gen3ou-793792">
{"id":"smogtours-gen3ou-793792","format":"[Gen 3] OU","players":["marsandback","The_App15"],"uploadtime":1727806841,"views":163,"formatid":"gen3ou","rating":null,"private":1,"password":null}
</script>

<script defer src="js/replays.js?9d40a366"></script>
