<!DOCTYPE html>
<meta charset="utf-8" />
<meta name="viewport" content="width=device-width" />

<title>[Gen 3] OU: Albatross115 vs. almarkowbender - Replays - Pok&eacute;mon Showdown!</title>

<meta name="description" content="Watch a replay of a Pok&eacute;mon battle between Albatross115 and almarkowbender! Format: [Gen 3] OU; Date: Oct 4, 2024" />
<!--

Hey, you! Looking in the source for the replay log?

You can find them in JSON format, just add `.json` at the end of a replay URL.

https://replay.pokemonshowdown.com/gen7randomdoublesbattle-865046831.json

Or, if you only need the log itself, add `.log` instead:

https://replay.pokemonshowdown.com/gen7randomdoublesbattle-865046831.log

-->

<link rel="stylesheet" href="//pokemonshowdown.com/style/global.css?0.023195364461161105" />
<link rel="stylesheet" href="//play.pokemonshowdown.com/style/font-awesome.css?0.13261647063804238" />
<link rel="stylesheet" href="//play.pokemonshowdown.com/style/battle.css?0.8753245789963631" />
<link rel="stylesheet" href="//play.pokemonshowdown.com/style/utilichart.css?0.8627959624976733" />

<!-- Global site tag (gtag.js) - Google Analytics -->
<script async src="https://www.googletagmanager.com/gtag/js?id=UA-26211653-1"></script>
<script>
  window.dataLayer = window.dataLayer || [];
  function gtag(){dataLayer.push(arguments);}
  gtag('js', new Date());

  gtag('config', 'UA-26211653-1');
</script>
<!-- End Google Analytics -->
<!-- Venatus Ad Manager - Install in <HEAD> of page -->
	<script src="https://hb.vntsm.com/v3/live/ad-manager.min.js" type="text/javascript" data-site-id="642aba63ec9a7b11c3c9c1be" data-mode="scan" async></script>
<!-- / Venatus Ad Manager -->

<style>
	@media (max-width:820px) {
		.battle {
			margin: 0 auto;
		}
		.battle-log {
			margin: 7px auto 0;
			max-width: 640px;
			height: 300px;
			position: static;
		}
	}
	.optgroup {
		display: inline-block;
		line-height: 22px;
		font-size: 10pt;
	}
	.optgroup .button {
		height: 25px;
		padding-top: 0;
		padding-bottom: 0;
	}
	.optgroup button.button {
		padding-left: 12px;
		padding-right: 12px;
	}
	.linklist {
		list-style: none;
		margin: 0.5em 0;
		padding: 0;
	}
	.linklist li {
		padding: 2px 0;
	}
	.sidebar {
		float: left;
		width: 320px;
	}
	.bar-wrapper {
		max-width: 1100px;
		margin: 0 auto;
	}
	.bar-wrapper.has-sidebar {
		max-width: 1430px;
	}
	.mainbar {
		margin: 0;
		padding-right: 1px;
	}
	.mainbar.has-sidebar {
		margin-left: 330px;
	}
	@media (min-width: 1511px) {
		.sidebar {
			width: 400px;
		}
		.bar-wrapper.has-sidebar {
			max-width: 1510px;
		}
		.mainbar.has-sidebar {
			margin-left: 410px;
		}
	}
	.section.first-section {
		margin-top: 9px;
	}
	.blocklink small {
		white-space: normal;
	}
	.button {
		vertical-align: middle;
	}
	.replay-controls {
		padding-top: 10px;
	}
	.replay-controls h1 {
		font-size: 16pt;
		font-weight: normal;
		color: #CCC;
	}
	.pagelink {
		text-align: center;
	}
	.pagelink a {
		width: 150px;
	}
	.textbox, .button {
		font-size: 11pt;
		vertical-align: middle;
	}
	@media (max-width: 450px) {
		.button {
			font-size: 9pt;
		}
	}
</style>

<div>

	<header>
		<div class="nav-wrapper"><ul class="nav">
			<li><a class="button nav-first" href="//pokemonshowdown.com/"><img src="//pokemonshowdown.com/images/pokemonshowdownbeta.png" srcset="//pokemonshowdown.com/images/pokemonshowdownbeta.png 1x, //pokemonshowdown.com/images/pokemonshowdownbeta@2x.png 2x" alt="Pok&eacute;mon Showdown" width="146" height="44" /> Home</a></li>
			<li><a class="button" href="//pokemonshowdown.com/dex/">Pok&eacute;dex</a></li>
			<li><a class="button cur" href="/">Replays</a></li>
			<li><a class="button" href="//pokemonshowdown.com/ladder/">Ladder</a></li>
			<li><a class="button nav-last" href="//pokemonshowdown.com/forums/">Forum</a></li>
			<li><a class="button greenbutton nav-first nav-last" href="//play.pokemonshowdown.com/">Play</a></li>
		</ul></div>
	</header>

	<div class="main" id="main">

		<noscript><section class="section">You need to enable JavaScript to use this page; sorry!</section></noscript>

	</div>

</div>

<script defer nomodule src="//play.pokemonshowdown.com/js/lib/ps-polyfill.js"></script>
<script defer src="//play.pokemonshowdown.com/js/lib/preact.min.js"></script>

<script defer src="//play.pokemonshowdown.com/config/config.js?2bddbc15"></script>
<script defer src="//play.pokemonshowdown.com/js/lib/jquery-1.11.0.min.js"></script>
<script defer src="//play.pokemonshowdown.com/js/lib/html-sanitizer-minified.js"></script>
<script defer src="//play.pokemonshowdown.com/js/battle-sound.js"></script>
<script defer src="//play.pokemonshowdown.com/js/battledata.js?0.7209276989879541"></script>
<script defer src="//play.pokemonshowdown.com/data/pokedex-mini.js?0.6111056340867951"></script>
<script defer src="//play.pokemonshowdown.com/data/pokedex-mini-bw.js?0.3532142036491459"></script>
<script defer src="//play.pokemonshowdown.com/data/graphics.js?0.24223875632456182"></script>
<script defer src="//play.pokemonshowdown.com/data/pokedex.js?0.38839984266356864"></script>
<script defer src="//play.pokemonshowdown.com/data/moves.js?0.21866028504024015"></script>
<script defer src="//play.pokemonshowdown.com/data/abilities.js?0.2005157953846628"></script>
<script defer src="//play.pokemonshowdown.com/data/items.js?0.9894211263848525"></script>
<script defer src="//play.pokemonshowdown.com/data/teambuilder-tables.js?0.6008791140282215"></script>
<script defer src="//play.pokemonshowdown.com/js/battle-tooltips.js?0.7580118955022959"></script>
<script defer src="//play.pokemonshowdown.com/js/battle.js?0.6057722274234274"></script>

<script defer src="js/utils.js?e31f9a17"></script>
<script defer src="js/replays-battle.js?7008c182"></script>

<!-- don't scrape this data! just add .json or .log after the URL!
Full API docs: https://github.com/smogon/pokemon-showdown-client/blob/master/WEB-API.md -->
<script type="text/plain" class="log" id="replaylog-smogtours-gen3ou-794702">
|inactive|Battle timer is ON: inactive players will automatically lose when time's up.
|t:|1728074030
|gametype|singles
|player|p1|Albatross115|102|
|player|p2|almarkowbender|101|
|teamsize|p1|6
|teamsize|p2|6
|gen|3
|tier|[Gen 3] OU
|rule|Sleep Clause Mod: Limit one foe put to sleep
|rule|Switch Priority Clause Mod: Faster Pokémon switch first
|rule|Species Clause: Limit one of each Pokémon
|rule|OHKO Clause: OHKO moves are banned
|rule|Evasion Items Clause: Evasion items are banned
|rule|Evasion Moves Clause: Evasion moves are banned
|rule|Endless Battle Clause: Forcing endless battles is banned
|rule|HP Percentage Mod: HP is shown in percentages
|rule|One Boost Passer Clause: Limit one Baton Passer that has a way to boost its stats
|rule|Freeze Clause Mod: Limit one foe frozen
|
|t:|1728074030
|start
|switch|p1a: Suicune|Suicune|100/100
|switch|p2a: Salamence|Salamence, M|100/100
|-ability|p2a: Salamence|Intimidate|boost
|-unboost|p1a: Suicune|atk|1
|turn|1
|
|t:|1728074039
|switch|p2a: Snorlax|Snorlax, F|100/100
|move|p1a: Suicune|Ice Beam|p2a: Snorlax
|-damage|p2a: Snorlax|85/100
|
|-heal|p2a: Snorlax|91/100|[from] item: Leftovers
|upkeep
|turn|2
|c|☆Albatross115|glhf
|c|☆almarkowbender|glhf
|
|t:|1728074056
|switch|p1a: Celebi|Celebi|100/100
|move|p2a: Snorlax|Body Slam|p1a: Celebi
|-damage|p1a: Celebi|63/100
|
|-heal|p1a: Celebi|69/100|[from] item: Leftovers
|-heal|p2a: Snorlax|97/100|[from] item: Leftovers
|upkeep
|turn|3
|
|t:|1728074065
|switch|p2a: Dugtrio|Dugtrio, F|100/100
|move|p1a: Celebi|Leech Seed|p2a: Dugtrio
|-start|p2a: Dugtrio|move: Leech Seed
|
|-damage|p2a: Dugtrio|88/100|[from] Leech Seed|[of] p1a: Celebi
|-heal|p1a: Celebi|76/100|[silent]
|-heal|p1a: Celebi|82/100|[from] item: Leftovers
|upkeep
|turn|4
|
|t:|1728074070
|move|p2a: Dugtrio|Hidden Power|p1a: Celebi
|-supereffective|p1a: Celebi
|-crit|p1a: Celebi
|-damage|p1a: Celebi|0 fnt
|faint|p1a: Celebi
|
|t:|1728074073
|switch|p1a: Dugtrio|Dugtrio, F|100/100
|
|-damage|p2a: Dugtrio|76/100|[from] Leech Seed|[of] p1a: Dugtrio
|upkeep
|turn|5
|
|t:|1728074075
|move|p2a: Dugtrio|Hidden Power|p1a: Dugtrio
|-damage|p1a: Dugtrio|30/100
|move|p1a: Dugtrio|Earthquake|p2a: Dugtrio
|-damage|p2a: Dugtrio|0 fnt
|faint|p2a: Dugtrio
|
|t:|1728074089
|switch|p2a: Salamence|Salamence, M|100/100
|-ability|p2a: Salamence|Intimidate|boost
|-unboost|p1a: Dugtrio|atk|1
|
|upkeep
|turn|6
|
|t:|1728074099
|switch|p1a: Suicune|Suicune|100/100
|move|p2a: Salamence|Hidden Power|p1a: Suicune
|-damage|p1a: Suicune|46/100
|
|-heal|p1a: Suicune|52/100|[from] item: Leftovers
|upkeep
|turn|7
|
|t:|1728074106
|switch|p2a: Snorlax|Snorlax, F|97/100
|switch|p1a: Jirachi|Jirachi|100/100
|
|-heal|p2a: Snorlax|100/100|[from] item: Leftovers
|upkeep
|turn|8
|
|t:|1728074126
|switch|p1a: Suicune|Suicune|52/100
|switch|p2a: Magneton|Magneton|100/100
|
|-heal|p1a: Suicune|58/100|[from] item: Leftovers
|upkeep
|turn|9
|
|t:|1728074136
|switch|p1a: Porygon2|Porygon2|100/100
|-ability|p1a: Porygon2|Magnet Pull|[from] ability: Trace|[of] p2a: Magneton
|switch|p2a: Snorlax|Snorlax, F|100/100
|
|upkeep
|turn|10
|inactive|almarkowbender has 270 seconds left.
|
|t:|1728074174
|switch|p1a: Jirachi|Jirachi|100/100
|switch|p2a: Magneton|Magneton|100/100
|
|upkeep
|turn|11
|
|t:|1728074180
|move|p1a: Jirachi|Calm Mind|p1a: Jirachi
|-boost|p1a: Jirachi|spa|1
|-boost|p1a: Jirachi|spd|1
|move|p2a: Magneton|Thunderbolt|p1a: Jirachi
|-damage|p1a: Jirachi|60/100
|
|-heal|p1a: Jirachi|66/100|[from] item: Leftovers
|upkeep
|turn|12
|
|t:|1728074185
|move|p1a: Jirachi|Fire Punch|p2a: Magneton
|-supereffective|p2a: Magneton
|-damage|p2a: Magneton|0 fnt
|faint|p2a: Magneton
|
|t:|1728074189
|switch|p2a: Snorlax|Snorlax, F|100/100
|
|-heal|p1a: Jirachi|72/100|[from] item: Leftovers
|upkeep
|turn|13
|
|t:|1728074197
|move|p1a: Jirachi|Psychic|p2a: Snorlax
|-damage|p2a: Snorlax|70/100
|move|p2a: Snorlax|Earthquake|p1a: Jirachi
|-supereffective|p1a: Jirachi
|-damage|p1a: Jirachi|6/100
|
|-heal|p1a: Jirachi|12/100|[from] item: Leftovers
|-heal|p2a: Snorlax|76/100|[from] item: Leftovers
|upkeep
|turn|14
|
|t:|1728074204
|move|p1a: Jirachi|Psychic|p2a: Snorlax
|-damage|p2a: Snorlax|43/100
|move|p2a: Snorlax|Earthquake|p1a: Jirachi
|-supereffective|p1a: Jirachi
|-crit|p1a: Jirachi
|-damage|p1a: Jirachi|0 fnt
|faint|p1a: Jirachi
|
|t:|1728074207
|switch|p1a: Dugtrio|Dugtrio, F|30/100
|
|-heal|p2a: Snorlax|49/100|[from] item: Leftovers
|upkeep
|turn|15
|
|t:|1728074211
|move|p1a: Dugtrio|Earthquake|p2a: Snorlax
|-damage|p2a: Snorlax|0 fnt
|faint|p2a: Snorlax
|
|t:|1728074215
|switch|p2a: Salamence|Salamence, M|100/100
|-ability|p2a: Salamence|Intimidate|boost
|-unboost|p1a: Dugtrio|atk|1
|
|upkeep
|turn|16
|
|t:|1728074219
|move|p1a: Dugtrio|Earthquake|p2a: Salamence
|-immune|p2a: Salamence
|move|p2a: Salamence|Hidden Power|p1a: Dugtrio
|-crit|p1a: Dugtrio
|-damage|p1a: Dugtrio|0 fnt
|faint|p1a: Dugtrio
|
|t:|1728074224
|switch|p1a: Porygon2|Porygon2|100/100
|-ability|p1a: Porygon2|Intimidate|[from] ability: Trace|[of] p2a: Salamence
|
|upkeep
|turn|17
|
|t:|1728074235
|switch|p2a: Celebi|Celebi|100/100
|move|p1a: Porygon2|Toxic|p2a: Celebi
|-status|p2a: Celebi|tox
|
|-damage|p2a: Celebi|94/100 tox|[from] psn
|upkeep
|turn|18
|
|t:|1728074242
|move|p2a: Celebi|Leech Seed|p1a: Porygon2
|-start|p1a: Porygon2|move: Leech Seed
|move|p1a: Porygon2|Ice Beam|p2a: Celebi
|-supereffective|p2a: Celebi
|-damage|p2a: Celebi|54/100 tox
|
|-heal|p2a: Celebi|61/100 tox|[from] item: Leftovers
|-damage|p2a: Celebi|48/100 tox|[from] psn
|-damage|p1a: Porygon2|88/100|[from] Leech Seed|[of] p2a: Celebi
|-heal|p2a: Celebi|60/100 tox|[silent]
|upkeep
|turn|19
|
|t:|1728074247
|-curestatus|p2a: Celebi|tox|[from] ability: Natural Cure
|switch|p2a: Swampert|Swampert, M|100/100
|switch|p1a: Suicune|Suicune|58/100
|
|-heal|p1a: Suicune|64/100|[from] item: Leftovers
|upkeep
|turn|20
|
|t:|1728074253
|move|p1a: Suicune|Calm Mind|p1a: Suicune
|-boost|p1a: Suicune|spa|1
|-boost|p1a: Suicune|spd|1
|move|p2a: Swampert|Earthquake|p1a: Suicune
|-damage|p1a: Suicune|33/100
|
|-heal|p1a: Suicune|39/100|[from] item: Leftovers
|upkeep
|turn|21
|
|t:|1728074262
|move|p1a: Suicune|Hydro Pump|p2a: Swampert
|-damage|p2a: Swampert|20/100
|move|p2a: Swampert|Roar|p1a: Suicune
|drag|p1a: Porygon2|Porygon2|88/100
|-ability|p1a: Porygon2|Torrent|[from] ability: Trace|[of] p2a: Swampert
|
|-heal|p1a: Porygon2|94/100|[from] item: Leftovers
|-heal|p2a: Swampert|26/100|[from] item: Leftovers
|upkeep
|turn|22
|
|t:|1728074270
|move|p1a: Porygon2|Ice Beam|p2a: Swampert
|-damage|p2a: Swampert|5/100
|move|p2a: Swampert|Earthquake|p1a: Porygon2
|-damage|p1a: Porygon2|66/100
|
|-heal|p1a: Porygon2|72/100|[from] item: Leftovers
|-heal|p2a: Swampert|12/100|[from] item: Leftovers
|upkeep
|turn|23
|
|t:|1728074275
|move|p1a: Porygon2|Ice Beam|p2a: Swampert
|-damage|p2a: Swampert|0 fnt
|faint|p2a: Swampert
|
|t:|1728074290
|switch|p2a: Celebi|Celebi|60/100
|
|-heal|p2a: Celebi|66/100|[from] item: Leftovers
|-heal|p1a: Porygon2|79/100|[from] item: Leftovers
|upkeep
|turn|24
|
|t:|1728074297
|switch|p1a: Suicune|Suicune|39/100
|move|p2a: Celebi|Leech Seed|p1a: Suicune|[miss]
|-miss|p2a: Celebi|p1a: Suicune
|
|-heal|p1a: Suicune|45/100|[from] item: Leftovers
|-heal|p2a: Celebi|72/100|[from] item: Leftovers
|upkeep
|turn|25
|
|t:|1728074312
|move|p1a: Suicune|Ice Beam|p2a: Celebi
|-supereffective|p2a: Celebi
|-damage|p2a: Celebi|27/100
|move|p2a: Celebi|Leech Seed|p1a: Suicune
|-start|p1a: Suicune|move: Leech Seed
|
|-heal|p1a: Suicune|51/100|[from] item: Leftovers
|-damage|p1a: Suicune|39/100|[from] Leech Seed|[of] p2a: Celebi
|-heal|p2a: Celebi|38/100|[silent]
|-heal|p2a: Celebi|44/100|[from] item: Leftovers
|upkeep
|turn|26
|
|t:|1728074320
|switch|p1a: Raikou|Raikou|100/100
|move|p2a: Celebi|Recover|p2a: Celebi
|-heal|p2a: Celebi|94/100
|
|-heal|p2a: Celebi|100/100|[from] item: Leftovers
|upkeep
|turn|27
|
|t:|1728074324
|move|p1a: Raikou|Substitute|p1a: Raikou
|-start|p1a: Raikou|Substitute
|-damage|p1a: Raikou|76/100
|move|p2a: Celebi|Psychic|p1a: Raikou
|-end|p1a: Raikou|Substitute
|
|-heal|p1a: Raikou|82/100|[from] item: Leftovers
|upkeep
|turn|28
|
|t:|1728074331
|switch|p1a: Porygon2|Porygon2|79/100
|-ability|p1a: Porygon2|Natural Cure|[from] ability: Trace|[of] p2a: Celebi
|move|p2a: Celebi|Psychic|p1a: Porygon2
|-damage|p1a: Porygon2|49/100
|
|-heal|p1a: Porygon2|55/100|[from] item: Leftovers
|upkeep
|turn|29
|
|t:|1728074337
|move|p2a: Celebi|Leech Seed|p1a: Porygon2
|-start|p1a: Porygon2|move: Leech Seed
|move|p1a: Porygon2|Recover|p1a: Porygon2
|-heal|p1a: Porygon2|100/100
|
|-damage|p1a: Porygon2|88/100|[from] Leech Seed|[of] p2a: Celebi
|upkeep
|turn|30
|
|t:|1728074343
|move|p2a: Celebi|Hidden Power|p1a: Porygon2
|-damage|p1a: Porygon2|64/100
|move|p1a: Porygon2|Toxic|p2a: Celebi
|-status|p2a: Celebi|tox
|
|-damage|p2a: Celebi|94/100 tox|[from] psn
|-heal|p1a: Porygon2|70/100|[from] item: Leftovers
|-damage|p1a: Porygon2|58/100|[from] Leech Seed|[of] p2a: Celebi
|-heal|p2a: Celebi|100/100 tox|[silent]
|upkeep
|turn|31
|
|t:|1728074350
|move|p2a: Celebi|Hidden Power|p1a: Porygon2
|-damage|p1a: Porygon2|31/100
|move|p1a: Porygon2|Recover|p1a: Porygon2
|-heal|p1a: Porygon2|81/100
|
|-damage|p2a: Celebi|88/100 tox|[from] psn
|-heal|p1a: Porygon2|87/100|[from] item: Leftovers
|-damage|p1a: Porygon2|75/100|[from] Leech Seed|[of] p2a: Celebi
|-heal|p2a: Celebi|99/100 tox|[silent]
|upkeep
|turn|32
|
|t:|1728074376
|switch|p1a: Suicune|Suicune|39/100
|move|p2a: Celebi|Psychic|p1a: Suicune
|-damage|p1a: Suicune|10/100
|
|-heal|p1a: Suicune|16/100|[from] item: Leftovers
|-heal|p2a: Celebi|100/100 tox|[from] item: Leftovers
|-damage|p2a: Celebi|82/100 tox|[from] psn
|upkeep
|turn|33
|
|t:|1728074386
|move|p1a: Suicune|Ice Beam|p2a: Celebi
|-supereffective|p2a: Celebi
|-damage|p2a: Celebi|34/100 tox
|move|p2a: Celebi|Hidden Power|p1a: Suicune
|-supereffective|p1a: Suicune
|-damage|p1a: Suicune|0 fnt
|faint|p1a: Suicune
|
|t:|1728074394
|switch|p1a: Porygon2|Porygon2|75/100
|-ability|p1a: Porygon2|Natural Cure|[from] ability: Trace|[of] p2a: Celebi
|
|-heal|p2a: Celebi|40/100 tox|[from] item: Leftovers
|-damage|p2a: Celebi|15/100 tox|[from] psn
|-heal|p1a: Porygon2|81/100|[from] item: Leftovers
|upkeep
|turn|34
|
|t:|1728074401
|move|p2a: Celebi|Leech Seed|p1a: Porygon2
|-start|p1a: Porygon2|move: Leech Seed
|move|p1a: Porygon2|Recover|p1a: Porygon2
|-heal|p1a: Porygon2|100/100
|
|-heal|p2a: Celebi|21/100 tox|[from] item: Leftovers
|-damage|p2a: Celebi|0 fnt|[from] psn
|faint|p2a: Celebi
|upkeep
|
|t:|1728074403
|switch|p2a: Salamence|Salamence, M|100/100
|-ability|p2a: Salamence|Intimidate|boost
|-unboost|p1a: Porygon2|atk|1
|turn|35
|
|t:|1728074414
|move|p2a: Salamence|Earthquake|p1a: Porygon2
|-crit|p1a: Porygon2
|-damage|p1a: Porygon2|16/100
|move|p1a: Porygon2|Ice Beam|p2a: Salamence
|-supereffective|p2a: Salamence
|-damage|p2a: Salamence|0 fnt
|faint|p2a: Salamence
|
|win|Albatross115
|c|☆Albatross115|gg
|c|☆almarkowbender|gg
|player|p2|
|c|☆Albatross115|you doing the replays?

</script>
<script type="application/json" class="data" id="replaydata-smogtours-gen3ou-794702">
{"id":"smogtours-gen3ou-794702","format":"[Gen 3] OU","players":["Albatross115","almarkowbender"],"uploadtime":1728074414,"views":95,"formatid":"gen3ou","rating":null,"private":0,"password":null}
</script>

<script defer src="js/replays.js?9d40a366"></script>
