<!DOCTYPE html>
<meta charset="utf-8" />
<meta name="viewport" content="width=device-width" />

<title>[Gen 3] OU: Rambode vs. Dimiswooner - Replays - Pok&eacute;mon Showdown!</title>

<meta name="description" content="Watch a replay of a Pok&eacute;mon battle between Rambode and Dimiswooner! Format: [Gen 3] OU; Date: Oct 15, 2024" />
<!--

Hey, you! Looking in the source for the replay log?

You can find them in JSON format, just add `.json` at the end of a replay URL.

https://replay.pokemonshowdown.com/gen7randomdoublesbattle-865046831.json

Or, if you only need the log itself, add `.log` instead:

https://replay.pokemonshowdown.com/gen7randomdoublesbattle-865046831.log

-->

<link rel="stylesheet" href="//pokemonshowdown.com/style/global.css?0.023195364461161105" />
<link rel="stylesheet" href="//play.pokemonshowdown.com/style/font-awesome.css?0.13261647063804238" />
<link rel="stylesheet" href="//play.pokemonshowdown.com/style/battle.css?0.8753245789963631" />
<link rel="stylesheet" href="//play.pokemonshowdown.com/style/utilichart.css?0.8627959624976733" />

<!-- Global site tag (gtag.js) - Google Analytics -->
<script async src="https://www.googletagmanager.com/gtag/js?id=UA-26211653-1"></script>
<script>
  window.dataLayer = window.dataLayer || [];
  function gtag(){dataLayer.push(arguments);}
  gtag('js', new Date());

  gtag('config', 'UA-26211653-1');
</script>
<!-- End Google Analytics -->
<!-- Venatus Ad Manager - Install in <HEAD> of page -->
	<script src="https://hb.vntsm.com/v3/live/ad-manager.min.js" type="text/javascript" data-site-id="642aba63ec9a7b11c3c9c1be" data-mode="scan" async></script>
<!-- / Venatus Ad Manager -->

<style>
	@media (max-width:820px) {
		.battle {
			margin: 0 auto;
		}
		.battle-log {
			margin: 7px auto 0;
			max-width: 640px;
			height: 300px;
			position: static;
		}
	}
	.optgroup {
		display: inline-block;
		line-height: 22px;
		font-size: 10pt;
	}
	.optgroup .button {
		height: 25px;
		padding-top: 0;
		padding-bottom: 0;
	}
	.optgroup button.button {
		padding-left: 12px;
		padding-right: 12px;
	}
	.linklist {
		list-style: none;
		margin: 0.5em 0;
		padding: 0;
	}
	.linklist li {
		padding: 2px 0;
	}
	.sidebar {
		float: left;
		width: 320px;
	}
	.bar-wrapper {
		max-width: 1100px;
		margin: 0 auto;
	}
	.bar-wrapper.has-sidebar {
		max-width: 1430px;
	}
	.mainbar {
		margin: 0;
		padding-right: 1px;
	}
	.mainbar.has-sidebar {
		margin-left: 330px;
	}
	@media (min-width: 1511px) {
		.sidebar {
			width: 400px;
		}
		.bar-wrapper.has-sidebar {
			max-width: 1510px;
		}
		.mainbar.has-sidebar {
			margin-left: 410px;
		}
	}
	.section.first-section {
		margin-top: 9px;
	}
	.blocklink small {
		white-space: normal;
	}
	.button {
		vertical-align: middle;
	}
	.replay-controls {
		padding-top: 10px;
	}
	.replay-controls h1 {
		font-size: 16pt;
		font-weight: normal;
		color: #CCC;
	}
	.pagelink {
		text-align: center;
	}
	.pagelink a {
		width: 150px;
	}
	.textbox, .button {
		font-size: 11pt;
		vertical-align: middle;
	}
	@media (max-width: 450px) {
		.button {
			font-size: 9pt;
		}
	}
</style>

<div>

	<header>
		<div class="nav-wrapper"><ul class="nav">
			<li><a class="button nav-first" href="//pokemonshowdown.com/"><img src="//pokemonshowdown.com/images/pokemonshowdownbeta.png" srcset="//pokemonshowdown.com/images/pokemonshowdownbeta.png 1x, //pokemonshowdown.com/images/pokemonshowdownbeta@2x.png 2x" alt="Pok&eacute;mon Showdown" width="146" height="44" /> Home</a></li>
			<li><a class="button" href="//pokemonshowdown.com/dex/">Pok&eacute;dex</a></li>
			<li><a class="button cur" href="/">Replays</a></li>
			<li><a class="button" href="//pokemonshowdown.com/ladder/">Ladder</a></li>
			<li><a class="button nav-last" href="//pokemonshowdown.com/forums/">Forum</a></li>
			<li><a class="button greenbutton nav-first nav-last" href="//play.pokemonshowdown.com/">Play</a></li>
		</ul></div>
	</header>

	<div class="main" id="main">

		<noscript><section class="section">You need to enable JavaScript to use this page; sorry!</section></noscript>

	</div>

</div>

<script defer nomodule src="//play.pokemonshowdown.com/js/lib/ps-polyfill.js"></script>
<script defer src="//play.pokemonshowdown.com/js/lib/preact.min.js"></script>

<script defer src="//play.pokemonshowdown.com/config/config.js?2bddbc15"></script>
<script defer src="//play.pokemonshowdown.com/js/lib/jquery-1.11.0.min.js"></script>
<script defer src="//play.pokemonshowdown.com/js/lib/html-sanitizer-minified.js"></script>
<script defer src="//play.pokemonshowdown.com/js/battle-sound.js"></script>
<script defer src="//play.pokemonshowdown.com/js/battledata.js?0.7209276989879541"></script>
<script defer src="//play.pokemonshowdown.com/data/pokedex-mini.js?0.6111056340867951"></script>
<script defer src="//play.pokemonshowdown.com/data/pokedex-mini-bw.js?0.3532142036491459"></script>
<script defer src="//play.pokemonshowdown.com/data/graphics.js?0.24223875632456182"></script>
<script defer src="//play.pokemonshowdown.com/data/pokedex.js?0.38839984266356864"></script>
<script defer src="//play.pokemonshowdown.com/data/moves.js?0.21866028504024015"></script>
<script defer src="//play.pokemonshowdown.com/data/abilities.js?0.2005157953846628"></script>
<script defer src="//play.pokemonshowdown.com/data/items.js?0.9894211263848525"></script>
<script defer src="//play.pokemonshowdown.com/data/teambuilder-tables.js?0.6008791140282215"></script>
<script defer src="//play.pokemonshowdown.com/js/battle-tooltips.js?0.7580118955022959"></script>
<script defer src="//play.pokemonshowdown.com/js/battle.js?0.6057722274234274"></script>

<script defer src="js/utils.js?e31f9a17"></script>
<script defer src="js/replays-battle.js?7008c182"></script>

<!-- don't scrape this data! just add .json or .log after the URL!
Full API docs: https://github.com/smogon/pokemon-showdown-client/blob/master/WEB-API.md -->
<script type="text/plain" class="log" id="replaylog-smogtours-gen3ou-798914">
|inactive|Battle timer is ON: inactive players will automatically lose when time's up.
|t:|1729011042
|gametype|singles
|player|p1|Rambode|volkner|
|player|p2|Dimiswooner|ghetsis-gen5bw|
|teamsize|p1|6
|teamsize|p2|6
|gen|3
|tier|[Gen 3] OU
|rule|Sleep Clause Mod: Limit one foe put to sleep
|rule|Switch Priority Clause Mod: Faster Pokémon switch first
|rule|Species Clause: Limit one of each Pokémon
|rule|OHKO Clause: OHKO moves are banned
|rule|Evasion Items Clause: Evasion items are banned
|rule|Evasion Moves Clause: Evasion moves are banned
|rule|Endless Battle Clause: Forcing endless battles is banned
|rule|HP Percentage Mod: HP is shown in percentages
|rule|One Boost Passer Clause: Limit one Baton Passer that has a way to boost its stats
|rule|Freeze Clause Mod: Limit one foe frozen
|
|t:|1729011042
|start
|switch|p1a: Snorlax|Snorlax, M|100/100
|switch|p2a: Weezing|Weezing, M|100/100
|turn|1
|c|☆Rambode|gl hf
|c|☆Dimiswooner|u too :)
|inactive|Rambode has 270 seconds left.
|
|t:|1729011073
|switch|p1a: Charizard|Charizard, M|100/100
|move|p2a: Weezing|Will-O-Wisp|p1a: Charizard
|-immune|p1a: Charizard
|
|upkeep
|turn|2
|
|t:|1729011087
|switch|p2a: Tentacruel|Tentacruel, F|100/100
|move|p1a: Charizard|Fire Blast|p2a: Tentacruel
|-resisted|p2a: Tentacruel
|-crit|p2a: Tentacruel
|-damage|p2a: Tentacruel|73/100
|
|-heal|p2a: Tentacruel|79/100|[from] item: Leftovers
|upkeep
|turn|3
|inactive|Rambode has 270 seconds left.
|
|t:|1729011122
|switch|p1a: Swampert|Swampert, F|100/100
|move|p2a: Tentacruel|Hydro Pump|p1a: Swampert|[miss]
|-miss|p2a: Tentacruel|p1a: Swampert
|
|-heal|p2a: Tentacruel|86/100|[from] item: Leftovers
|upkeep
|turn|4
|inactive|Rambode has 270 seconds left.
|
|t:|1729011135
|switch|p2a: Venusaur|Venusaur, F|100/100
|move|p1a: Swampert|Earthquake|p2a: Venusaur
|-damage|p2a: Venusaur|66/100
|
|-heal|p2a: Venusaur|72/100|[from] item: Leftovers
|upkeep
|turn|5
|inactive|Rambode has 270 seconds left.
|inactive|Dimiswooner has 270 seconds left.
|
|t:|1729011166
|switch|p1a: Celebi|Celebi|100/100
|move|p2a: Venusaur|Sleep Powder|p1a: Celebi
|-status|p1a: Celebi|slp|[from] move: Sleep Powder
|
|-heal|p2a: Venusaur|78/100|[from] item: Leftovers
|upkeep
|turn|6
|inactive|Dimiswooner has 270 seconds left.
|
|t:|1729011187
|switch|p2a: Gengar|Gengar, F|100/100
|cant|p1a: Celebi|slp
|
|upkeep
|turn|7
|
|t:|1729011200
|-curestatus|p1a: Celebi|slp|[from] ability: Natural Cure
|switch|p1a: Magneton|Magneton|100/100
|move|p2a: Gengar|Ice Punch|p1a: Magneton
|-resisted|p1a: Magneton
|-damage|p1a: Magneton|76/100
|
|upkeep
|turn|8
|inactive|Dimiswooner has 270 seconds left.
|
|t:|1729011220
|switch|p2a: Nidoking|Nidoking, M|100/100
|move|p1a: Magneton|Substitute|p1a: Magneton
|-start|p1a: Magneton|Substitute
|-damage|p1a: Magneton|51/100
|
|upkeep
|turn|9
|inactive|Dimiswooner has 270 seconds left.
|
|t:|1729011227
|move|p1a: Magneton|Hidden Power|p2a: Nidoking
|-crit|p2a: Nidoking
|-damage|p2a: Nidoking|36/100
|move|p2a: Nidoking|Substitute|p2a: Nidoking
|-start|p2a: Nidoking|Substitute
|-damage|p2a: Nidoking|11/100
|
|-heal|p2a: Nidoking|17/100|[from] item: Leftovers
|upkeep
|turn|10
|
|t:|1729011236
|move|p1a: Magneton|Hidden Power|p2a: Nidoking
|-end|p2a: Nidoking|Substitute
|move|p2a: Nidoking|Flamethrower|p1a: Magneton
|-supereffective|p1a: Magneton
|-end|p1a: Magneton|Substitute
|
|-heal|p2a: Nidoking|23/100|[from] item: Leftovers
|upkeep
|turn|11
|inactive|Dimiswooner has 270 seconds left.
|inactive|Dimiswooner has 240 seconds left.
|inactive|Dimiswooner has 210 seconds left.
|
|t:|1729011320
|switch|p2a: Venusaur|Venusaur, F|78/100
|move|p1a: Magneton|Hidden Power|p2a: Venusaur
|-resisted|p2a: Venusaur
|-damage|p2a: Venusaur|73/100
|
|-heal|p2a: Venusaur|79/100|[from] item: Leftovers
|upkeep
|turn|12
|inactive|Rambode has 270 seconds left.
|inactive|Dimiswooner has 210 seconds left.
|
|t:|1729011344
|switch|p1a: Celebi|Celebi|100/100
|move|p2a: Venusaur|Roar|p1a: Celebi
|drag|p1a: Swampert|Swampert, F|100/100
|
|-heal|p2a: Venusaur|85/100|[from] item: Leftovers
|upkeep
|turn|13
|
|t:|1729011382
|switch|p2a: Gengar|Gengar, F|100/100
|switch|p1a: Celebi|Celebi|100/100
|
|upkeep
|turn|14
|
|t:|1729011394
|switch|p1a: Magneton|Magneton|51/100
|move|p2a: Gengar|Destiny Bond|p2a: Gengar
|-singlemove|p2a: Gengar|Destiny Bond
|
|upkeep
|turn|15
|
|t:|1729011408
|switch|p2a: Roselia|Roselia, M, shiny|100/100
|move|p1a: Magneton|Thunderbolt|p2a: Roselia
|-resisted|p2a: Roselia
|-damage|p2a: Roselia|75/100
|
|-heal|p2a: Roselia|82/100|[from] item: Leftovers
|upkeep
|turn|16
|
|t:|1729011419
|switch|p1a: Celebi|Celebi|100/100
|move|p2a: Roselia|Spikes|p1a: Celebi
|-sidestart|p1: Rambode|Spikes
|
|-heal|p2a: Roselia|88/100|[from] item: Leftovers
|upkeep
|turn|17
|
|t:|1729011432
|move|p1a: Celebi|Substitute|p1a: Celebi
|-start|p1a: Celebi|Substitute
|-damage|p1a: Celebi|75/100
|move|p2a: Roselia|Spikes|p1a: Celebi
|-sidestart|p1: Rambode|Spikes
|
|-heal|p1a: Celebi|82/100|[from] item: Leftovers
|-heal|p2a: Roselia|94/100|[from] item: Leftovers
|upkeep
|turn|18
|inactive|Rambode has 270 seconds left.
|
|t:|1729011444
|switch|p2a: Venusaur|Venusaur, F|85/100
|move|p1a: Celebi|Baton Pass|p1a: Celebi
|
|t:|1729011446
|switch|p1a: Charizard|Charizard, M|100/100|[from] Baton Pass
|
|-heal|p2a: Venusaur|91/100|[from] item: Leftovers
|upkeep
|turn|19
|
|t:|1729011453
|switch|p2a: Tentacruel|Tentacruel, F|86/100
|move|p1a: Charizard|Fire Blast|p2a: Tentacruel
|-resisted|p2a: Tentacruel
|-damage|p2a: Tentacruel|72/100
|
|-heal|p2a: Tentacruel|78/100|[from] item: Leftovers
|upkeep
|turn|20
|inactive|Dimiswooner has 210 seconds left.
|inactive|Rambode has 270 seconds left.
|
|t:|1729011482
|move|p1a: Charizard|Hidden Power|p2a: Tentacruel
|-damage|p2a: Tentacruel|32/100
|move|p2a: Tentacruel|Hydro Pump|p1a: Charizard|[miss]
|-miss|p2a: Tentacruel|p1a: Charizard
|
|-heal|p2a: Tentacruel|38/100|[from] item: Leftovers
|upkeep
|turn|21
|inactive|Dimiswooner has 210 seconds left.
|inactive|Dimiswooner has 180 seconds left.
|
|t:|1729011526
|move|p1a: Charizard|Hidden Power|p2a: Tentacruel
|-damage|p2a: Tentacruel|0 fnt
|faint|p2a: Tentacruel
|
|t:|1729011534
|switch|p2a: Roselia|Roselia, M, shiny|94/100
|
|-heal|p2a: Roselia|100/100|[from] item: Leftovers
|upkeep
|turn|22
|
|t:|1729011539
|move|p2a: Roselia|Protect|p2a: Roselia
|-singleturn|p2a: Roselia|Protect
|move|p1a: Charizard|Belly Drum|p1a: Charizard
|-damage|p1a: Charizard|50/100
|-setboost|p1a: Charizard|atk|6|[from] move: Belly Drum
|
|upkeep
|turn|23
|inactive|Dimiswooner has 180 seconds left.
|
|t:|1729011557
|move|p1a: Charizard|Hidden Power|p2a: Roselia
|-supereffective|p2a: Roselia
|-damage|p2a: Roselia|0 fnt
|faint|p2a: Roselia
|inactive|Dimiswooner has 180 seconds left.
|inactive|Dimiswooner has 150 seconds left.
|
|t:|1729011605
|switch|p2a: Gengar|Gengar, F|100/100
|
|upkeep
|turn|24
|
|t:|1729011621
|move|p2a: Gengar|Destiny Bond|p2a: Gengar
|-singlemove|p2a: Gengar|Destiny Bond
|move|p1a: Charizard|Hidden Power|p2a: Gengar
|-crit|p2a: Gengar
|-damage|p2a: Gengar|0 fnt
|faint|p2a: Gengar
|-activate|p2a: Gengar|move: Destiny Bond
|faint|p1a: Charizard
|inactive|Dimiswooner has 150 seconds left.
|
|t:|1729011643
|switch|p2a: Venusaur|Venusaur, F|91/100
|switch|p1a: Magneton|Magneton|51/100
|-damage|p1a: Magneton|35/100|[from] Spikes
|
|-heal|p2a: Venusaur|97/100|[from] item: Leftovers
|upkeep
|turn|25
|
|t:|1729011648
|move|p1a: Magneton|Substitute|p1a: Magneton
|-start|p1a: Magneton|Substitute
|-damage|p1a: Magneton|10/100
|move|p2a: Venusaur|Roar|p1a: Magneton
|drag|p1a: Celebi|Celebi|82/100
|-damage|p1a: Celebi|65/100|[from] Spikes
|
|-heal|p1a: Celebi|71/100|[from] item: Leftovers
|-heal|p2a: Venusaur|100/100|[from] item: Leftovers
|upkeep
|turn|26
|
|t:|1729011655
|move|p1a: Celebi|Recover|p1a: Celebi
|-heal|p1a: Celebi|100/100
|move|p2a: Venusaur|Roar|p1a: Celebi
|drag|p1a: Snorlax|Snorlax, M|100/100
|-damage|p1a: Snorlax|84/100|[from] Spikes
|
|-heal|p1a: Snorlax|90/100|[from] item: Leftovers
|upkeep
|turn|27
|
|t:|1729011667
|switch|p2a: Weezing|Weezing, M|100/100
|move|p1a: Snorlax|Ice Beam|p2a: Weezing
|-damage|p2a: Weezing|70/100
|-status|p2a: Weezing|frz
|
|-heal|p2a: Weezing|76/100 frz|[from] item: Leftovers
|-heal|p1a: Snorlax|96/100|[from] item: Leftovers
|upkeep
|turn|28
|
|t:|1729011680
|switch|p1a: Magneton|Magneton|10/100
|-damage|p1a: Magneton|0 fnt|[from] Spikes
|faint|p1a: Magneton
|
|t:|1729011684
|switch|p1a: Celebi|Celebi|100/100
|-damage|p1a: Celebi|84/100|[from] Spikes
|
|-heal|p1a: Celebi|90/100|[from] item: Leftovers
|-heal|p2a: Weezing|82/100 frz|[from] item: Leftovers
|upkeep
|turn|29
|c|+Msousagamer|Ice beam lax lmfao 
|
|t:|1729011700
|move|p1a: Celebi|Leech Seed|p2a: Weezing
|-start|p2a: Weezing|move: Leech Seed
|cant|p2a: Weezing|frz
|
|-heal|p1a: Celebi|96/100|[from] item: Leftovers
|-heal|p2a: Weezing|88/100 frz|[from] item: Leftovers
|-damage|p2a: Weezing|76/100 frz|[from] Leech Seed|[of] p1a: Celebi
|-heal|p1a: Celebi|100/100|[silent]
|upkeep
|turn|30
|
|t:|1729011710
|switch|p2a: Venusaur|Venusaur, F|100/100
|move|p1a: Celebi|Substitute|p1a: Celebi
|-start|p1a: Celebi|Substitute
|-damage|p1a: Celebi|75/100
|
|-heal|p1a: Celebi|82/100|[from] item: Leftovers
|upkeep
|turn|31
|
|t:|1729011714
|move|p1a: Celebi|Recover|p1a: Celebi
|-heal|p1a: Celebi|100/100
|move|p2a: Venusaur|Roar|p1a: Celebi
|drag|p1a: Snorlax|Snorlax, M|96/100
|-damage|p1a: Snorlax|80/100|[from] Spikes
|
|-heal|p1a: Snorlax|86/100|[from] item: Leftovers
|upkeep
|turn|32
|
|t:|1729011721
|move|p2a: Venusaur|Leech Seed|p1a: Snorlax
|-start|p1a: Snorlax|move: Leech Seed
|move|p1a: Snorlax|Ice Beam|p2a: Venusaur
|-supereffective|p2a: Venusaur
|-crit|p2a: Venusaur
|-damage|p2a: Venusaur|34/100
|
|-heal|p2a: Venusaur|40/100|[from] item: Leftovers
|-heal|p1a: Snorlax|92/100|[from] item: Leftovers
|-damage|p1a: Snorlax|79/100|[from] Leech Seed|[of] p2a: Venusaur
|-heal|p2a: Venusaur|56/100|[silent]
|upkeep
|turn|33
|
|t:|1729011733
|move|p2a: Venusaur|Sleep Powder|p1a: Snorlax
|-status|p1a: Snorlax|slp|[from] move: Sleep Powder
|cant|p1a: Snorlax|slp
|
|-heal|p2a: Venusaur|62/100|[from] item: Leftovers
|-heal|p1a: Snorlax|86/100 slp|[from] item: Leftovers
|-damage|p1a: Snorlax|73/100 slp|[from] Leech Seed|[of] p2a: Venusaur
|-heal|p2a: Venusaur|77/100|[silent]
|upkeep
|turn|34
|
|t:|1729011743
|switch|p1a: Celebi|Celebi|100/100
|-damage|p1a: Celebi|84/100|[from] Spikes
|move|p2a: Venusaur|Leech Seed|p1a: Celebi
|-immune|p1a: Celebi
|
|-heal|p1a: Celebi|90/100|[from] item: Leftovers
|-heal|p2a: Venusaur|83/100|[from] item: Leftovers
|upkeep
|turn|35
|
|t:|1729011752
|move|p1a: Celebi|Recover|p1a: Celebi
|-heal|p1a: Celebi|100/100
|move|p2a: Venusaur|Roar|p1a: Celebi
|drag|p1a: Snorlax|Snorlax, M|73/100 slp
|-damage|p1a: Snorlax|57/100 slp|[from] Spikes
|
|-heal|p2a: Venusaur|90/100|[from] item: Leftovers
|-heal|p1a: Snorlax|63/100 slp|[from] item: Leftovers
|upkeep
|turn|36
|
|t:|1729011781
|switch|p2a: Nidoking|Nidoking, M|23/100
|cant|p1a: Snorlax|slp
|
|-heal|p2a: Nidoking|30/100|[from] item: Leftovers
|-heal|p1a: Snorlax|69/100 slp|[from] item: Leftovers
|upkeep
|turn|37
|
|t:|1729011792
|switch|p1a: Swampert|Swampert, F|100/100
|-damage|p1a: Swampert|84/100|[from] Spikes
|move|p2a: Nidoking|Substitute|p2a: Nidoking
|-start|p2a: Nidoking|Substitute
|-damage|p2a: Nidoking|5/100
|
|-heal|p2a: Nidoking|11/100|[from] item: Leftovers
|-heal|p1a: Swampert|90/100|[from] item: Leftovers
|upkeep
|turn|38
|
|t:|1729011799
|-singleturn|p2a: Nidoking|move: Focus Punch
|move|p1a: Swampert|Ice Beam|p2a: Nidoking
|-supereffective|p2a: Nidoking
|-end|p2a: Nidoking|Substitute
|move|p2a: Nidoking|Focus Punch|p1a: Swampert
|-damage|p1a: Swampert|63/100
|
|-heal|p2a: Nidoking|17/100|[from] item: Leftovers
|-heal|p1a: Swampert|69/100|[from] item: Leftovers
|upkeep
|turn|39
|c|+Msousagamer|0.0
|
|t:|1729011818
|switch|p2a: Venusaur|Venusaur, F|90/100
|move|p1a: Swampert|Ice Beam|p2a: Venusaur
|-supereffective|p2a: Venusaur
|-damage|p2a: Venusaur|61/100
|
|-heal|p2a: Venusaur|67/100|[from] item: Leftovers
|-heal|p1a: Swampert|76/100|[from] item: Leftovers
|upkeep
|turn|40
|
|t:|1729011833
|switch|p1a: Snorlax|Snorlax, M|69/100 slp
|-damage|p1a: Snorlax|52/100 slp|[from] Spikes
|move|p2a: Venusaur|Hidden Power|p1a: Snorlax
|-damage|p1a: Snorlax|38/100 slp
|
|-heal|p2a: Venusaur|73/100|[from] item: Leftovers
|-heal|p1a: Snorlax|45/100 slp|[from] item: Leftovers
|upkeep
|turn|41
|
|t:|1729011839
|move|p2a: Venusaur|Leech Seed|p1a: Snorlax
|-start|p1a: Snorlax|move: Leech Seed
|cant|p1a: Snorlax|slp
|
|-heal|p2a: Venusaur|79/100|[from] item: Leftovers
|-heal|p1a: Snorlax|51/100 slp|[from] item: Leftovers
|-damage|p1a: Snorlax|38/100 slp|[from] Leech Seed|[of] p2a: Venusaur
|-heal|p2a: Venusaur|95/100|[silent]
|upkeep
|turn|42
|
|t:|1729011848
|switch|p2a: Weezing|Weezing, M|76/100 frz
|-curestatus|p1a: Snorlax|slp|[msg]
|move|p1a: Snorlax|Self-Destruct|p2a: Weezing
|-damage|p2a: Weezing|0 fnt
|faint|p1a: Snorlax
|faint|p2a: Weezing
|inactive|Dimiswooner has 210 seconds left.
|
|t:|1729011866
|switch|p2a: Venusaur|Venusaur, F|95/100
|switch|p1a: Celebi|Celebi|100/100
|-damage|p1a: Celebi|84/100|[from] Spikes
|
|-heal|p1a: Celebi|90/100|[from] item: Leftovers
|-heal|p2a: Venusaur|100/100|[from] item: Leftovers
|upkeep
|turn|43
|
|t:|1729011876
|move|p1a: Celebi|Substitute|p1a: Celebi
|-start|p1a: Celebi|Substitute
|-damage|p1a: Celebi|65/100
|move|p2a: Venusaur|Roar|p1a: Celebi
|drag|p1a: Scizor|Scizor, M|100/100
|-damage|p1a: Scizor|84/100|[from] Spikes
|
|upkeep
|turn|44
|
|t:|1729011892
|switch|p1a: Swampert|Swampert, F|76/100
|-damage|p1a: Swampert|59/100|[from] Spikes
|move|p2a: Venusaur|Sleep Powder|p1a: Swampert
|-status|p1a: Swampert|slp|[from] move: Sleep Powder
|
|-heal|p1a: Swampert|65/100 slp|[from] item: Leftovers
|upkeep
|turn|45
|
|t:|1729011910
|switch|p1a: Celebi|Celebi|65/100
|-damage|p1a: Celebi|49/100|[from] Spikes
|move|p2a: Venusaur|Leech Seed|p1a: Celebi
|-immune|p1a: Celebi
|
|-heal|p1a: Celebi|55/100|[from] item: Leftovers
|upkeep
|turn|46
|
|t:|1729011915
|move|p1a: Celebi|Recover|p1a: Celebi
|-heal|p1a: Celebi|100/100
|move|p2a: Venusaur|Roar|p1a: Celebi
|drag|p1a: Swampert|Swampert, F|65/100 slp
|-damage|p1a: Swampert|49/100 slp|[from] Spikes
|
|-heal|p1a: Swampert|55/100 slp|[from] item: Leftovers
|upkeep
|turn|47
|
|t:|1729011928
|switch|p1a: Celebi|Celebi|100/100
|-damage|p1a: Celebi|84/100|[from] Spikes
|move|p2a: Venusaur|Roar|p1a: Celebi
|drag|p1a: Scizor|Scizor, M|84/100
|-damage|p1a: Scizor|67/100|[from] Spikes
|
|upkeep
|turn|48
|
|t:|1729011934
|move|p1a: Scizor|Hidden Power|p2a: Venusaur
|-damage|p2a: Venusaur|74/100
|move|p2a: Venusaur|Leech Seed|p1a: Scizor
|-start|p1a: Scizor|move: Leech Seed
|
|-damage|p1a: Scizor|55/100|[from] Leech Seed|[of] p2a: Venusaur
|-heal|p2a: Venusaur|85/100|[silent]
|-heal|p2a: Venusaur|91/100|[from] item: Leftovers
|upkeep
|turn|49
|inactive|Dimiswooner has 210 seconds left.
|
|t:|1729011953
|switch|p1a: Celebi|Celebi|84/100
|-damage|p1a: Celebi|67/100|[from] Spikes
|move|p2a: Venusaur|Leech Seed|p1a: Celebi
|-immune|p1a: Celebi
|
|-heal|p1a: Celebi|74/100|[from] item: Leftovers
|-heal|p2a: Venusaur|97/100|[from] item: Leftovers
|upkeep
|turn|50
|
|t:|1729011965
|move|p1a: Celebi|Recover|p1a: Celebi
|-heal|p1a: Celebi|100/100
|move|p2a: Venusaur|Roar|p1a: Celebi
|drag|p1a: Scizor|Scizor, M|55/100
|-damage|p1a: Scizor|38/100|[from] Spikes
|
|-heal|p2a: Venusaur|100/100|[from] item: Leftovers
|upkeep
|turn|51
|inactive|Dimiswooner has 210 seconds left.
|
|t:|1729011973
|move|p1a: Scizor|Hidden Power|p2a: Venusaur
|-damage|p2a: Venusaur|74/100
|move|p2a: Venusaur|Roar|p1a: Scizor
|drag|p1a: Celebi|Celebi|100/100
|-damage|p1a: Celebi|84/100|[from] Spikes
|
|-heal|p1a: Celebi|90/100|[from] item: Leftovers
|-heal|p2a: Venusaur|80/100|[from] item: Leftovers
|upkeep
|turn|52
|
|t:|1729011985
|move|p1a: Celebi|Recover|p1a: Celebi
|-heal|p1a: Celebi|100/100
|move|p2a: Venusaur|Roar|p1a: Celebi
|drag|p1a: Scizor|Scizor, M|38/100
|-damage|p1a: Scizor|22/100|[from] Spikes
|
|-enditem|p1a: Scizor|Liechi Berry|[eat]
|-boost|p1a: Scizor|atk|1|[from] item: Liechi Berry
|-heal|p2a: Venusaur|86/100|[from] item: Leftovers
|upkeep
|turn|53
|
|t:|1729011991
|move|p1a: Scizor|Hidden Power|p2a: Venusaur
|-damage|p2a: Venusaur|43/100
|move|p2a: Venusaur|Leech Seed|p1a: Scizor
|-start|p1a: Scizor|move: Leech Seed
|
|-damage|p1a: Scizor|10/100|[from] Leech Seed|[of] p2a: Venusaur
|-heal|p2a: Venusaur|54/100|[silent]
|-heal|p2a: Venusaur|60/100|[from] item: Leftovers
|upkeep
|turn|54
|inactive|Dimiswooner has 210 seconds left.
|
|t:|1729012015
|switch|p2a: Nidoking|Nidoking, M|17/100
|move|p1a: Scizor|Reversal|p2a: Nidoking
|-resisted|p2a: Nidoking
|-damage|p2a: Nidoking|0 fnt
|faint|p2a: Nidoking
|inactive|Dimiswooner has 210 seconds left.
|
|t:|1729012021
|switch|p2a: Venusaur|Venusaur, F|60/100
|
|-damage|p1a: Scizor|0 fnt|[from] Leech Seed|[of] p2a: Venusaur
|-heal|p2a: Venusaur|68/100|[silent]
|faint|p1a: Scizor
|-heal|p2a: Venusaur|74/100|[from] item: Leftovers
|upkeep
|c|+Msousagamer|The venusaur that could
|
|t:|1729012033
|switch|p1a: Swampert|Swampert, F|55/100 slp
|-damage|p1a: Swampert|39/100 slp|[from] Spikes
|turn|55
|
|t:|1729012040
|move|p2a: Venusaur|Hidden Power|p1a: Swampert
|-supereffective|p1a: Swampert
|-damage|p1a: Swampert|0 fnt
|faint|p1a: Swampert
|
|t:|1729012042
|switch|p1a: Celebi|Celebi|100/100
|-damage|p1a: Celebi|84/100|[from] Spikes
|
|-heal|p1a: Celebi|90/100|[from] item: Leftovers
|-heal|p2a: Venusaur|80/100|[from] item: Leftovers
|upkeep
|turn|56
|
|t:|1729012048
|move|p1a: Celebi|Baton Pass||[still]
|-fail|p1a: Celebi
|move|p2a: Venusaur|Sleep Powder|p1a: Celebi
|-status|p1a: Celebi|slp|[from] move: Sleep Powder
|
|-heal|p1a: Celebi|96/100 slp|[from] item: Leftovers
|-heal|p2a: Venusaur|86/100|[from] item: Leftovers
|upkeep
|turn|57
|c|+Msousagamer|Fun game to watch sad Venu loses smh
|
|t:|1729012079
|cant|p1a: Celebi|slp
|move|p2a: Venusaur|Hidden Power|p1a: Celebi
|-resisted|p1a: Celebi
|-damage|p1a: Celebi|87/100 slp
|
|-heal|p1a: Celebi|93/100 slp|[from] item: Leftovers
|-heal|p2a: Venusaur|92/100|[from] item: Leftovers
|upkeep
|turn|58
|
|t:|1729012088
|cant|p1a: Celebi|slp
|move|p2a: Venusaur|Hidden Power|p1a: Celebi
|-resisted|p1a: Celebi
|-damage|p1a: Celebi|82/100 slp
|
|-heal|p1a: Celebi|89/100 slp|[from] item: Leftovers
|-heal|p2a: Venusaur|98/100|[from] item: Leftovers
|upkeep
|turn|59
|inactive|Dimiswooner has 240 seconds left.
|
|t:|1729012094
|-curestatus|p1a: Celebi|slp|[msg]
|move|p1a: Celebi|Baton Pass||[still]
|-fail|p1a: Celebi
|move|p2a: Venusaur|Hidden Power|p1a: Celebi
|-resisted|p1a: Celebi
|-crit|p1a: Celebi
|-damage|p1a: Celebi|68/100
|
|-heal|p1a: Celebi|74/100|[from] item: Leftovers
|-heal|p2a: Venusaur|100/100|[from] item: Leftovers
|upkeep
|turn|60
|
|t:|1729012103
|move|p1a: Celebi|Recover|p1a: Celebi
|-heal|p1a: Celebi|100/100
|move|p2a: Venusaur|Sleep Powder|p1a: Celebi
|-status|p1a: Celebi|slp|[from] move: Sleep Powder
|
|upkeep
|turn|61
|
|t:|1729012109
|cant|p1a: Celebi|slp
|move|p2a: Venusaur|Hidden Power|p1a: Celebi
|-resisted|p1a: Celebi
|-damage|p1a: Celebi|91/100 slp
|
|-heal|p1a: Celebi|97/100 slp|[from] item: Leftovers
|upkeep
|turn|62
|
|t:|1729012122
|-curestatus|p1a: Celebi|slp|[msg]
|move|p1a: Celebi|Baton Pass||[still]
|-fail|p1a: Celebi
|move|p2a: Venusaur|Hidden Power|p1a: Celebi
|-resisted|p1a: Celebi
|-damage|p1a: Celebi|87/100
|
|-heal|p1a: Celebi|94/100|[from] item: Leftovers
|upkeep
|turn|63
|
|t:|1729012125
|move|p1a: Celebi|Baton Pass||[still]
|-fail|p1a: Celebi
|move|p2a: Venusaur|Hidden Power|p1a: Celebi
|-resisted|p1a: Celebi
|-damage|p1a: Celebi|84/100
|
|-heal|p1a: Celebi|90/100|[from] item: Leftovers
|upkeep
|turn|64
|
|t:|1729012130
|move|p1a: Celebi|Baton Pass||[still]
|-fail|p1a: Celebi
|move|p2a: Venusaur|Hidden Power|p1a: Celebi
|-resisted|p1a: Celebi
|-damage|p1a: Celebi|79/100
|
|-heal|p1a: Celebi|85/100|[from] item: Leftovers
|upkeep
|turn|65
|
|t:|1729012141
|move|p1a: Celebi|Baton Pass||[still]
|-fail|p1a: Celebi
|move|p2a: Venusaur|Hidden Power|p1a: Celebi
|-resisted|p1a: Celebi
|-damage|p1a: Celebi|76/100
|
|-heal|p1a: Celebi|82/100|[from] item: Leftovers
|upkeep
|turn|66
|
|t:|1729012154
|move|p1a: Celebi|Baton Pass||[still]
|-fail|p1a: Celebi
|move|p2a: Venusaur|Hidden Power|p1a: Celebi
|-resisted|p1a: Celebi
|-damage|p1a: Celebi|72/100
|
|-heal|p1a: Celebi|78/100|[from] item: Leftovers
|upkeep
|turn|67
|
|t:|1729012158
|move|p1a: Celebi|Baton Pass||[still]
|-fail|p1a: Celebi
|move|p2a: Venusaur|Hidden Power|p1a: Celebi
|-resisted|p1a: Celebi
|-damage|p1a: Celebi|68/100
|
|-heal|p1a: Celebi|74/100|[from] item: Leftovers
|upkeep
|turn|68
|
|t:|1729012161
|move|p1a: Celebi|Baton Pass||[still]
|-fail|p1a: Celebi
|move|p2a: Venusaur|Sleep Powder|p1a: Celebi
|-status|p1a: Celebi|slp|[from] move: Sleep Powder
|
|-heal|p1a: Celebi|80/100 slp|[from] item: Leftovers
|upkeep
|turn|69
|
|t:|1729012164
|cant|p1a: Celebi|slp
|move|p2a: Venusaur|Hidden Power|p1a: Celebi
|-resisted|p1a: Celebi
|-damage|p1a: Celebi|71/100 slp
|
|-heal|p1a: Celebi|77/100 slp|[from] item: Leftovers
|upkeep
|turn|70
|
|t:|1729012167
|cant|p1a: Celebi|slp
|move|p2a: Venusaur|Hidden Power|p1a: Celebi
|-resisted|p1a: Celebi
|-damage|p1a: Celebi|67/100 slp
|
|-heal|p1a: Celebi|73/100 slp|[from] item: Leftovers
|upkeep
|turn|71
|
|t:|1729012169
|cant|p1a: Celebi|slp
|move|p2a: Venusaur|Hidden Power|p1a: Celebi
|-resisted|p1a: Celebi
|-damage|p1a: Celebi|62/100 slp
|
|-heal|p1a: Celebi|68/100 slp|[from] item: Leftovers
|upkeep
|turn|72
|
|t:|1729012173
|cant|p1a: Celebi|slp
|move|p2a: Venusaur|Sleep Powder|p1a: Celebi|[miss]
|-miss|p2a: Venusaur|p1a: Celebi
|
|-heal|p1a: Celebi|74/100 slp|[from] item: Leftovers
|upkeep
|turn|73
|
|t:|1729012176
|-curestatus|p1a: Celebi|slp|[msg]
|move|p1a: Celebi|Substitute|p1a: Celebi
|-start|p1a: Celebi|Substitute
|-damage|p1a: Celebi|49/100
|move|p2a: Venusaur|Sleep Powder||[still]
|-fail|p2a: Venusaur
|
|-heal|p1a: Celebi|55/100|[from] item: Leftovers
|upkeep
|turn|74
|
|t:|1729012182
|move|p1a: Celebi|Recover|p1a: Celebi
|-heal|p1a: Celebi|100/100
|move|p2a: Venusaur|Hidden Power|p1a: Celebi
|-resisted|p1a: Celebi
|-activate|p1a: Celebi|Substitute|[damage]
|
|upkeep
|turn|75
|
|t:|1729012189
|move|p1a: Celebi|Baton Pass||[still]
|-fail|p1a: Celebi
|move|p2a: Venusaur|Roar||[still]
|-fail|p2a: Venusaur
|
|upkeep
|turn|76
|
|t:|1729012191
|move|p1a: Celebi|Baton Pass||[still]
|-fail|p1a: Celebi
|move|p2a: Venusaur|Roar||[still]
|-fail|p2a: Venusaur
|
|upkeep
|turn|77
|
|t:|1729012201
|move|p1a: Celebi|Baton Pass||[still]
|-fail|p1a: Celebi
|move|p2a: Venusaur|Hidden Power|p1a: Celebi
|-resisted|p1a: Celebi
|-activate|p1a: Celebi|Substitute|[damage]
|
|upkeep
|turn|78
|c|☆Dimiswooner|im trying to remember how struggle works in gen 3
|inactive|Dimiswooner has 270 seconds left.
|c|☆Rambode|!dt struggle
|raw|<ul class="utilichart"><li class="result"><span class="col movenamecol"><a href="https://dex.pokemonshowdown.com/moves/struggle">Struggle<\/a><\/span> <span class="col typecol"><img src="//play.pokemonshowdown.com/sprites/types/Normal.png" alt="Normal" width="32" height="14"><img src="//play.pokemonshowdown.com/sprites/categories/Physical.png" alt="Physical" width="32" height="14"><\/span> <span class="col labelcol"><em>Power<\/em><br>50<\/span> <span class="col widelabelcol"><em>Accuracy<\/em><br>100%<\/span> <span class="col pplabelcol"><em>PP<\/em><br>1<\/span> <span class="col movedesccol">User loses 1/4 the HP lost by the target.<\/span> <\/li><li style="clear:both"><\/li><\/ul>
|raw|<font size="1"><font color="#686868">Priority:<\/font> 0&nbsp;|&ThickSpace;<font color="#686868">Gen:<\/font> 1&nbsp;|&ThickSpace;&#10003; Contact&nbsp;|&ThickSpace;<font color="#686868">Target:<\/font> Random Adjacent Opposing Pokémon<\/font>

|c|☆Dimiswooner|hm okay yeah this is losing
|-message|Dimiswooner forfeited.
|
|win|Rambode
|c|☆Rambode|gg
|c|☆Dimiswooner|gg
|c|☆Dimiswooner|mono poison almost made it
|player|p1|

</script>
<script type="application/json" class="data" id="replaydata-smogtours-gen3ou-798914">
{"id":"smogtours-gen3ou-798914","format":"[Gen 3] OU","players":["Rambode","Dimiswooner"],"uploadtime":1729012258,"views":139,"formatid":"gen3ou","rating":null,"private":0,"password":null}
</script>

<script defer src="js/replays.js?9d40a366"></script>
