<!DOCTYPE html>
<meta charset="utf-8" />
<meta name="viewport" content="width=device-width" />

<title>[Gen 3] OU: GarhamSandich vs. WraxiusGaming - Replays - Pok&eacute;mon Showdown!</title>

<meta name="description" content="Watch a replay of a Pok&eacute;mon battle between GarhamSandich and WraxiusGaming! Format: [Gen 3] OU; Date: Oct 31, 2024" />
<!--

Hey, you! Looking in the source for the replay log?

You can find them in JSON format, just add `.json` at the end of a replay URL.

https://replay.pokemonshowdown.com/gen7randomdoublesbattle-865046831.json

Or, if you only need the log itself, add `.log` instead:

https://replay.pokemonshowdown.com/gen7randomdoublesbattle-865046831.log

-->

<link rel="stylesheet" href="//pokemonshowdown.com/style/global.css?0.023195364461161105" />
<link rel="stylesheet" href="//play.pokemonshowdown.com/style/font-awesome.css?0.13261647063804238" />
<link rel="stylesheet" href="//play.pokemonshowdown.com/style/battle.css?0.8753245789963631" />
<link rel="stylesheet" href="//play.pokemonshowdown.com/style/utilichart.css?0.8627959624976733" />

<!-- Global site tag (gtag.js) - Google Analytics -->
<script async src="https://www.googletagmanager.com/gtag/js?id=UA-26211653-1"></script>
<script>
  window.dataLayer = window.dataLayer || [];
  function gtag(){dataLayer.push(arguments);}
  gtag('js', new Date());

  gtag('config', 'UA-26211653-1');
</script>
<!-- End Google Analytics -->
<!-- Venatus Ad Manager - Install in <HEAD> of page -->
	<script src="https://hb.vntsm.com/v3/live/ad-manager.min.js" type="text/javascript" data-site-id="642aba63ec9a7b11c3c9c1be" data-mode="scan" async></script>
<!-- / Venatus Ad Manager -->

<style>
	@media (max-width:820px) {
		.battle {
			margin: 0 auto;
		}
		.battle-log {
			margin: 7px auto 0;
			max-width: 640px;
			height: 300px;
			position: static;
		}
	}
	.optgroup {
		display: inline-block;
		line-height: 22px;
		font-size: 10pt;
	}
	.optgroup .button {
		height: 25px;
		padding-top: 0;
		padding-bottom: 0;
	}
	.optgroup button.button {
		padding-left: 12px;
		padding-right: 12px;
	}
	.linklist {
		list-style: none;
		margin: 0.5em 0;
		padding: 0;
	}
	.linklist li {
		padding: 2px 0;
	}
	.sidebar {
		float: left;
		width: 320px;
	}
	.bar-wrapper {
		max-width: 1100px;
		margin: 0 auto;
	}
	.bar-wrapper.has-sidebar {
		max-width: 1430px;
	}
	.mainbar {
		margin: 0;
		padding-right: 1px;
	}
	.mainbar.has-sidebar {
		margin-left: 330px;
	}
	@media (min-width: 1511px) {
		.sidebar {
			width: 400px;
		}
		.bar-wrapper.has-sidebar {
			max-width: 1510px;
		}
		.mainbar.has-sidebar {
			margin-left: 410px;
		}
	}
	.section.first-section {
		margin-top: 9px;
	}
	.blocklink small {
		white-space: normal;
	}
	.button {
		vertical-align: middle;
	}
	.replay-controls {
		padding-top: 10px;
	}
	.replay-controls h1 {
		font-size: 16pt;
		font-weight: normal;
		color: #CCC;
	}
	.pagelink {
		text-align: center;
	}
	.pagelink a {
		width: 150px;
	}
	.textbox, .button {
		font-size: 11pt;
		vertical-align: middle;
	}
	@media (max-width: 450px) {
		.button {
			font-size: 9pt;
		}
	}
</style>

<div>

	<header>
		<div class="nav-wrapper"><ul class="nav">
			<li><a class="button nav-first" href="//pokemonshowdown.com/"><img src="//pokemonshowdown.com/images/pokemonshowdownbeta.png" srcset="//pokemonshowdown.com/images/pokemonshowdownbeta.png 1x, //pokemonshowdown.com/images/pokemonshowdownbeta@2x.png 2x" alt="Pok&eacute;mon Showdown" width="146" height="44" /> Home</a></li>
			<li><a class="button" href="//pokemonshowdown.com/dex/">Pok&eacute;dex</a></li>
			<li><a class="button cur" href="/">Replays</a></li>
			<li><a class="button" href="//pokemonshowdown.com/ladder/">Ladder</a></li>
			<li><a class="button nav-last" href="//pokemonshowdown.com/forums/">Forum</a></li>
			<li><a class="button greenbutton nav-first nav-last" href="//play.pokemonshowdown.com/">Play</a></li>
		</ul></div>
	</header>

	<div class="main" id="main">

		<noscript><section class="section">You need to enable JavaScript to use this page; sorry!</section></noscript>

	</div>

</div>

<script defer nomodule src="//play.pokemonshowdown.com/js/lib/ps-polyfill.js"></script>
<script defer src="//play.pokemonshowdown.com/js/lib/preact.min.js"></script>

<script defer src="//play.pokemonshowdown.com/config/config.js?2bddbc15"></script>
<script defer src="//play.pokemonshowdown.com/js/lib/jquery-1.11.0.min.js"></script>
<script defer src="//play.pokemonshowdown.com/js/lib/html-sanitizer-minified.js"></script>
<script defer src="//play.pokemonshowdown.com/js/battle-sound.js"></script>
<script defer src="//play.pokemonshowdown.com/js/battledata.js?0.7209276989879541"></script>
<script defer src="//play.pokemonshowdown.com/data/pokedex-mini.js?0.6111056340867951"></script>
<script defer src="//play.pokemonshowdown.com/data/pokedex-mini-bw.js?0.3532142036491459"></script>
<script defer src="//play.pokemonshowdown.com/data/graphics.js?0.24223875632456182"></script>
<script defer src="//play.pokemonshowdown.com/data/pokedex.js?0.38839984266356864"></script>
<script defer src="//play.pokemonshowdown.com/data/moves.js?0.21866028504024015"></script>
<script defer src="//play.pokemonshowdown.com/data/abilities.js?0.2005157953846628"></script>
<script defer src="//play.pokemonshowdown.com/data/items.js?0.9894211263848525"></script>
<script defer src="//play.pokemonshowdown.com/data/teambuilder-tables.js?0.6008791140282215"></script>
<script defer src="//play.pokemonshowdown.com/js/battle-tooltips.js?0.7580118955022959"></script>
<script defer src="//play.pokemonshowdown.com/js/battle.js?0.6057722274234274"></script>

<script defer src="js/utils.js?e31f9a17"></script>
<script defer src="js/replays-battle.js?7008c182"></script>

<!-- don't scrape this data! just add .json or .log after the URL!
Full API docs: https://github.com/smogon/pokemon-showdown-client/blob/master/WEB-API.md -->
<script type="text/plain" class="log" id="replaylog-smogtours-gen3ou-803599">
|inactive|Battle timer is ON: inactive players will automatically lose when time's up.
|t:|1730397753
|gametype|singles
|player|p1|GarhamSandich|265|
|player|p2|WraxiusGaming|marley|
|teamsize|p1|6
|teamsize|p2|6
|gen|3
|tier|[Gen 3] OU
|rule|Sleep Clause Mod: Limit one foe put to sleep
|rule|Switch Priority Clause Mod: Faster Pokémon switch first
|rule|Species Clause: Limit one of each Pokémon
|rule|OHKO Clause: OHKO moves are banned
|rule|Evasion Items Clause: Evasion items are banned
|rule|Evasion Moves Clause: Evasion moves are banned
|rule|Endless Battle Clause: Forcing endless battles is banned
|rule|HP Percentage Mod: HP is shown in percentages
|rule|One Boost Passer Clause: Limit one Baton Passer that has a way to boost its stats
|rule|Freeze Clause Mod: Limit one foe frozen
|
|t:|1730397753
|start
|switch|p1a: Jynx|Jynx, F|100/100
|switch|p2a: Tyranitar|Tyranitar, F|100/100
|-weather|Sandstorm|[from] ability: Sand Stream|[of] p2a: Tyranitar
|turn|1
|
|t:|1730397763
|switch|p1a: Swampert|Swampert, F|100/100
|move|p2a: Tyranitar|Dragon Dance|p2a: Tyranitar
|-boost|p2a: Tyranitar|atk|1
|-boost|p2a: Tyranitar|spe|1
|
|-weather|Sandstorm|[upkeep]
|upkeep
|turn|2
|
|t:|1730397768
|switch|p2a: Celebi|Celebi|100/100
|move|p1a: Swampert|Surf|p2a: Celebi
|-resisted|p2a: Celebi
|-damage|p2a: Celebi|88/100
|
|-weather|Sandstorm|[upkeep]
|-damage|p2a: Celebi|82/100|[from] Sandstorm
|-heal|p2a: Celebi|88/100|[from] item: Leftovers
|upkeep
|turn|3
|
|t:|1730397772
|switch|p1a: Celebi|Celebi|100/100
|move|p2a: Celebi|Leech Seed|p1a: Celebi
|-immune|p1a: Celebi
|
|-weather|Sandstorm|[upkeep]
|-damage|p1a: Celebi|94/100|[from] Sandstorm
|-damage|p2a: Celebi|82/100|[from] Sandstorm
|-heal|p1a: Celebi|100/100|[from] item: Leftovers
|-heal|p2a: Celebi|88/100|[from] item: Leftovers
|upkeep
|turn|4
|
|t:|1730397793
|move|p1a: Celebi|Calm Mind|p1a: Celebi
|-boost|p1a: Celebi|spa|1
|-boost|p1a: Celebi|spd|1
|move|p2a: Celebi|Hidden Power|p1a: Celebi
|-supereffective|p1a: Celebi
|-damage|p1a: Celebi|77/100
|
|-weather|Sandstorm|[upkeep]
|-damage|p1a: Celebi|71/100|[from] Sandstorm
|-damage|p2a: Celebi|82/100|[from] Sandstorm
|-heal|p1a: Celebi|77/100|[from] item: Leftovers
|-heal|p2a: Celebi|88/100|[from] item: Leftovers
|upkeep
|turn|5
|
|t:|1730397802
|switch|p2a: Aerodactyl|Aerodactyl, F|100/100
|move|p1a: Celebi|Baton Pass|p1a: Celebi
|
|t:|1730397809
|switch|p1a: Swampert|Swampert, F|100/100|[from] Baton Pass
|
|-weather|Sandstorm|[upkeep]
|upkeep
|turn|6
|
|t:|1730397818
|switch|p2a: Celebi|Celebi|88/100
|move|p1a: Swampert|Toxic|p2a: Celebi
|-status|p2a: Celebi|tox
|
|-weather|Sandstorm|[upkeep]
|-damage|p2a: Celebi|82/100 tox|[from] Sandstorm
|-heal|p2a: Celebi|88/100 tox|[from] item: Leftovers
|-damage|p2a: Celebi|82/100 tox|[from] psn
|upkeep
|turn|7
|
|t:|1730397822
|switch|p1a: Celebi|Celebi|77/100
|move|p2a: Celebi|Leech Seed|p1a: Celebi
|-immune|p1a: Celebi
|
|-weather|Sandstorm|[upkeep]
|-damage|p1a: Celebi|71/100|[from] Sandstorm
|-damage|p2a: Celebi|76/100 tox|[from] Sandstorm
|-heal|p1a: Celebi|77/100|[from] item: Leftovers
|-heal|p2a: Celebi|82/100 tox|[from] item: Leftovers
|-damage|p2a: Celebi|70/100 tox|[from] psn
|upkeep
|turn|8
|
|t:|1730397826
|-curestatus|p2a: Celebi|tox|[from] ability: Natural Cure
|switch|p2a: Skarmory|Skarmory, M|100/100
|move|p1a: Celebi|Baton Pass|p1a: Celebi
|
|t:|1730397829
|switch|p1a: Charizard|Charizard, M|100/100|[from] Baton Pass
|
|-weather|Sandstorm|[upkeep]
|-damage|p1a: Charizard|94/100|[from] Sandstorm
|-heal|p1a: Charizard|100/100|[from] item: Leftovers
|upkeep
|turn|9
|
|t:|1730397835
|switch|p2a: Aerodactyl|Aerodactyl, F|100/100
|move|p1a: Charizard|Fire Blast|p2a: Aerodactyl|[miss]
|-miss|p1a: Charizard|p2a: Aerodactyl
|
|-weather|Sandstorm|[upkeep]
|-damage|p1a: Charizard|94/100|[from] Sandstorm
|-heal|p1a: Charizard|100/100|[from] item: Leftovers
|upkeep
|turn|10
|
|t:|1730397841
|switch|p1a: Swampert|Swampert, F|100/100
|move|p2a: Aerodactyl|Double-Edge|p1a: Swampert
|-damage|p1a: Swampert|65/100
|
|-weather|Sandstorm|[upkeep]
|-heal|p1a: Swampert|71/100|[from] item: Leftovers
|upkeep
|turn|11
|
|t:|1730397848
|switch|p2a: Celebi|Celebi|70/100
|switch|p1a: Charizard|Charizard, M|100/100
|
|-weather|Sandstorm|[upkeep]
|-damage|p1a: Charizard|94/100|[from] Sandstorm
|-damage|p2a: Celebi|64/100|[from] Sandstorm
|-heal|p1a: Charizard|100/100|[from] item: Leftovers
|-heal|p2a: Celebi|70/100|[from] item: Leftovers
|upkeep
|turn|12
|
|t:|1730397856
|switch|p2a: Swampert|Swampert, M|100/100
|move|p1a: Charizard|Hidden Power|p2a: Swampert
|-supereffective|p2a: Swampert
|-damage|p2a: Swampert|25/100
|
|-weather|Sandstorm|[upkeep]
|-damage|p1a: Charizard|94/100|[from] Sandstorm
|-heal|p1a: Charizard|100/100|[from] item: Leftovers
|-heal|p2a: Swampert|31/100|[from] item: Leftovers
|upkeep
|turn|13
|
|t:|1730397873
|switch|p2a: Aerodactyl|Aerodactyl, F|100/100
|move|p1a: Charizard|Hidden Power|p2a: Aerodactyl
|-damage|p2a: Aerodactyl|68/100
|
|-weather|Sandstorm|[upkeep]
|-damage|p1a: Charizard|94/100|[from] Sandstorm
|-heal|p1a: Charizard|100/100|[from] item: Leftovers
|upkeep
|turn|14
|
|t:|1730397879
|switch|p2a: Celebi|Celebi|70/100
|switch|p1a: Jynx|Jynx, F|100/100
|
|-weather|Sandstorm|[upkeep]
|-damage|p1a: Jynx|95/100|[from] Sandstorm
|-damage|p2a: Celebi|64/100|[from] Sandstorm
|-heal|p1a: Jynx|100/100|[from] item: Leftovers
|-heal|p2a: Celebi|70/100|[from] item: Leftovers
|upkeep
|turn|15
|
|t:|1730397885
|move|p1a: Jynx|Lovely Kiss|p2a: Celebi
|-status|p2a: Celebi|slp|[from] move: Lovely Kiss
|cant|p2a: Celebi|slp
|
|-weather|Sandstorm|[upkeep]
|-damage|p1a: Jynx|95/100|[from] Sandstorm
|-damage|p2a: Celebi|64/100 slp|[from] Sandstorm
|-heal|p1a: Jynx|100/100|[from] item: Leftovers
|-heal|p2a: Celebi|70/100 slp|[from] item: Leftovers
|upkeep
|turn|16
|
|t:|1730397890
|move|p1a: Jynx|Mean Look|p2a: Celebi
|-activate|p2a: Celebi|trapped
|cant|p2a: Celebi|slp
|
|-weather|Sandstorm|[upkeep]
|-damage|p1a: Jynx|95/100|[from] Sandstorm
|-damage|p2a: Celebi|64/100 slp|[from] Sandstorm
|-heal|p1a: Jynx|100/100|[from] item: Leftovers
|-heal|p2a: Celebi|70/100 slp|[from] item: Leftovers
|upkeep
|turn|17
|
|t:|1730397893
|move|p1a: Jynx|Perish Song|p1a: Jynx
|-start|p1a: Jynx|perish3|[silent]
|-start|p2a: Celebi|perish3|[silent]
|-fieldactivate|move: Perish Song
|-curestatus|p2a: Celebi|slp|[msg]
|move|p2a: Celebi|Hidden Power|p1a: Jynx
|-supereffective|p1a: Jynx
|-damage|p1a: Jynx|54/100
|
|-weather|Sandstorm|[upkeep]
|-damage|p1a: Jynx|48/100|[from] Sandstorm
|-damage|p2a: Celebi|64/100|[from] Sandstorm
|-heal|p1a: Jynx|54/100|[from] item: Leftovers
|-heal|p2a: Celebi|70/100|[from] item: Leftovers
|-start|p1a: Jynx|perish3
|-start|p2a: Celebi|perish3
|upkeep
|turn|18
|
|t:|1730397899
|move|p1a: Jynx|Lovely Kiss|p2a: Celebi
|-status|p2a: Celebi|slp|[from] move: Lovely Kiss
|cant|p2a: Celebi|slp
|
|-weather|Sandstorm|[upkeep]
|-damage|p1a: Jynx|48/100|[from] Sandstorm
|-damage|p2a: Celebi|64/100 slp|[from] Sandstorm
|-heal|p1a: Jynx|54/100|[from] item: Leftovers
|-heal|p2a: Celebi|70/100 slp|[from] item: Leftovers
|-start|p1a: Jynx|perish2
|-start|p2a: Celebi|perish2
|upkeep
|turn|19
|
|t:|1730397906
|move|p1a: Jynx|Lovely Kiss|p2a: Celebi|[miss]
|-miss|p1a: Jynx|p2a: Celebi
|-curestatus|p2a: Celebi|slp|[msg]
|move|p2a: Celebi|Hidden Power|p1a: Jynx
|-supereffective|p1a: Jynx
|-damage|p1a: Jynx|11/100
|
|-weather|Sandstorm|[upkeep]
|-damage|p1a: Jynx|5/100|[from] Sandstorm
|-damage|p2a: Celebi|64/100|[from] Sandstorm
|-heal|p1a: Jynx|11/100|[from] item: Leftovers
|-heal|p2a: Celebi|70/100|[from] item: Leftovers
|-start|p1a: Jynx|perish1
|-start|p2a: Celebi|perish1
|upkeep
|turn|20
|
|t:|1730397912
|switch|p1a: Salamence|Salamence, M|100/100
|-ability|p1a: Salamence|Intimidate|boost
|-unboost|p2a: Celebi|atk|1
|move|p2a: Celebi|Psychic|p1a: Salamence
|-damage|p1a: Salamence|40/100
|
|-weather|Sandstorm|[upkeep]
|-damage|p1a: Salamence|34/100|[from] Sandstorm
|-damage|p2a: Celebi|64/100|[from] Sandstorm
|-heal|p1a: Salamence|40/100|[from] item: Leftovers
|-heal|p2a: Celebi|70/100|[from] item: Leftovers
|-start|p2a: Celebi|perish0
|upkeep
|faint|p2a: Celebi
|
|t:|1730397927
|switch|p2a: Aerodactyl|Aerodactyl, F|68/100
|turn|21
|
|t:|1730397933
|switch|p2a: Skarmory|Skarmory, M|100/100
|switch|p1a: Jynx|Jynx, F|11/100
|
|-weather|Sandstorm|[upkeep]
|-damage|p1a: Jynx|5/100|[from] Sandstorm
|-heal|p1a: Jynx|11/100|[from] item: Leftovers
|upkeep
|turn|22
|
|t:|1730397942
|move|p1a: Jynx|Lovely Kiss|p2a: Skarmory
|-status|p2a: Skarmory|slp|[from] move: Lovely Kiss
|cant|p2a: Skarmory|slp
|
|-weather|Sandstorm|[upkeep]
|-damage|p1a: Jynx|5/100|[from] Sandstorm
|-heal|p1a: Jynx|11/100|[from] item: Leftovers
|upkeep
|turn|23
|
|t:|1730397955
|switch|p2a: Jirachi|Jirachi|100/100
|move|p1a: Jynx|Perish Song|p1a: Jynx
|-start|p1a: Jynx|perish3|[silent]
|-start|p2a: Jirachi|perish3|[silent]
|-fieldactivate|move: Perish Song
|
|-weather|Sandstorm|[upkeep]
|-damage|p1a: Jynx|5/100|[from] Sandstorm
|-heal|p1a: Jynx|11/100|[from] item: Leftovers
|-start|p1a: Jynx|perish3
|-start|p2a: Jirachi|perish3
|upkeep
|turn|24
|
|t:|1730397964
|switch|p1a: Zapdos|Zapdos|100/100
|move|p2a: Jirachi|Body Slam|p1a: Zapdos
|-damage|p1a: Zapdos|79/100
|-status|p1a: Zapdos|par
|
|-weather|Sandstorm|[upkeep]
|-damage|p1a: Zapdos|73/100 par|[from] Sandstorm
|-heal|p1a: Zapdos|79/100 par|[from] item: Leftovers
|-start|p2a: Jirachi|perish2
|upkeep
|turn|25
|
|t:|1730397970
|switch|p2a: Swampert|Swampert, M|31/100
|move|p1a: Zapdos|Thunderbolt|p2a: Swampert
|-immune|p2a: Swampert
|
|-weather|Sandstorm|[upkeep]
|-damage|p1a: Zapdos|73/100 par|[from] Sandstorm
|-heal|p2a: Swampert|37/100|[from] item: Leftovers
|-heal|p1a: Zapdos|79/100 par|[from] item: Leftovers
|upkeep
|turn|26
|
|t:|1730397980
|move|p2a: Swampert|Ice Beam|p1a: Zapdos
|-supereffective|p1a: Zapdos
|-damage|p1a: Zapdos|24/100 par
|cant|p1a: Zapdos|par
|
|-weather|Sandstorm|[upkeep]
|-damage|p1a: Zapdos|18/100 par|[from] Sandstorm
|-heal|p2a: Swampert|43/100|[from] item: Leftovers
|-heal|p1a: Zapdos|24/100 par|[from] item: Leftovers
|upkeep
|turn|27
|
|t:|1730397984
|switch|p1a: Jynx|Jynx, F|11/100
|move|p2a: Swampert|Surf|p1a: Jynx
|-damage|p1a: Jynx|0 fnt
|faint|p1a: Jynx
|
|t:|1730397993
|switch|p1a: Celebi|Celebi|77/100
|
|-weather|Sandstorm|[upkeep]
|-damage|p1a: Celebi|71/100|[from] Sandstorm
|-heal|p1a: Celebi|77/100|[from] item: Leftovers
|-heal|p2a: Swampert|50/100|[from] item: Leftovers
|upkeep
|turn|28
|
|t:|1730397998
|switch|p2a: Jirachi|Jirachi|100/100
|move|p1a: Celebi|Baton Pass|p1a: Celebi
|
|t:|1730398000
|switch|p1a: Charizard|Charizard, M|100/100|[from] Baton Pass
|
|-weather|Sandstorm|[upkeep]
|-damage|p1a: Charizard|94/100|[from] Sandstorm
|-heal|p1a: Charizard|100/100|[from] item: Leftovers
|upkeep
|turn|29
|
|t:|1730398022
|switch|p2a: Skarmory|Skarmory, M|100/100 slp
|move|p1a: Charizard|Fire Blast|p2a: Skarmory
|-supereffective|p2a: Skarmory
|-crit|p2a: Skarmory
|-damage|p2a: Skarmory|0 fnt
|faint|p2a: Skarmory
|
|t:|1730398025
|switch|p2a: Aerodactyl|Aerodactyl, F|68/100
|
|-weather|Sandstorm|[upkeep]
|-damage|p1a: Charizard|94/100|[from] Sandstorm
|-heal|p1a: Charizard|100/100|[from] item: Leftovers
|upkeep
|turn|30
|
|t:|1730398031
|switch|p1a: Zapdos|Zapdos|24/100 par
|move|p2a: Aerodactyl|Double-Edge|p1a: Zapdos
|-damage|p1a: Zapdos|0 fnt
|faint|p1a: Zapdos
|
|t:|1730398037
|switch|p1a: Swampert|Swampert, F|71/100
|
|-weather|Sandstorm|[upkeep]
|-heal|p1a: Swampert|78/100|[from] item: Leftovers
|upkeep
|turn|31
|
|t:|1730398046
|switch|p2a: Jirachi|Jirachi|100/100
|switch|p1a: Celebi|Celebi|77/100
|
|-weather|Sandstorm|[upkeep]
|-damage|p1a: Celebi|71/100|[from] Sandstorm
|-heal|p1a: Celebi|77/100|[from] item: Leftovers
|upkeep
|turn|32
|
|t:|1730398052
|move|p1a: Celebi|Calm Mind|p1a: Celebi
|-boost|p1a: Celebi|spa|1
|-boost|p1a: Celebi|spd|1
|move|p2a: Jirachi|Body Slam|p1a: Celebi
|-damage|p1a: Celebi|59/100
|
|-weather|Sandstorm|[upkeep]
|-damage|p1a: Celebi|53/100|[from] Sandstorm
|-heal|p1a: Celebi|59/100|[from] item: Leftovers
|upkeep
|turn|33
|
|t:|1730398055
|move|p1a: Celebi|Hidden Power|p2a: Jirachi
|-supereffective|p2a: Jirachi
|-damage|p2a: Jirachi|44/100
|move|p2a: Jirachi|Fire Punch|p1a: Celebi
|-supereffective|p1a: Celebi
|-damage|p1a: Celebi|31/100
|
|-weather|Sandstorm|[upkeep]
|-damage|p1a: Celebi|25/100|[from] Sandstorm
|-heal|p1a: Celebi|31/100|[from] item: Leftovers
|-heal|p2a: Jirachi|50/100|[from] item: Leftovers
|upkeep
|turn|34
|inactive|WraxiusGaming has 270 seconds left.
|
|t:|1730398099
|switch|p2a: Aerodactyl|Aerodactyl, F|68/100
|move|p1a: Celebi|Baton Pass|p1a: Celebi
|
|t:|1730398103
|switch|p1a: Swampert|Swampert, F|78/100|[from] Baton Pass
|
|-weather|Sandstorm|[upkeep]
|-heal|p1a: Swampert|84/100|[from] item: Leftovers
|upkeep
|turn|35
|inactive|WraxiusGaming has 270 seconds left.
|
|t:|1730398108
|move|p2a: Aerodactyl|Double-Edge|p1a: Swampert
|-damage|p1a: Swampert|47/100
|move|p1a: Swampert|Surf|p2a: Aerodactyl
|-supereffective|p2a: Aerodactyl
|-damage|p2a: Aerodactyl|0 fnt
|faint|p2a: Aerodactyl
|
|t:|1730398111
|switch|p2a: Jirachi|Jirachi|50/100
|
|-weather|Sandstorm|[upkeep]
|-heal|p2a: Jirachi|56/100|[from] item: Leftovers
|-heal|p1a: Swampert|53/100|[from] item: Leftovers
|upkeep
|turn|36
|
|t:|1730398122
|move|p2a: Jirachi|Body Slam|p1a: Swampert
|-damage|p1a: Swampert|41/100
|-status|p1a: Swampert|par
|move|p1a: Swampert|Surf|p2a: Jirachi
|-damage|p2a: Jirachi|18/100
|
|-weather|Sandstorm|[upkeep]
|-heal|p2a: Jirachi|25/100|[from] item: Leftovers
|-heal|p1a: Swampert|47/100 par|[from] item: Leftovers
|upkeep
|turn|37
|
|t:|1730398129
|move|p2a: Jirachi|Hidden Power|p1a: Swampert
|-supereffective|p1a: Swampert
|-damage|p1a: Swampert|0 fnt
|faint|p1a: Swampert
|
|t:|1730398135
|switch|p1a: Salamence|Salamence, M|40/100
|-ability|p1a: Salamence|Intimidate|boost
|-unboost|p2a: Jirachi|atk|1
|
|-weather|Sandstorm|[upkeep]
|-damage|p1a: Salamence|34/100|[from] Sandstorm
|-heal|p1a: Salamence|40/100|[from] item: Leftovers
|-heal|p2a: Jirachi|31/100|[from] item: Leftovers
|upkeep
|turn|38
|
|t:|1730398138
|move|p1a: Salamence|Fire Blast|p2a: Jirachi
|-supereffective|p2a: Jirachi
|-damage|p2a: Jirachi|0 fnt
|faint|p2a: Jirachi
|
|t:|1730398141
|switch|p2a: Tyranitar|Tyranitar, F|100/100
|
|-weather|Sandstorm|[upkeep]
|-damage|p1a: Salamence|34/100|[from] Sandstorm
|-heal|p1a: Salamence|40/100|[from] item: Leftovers
|upkeep
|turn|39
|
|t:|1730398147
|move|p1a: Salamence|Brick Break|p2a: Tyranitar
|-supereffective|p2a: Tyranitar
|-damage|p2a: Tyranitar|31/100
|move|p2a: Tyranitar|Dragon Dance|p2a: Tyranitar
|-boost|p2a: Tyranitar|atk|1
|-boost|p2a: Tyranitar|spe|1
|
|-weather|Sandstorm|[upkeep]
|-damage|p1a: Salamence|34/100|[from] Sandstorm
|-heal|p1a: Salamence|40/100|[from] item: Leftovers
|upkeep
|turn|40
|
|t:|1730398154
|move|p2a: Tyranitar|Earthquake|p1a: Salamence
|-immune|p1a: Salamence
|move|p1a: Salamence|Brick Break|p2a: Tyranitar
|-supereffective|p2a: Tyranitar
|-damage|p2a: Tyranitar|0 fnt
|faint|p2a: Tyranitar
|c|☆GarhamSandich|misclick????
|inactive|WraxiusGaming has 270 seconds left.
|
|t:|1730398194
|switch|p2a: Swampert|Swampert, M|50/100
|
|-weather|Sandstorm|[upkeep]
|-damage|p1a: Salamence|34/100|[from] Sandstorm
|-heal|p1a: Salamence|40/100|[from] item: Leftovers
|-heal|p2a: Swampert|56/100|[from] item: Leftovers
|upkeep
|turn|41
|
|t:|1730398197
|move|p1a: Salamence|Hidden Power|p2a: Swampert
|-supereffective|p2a: Swampert
|-damage|p2a: Swampert|0 fnt
|faint|p2a: Swampert
|
|win|GarhamSandich

</script>
<script type="application/json" class="data" id="replaydata-smogtours-gen3ou-803599">
{"id":"smogtours-gen3ou-803599","format":"[Gen 3] OU","players":["GarhamSandich","WraxiusGaming"],"uploadtime":1730398197,"views":64,"formatid":"gen3ou","rating":null,"private":0,"password":null}
</script>

<script defer src="js/replays.js?9d40a366"></script>
