<!DOCTYPE html>
<meta charset="utf-8" />
<meta name="viewport" content="width=device-width" />

<title>[Gen 3] OU: E585 vs. ThisGuyMuks - Replays - Pok&eacute;mon Showdown!</title>

<meta name="description" content="Watch a replay of a Pok&eacute;mon battle between E585 and ThisGuyMuks! Format: [Gen 3] OU; Date: Nov 4, 2024" />
<!--

Hey, you! Looking in the source for the replay log?

You can find them in JSON format, just add `.json` at the end of a replay URL.

https://replay.pokemonshowdown.com/gen7randomdoublesbattle-865046831.json

Or, if you only need the log itself, add `.log` instead:

https://replay.pokemonshowdown.com/gen7randomdoublesbattle-865046831.log

-->

<link rel="stylesheet" href="//pokemonshowdown.com/style/global.css?0.023195364461161105" />
<link rel="stylesheet" href="//play.pokemonshowdown.com/style/font-awesome.css?0.13261647063804238" />
<link rel="stylesheet" href="//play.pokemonshowdown.com/style/battle.css?0.8753245789963631" />
<link rel="stylesheet" href="//play.pokemonshowdown.com/style/utilichart.css?0.8627959624976733" />

<!-- Global site tag (gtag.js) - Google Analytics -->
<script async src="https://www.googletagmanager.com/gtag/js?id=UA-26211653-1"></script>
<script>
  window.dataLayer = window.dataLayer || [];
  function gtag(){dataLayer.push(arguments);}
  gtag('js', new Date());

  gtag('config', 'UA-26211653-1');
</script>
<!-- End Google Analytics -->
<!-- Venatus Ad Manager - Install in <HEAD> of page -->
	<script src="https://hb.vntsm.com/v3/live/ad-manager.min.js" type="text/javascript" data-site-id="642aba63ec9a7b11c3c9c1be" data-mode="scan" async></script>
<!-- / Venatus Ad Manager -->

<style>
	@media (max-width:820px) {
		.battle {
			margin: 0 auto;
		}
		.battle-log {
			margin: 7px auto 0;
			max-width: 640px;
			height: 300px;
			position: static;
		}
	}
	.optgroup {
		display: inline-block;
		line-height: 22px;
		font-size: 10pt;
	}
	.optgroup .button {
		height: 25px;
		padding-top: 0;
		padding-bottom: 0;
	}
	.optgroup button.button {
		padding-left: 12px;
		padding-right: 12px;
	}
	.linklist {
		list-style: none;
		margin: 0.5em 0;
		padding: 0;
	}
	.linklist li {
		padding: 2px 0;
	}
	.sidebar {
		float: left;
		width: 320px;
	}
	.bar-wrapper {
		max-width: 1100px;
		margin: 0 auto;
	}
	.bar-wrapper.has-sidebar {
		max-width: 1430px;
	}
	.mainbar {
		margin: 0;
		padding-right: 1px;
	}
	.mainbar.has-sidebar {
		margin-left: 330px;
	}
	@media (min-width: 1511px) {
		.sidebar {
			width: 400px;
		}
		.bar-wrapper.has-sidebar {
			max-width: 1510px;
		}
		.mainbar.has-sidebar {
			margin-left: 410px;
		}
	}
	.section.first-section {
		margin-top: 9px;
	}
	.blocklink small {
		white-space: normal;
	}
	.button {
		vertical-align: middle;
	}
	.replay-controls {
		padding-top: 10px;
	}
	.replay-controls h1 {
		font-size: 16pt;
		font-weight: normal;
		color: #CCC;
	}
	.pagelink {
		text-align: center;
	}
	.pagelink a {
		width: 150px;
	}
	.textbox, .button {
		font-size: 11pt;
		vertical-align: middle;
	}
	@media (max-width: 450px) {
		.button {
			font-size: 9pt;
		}
	}
</style>

<div>

	<header>
		<div class="nav-wrapper"><ul class="nav">
			<li><a class="button nav-first" href="//pokemonshowdown.com/"><img src="//pokemonshowdown.com/images/pokemonshowdownbeta.png" srcset="//pokemonshowdown.com/images/pokemonshowdownbeta.png 1x, //pokemonshowdown.com/images/pokemonshowdownbeta@2x.png 2x" alt="Pok&eacute;mon Showdown" width="146" height="44" /> Home</a></li>
			<li><a class="button" href="//pokemonshowdown.com/dex/">Pok&eacute;dex</a></li>
			<li><a class="button cur" href="/">Replays</a></li>
			<li><a class="button" href="//pokemonshowdown.com/ladder/">Ladder</a></li>
			<li><a class="button nav-last" href="//pokemonshowdown.com/forums/">Forum</a></li>
			<li><a class="button greenbutton nav-first nav-last" href="//play.pokemonshowdown.com/">Play</a></li>
		</ul></div>
	</header>

	<div class="main" id="main">

		<noscript><section class="section">You need to enable JavaScript to use this page; sorry!</section></noscript>

	</div>

</div>

<script defer nomodule src="//play.pokemonshowdown.com/js/lib/ps-polyfill.js"></script>
<script defer src="//play.pokemonshowdown.com/js/lib/preact.min.js"></script>

<script defer src="//play.pokemonshowdown.com/config/config.js?2bddbc15"></script>
<script defer src="//play.pokemonshowdown.com/js/lib/jquery-1.11.0.min.js"></script>
<script defer src="//play.pokemonshowdown.com/js/lib/html-sanitizer-minified.js"></script>
<script defer src="//play.pokemonshowdown.com/js/battle-sound.js"></script>
<script defer src="//play.pokemonshowdown.com/js/battledata.js?0.7209276989879541"></script>
<script defer src="//play.pokemonshowdown.com/data/pokedex-mini.js?0.6111056340867951"></script>
<script defer src="//play.pokemonshowdown.com/data/pokedex-mini-bw.js?0.3532142036491459"></script>
<script defer src="//play.pokemonshowdown.com/data/graphics.js?0.24223875632456182"></script>
<script defer src="//play.pokemonshowdown.com/data/pokedex.js?0.38839984266356864"></script>
<script defer src="//play.pokemonshowdown.com/data/moves.js?0.21866028504024015"></script>
<script defer src="//play.pokemonshowdown.com/data/abilities.js?0.2005157953846628"></script>
<script defer src="//play.pokemonshowdown.com/data/items.js?0.9894211263848525"></script>
<script defer src="//play.pokemonshowdown.com/data/teambuilder-tables.js?0.6008791140282215"></script>
<script defer src="//play.pokemonshowdown.com/js/battle-tooltips.js?0.7580118955022959"></script>
<script defer src="//play.pokemonshowdown.com/js/battle.js?0.6057722274234274"></script>

<script defer src="js/utils.js?e31f9a17"></script>
<script defer src="js/replays-battle.js?7008c182"></script>

<!-- don't scrape this data! just add .json or .log after the URL!
Full API docs: https://github.com/smogon/pokemon-showdown-client/blob/master/WEB-API.md -->
<script type="text/plain" class="log" id="replaylog-smogtours-gen3ou-804836">
|inactive|Battle timer is ON: inactive players will automatically lose when time's up.
|t:|1730762123
|gametype|singles
|player|p1|E585|caitlin|
|player|p2|ThisGuyMuks|1|
|teamsize|p1|6
|teamsize|p2|6
|gen|3
|tier|[Gen 3] OU
|rule|Sleep Clause Mod: Limit one foe put to sleep
|rule|Switch Priority Clause Mod: Faster Pokémon switch first
|rule|Species Clause: Limit one of each Pokémon
|rule|OHKO Clause: OHKO moves are banned
|rule|Evasion Items Clause: Evasion items are banned
|rule|Evasion Moves Clause: Evasion moves are banned
|rule|Endless Battle Clause: Forcing endless battles is banned
|rule|HP Percentage Mod: HP is shown in percentages
|rule|One Boost Passer Clause: Limit one Baton Passer that has a way to boost its stats
|rule|Freeze Clause Mod: Limit one foe frozen
|
|t:|1730762123
|start
|switch|p1a: Breloom|Breloom, F|100/100
|switch|p2a: Tyranitar|Tyranitar, F|100/100
|-weather|Sandstorm|[from] ability: Sand Stream|[of] p2a: Tyranitar
|turn|1
|c|☆E585|hf
|c|☆ThisGuyMuks|u2
|inactive|ThisGuyMuks has 270 seconds left.
|
|t:|1730762156
|switch|p2a: Milotic|Milotic, M|100/100
|move|p1a: Breloom|Spore|p2a: Milotic
|-status|p2a: Milotic|slp|[from] move: Spore
|
|-weather|Sandstorm|[upkeep]
|-damage|p1a: Breloom|94/100|[from] Sandstorm
|-damage|p2a: Milotic|94/100 slp|[from] Sandstorm
|-heal|p1a: Breloom|100/100|[from] item: Leftovers
|-heal|p2a: Milotic|100/100 slp|[from] item: Leftovers
|upkeep
|turn|2
|
|t:|1730762161
|-singleturn|p1a: Breloom|move: Focus Punch
|switch|p2a: Skarmory|Skarmory, F|100/100
|move|p1a: Breloom|Focus Punch|p2a: Skarmory
|-damage|p2a: Skarmory|42/100
|
|-weather|Sandstorm|[upkeep]
|-damage|p1a: Breloom|94/100|[from] Sandstorm
|-heal|p1a: Breloom|100/100|[from] item: Leftovers
|-heal|p2a: Skarmory|48/100|[from] item: Leftovers
|upkeep
|turn|3
|
|t:|1730762182
|switch|p1a: Tyranitar|Tyranitar, M|100/100
|move|p2a: Skarmory|Drill Peck|p1a: Tyranitar
|-resisted|p1a: Tyranitar
|-damage|p1a: Tyranitar|91/100
|
|-weather|Sandstorm|[upkeep]
|-heal|p2a: Skarmory|53/100|[from] item: Leftovers
|upkeep
|turn|4
|
|t:|1730762193
|switch|p2a: Claydol|Claydol|100/100
|move|p1a: Tyranitar|Dragon Dance|p1a: Tyranitar
|-boost|p1a: Tyranitar|atk|1
|-boost|p1a: Tyranitar|spe|1
|
|-weather|Sandstorm|[upkeep]
|upkeep
|turn|5
|
|t:|1730762196
|move|p1a: Tyranitar|Hidden Power|p2a: Claydol
|-supereffective|p2a: Claydol
|-damage|p2a: Claydol|24/100
|move|p2a: Claydol|Earthquake|p1a: Tyranitar
|-supereffective|p1a: Tyranitar
|-damage|p1a: Tyranitar|21/100
|
|-weather|Sandstorm|[upkeep]
|-heal|p2a: Claydol|30/100|[from] item: Leftovers
|upkeep
|turn|6
|inactive|ThisGuyMuks has 270 seconds left.
|
|t:|1730762249
|move|p1a: Tyranitar|Hidden Power|p2a: Claydol
|-supereffective|p2a: Claydol
|-damage|p2a: Claydol|0 fnt
|faint|p2a: Claydol
|inactive|ThisGuyMuks has 240 seconds left.
|
|t:|1730762292
|switch|p2a: Tyranitar|Tyranitar, F|100/100
|
|-weather|Sandstorm|[upkeep]
|upkeep
|turn|7
|
|t:|1730762301
|move|p1a: Tyranitar|Earthquake|p2a: Tyranitar
|-supereffective|p2a: Tyranitar
|-damage|p2a: Tyranitar|20/100
|move|p2a: Tyranitar|Earthquake|p1a: Tyranitar
|-supereffective|p1a: Tyranitar
|-crit|p1a: Tyranitar
|-damage|p1a: Tyranitar|0 fnt
|faint|p1a: Tyranitar
|
|t:|1730762306
|switch|p1a: Breloom|Breloom, F|100/100
|
|-weather|Sandstorm|[upkeep]
|-damage|p1a: Breloom|94/100|[from] Sandstorm
|-heal|p1a: Breloom|100/100|[from] item: Leftovers
|-heal|p2a: Tyranitar|27/100|[from] item: Leftovers
|upkeep
|turn|8
|
|t:|1730762311
|switch|p2a: Jirachi|Jirachi|100/100
|move|p1a: Breloom|Sky Uppercut|p2a: Jirachi
|-damage|p2a: Jirachi|72/100
|
|-weather|Sandstorm|[upkeep]
|-damage|p1a: Breloom|94/100|[from] Sandstorm
|-heal|p1a: Breloom|100/100|[from] item: Leftovers
|-heal|p2a: Jirachi|78/100|[from] item: Leftovers
|upkeep
|turn|9
|
|t:|1730762320
|switch|p1a: Celebi|Celebi|100/100
|move|p2a: Jirachi|Fire Punch|p1a: Celebi
|-supereffective|p1a: Celebi
|-damage|p1a: Celebi|73/100
|
|-weather|Sandstorm|[upkeep]
|-damage|p1a: Celebi|67/100|[from] Sandstorm
|-heal|p1a: Celebi|73/100|[from] item: Leftovers
|-heal|p2a: Jirachi|84/100|[from] item: Leftovers
|upkeep
|turn|10
|
|t:|1730762334
|move|p1a: Celebi|Leech Seed|p2a: Jirachi
|-start|p2a: Jirachi|move: Leech Seed
|move|p2a: Jirachi|Wish|p2a: Jirachi
|
|-weather|Sandstorm|[upkeep]
|-damage|p1a: Celebi|67/100|[from] Sandstorm
|-heal|p1a: Celebi|73/100|[from] item: Leftovers
|-heal|p2a: Jirachi|90/100|[from] item: Leftovers
|-damage|p2a: Jirachi|78/100|[from] Leech Seed|[of] p1a: Celebi
|-heal|p1a: Celebi|85/100|[silent]
|upkeep
|turn|11
|
|t:|1730762343
|switch|p1a: Gengar|Gengar, M|100/100
|switch|p2a: Skarmory|Skarmory, F|53/100
|
|-heal|p2a: Skarmory|100/100|[from] move: Wish|[wisher] Jirachi
|-weather|Sandstorm|[upkeep]
|-damage|p1a: Gengar|94/100|[from] Sandstorm
|-heal|p1a: Gengar|100/100|[from] item: Leftovers
|upkeep
|turn|12
|inactive|ThisGuyMuks has 270 seconds left.
|
|t:|1730762362
|switch|p2a: Blissey|Blissey, F|100/100
|move|p1a: Gengar|Taunt|p2a: Blissey
|-start|p2a: Blissey|move: Taunt
|
|-weather|Sandstorm|[upkeep]
|-damage|p1a: Gengar|94/100|[from] Sandstorm
|-damage|p2a: Blissey|94/100|[from] Sandstorm
|-heal|p1a: Gengar|100/100|[from] item: Leftovers
|-heal|p2a: Blissey|100/100|[from] item: Leftovers
|upkeep
|turn|13
|
|t:|1730762366
|move|p1a: Gengar|Will-O-Wisp|p2a: Blissey|[miss]
|-miss|p1a: Gengar|p2a: Blissey
|move|p2a: Blissey|Ice Beam|p1a: Gengar
|-damage|p1a: Gengar|74/100
|-status|p1a: Gengar|frz
|
|-weather|Sandstorm|[upkeep]
|-damage|p1a: Gengar|67/100 frz|[from] Sandstorm
|-damage|p2a: Blissey|94/100|[from] Sandstorm
|-heal|p1a: Gengar|74/100 frz|[from] item: Leftovers
|-heal|p2a: Blissey|100/100|[from] item: Leftovers
|-end|p2a: Blissey|move: Taunt|[silent]
|upkeep
|turn|14
|c|☆ThisGuyMuks|mb
|
|t:|1730762376
|cant|p1a: Gengar|frz
|move|p2a: Blissey|Ice Beam|p1a: Gengar
|-damage|p1a: Gengar|45/100 frz
|
|-weather|Sandstorm|[upkeep]
|-damage|p1a: Gengar|39/100 frz|[from] Sandstorm
|-damage|p2a: Blissey|94/100|[from] Sandstorm
|-heal|p1a: Gengar|45/100 frz|[from] item: Leftovers
|-heal|p2a: Blissey|100/100|[from] item: Leftovers
|upkeep
|turn|15
|
|t:|1730762390
|cant|p1a: Gengar|frz
|move|p2a: Blissey|Ice Beam|p1a: Gengar
|-damage|p1a: Gengar|17/100 frz
|
|-weather|Sandstorm|[upkeep]
|-damage|p1a: Gengar|11/100 frz|[from] Sandstorm
|-damage|p2a: Blissey|94/100|[from] Sandstorm
|-heal|p1a: Gengar|17/100 frz|[from] item: Leftovers
|-heal|p2a: Blissey|100/100|[from] item: Leftovers
|upkeep
|turn|16
|
|t:|1730762398
|switch|p1a: Metagross|Metagross|100/100
|move|p2a: Blissey|Ice Beam|p1a: Metagross
|-resisted|p1a: Metagross
|-crit|p1a: Metagross
|-damage|p1a: Metagross|74/100
|
|-weather|Sandstorm|[upkeep]
|-damage|p2a: Blissey|94/100|[from] Sandstorm
|-heal|p1a: Metagross|80/100|[from] item: Leftovers
|-heal|p2a: Blissey|100/100|[from] item: Leftovers
|upkeep
|turn|17
|
|t:|1730762405
|switch|p2a: Skarmory|Skarmory, F|100/100
|move|p1a: Metagross|Meteor Mash|p2a: Skarmory
|-resisted|p2a: Skarmory
|-damage|p2a: Skarmory|81/100
|
|-weather|Sandstorm|[upkeep]
|-heal|p2a: Skarmory|87/100|[from] item: Leftovers
|-heal|p1a: Metagross|86/100|[from] item: Leftovers
|upkeep
|turn|18
|
|t:|1730762413
|move|p2a: Skarmory|Spikes|p1a: Metagross
|-sidestart|p1: E585|Spikes
|move|p1a: Metagross|Meteor Mash|p2a: Skarmory
|-resisted|p2a: Skarmory
|-damage|p2a: Skarmory|65/100
|
|-weather|Sandstorm|[upkeep]
|-heal|p2a: Skarmory|71/100|[from] item: Leftovers
|-heal|p1a: Metagross|92/100|[from] item: Leftovers
|upkeep
|turn|19
|
|t:|1730762441
|move|p2a: Skarmory|Protect|p2a: Skarmory
|-singleturn|p2a: Skarmory|Protect
|move|p1a: Metagross|Meteor Mash|p2a: Skarmory
|-activate|p2a: Skarmory|Protect
|
|-weather|Sandstorm|[upkeep]
|-heal|p2a: Skarmory|77/100|[from] item: Leftovers
|-heal|p1a: Metagross|98/100|[from] item: Leftovers
|upkeep
|turn|20
|
|t:|1730762445
|move|p2a: Skarmory|Spikes|p1a: Metagross
|-sidestart|p1: E585|Spikes
|move|p1a: Metagross|Meteor Mash|p2a: Skarmory
|-resisted|p2a: Skarmory
|-damage|p2a: Skarmory|54/100
|
|-weather|Sandstorm|[upkeep]
|-heal|p2a: Skarmory|60/100|[from] item: Leftovers
|-heal|p1a: Metagross|100/100|[from] item: Leftovers
|upkeep
|turn|21
|
|t:|1730762451
|move|p2a: Skarmory|Protect|p2a: Skarmory
|-singleturn|p2a: Skarmory|Protect
|move|p1a: Metagross|Meteor Mash|p2a: Skarmory|[miss]
|-miss|p1a: Metagross|p2a: Skarmory
|
|-weather|Sandstorm|[upkeep]
|-heal|p2a: Skarmory|66/100|[from] item: Leftovers
|upkeep
|turn|22
|
|t:|1730762455
|move|p2a: Skarmory|Spikes|p1a: Metagross
|-sidestart|p1: E585|Spikes
|move|p1a: Metagross|Meteor Mash|p2a: Skarmory|[miss]
|-miss|p1a: Metagross|p2a: Skarmory
|
|-weather|Sandstorm|[upkeep]
|-heal|p2a: Skarmory|72/100|[from] item: Leftovers
|upkeep
|turn|23
|
|t:|1730762462
|move|p2a: Skarmory|Protect|p2a: Skarmory
|-singleturn|p2a: Skarmory|Protect
|move|p1a: Metagross|Meteor Mash|p2a: Skarmory
|-activate|p2a: Skarmory|Protect
|
|-weather|Sandstorm|[upkeep]
|-heal|p2a: Skarmory|78/100|[from] item: Leftovers
|upkeep
|turn|24
|
|t:|1730762465
|move|p1a: Metagross|Meteor Mash|p2a: Skarmory
|-resisted|p2a: Skarmory
|-damage|p2a: Skarmory|57/100
|move|p2a: Skarmory|Roar|p1a: Metagross
|drag|p1a: Breloom|Breloom, F|100/100
|-damage|p1a: Breloom|76/100|[from] Spikes
|
|-weather|Sandstorm|[upkeep]
|-damage|p1a: Breloom|69/100|[from] Sandstorm
|-heal|p1a: Breloom|76/100|[from] item: Leftovers
|-heal|p2a: Skarmory|63/100|[from] item: Leftovers
|upkeep
|turn|25
|
|t:|1730762473
|move|p1a: Breloom|Sky Uppercut|p2a: Skarmory
|-damage|p2a: Skarmory|27/100
|move|p2a: Skarmory|Drill Peck|p1a: Breloom
|-supereffective|p1a: Breloom
|-crit|p1a: Breloom
|-damage|p1a: Breloom|0 fnt
|faint|p1a: Breloom
|
|t:|1730762476
|switch|p1a: Metagross|Metagross|100/100
|-damage|p1a: Metagross|75/100|[from] Spikes
|
|-weather|Sandstorm|[upkeep]
|-heal|p2a: Skarmory|33/100|[from] item: Leftovers
|-heal|p1a: Metagross|82/100|[from] item: Leftovers
|upkeep
|turn|26
|
|t:|1730762479
|move|p2a: Skarmory|Protect|p2a: Skarmory
|-singleturn|p2a: Skarmory|Protect
|move|p1a: Metagross|Meteor Mash|p2a: Skarmory
|-activate|p2a: Skarmory|Protect
|
|-weather|Sandstorm|[upkeep]
|-heal|p2a: Skarmory|39/100|[from] item: Leftovers
|-heal|p1a: Metagross|88/100|[from] item: Leftovers
|upkeep
|turn|27
|
|t:|1730762494
|move|p1a: Metagross|Meteor Mash|p2a: Skarmory
|-resisted|p2a: Skarmory
|-damage|p2a: Skarmory|17/100
|move|p2a: Skarmory|Roar|p1a: Metagross
|drag|p1a: Skarmory|Skarmory, M|100/100
|
|-weather|Sandstorm|[upkeep]
|-heal|p2a: Skarmory|23/100|[from] item: Leftovers
|upkeep
|turn|28
|
|t:|1730762512
|switch|p2a: Jirachi|Jirachi|78/100
|move|p1a: Skarmory|Spikes|p2a: Jirachi
|-sidestart|p2: ThisGuyMuks|Spikes
|
|-weather|Sandstorm|[upkeep]
|-heal|p2a: Jirachi|84/100|[from] item: Leftovers
|upkeep
|turn|29
|
|t:|1730762522
|switch|p1a: Gengar|Gengar, M|17/100 frz
|move|p2a: Jirachi|Fire Punch|p1a: Gengar
|-damage|p1a: Gengar|0 fnt
|faint|p1a: Gengar
|
|t:|1730762530
|switch|p1a: Metagross|Metagross|88/100
|-damage|p1a: Metagross|63/100|[from] Spikes
|
|-weather|Sandstorm|[upkeep]
|-heal|p2a: Jirachi|90/100|[from] item: Leftovers
|-heal|p1a: Metagross|69/100|[from] item: Leftovers
|upkeep
|turn|30
|
|t:|1730762543
|move|p2a: Jirachi|Fire Punch|p1a: Metagross
|-supereffective|p1a: Metagross
|-damage|p1a: Metagross|33/100
|move|p1a: Metagross|Earthquake|p2a: Jirachi
|-supereffective|p2a: Jirachi
|-damage|p2a: Jirachi|45/100
|
|-weather|Sandstorm|[upkeep]
|-heal|p2a: Jirachi|51/100|[from] item: Leftovers
|-heal|p1a: Metagross|40/100|[from] item: Leftovers
|upkeep
|turn|31
|inactive|ThisGuyMuks has 270 seconds left.
|
|t:|1730762573
|move|p2a: Jirachi|Protect|p2a: Jirachi
|-singleturn|p2a: Jirachi|Protect
|move|p1a: Metagross|Protect||[still]
|-fail|p1a: Metagross
|
|-weather|Sandstorm|[upkeep]
|-heal|p2a: Jirachi|57/100|[from] item: Leftovers
|-heal|p1a: Metagross|46/100|[from] item: Leftovers
|upkeep
|turn|32
|
|t:|1730762585
|switch|p1a: Skarmory|Skarmory, M|100/100
|move|p2a: Jirachi|Wish|p2a: Jirachi
|
|-weather|Sandstorm|[upkeep]
|-heal|p2a: Jirachi|63/100|[from] item: Leftovers
|upkeep
|turn|33
|
|t:|1730762591
|move|p2a: Jirachi|Fire Punch|p1a: Skarmory
|-supereffective|p1a: Skarmory
|-damage|p1a: Skarmory|68/100
|-status|p1a: Skarmory|brn
|move|p1a: Skarmory|Roar|p2a: Jirachi
|drag|p2a: Blissey|Blissey, F|100/100
|-damage|p2a: Blissey|88/100|[from] Spikes
|
|-heal|p2a: Blissey|100/100|[from] move: Wish|[wisher] Jirachi
|-weather|Sandstorm|[upkeep]
|-damage|p2a: Blissey|94/100|[from] Sandstorm
|-heal|p1a: Skarmory|74/100 brn|[from] item: Leftovers
|-damage|p1a: Skarmory|62/100 brn|[from] brn
|-heal|p2a: Blissey|100/100|[from] item: Leftovers
|upkeep
|turn|34
|
|t:|1730762601
|move|p1a: Skarmory|Spikes|p2a: Blissey
|-sidestart|p2: ThisGuyMuks|Spikes
|move|p2a: Blissey|Thunderbolt|p1a: Skarmory
|-supereffective|p1a: Skarmory
|-damage|p1a: Skarmory|13/100 brn
|
|-weather|Sandstorm|[upkeep]
|-damage|p2a: Blissey|94/100|[from] Sandstorm
|-heal|p1a: Skarmory|19/100 brn|[from] item: Leftovers
|-damage|p1a: Skarmory|7/100 brn|[from] brn
|-heal|p2a: Blissey|100/100|[from] item: Leftovers
|upkeep
|turn|35
|
|t:|1730762606
|move|p1a: Skarmory|Spikes|p2a: Blissey
|-sidestart|p2: ThisGuyMuks|Spikes
|move|p2a: Blissey|Thunderbolt|p1a: Skarmory
|-supereffective|p1a: Skarmory
|-damage|p1a: Skarmory|0 fnt
|faint|p1a: Skarmory
|
|t:|1730762607
|switch|p1a: Metagross|Metagross|46/100
|-damage|p1a: Metagross|21/100|[from] Spikes
|
|-weather|Sandstorm|[upkeep]
|-damage|p2a: Blissey|94/100|[from] Sandstorm
|-heal|p1a: Metagross|27/100|[from] item: Leftovers
|-heal|p2a: Blissey|100/100|[from] item: Leftovers
|upkeep
|turn|36
|
|t:|1730762627
|switch|p2a: Tyranitar|Tyranitar, F|27/100
|-damage|p2a: Tyranitar|2/100|[from] Spikes
|move|p1a: Metagross|Meteor Mash|p2a: Tyranitar|[miss]
|-miss|p1a: Metagross|p2a: Tyranitar
|
|-weather|Sandstorm|[upkeep]
|-heal|p1a: Metagross|33/100|[from] item: Leftovers
|-heal|p2a: Tyranitar|8/100|[from] item: Leftovers
|upkeep
|turn|37
|
|t:|1730762633
|move|p1a: Metagross|Earthquake|p2a: Tyranitar
|-supereffective|p2a: Tyranitar
|-damage|p2a: Tyranitar|0 fnt
|faint|p2a: Tyranitar
|
|t:|1730762637
|switch|p2a: Skarmory|Skarmory, F|23/100
|
|-weather|Sandstorm|[upkeep]
|-heal|p2a: Skarmory|29/100|[from] item: Leftovers
|-heal|p1a: Metagross|39/100|[from] item: Leftovers
|upkeep
|turn|38
|
|t:|1730762643
|move|p1a: Metagross|Protect|p1a: Metagross
|-singleturn|p1a: Metagross|Protect
|move|p2a: Skarmory|Roar|p1a: Metagross
|-activate|p1a: Metagross|Protect
|
|-weather|Sandstorm|[upkeep]
|-heal|p2a: Skarmory|35/100|[from] item: Leftovers
|-heal|p1a: Metagross|45/100|[from] item: Leftovers
|upkeep
|turn|39
|
|t:|1730762645
|move|p1a: Metagross|Meteor Mash|p2a: Skarmory
|-resisted|p2a: Skarmory
|-damage|p2a: Skarmory|12/100
|-boost|p1a: Metagross|atk|1
|move|p2a: Skarmory|Roar|p1a: Metagross
|drag|p1a: Celebi|Celebi|85/100
|-damage|p1a: Celebi|60/100|[from] Spikes
|
|-weather|Sandstorm|[upkeep]
|-damage|p1a: Celebi|54/100|[from] Sandstorm
|-heal|p1a: Celebi|60/100|[from] item: Leftovers
|-heal|p2a: Skarmory|18/100|[from] item: Leftovers
|upkeep
|turn|40
|
|t:|1730762654
|move|p2a: Skarmory|Protect|p2a: Skarmory
|-singleturn|p2a: Skarmory|Protect
|move|p1a: Celebi|Leech Seed|p2a: Skarmory
|-activate|p2a: Skarmory|Protect
|
|-weather|Sandstorm|[upkeep]
|-damage|p1a: Celebi|54/100|[from] Sandstorm
|-heal|p1a: Celebi|60/100|[from] item: Leftovers
|-heal|p2a: Skarmory|24/100|[from] item: Leftovers
|upkeep
|turn|41
|
|t:|1730762668
|switch|p2a: Jirachi|Jirachi|63/100
|-damage|p2a: Jirachi|38/100|[from] Spikes
|move|p1a: Celebi|Leech Seed|p2a: Jirachi|[miss]
|-miss|p1a: Celebi|p2a: Jirachi
|
|-weather|Sandstorm|[upkeep]
|-damage|p1a: Celebi|54/100|[from] Sandstorm
|-heal|p1a: Celebi|60/100|[from] item: Leftovers
|-heal|p2a: Jirachi|44/100|[from] item: Leftovers
|upkeep
|turn|42
|
|t:|1730762675
|move|p2a: Jirachi|Protect|p2a: Jirachi
|-singleturn|p2a: Jirachi|Protect
|move|p1a: Celebi|Leech Seed|p2a: Jirachi
|-activate|p2a: Jirachi|Protect
|
|-weather|Sandstorm|[upkeep]
|-damage|p1a: Celebi|54/100|[from] Sandstorm
|-heal|p1a: Celebi|60/100|[from] item: Leftovers
|-heal|p2a: Jirachi|50/100|[from] item: Leftovers
|upkeep
|turn|43
|
|t:|1730762679
|move|p1a: Celebi|Leech Seed|p2a: Jirachi
|-start|p2a: Jirachi|move: Leech Seed
|move|p2a: Jirachi|Wish|p2a: Jirachi
|
|-weather|Sandstorm|[upkeep]
|-damage|p1a: Celebi|54/100|[from] Sandstorm
|-heal|p2a: Jirachi|57/100|[from] item: Leftovers
|-heal|p1a: Celebi|60/100|[from] item: Leftovers
|-damage|p2a: Jirachi|44/100|[from] Leech Seed|[of] p1a: Celebi
|-heal|p1a: Celebi|73/100|[silent]
|upkeep
|turn|44
|
|t:|1730762688
|switch|p2a: Skarmory|Skarmory, F|24/100
|move|p1a: Celebi|Leech Seed|p2a: Skarmory
|-start|p2a: Skarmory|move: Leech Seed
|
|-heal|p2a: Skarmory|74/100|[from] move: Wish|[wisher] Jirachi
|-weather|Sandstorm|[upkeep]
|-damage|p1a: Celebi|66/100|[from] Sandstorm
|-heal|p1a: Celebi|73/100|[from] item: Leftovers
|-heal|p2a: Skarmory|80/100|[from] item: Leftovers
|-damage|p2a: Skarmory|68/100|[from] Leech Seed|[of] p1a: Celebi
|-heal|p1a: Celebi|83/100|[silent]
|upkeep
|turn|45
|
|t:|1730762703
|switch|p2a: Blissey|Blissey, F|100/100
|-damage|p2a: Blissey|76/100|[from] Spikes
|move|p1a: Celebi|Psychic|p2a: Blissey
|-damage|p2a: Blissey|62/100
|
|-weather|Sandstorm|[upkeep]
|-damage|p1a: Celebi|76/100|[from] Sandstorm
|-damage|p2a: Blissey|56/100|[from] Sandstorm
|-heal|p1a: Celebi|83/100|[from] item: Leftovers
|-heal|p2a: Blissey|62/100|[from] item: Leftovers
|upkeep
|turn|46
|
|t:|1730762718
|switch|p2a: Skarmory|Skarmory, F|68/100
|move|p1a: Celebi|Leech Seed|p2a: Skarmory|[miss]
|-miss|p1a: Celebi|p2a: Skarmory
|
|-weather|Sandstorm|[upkeep]
|-damage|p1a: Celebi|76/100|[from] Sandstorm
|-heal|p1a: Celebi|83/100|[from] item: Leftovers
|-heal|p2a: Skarmory|74/100|[from] item: Leftovers
|upkeep
|turn|47
|
|t:|1730762721
|move|p2a: Skarmory|Protect|p2a: Skarmory
|-singleturn|p2a: Skarmory|Protect
|move|p1a: Celebi|Leech Seed|p2a: Skarmory
|-activate|p2a: Skarmory|Protect
|
|-weather|Sandstorm|[upkeep]
|-damage|p1a: Celebi|76/100|[from] Sandstorm
|-heal|p1a: Celebi|83/100|[from] item: Leftovers
|-heal|p2a: Skarmory|80/100|[from] item: Leftovers
|upkeep
|turn|48
|
|t:|1730762728
|move|p1a: Celebi|Leech Seed|p2a: Skarmory
|-start|p2a: Skarmory|move: Leech Seed
|move|p2a: Skarmory|Drill Peck|p1a: Celebi
|-supereffective|p1a: Celebi
|-crit|p1a: Celebi
|-damage|p1a: Celebi|23/100
|
|-weather|Sandstorm|[upkeep]
|-damage|p1a: Celebi|17/100|[from] Sandstorm
|-heal|p1a: Celebi|23/100|[from] item: Leftovers
|-heal|p2a: Skarmory|86/100|[from] item: Leftovers
|-damage|p2a: Skarmory|74/100|[from] Leech Seed|[of] p1a: Celebi
|-heal|p1a: Celebi|33/100|[silent]
|upkeep
|turn|49
|
|t:|1730762735
|switch|p2a: Blissey|Blissey, F|62/100
|-damage|p2a: Blissey|38/100|[from] Spikes
|move|p1a: Celebi|Recover|p1a: Celebi
|-heal|p1a: Celebi|83/100
|
|-weather|Sandstorm|[upkeep]
|-damage|p1a: Celebi|77/100|[from] Sandstorm
|-damage|p2a: Blissey|31/100|[from] Sandstorm
|-heal|p1a: Celebi|83/100|[from] item: Leftovers
|-heal|p2a: Blissey|38/100|[from] item: Leftovers
|upkeep
|turn|50
|
|t:|1730762738
|move|p1a: Celebi|Leech Seed|p2a: Blissey|[miss]
|-miss|p1a: Celebi|p2a: Blissey
|move|p2a: Blissey|Soft-Boiled|p2a: Blissey
|-heal|p2a: Blissey|87/100
|
|-weather|Sandstorm|[upkeep]
|-damage|p1a: Celebi|77/100|[from] Sandstorm
|-damage|p2a: Blissey|81/100|[from] Sandstorm
|-heal|p1a: Celebi|83/100|[from] item: Leftovers
|-heal|p2a: Blissey|87/100|[from] item: Leftovers
|upkeep
|turn|51
|
|t:|1730762743
|move|p1a: Celebi|Leech Seed|p2a: Blissey
|-start|p2a: Blissey|move: Leech Seed
|move|p2a: Blissey|Ice Beam|p1a: Celebi
|-supereffective|p1a: Celebi
|-damage|p1a: Celebi|45/100
|
|-weather|Sandstorm|[upkeep]
|-damage|p1a: Celebi|39/100|[from] Sandstorm
|-damage|p2a: Blissey|81/100|[from] Sandstorm
|-heal|p1a: Celebi|45/100|[from] item: Leftovers
|-heal|p2a: Blissey|87/100|[from] item: Leftovers
|-damage|p2a: Blissey|75/100|[from] Leech Seed|[of] p1a: Celebi
|-heal|p1a: Celebi|65/100|[silent]
|upkeep
|turn|52
|
|t:|1730762752
|switch|p2a: Skarmory|Skarmory, F|74/100
|move|p1a: Celebi|Leech Seed|p2a: Skarmory|[miss]
|-miss|p1a: Celebi|p2a: Skarmory
|
|-weather|Sandstorm|[upkeep]
|-damage|p1a: Celebi|59/100|[from] Sandstorm
|-heal|p1a: Celebi|65/100|[from] item: Leftovers
|-heal|p2a: Skarmory|80/100|[from] item: Leftovers
|upkeep
|turn|53
|
|t:|1730762771
|move|p2a: Skarmory|Protect|p2a: Skarmory
|-singleturn|p2a: Skarmory|Protect
|move|p1a: Celebi|Recover|p1a: Celebi
|-heal|p1a: Celebi|100/100
|
|-weather|Sandstorm|[upkeep]
|-damage|p1a: Celebi|94/100|[from] Sandstorm
|-heal|p1a: Celebi|100/100|[from] item: Leftovers
|-heal|p2a: Skarmory|86/100|[from] item: Leftovers
|upkeep
|turn|54
|
|t:|1730762787
|move|p1a: Celebi|Leech Seed|p2a: Skarmory
|-start|p2a: Skarmory|move: Leech Seed
|move|p2a: Skarmory|Roar|p1a: Celebi
|drag|p1a: Metagross|Metagross|45/100
|-damage|p1a: Metagross|20/100|[from] Spikes
|
|-weather|Sandstorm|[upkeep]
|-heal|p2a: Skarmory|92/100|[from] item: Leftovers
|-damage|p2a: Skarmory|79/100|[from] Leech Seed|[of] p1a: Metagross
|-heal|p1a: Metagross|31/100|[silent]
|-heal|p1a: Metagross|37/100|[from] item: Leftovers
|upkeep
|turn|55
|
|t:|1730762792
|move|p1a: Metagross|Protect|p1a: Metagross
|-singleturn|p1a: Metagross|Protect
|move|p2a: Skarmory|Roar|p1a: Metagross
|-activate|p1a: Metagross|Protect
|
|-weather|Sandstorm|[upkeep]
|-heal|p2a: Skarmory|85/100|[from] item: Leftovers
|-damage|p2a: Skarmory|73/100|[from] Leech Seed|[of] p1a: Metagross
|-heal|p1a: Metagross|48/100|[silent]
|-heal|p1a: Metagross|54/100|[from] item: Leftovers
|upkeep
|turn|56
|
|t:|1730762796
|move|p1a: Metagross|Meteor Mash|p2a: Skarmory|[miss]
|-miss|p1a: Metagross|p2a: Skarmory
|move|p2a: Skarmory|Roar|p1a: Metagross
|drag|p1a: Celebi|Celebi|100/100
|-damage|p1a: Celebi|75/100|[from] Spikes
|
|-weather|Sandstorm|[upkeep]
|-damage|p1a: Celebi|69/100|[from] Sandstorm
|-heal|p1a: Celebi|75/100|[from] item: Leftovers
|-heal|p2a: Skarmory|79/100|[from] item: Leftovers
|-damage|p2a: Skarmory|67/100|[from] Leech Seed|[of] p1a: Celebi
|-heal|p1a: Celebi|86/100|[silent]
|upkeep
|turn|57
|
|t:|1730762802
|switch|p2a: Blissey|Blissey, F|75/100
|-damage|p2a: Blissey|50/100|[from] Spikes
|move|p1a: Celebi|Psychic|p2a: Blissey
|-damage|p2a: Blissey|36/100
|
|-weather|Sandstorm|[upkeep]
|-damage|p1a: Celebi|79/100|[from] Sandstorm
|-damage|p2a: Blissey|30/100|[from] Sandstorm
|-heal|p1a: Celebi|86/100|[from] item: Leftovers
|-heal|p2a: Blissey|36/100|[from] item: Leftovers
|upkeep
|turn|58
|
|t:|1730762806
|switch|p1a: Metagross|Metagross|54/100
|-damage|p1a: Metagross|29/100|[from] Spikes
|move|p2a: Blissey|Soft-Boiled|p2a: Blissey
|-heal|p2a: Blissey|86/100
|
|-weather|Sandstorm|[upkeep]
|-damage|p2a: Blissey|80/100|[from] Sandstorm
|-heal|p1a: Metagross|35/100|[from] item: Leftovers
|-heal|p2a: Blissey|86/100|[from] item: Leftovers
|upkeep
|turn|59
|
|t:|1730762813
|switch|p2a: Skarmory|Skarmory, F|67/100
|move|p1a: Metagross|Meteor Mash|p2a: Skarmory
|-resisted|p2a: Skarmory
|-crit|p2a: Skarmory
|-damage|p2a: Skarmory|25/100
|
|-weather|Sandstorm|[upkeep]
|-heal|p2a: Skarmory|31/100|[from] item: Leftovers
|-heal|p1a: Metagross|41/100|[from] item: Leftovers
|upkeep
|turn|60
|
|t:|1730762818
|move|p2a: Skarmory|Protect|p2a: Skarmory
|-singleturn|p2a: Skarmory|Protect
|move|p1a: Metagross|Meteor Mash|p2a: Skarmory
|-activate|p2a: Skarmory|Protect
|
|-weather|Sandstorm|[upkeep]
|-heal|p2a: Skarmory|37/100|[from] item: Leftovers
|-heal|p1a: Metagross|47/100|[from] item: Leftovers
|upkeep
|turn|61
|
|t:|1730762820
|move|p1a: Metagross|Meteor Mash|p2a: Skarmory
|-resisted|p2a: Skarmory
|-damage|p2a: Skarmory|14/100
|move|p2a: Skarmory|Roar|p1a: Metagross
|drag|p1a: Celebi|Celebi|86/100
|-damage|p1a: Celebi|61/100|[from] Spikes
|
|-weather|Sandstorm|[upkeep]
|-damage|p1a: Celebi|54/100|[from] Sandstorm
|-heal|p1a: Celebi|61/100|[from] item: Leftovers
|-heal|p2a: Skarmory|20/100|[from] item: Leftovers
|upkeep
|turn|62
|inactive|ThisGuyMuks has 270 seconds left.
|
|t:|1730762857
|move|p2a: Skarmory|Protect|p2a: Skarmory
|-singleturn|p2a: Skarmory|Protect
|move|p1a: Celebi|Recover|p1a: Celebi
|-heal|p1a: Celebi|100/100
|
|-weather|Sandstorm|[upkeep]
|-damage|p1a: Celebi|94/100|[from] Sandstorm
|-heal|p1a: Celebi|100/100|[from] item: Leftovers
|-heal|p2a: Skarmory|26/100|[from] item: Leftovers
|upkeep
|turn|63
|inactive|ThisGuyMuks has 270 seconds left.
|
|t:|1730762889
|switch|p2a: Blissey|Blissey, F|86/100
|-damage|p2a: Blissey|61/100|[from] Spikes
|move|p1a: Celebi|Leech Seed|p2a: Blissey
|-start|p2a: Blissey|move: Leech Seed
|
|-weather|Sandstorm|[upkeep]
|-damage|p1a: Celebi|94/100|[from] Sandstorm
|-damage|p2a: Blissey|55/100|[from] Sandstorm
|-heal|p1a: Celebi|100/100|[from] item: Leftovers
|-heal|p2a: Blissey|61/100|[from] item: Leftovers
|-damage|p2a: Blissey|49/100|[from] Leech Seed|[of] p1a: Celebi
|upkeep
|turn|64
|
|t:|1730762895
|switch|p1a: Metagross|Metagross|47/100
|-damage|p1a: Metagross|22/100|[from] Spikes
|switch|p2a: Skarmory|Skarmory, F|26/100
|
|-weather|Sandstorm|[upkeep]
|-heal|p2a: Skarmory|32/100|[from] item: Leftovers
|-heal|p1a: Metagross|29/100|[from] item: Leftovers
|upkeep
|turn|65
|
|t:|1730762911
|move|p1a: Metagross|Explosion|p2a: Skarmory
|-resisted|p2a: Skarmory
|-damage|p2a: Skarmory|0 fnt
|faint|p1a: Metagross
|faint|p2a: Skarmory
|
|t:|1730762928
|switch|p2a: Jirachi|Jirachi|44/100
|switch|p1a: Celebi|Celebi|100/100
|-damage|p2a: Jirachi|19/100|[from] Spikes
|-damage|p1a: Celebi|75/100|[from] Spikes
|
|-weather|Sandstorm|[upkeep]
|-damage|p1a: Celebi|69/100|[from] Sandstorm
|-heal|p1a: Celebi|75/100|[from] item: Leftovers
|-heal|p2a: Jirachi|25/100|[from] item: Leftovers
|upkeep
|turn|66
|
|t:|1730762931
|move|p2a: Jirachi|Protect|p2a: Jirachi
|-singleturn|p2a: Jirachi|Protect
|move|p1a: Celebi|Leech Seed|p2a: Jirachi|[miss]
|-miss|p1a: Celebi|p2a: Jirachi
|
|-weather|Sandstorm|[upkeep]
|-damage|p1a: Celebi|69/100|[from] Sandstorm
|-heal|p1a: Celebi|75/100|[from] item: Leftovers
|-heal|p2a: Jirachi|32/100|[from] item: Leftovers
|upkeep
|turn|67
|
|t:|1730762941
|move|p1a: Celebi|Leech Seed|p2a: Jirachi|[miss]
|-miss|p1a: Celebi|p2a: Jirachi
|move|p2a: Jirachi|Wish|p2a: Jirachi
|
|-weather|Sandstorm|[upkeep]
|-damage|p1a: Celebi|69/100|[from] Sandstorm
|-heal|p1a: Celebi|75/100|[from] item: Leftovers
|-heal|p2a: Jirachi|38/100|[from] item: Leftovers
|upkeep
|turn|68
|c|☆E585|ggwp 
|c|☆ThisGuyMuks|thanks u2
|c|☆ThisGuyMuks|gl in rest
|-message|E585 forfeited.
|
|win|ThisGuyMuks

</script>
<script type="application/json" class="data" id="replaydata-smogtours-gen3ou-804836">
{"id":"smogtours-gen3ou-804836","format":"[Gen 3] OU","players":["E585","ThisGuyMuks"],"uploadtime":1730762959,"views":49,"formatid":"gen3ou","rating":null,"private":0,"password":null}
</script>

<script defer src="js/replays.js?9d40a366"></script>
