<!DOCTYPE html>
<meta charset="utf-8" />
<meta name="viewport" content="width=device-width" />

<title>[Gen 3] OU: blundergoth vs. Cakeconnesseur - Replays - Pok&eacute;mon Showdown!</title>

<meta name="description" content="Watch a replay of a Pok&eacute;mon battle between blundergoth and Cakeconnesseur! Format: [Gen 3] OU; Date: Nov 7, 2024" />
<!--

Hey, you! Looking in the source for the replay log?

You can find them in JSON format, just add `.json` at the end of a replay URL.

https://replay.pokemonshowdown.com/gen7randomdoublesbattle-865046831.json

Or, if you only need the log itself, add `.log` instead:

https://replay.pokemonshowdown.com/gen7randomdoublesbattle-865046831.log

-->

<link rel="stylesheet" href="//pokemonshowdown.com/style/global.css?0.023195364461161105" />
<link rel="stylesheet" href="//play.pokemonshowdown.com/style/font-awesome.css?0.13261647063804238" />
<link rel="stylesheet" href="//play.pokemonshowdown.com/style/battle.css?0.8753245789963631" />
<link rel="stylesheet" href="//play.pokemonshowdown.com/style/utilichart.css?0.8627959624976733" />

<!-- Global site tag (gtag.js) - Google Analytics -->
<script async src="https://www.googletagmanager.com/gtag/js?id=UA-26211653-1"></script>
<script>
  window.dataLayer = window.dataLayer || [];
  function gtag(){dataLayer.push(arguments);}
  gtag('js', new Date());

  gtag('config', 'UA-26211653-1');
</script>
<!-- End Google Analytics -->
<!-- Venatus Ad Manager - Install in <HEAD> of page -->
	<script src="https://hb.vntsm.com/v3/live/ad-manager.min.js" type="text/javascript" data-site-id="642aba63ec9a7b11c3c9c1be" data-mode="scan" async></script>
<!-- / Venatus Ad Manager -->

<style>
	@media (max-width:820px) {
		.battle {
			margin: 0 auto;
		}
		.battle-log {
			margin: 7px auto 0;
			max-width: 640px;
			height: 300px;
			position: static;
		}
	}
	.optgroup {
		display: inline-block;
		line-height: 22px;
		font-size: 10pt;
	}
	.optgroup .button {
		height: 25px;
		padding-top: 0;
		padding-bottom: 0;
	}
	.optgroup button.button {
		padding-left: 12px;
		padding-right: 12px;
	}
	.linklist {
		list-style: none;
		margin: 0.5em 0;
		padding: 0;
	}
	.linklist li {
		padding: 2px 0;
	}
	.sidebar {
		float: left;
		width: 320px;
	}
	.bar-wrapper {
		max-width: 1100px;
		margin: 0 auto;
	}
	.bar-wrapper.has-sidebar {
		max-width: 1430px;
	}
	.mainbar {
		margin: 0;
		padding-right: 1px;
	}
	.mainbar.has-sidebar {
		margin-left: 330px;
	}
	@media (min-width: 1511px) {
		.sidebar {
			width: 400px;
		}
		.bar-wrapper.has-sidebar {
			max-width: 1510px;
		}
		.mainbar.has-sidebar {
			margin-left: 410px;
		}
	}
	.section.first-section {
		margin-top: 9px;
	}
	.blocklink small {
		white-space: normal;
	}
	.button {
		vertical-align: middle;
	}
	.replay-controls {
		padding-top: 10px;
	}
	.replay-controls h1 {
		font-size: 16pt;
		font-weight: normal;
		color: #CCC;
	}
	.pagelink {
		text-align: center;
	}
	.pagelink a {
		width: 150px;
	}
	.textbox, .button {
		font-size: 11pt;
		vertical-align: middle;
	}
	@media (max-width: 450px) {
		.button {
			font-size: 9pt;
		}
	}
</style>

<div>

	<header>
		<div class="nav-wrapper"><ul class="nav">
			<li><a class="button nav-first" href="//pokemonshowdown.com/"><img src="//pokemonshowdown.com/images/pokemonshowdownbeta.png" srcset="//pokemonshowdown.com/images/pokemonshowdownbeta.png 1x, //pokemonshowdown.com/images/pokemonshowdownbeta@2x.png 2x" alt="Pok&eacute;mon Showdown" width="146" height="44" /> Home</a></li>
			<li><a class="button" href="//pokemonshowdown.com/dex/">Pok&eacute;dex</a></li>
			<li><a class="button cur" href="/">Replays</a></li>
			<li><a class="button" href="//pokemonshowdown.com/ladder/">Ladder</a></li>
			<li><a class="button nav-last" href="//pokemonshowdown.com/forums/">Forum</a></li>
			<li><a class="button greenbutton nav-first nav-last" href="//play.pokemonshowdown.com/">Play</a></li>
		</ul></div>
	</header>

	<div class="main" id="main">

		<noscript><section class="section">You need to enable JavaScript to use this page; sorry!</section></noscript>

	</div>

</div>

<script defer nomodule src="//play.pokemonshowdown.com/js/lib/ps-polyfill.js"></script>
<script defer src="//play.pokemonshowdown.com/js/lib/preact.min.js"></script>

<script defer src="//play.pokemonshowdown.com/config/config.js?2bddbc15"></script>
<script defer src="//play.pokemonshowdown.com/js/lib/jquery-1.11.0.min.js"></script>
<script defer src="//play.pokemonshowdown.com/js/lib/html-sanitizer-minified.js"></script>
<script defer src="//play.pokemonshowdown.com/js/battle-sound.js"></script>
<script defer src="//play.pokemonshowdown.com/js/battledata.js?0.7209276989879541"></script>
<script defer src="//play.pokemonshowdown.com/data/pokedex-mini.js?0.6111056340867951"></script>
<script defer src="//play.pokemonshowdown.com/data/pokedex-mini-bw.js?0.3532142036491459"></script>
<script defer src="//play.pokemonshowdown.com/data/graphics.js?0.24223875632456182"></script>
<script defer src="//play.pokemonshowdown.com/data/pokedex.js?0.38839984266356864"></script>
<script defer src="//play.pokemonshowdown.com/data/moves.js?0.21866028504024015"></script>
<script defer src="//play.pokemonshowdown.com/data/abilities.js?0.2005157953846628"></script>
<script defer src="//play.pokemonshowdown.com/data/items.js?0.9894211263848525"></script>
<script defer src="//play.pokemonshowdown.com/data/teambuilder-tables.js?0.6008791140282215"></script>
<script defer src="//play.pokemonshowdown.com/js/battle-tooltips.js?0.7580118955022959"></script>
<script defer src="//play.pokemonshowdown.com/js/battle.js?0.6057722274234274"></script>

<script defer src="js/utils.js?e31f9a17"></script>
<script defer src="js/replays-battle.js?7008c182"></script>

<!-- don't scrape this data! just add .json or .log after the URL!
Full API docs: https://github.com/smogon/pokemon-showdown-client/blob/master/WEB-API.md -->
<script type="text/plain" class="log" id="replaylog-smogtours-gen3ou-805177">
|inactive|Battle timer is ON: inactive players will automatically lose when time's up.
|t:|1731018850
|gametype|singles
|player|p1|blundergoth|ingo|
|player|p2|Cakeconnesseur|lass-gen7|
|teamsize|p1|6
|teamsize|p2|6
|gen|3
|tier|[Gen 3] OU
|rule|Sleep Clause Mod: Limit one foe put to sleep
|rule|Switch Priority Clause Mod: Faster Pokémon switch first
|rule|Species Clause: Limit one of each Pokémon
|rule|OHKO Clause: OHKO moves are banned
|rule|Evasion Items Clause: Evasion items are banned
|rule|Evasion Moves Clause: Evasion moves are banned
|rule|Endless Battle Clause: Forcing endless battles is banned
|rule|HP Percentage Mod: HP is shown in percentages
|rule|One Boost Passer Clause: Limit one Baton Passer that has a way to boost its stats
|rule|Freeze Clause Mod: Limit one foe frozen
|
|t:|1731018850
|start
|switch|p1a: Tyranitar|Tyranitar, F|100/100
|switch|p2a: Suicune|Suicune|100/100
|-weather|Sandstorm|[from] ability: Sand Stream|[of] p1a: Tyranitar
|turn|1
|inactive|Cakeconnesseur also wants the timer to be on.
|c|☆Cakeconnesseur|hf
|inactive|blundergoth has 270 seconds left.
|
|t:|1731018905
|switch|p1a: Skarmory|Skarmory, F|100/100
|move|p2a: Suicune|Hydro Pump|p1a: Skarmory
|-damage|p1a: Skarmory|52/100
|
|-weather|Sandstorm|[upkeep]
|-damage|p2a: Suicune|94/100|[from] Sandstorm
|-heal|p2a: Suicune|100/100|[from] item: Leftovers
|-heal|p1a: Skarmory|59/100|[from] item: Leftovers
|upkeep
|turn|2
|inactive|Cakeconnesseur has 270 seconds left.
|inactive|blundergoth has 270 seconds left.
|inactive|Cakeconnesseur has 240 seconds left.
|
|t:|1731018983
|switch|p2a: Jirachi|Jirachi|100/100
|move|p1a: Skarmory|Roar|p2a: Jirachi
|drag|p2a: Suicune|Suicune|100/100
|
|-weather|Sandstorm|[upkeep]
|-damage|p2a: Suicune|94/100|[from] Sandstorm
|-heal|p2a: Suicune|100/100|[from] item: Leftovers
|-heal|p1a: Skarmory|65/100|[from] item: Leftovers
|upkeep
|turn|3
|inactive|Cakeconnesseur has 240 seconds left.
|
|t:|1731018996
|move|p2a: Suicune|Hydro Pump|p1a: Skarmory
|-damage|p1a: Skarmory|17/100
|move|p1a: Skarmory|Toxic|p2a: Suicune
|-status|p2a: Suicune|tox
|
|-weather|Sandstorm|[upkeep]
|-damage|p2a: Suicune|94/100 tox|[from] Sandstorm
|-heal|p2a: Suicune|100/100 tox|[from] item: Leftovers
|-damage|p2a: Suicune|94/100 tox|[from] psn
|-heal|p1a: Skarmory|23/100|[from] item: Leftovers
|upkeep
|turn|4
|inactive|Cakeconnesseur has 240 seconds left.
|
|t:|1731019026
|move|p2a: Suicune|Calm Mind|p2a: Suicune
|-boost|p2a: Suicune|spa|1
|-boost|p2a: Suicune|spd|1
|move|p1a: Skarmory|Roar|p2a: Suicune
|drag|p2a: Celebi|Celebi|100/100
|
|-weather|Sandstorm|[upkeep]
|-damage|p2a: Celebi|95/100|[from] Sandstorm
|-heal|p2a: Celebi|100/100|[from] item: Leftovers
|-heal|p1a: Skarmory|29/100|[from] item: Leftovers
|upkeep
|turn|5
|inactive|blundergoth has 240 seconds left.
|
|t:|1731019053
|switch|p1a: Salamence|Salamence, M|100/100
|-ability|p1a: Salamence|Intimidate|boost
|-unboost|p2a: Celebi|atk|1
|move|p2a: Celebi|Hidden Power|p1a: Salamence
|-resisted|p1a: Salamence
|-damage|p1a: Salamence|90/100
|
|-weather|Sandstorm|[upkeep]
|-damage|p2a: Celebi|95/100|[from] Sandstorm
|-damage|p1a: Salamence|84/100|[from] Sandstorm
|-heal|p2a: Celebi|100/100|[from] item: Leftovers
|-heal|p1a: Salamence|90/100|[from] item: Leftovers
|upkeep
|turn|6
|inactive|Cakeconnesseur has 240 seconds left.
|
|t:|1731019074
|switch|p2a: Porygon2|Porygon2|100/100
|-ability|p2a: Porygon2|Intimidate|[from] ability: Trace|[of] p1a: Salamence
|switch|p1a: Jolteon|Jolteon, F|100/100
|
|-weather|Sandstorm|[upkeep]
|-damage|p1a: Jolteon|94/100|[from] Sandstorm
|-damage|p2a: Porygon2|94/100|[from] Sandstorm
|-heal|p1a: Jolteon|100/100|[from] item: Leftovers
|-heal|p2a: Porygon2|100/100|[from] item: Leftovers
|upkeep
|turn|7
|inactive|Cakeconnesseur has 240 seconds left.
|
|t:|1731019098
|move|p1a: Jolteon|Baton Pass|p1a: Jolteon
|
|t:|1731019101
|switch|p1a: Swampert|Swampert, F|100/100|[from] Baton Pass
|move|p2a: Porygon2|Toxic|p1a: Swampert
|-status|p1a: Swampert|tox
|
|-weather|Sandstorm|[upkeep]
|-damage|p2a: Porygon2|94/100|[from] Sandstorm
|-heal|p2a: Porygon2|100/100|[from] item: Leftovers
|-damage|p1a: Swampert|94/100 tox|[from] psn
|upkeep
|turn|8
|inactive|blundergoth has 210 seconds left.
|
|t:|1731019127
|switch|p1a: Skarmory|Skarmory, F|29/100
|move|p2a: Porygon2|Ice Beam|p1a: Skarmory
|-damage|p1a: Skarmory|7/100
|
|-weather|Sandstorm|[upkeep]
|-damage|p2a: Porygon2|94/100|[from] Sandstorm
|-heal|p1a: Skarmory|13/100|[from] item: Leftovers
|-heal|p2a: Porygon2|100/100|[from] item: Leftovers
|upkeep
|turn|9
|inactive|Cakeconnesseur has 240 seconds left.
|inactive|blundergoth has 210 seconds left.
|
|t:|1731019150
|switch|p2a: Jirachi|Jirachi|100/100
|move|p1a: Skarmory|Spikes|p2a: Jirachi
|-sidestart|p2: Cakeconnesseur|Spikes
|
|-weather|Sandstorm|[upkeep]
|-heal|p1a: Skarmory|19/100|[from] item: Leftovers
|upkeep
|turn|10
|inactive|blundergoth has 210 seconds left.
|
|t:|1731019182
|switch|p1a: Tyranitar|Tyranitar, F|100/100
|move|p2a: Jirachi|Fire Punch|p1a: Tyranitar
|-resisted|p1a: Tyranitar
|-damage|p1a: Tyranitar|89/100
|
|-weather|Sandstorm|[upkeep]
|upkeep
|turn|11
|
|t:|1731019201
|switch|p2a: Suicune|Suicune|94/100 tox
|-damage|p2a: Suicune|82/100 tox|[from] Spikes
|switch|p1a: Jolteon|Jolteon, F|100/100
|
|-weather|Sandstorm|[upkeep]
|-damage|p1a: Jolteon|94/100|[from] Sandstorm
|-damage|p2a: Suicune|76/100 tox|[from] Sandstorm
|-heal|p1a: Jolteon|100/100|[from] item: Leftovers
|-heal|p2a: Suicune|82/100 tox|[from] item: Leftovers
|-damage|p2a: Suicune|76/100 tox|[from] psn
|upkeep
|turn|12
|
|t:|1731019212
|switch|p2a: Porygon2|Porygon2|100/100
|-damage|p2a: Porygon2|88/100|[from] Spikes
|-ability|p2a: Porygon2|Volt Absorb|[from] ability: Trace|[of] p1a: Jolteon
|move|p1a: Jolteon|Substitute|p1a: Jolteon
|-start|p1a: Jolteon|Substitute
|-damage|p1a: Jolteon|76/100
|
|-weather|Sandstorm|[upkeep]
|-damage|p1a: Jolteon|69/100|[from] Sandstorm
|-damage|p2a: Porygon2|82/100|[from] Sandstorm
|-heal|p1a: Jolteon|76/100|[from] item: Leftovers
|-heal|p2a: Porygon2|88/100|[from] item: Leftovers
|upkeep
|turn|13
|inactive|blundergoth has 180 seconds left.
|
|t:|1731019247
|switch|p1a: Skarmory|Skarmory, F|19/100
|move|p2a: Porygon2|Ice Beam|p1a: Skarmory
|-damage|p1a: Skarmory|0 fnt
|faint|p1a: Skarmory
|c|☆blundergoth|WHGAT
|c|☆blundergoth|I DIDNT CLICK BP
|c|☆blundergoth|I MEANT TO
|inactive|blundergoth has 150 seconds left.
|
|t:|1731019289
|switch|p1a: Gengar|Gengar, F|100/100
|
|-weather|Sandstorm|[upkeep]
|-damage|p1a: Gengar|95/100|[from] Sandstorm
|-damage|p2a: Porygon2|82/100|[from] Sandstorm
|-heal|p1a: Gengar|100/100|[from] item: Leftovers
|-heal|p2a: Porygon2|88/100|[from] item: Leftovers
|upkeep
|turn|14
|inactive|Cakeconnesseur has 240 seconds left.
|
|t:|1731019311
|switch|p2a: Jirachi|Jirachi|100/100
|-damage|p2a: Jirachi|88/100|[from] Spikes
|move|p1a: Gengar|Will-O-Wisp|p2a: Jirachi
|-status|p2a: Jirachi|brn
|
|-weather|Sandstorm|[upkeep]
|-damage|p1a: Gengar|95/100|[from] Sandstorm
|-heal|p1a: Gengar|100/100|[from] item: Leftovers
|-heal|p2a: Jirachi|94/100 brn|[from] item: Leftovers
|-damage|p2a: Jirachi|82/100 brn|[from] brn
|upkeep
|turn|15
|inactive|blundergoth has 120 seconds left.
|
|t:|1731019354
|move|p1a: Gengar|Thunderbolt|p2a: Jirachi
|-damage|p2a: Jirachi|57/100 brn
|move|p2a: Jirachi|Hidden Power|p1a: Gengar
|-resisted|p1a: Gengar
|-damage|p1a: Gengar|89/100
|
|-weather|Sandstorm|[upkeep]
|-damage|p1a: Gengar|83/100|[from] Sandstorm
|-heal|p1a: Gengar|89/100|[from] item: Leftovers
|-heal|p2a: Jirachi|63/100 brn|[from] item: Leftovers
|-damage|p2a: Jirachi|51/100 brn|[from] brn
|upkeep
|turn|16
|inactive|blundergoth has 90 seconds left.
|
|t:|1731019378
|move|p1a: Gengar|Ice Punch|p2a: Jirachi
|-resisted|p2a: Jirachi
|-damage|p2a: Jirachi|40/100 brn
|move|p2a: Jirachi|Psychic|p1a: Gengar
|-supereffective|p1a: Gengar
|-damage|p1a: Gengar|0 fnt
|faint|p1a: Gengar
|inactive|blundergoth has 90 seconds left.
|
|t:|1731019386
|switch|p1a: Jolteon|Jolteon, F|76/100
|
|-weather|Sandstorm|[upkeep]
|-damage|p1a: Jolteon|69/100|[from] Sandstorm
|-heal|p1a: Jolteon|76/100|[from] item: Leftovers
|-heal|p2a: Jirachi|46/100 brn|[from] item: Leftovers
|-damage|p2a: Jirachi|34/100 brn|[from] brn
|upkeep
|turn|17
|inactive|Cakeconnesseur has 240 seconds left.
|
|t:|1731019393
|move|p1a: Jolteon|Thunderbolt|p2a: Jirachi
|-damage|p2a: Jirachi|0 fnt
|faint|p2a: Jirachi
|inactive|Cakeconnesseur has 240 seconds left.
|
|t:|1731019398
|switch|p2a: Porygon2|Porygon2|88/100
|-damage|p2a: Porygon2|76/100|[from] Spikes
|-ability|p2a: Porygon2|Volt Absorb|[from] ability: Trace|[of] p1a: Jolteon
|
|-weather|Sandstorm|[upkeep]
|-damage|p1a: Jolteon|69/100|[from] Sandstorm
|-damage|p2a: Porygon2|70/100|[from] Sandstorm
|-heal|p1a: Jolteon|76/100|[from] item: Leftovers
|-heal|p2a: Porygon2|76/100|[from] item: Leftovers
|upkeep
|turn|18
|
|t:|1731019404
|move|p1a: Jolteon|Baton Pass|p1a: Jolteon
|
|t:|1731019414
|switch|p1a: Swampert|Swampert, F|94/100 tox|[from] Baton Pass
|move|p2a: Porygon2|Ice Beam|p1a: Swampert
|-damage|p1a: Swampert|72/100 tox
|
|-weather|Sandstorm|[upkeep]
|-damage|p2a: Porygon2|70/100|[from] Sandstorm
|-heal|p2a: Porygon2|76/100|[from] item: Leftovers
|-heal|p1a: Swampert|78/100 tox|[from] item: Leftovers
|-damage|p1a: Swampert|72/100 tox|[from] psn
|upkeep
|turn|19
|
|t:|1731019423
|-singleturn|p1a: Swampert|move: Focus Punch
|move|p2a: Porygon2|Recover|p2a: Porygon2
|-heal|p2a: Porygon2|100/100
|move|p1a: Swampert|Focus Punch|p2a: Porygon2
|-supereffective|p2a: Porygon2
|-damage|p2a: Porygon2|49/100
|
|-weather|Sandstorm|[upkeep]
|-damage|p2a: Porygon2|42/100|[from] Sandstorm
|-heal|p2a: Porygon2|49/100|[from] item: Leftovers
|-heal|p1a: Swampert|78/100 tox|[from] item: Leftovers
|-damage|p1a: Swampert|66/100 tox|[from] psn
|upkeep
|turn|20
|
|t:|1731019431
|move|p2a: Porygon2|Recover|p2a: Porygon2
|-heal|p2a: Porygon2|99/100
|move|p1a: Swampert|Hydro Pump|p2a: Porygon2
|-damage|p2a: Porygon2|52/100
|
|-weather|Sandstorm|[upkeep]
|-damage|p2a: Porygon2|46/100|[from] Sandstorm
|-heal|p2a: Porygon2|52/100|[from] item: Leftovers
|-heal|p1a: Swampert|72/100 tox|[from] item: Leftovers
|-damage|p1a: Swampert|53/100 tox|[from] psn
|upkeep
|turn|21
|
|t:|1731019451
|move|p2a: Porygon2|Recover|p2a: Porygon2
|-heal|p2a: Porygon2|100/100
|move|p1a: Swampert|Hydro Pump|p2a: Porygon2
|-damage|p2a: Porygon2|48/100
|
|-weather|Sandstorm|[upkeep]
|-damage|p2a: Porygon2|42/100|[from] Sandstorm
|-heal|p2a: Porygon2|48/100|[from] item: Leftovers
|-heal|p1a: Swampert|60/100 tox|[from] item: Leftovers
|-damage|p1a: Swampert|35/100 tox|[from] psn
|upkeep
|turn|22
|
|t:|1731019463
|-singleturn|p1a: Swampert|move: Focus Punch
|move|p2a: Porygon2|Recover|p2a: Porygon2
|-heal|p2a: Porygon2|98/100
|move|p1a: Swampert|Focus Punch|p2a: Porygon2
|-supereffective|p2a: Porygon2
|-damage|p2a: Porygon2|42/100
|
|-weather|Sandstorm|[upkeep]
|-damage|p2a: Porygon2|36/100|[from] Sandstorm
|-heal|p2a: Porygon2|42/100|[from] item: Leftovers
|-heal|p1a: Swampert|41/100 tox|[from] item: Leftovers
|-damage|p1a: Swampert|10/100 tox|[from] psn
|upkeep
|turn|23
|inactive|Cakeconnesseur has 270 seconds left.
|
|t:|1731019482
|move|p2a: Porygon2|Recover|p2a: Porygon2
|-heal|p2a: Porygon2|92/100
|move|p1a: Swampert|Hydro Pump|p2a: Porygon2
|-damage|p2a: Porygon2|21/100
|
|-weather|Sandstorm|[upkeep]
|-damage|p2a: Porygon2|15/100|[from] Sandstorm
|-heal|p2a: Porygon2|21/100|[from] item: Leftovers
|-heal|p1a: Swampert|16/100 tox|[from] item: Leftovers
|-damage|p1a: Swampert|0 fnt|[from] psn
|faint|p1a: Swampert
|upkeep
|
|t:|1731019490
|switch|p1a: Tyranitar|Tyranitar, F|89/100
|turn|24
|
|t:|1731019495
|switch|p2a: Suicune|Suicune|76/100 tox
|-damage|p2a: Suicune|64/100 tox|[from] Spikes
|move|p1a: Tyranitar|Ancient Power|p2a: Suicune
|-damage|p2a: Suicune|38/100 tox
|
|-weather|Sandstorm|[upkeep]
|-damage|p2a: Suicune|32/100 tox|[from] Sandstorm
|-heal|p2a: Suicune|38/100 tox|[from] item: Leftovers
|-damage|p2a: Suicune|32/100 tox|[from] psn
|upkeep
|turn|25
|inactive|Cakeconnesseur has 270 seconds left.
|
|t:|1731019510
|move|p2a: Suicune|Hydro Pump|p1a: Tyranitar
|-supereffective|p1a: Tyranitar
|-damage|p1a: Tyranitar|0 fnt
|faint|p1a: Tyranitar
|
|t:|1731019515
|switch|p1a: Jolteon|Jolteon, F|76/100
|
|-weather|Sandstorm|[upkeep]
|-damage|p1a: Jolteon|69/100|[from] Sandstorm
|-damage|p2a: Suicune|26/100 tox|[from] Sandstorm
|-heal|p1a: Jolteon|76/100|[from] item: Leftovers
|-heal|p2a: Suicune|32/100 tox|[from] item: Leftovers
|-damage|p2a: Suicune|20/100 tox|[from] psn
|upkeep
|turn|26
|
|t:|1731019519
|move|p1a: Jolteon|Hidden Power|p2a: Suicune
|-supereffective|p2a: Suicune
|-damage|p2a: Suicune|0 fnt
|faint|p2a: Suicune
|inactive|Cakeconnesseur has 270 seconds left.
|
|t:|1731019540
|switch|p2a: Celebi|Celebi|100/100
|-damage|p2a: Celebi|88/100|[from] Spikes
|
|-weather|Sandstorm|[upkeep]
|-damage|p1a: Jolteon|69/100|[from] Sandstorm
|-damage|p2a: Celebi|82/100|[from] Sandstorm
|-heal|p1a: Jolteon|76/100|[from] item: Leftovers
|-heal|p2a: Celebi|88/100|[from] item: Leftovers
|upkeep
|turn|27
|
|t:|1731019545
|move|p1a: Jolteon|Substitute|p1a: Jolteon
|-start|p1a: Jolteon|Substitute
|-damage|p1a: Jolteon|51/100
|move|p2a: Celebi|Giga Drain|p1a: Jolteon
|-end|p1a: Jolteon|Substitute
|-heal|p2a: Celebi|98/100|[from] drain|[of] p1a: Jolteon
|
|-weather|Sandstorm|[upkeep]
|-damage|p1a: Jolteon|44/100|[from] Sandstorm
|-damage|p2a: Celebi|92/100|[from] Sandstorm
|-heal|p1a: Jolteon|51/100|[from] item: Leftovers
|-heal|p2a: Celebi|98/100|[from] item: Leftovers
|upkeep
|turn|28
|inactive|Cakeconnesseur has 270 seconds left.
|inactive|blundergoth has 150 seconds left.
|
|t:|1731019578
|move|p1a: Jolteon|Baton Pass|p1a: Jolteon
|
|t:|1731019580
|switch|p1a: Salamence|Salamence, M|90/100|[from] Baton Pass
|-ability|p1a: Salamence|Intimidate|boost
|-unboost|p2a: Celebi|atk|1
|move|p2a: Celebi|Baton Pass|p2a: Celebi
|
|t:|1731019584
|switch|p2a: Raikou|Raikou|100/100|[from] Baton Pass
|-damage|p2a: Raikou|88/100|[from] Spikes
|
|-weather|Sandstorm|[upkeep]
|-damage|p2a: Raikou|82/100|[from] Sandstorm
|-damage|p1a: Salamence|84/100|[from] Sandstorm
|-heal|p2a: Raikou|88/100|[from] item: Leftovers
|-heal|p1a: Salamence|90/100|[from] item: Leftovers
|upkeep
|turn|29
|
|t:|1731019595
|move|p2a: Raikou|Hidden Power|p1a: Salamence
|-supereffective|p1a: Salamence
|-damage|p1a: Salamence|0 fnt
|faint|p1a: Salamence
|
|t:|1731019597
|switch|p1a: Jolteon|Jolteon, F|51/100
|
|-weather|Sandstorm|[upkeep]
|-damage|p1a: Jolteon|44/100|[from] Sandstorm
|-damage|p2a: Raikou|82/100|[from] Sandstorm
|-heal|p1a: Jolteon|51/100|[from] item: Leftovers
|-heal|p2a: Raikou|88/100|[from] item: Leftovers
|upkeep
|turn|30
|c|☆blundergoth|gg.
|-message|blundergoth forfeited.
|
|win|Cakeconnesseur
|player|p1|
|c|☆Cakeconnesseur|gg

</script>
<script type="application/json" class="data" id="replaydata-smogtours-gen3ou-805177">
{"id":"smogtours-gen3ou-805177","format":"[Gen 3] OU","players":["blundergoth","Cakeconnesseur"],"uploadtime":1731019608,"views":30,"formatid":"gen3ou","rating":null,"private":0,"password":null}
</script>

<script defer src="js/replays.js?9d40a366"></script>
