<!DOCTYPE html>
<meta charset="utf-8" />
<meta name="viewport" content="width=device-width" />

<title>[Gen 3] OU: Sotina vs. RaskaPork - Replays - Pok&eacute;mon Showdown!</title>

<meta name="description" content="Watch a replay of a Pok&eacute;mon battle between Sotina and RaskaPork! Format: [Gen 3] OU; Date: Oct 6, 2024" />
<!--

Hey, you! Looking in the source for the replay log?

You can find them in JSON format, just add `.json` at the end of a replay URL.

https://replay.pokemonshowdown.com/gen7randomdoublesbattle-865046831.json

Or, if you only need the log itself, add `.log` instead:

https://replay.pokemonshowdown.com/gen7randomdoublesbattle-865046831.log

-->

<link rel="stylesheet" href="//pokemonshowdown.com/style/global.css?0.023195364461161105" />
<link rel="stylesheet" href="//play.pokemonshowdown.com/style/font-awesome.css?0.13261647063804238" />
<link rel="stylesheet" href="//play.pokemonshowdown.com/style/battle.css?0.8753245789963631" />
<link rel="stylesheet" href="//play.pokemonshowdown.com/style/utilichart.css?0.8627959624976733" />

<!-- Global site tag (gtag.js) - Google Analytics -->
<script async src="https://www.googletagmanager.com/gtag/js?id=UA-26211653-1"></script>
<script>
  window.dataLayer = window.dataLayer || [];
  function gtag(){dataLayer.push(arguments);}
  gtag('js', new Date());

  gtag('config', 'UA-26211653-1');
</script>
<!-- End Google Analytics -->
<!-- Venatus Ad Manager - Install in <HEAD> of page -->
	<script src="https://hb.vntsm.com/v3/live/ad-manager.min.js" type="text/javascript" data-site-id="642aba63ec9a7b11c3c9c1be" data-mode="scan" async></script>
<!-- / Venatus Ad Manager -->

<style>
	@media (max-width:820px) {
		.battle {
			margin: 0 auto;
		}
		.battle-log {
			margin: 7px auto 0;
			max-width: 640px;
			height: 300px;
			position: static;
		}
	}
	.optgroup {
		display: inline-block;
		line-height: 22px;
		font-size: 10pt;
	}
	.optgroup .button {
		height: 25px;
		padding-top: 0;
		padding-bottom: 0;
	}
	.optgroup button.button {
		padding-left: 12px;
		padding-right: 12px;
	}
	.linklist {
		list-style: none;
		margin: 0.5em 0;
		padding: 0;
	}
	.linklist li {
		padding: 2px 0;
	}
	.sidebar {
		float: left;
		width: 320px;
	}
	.bar-wrapper {
		max-width: 1100px;
		margin: 0 auto;
	}
	.bar-wrapper.has-sidebar {
		max-width: 1430px;
	}
	.mainbar {
		margin: 0;
		padding-right: 1px;
	}
	.mainbar.has-sidebar {
		margin-left: 330px;
	}
	@media (min-width: 1511px) {
		.sidebar {
			width: 400px;
		}
		.bar-wrapper.has-sidebar {
			max-width: 1510px;
		}
		.mainbar.has-sidebar {
			margin-left: 410px;
		}
	}
	.section.first-section {
		margin-top: 9px;
	}
	.blocklink small {
		white-space: normal;
	}
	.button {
		vertical-align: middle;
	}
	.replay-controls {
		padding-top: 10px;
	}
	.replay-controls h1 {
		font-size: 16pt;
		font-weight: normal;
		color: #CCC;
	}
	.pagelink {
		text-align: center;
	}
	.pagelink a {
		width: 150px;
	}
	.textbox, .button {
		font-size: 11pt;
		vertical-align: middle;
	}
	@media (max-width: 450px) {
		.button {
			font-size: 9pt;
		}
	}
</style>

<div>

	<header>
		<div class="nav-wrapper"><ul class="nav">
			<li><a class="button nav-first" href="//pokemonshowdown.com/"><img src="//pokemonshowdown.com/images/pokemonshowdownbeta.png" srcset="//pokemonshowdown.com/images/pokemonshowdownbeta.png 1x, //pokemonshowdown.com/images/pokemonshowdownbeta@2x.png 2x" alt="Pok&eacute;mon Showdown" width="146" height="44" /> Home</a></li>
			<li><a class="button" href="//pokemonshowdown.com/dex/">Pok&eacute;dex</a></li>
			<li><a class="button cur" href="/">Replays</a></li>
			<li><a class="button" href="//pokemonshowdown.com/ladder/">Ladder</a></li>
			<li><a class="button nav-last" href="//pokemonshowdown.com/forums/">Forum</a></li>
			<li><a class="button greenbutton nav-first nav-last" href="//play.pokemonshowdown.com/">Play</a></li>
		</ul></div>
	</header>

	<div class="main" id="main">

		<noscript><section class="section">You need to enable JavaScript to use this page; sorry!</section></noscript>

	</div>

</div>

<script defer nomodule src="//play.pokemonshowdown.com/js/lib/ps-polyfill.js"></script>
<script defer src="//play.pokemonshowdown.com/js/lib/preact.min.js"></script>

<script defer src="//play.pokemonshowdown.com/config/config.js?2bddbc15"></script>
<script defer src="//play.pokemonshowdown.com/js/lib/jquery-1.11.0.min.js"></script>
<script defer src="//play.pokemonshowdown.com/js/lib/html-sanitizer-minified.js"></script>
<script defer src="//play.pokemonshowdown.com/js/battle-sound.js"></script>
<script defer src="//play.pokemonshowdown.com/js/battledata.js?0.7209276989879541"></script>
<script defer src="//play.pokemonshowdown.com/data/pokedex-mini.js?0.6111056340867951"></script>
<script defer src="//play.pokemonshowdown.com/data/pokedex-mini-bw.js?0.3532142036491459"></script>
<script defer src="//play.pokemonshowdown.com/data/graphics.js?0.24223875632456182"></script>
<script defer src="//play.pokemonshowdown.com/data/pokedex.js?0.38839984266356864"></script>
<script defer src="//play.pokemonshowdown.com/data/moves.js?0.21866028504024015"></script>
<script defer src="//play.pokemonshowdown.com/data/abilities.js?0.2005157953846628"></script>
<script defer src="//play.pokemonshowdown.com/data/items.js?0.9894211263848525"></script>
<script defer src="//play.pokemonshowdown.com/data/teambuilder-tables.js?0.6008791140282215"></script>
<script defer src="//play.pokemonshowdown.com/js/battle-tooltips.js?0.7580118955022959"></script>
<script defer src="//play.pokemonshowdown.com/js/battle.js?0.6057722274234274"></script>

<script defer src="js/utils.js?e31f9a17"></script>
<script defer src="js/replays-battle.js?7008c182"></script>

<!-- don't scrape this data! just add .json or .log after the URL!
Full API docs: https://github.com/smogon/pokemon-showdown-client/blob/master/WEB-API.md -->
<script type="text/plain" class="log" id="replaylog-smogtours-gen3ou-795420">
|inactive|Battle timer is ON: inactive players will automatically lose when time's up.
|t:|1728185415
|gametype|singles
|player|p1|Sotina|furisodegirl-black|
|player|p2|RaskaPork|ingo|
|teamsize|p1|6
|teamsize|p2|6
|gen|3
|tier|[Gen 3] OU
|rule|Sleep Clause Mod: Limit one foe put to sleep
|rule|Switch Priority Clause Mod: Faster Pokémon switch first
|rule|Species Clause: Limit one of each Pokémon
|rule|OHKO Clause: OHKO moves are banned
|rule|Evasion Items Clause: Evasion items are banned
|rule|Evasion Moves Clause: Evasion moves are banned
|rule|Endless Battle Clause: Forcing endless battles is banned
|rule|HP Percentage Mod: HP is shown in percentages
|rule|One Boost Passer Clause: Limit one Baton Passer that has a way to boost its stats
|rule|Freeze Clause Mod: Limit one foe frozen
|
|t:|1728185415
|start
|switch|p1a: Skarmory|Skarmory, F|100/100
|switch|p2a: Metagross|Metagross|100/100
|turn|1
|
|t:|1728185423
|switch|p2a: Magneton|Magneton|100/100
|move|p1a: Skarmory|Protect||[still]
|-fail|p1a: Skarmory
|
|upkeep
|turn|2
|
|t:|1728185426
|move|p2a: Magneton|Thunderbolt|p1a: Skarmory
|-supereffective|p1a: Skarmory
|-damage|p1a: Skarmory|4/100
|move|p1a: Skarmory|Roar|p2a: Magneton
|drag|p2a: Swampert|Swampert, F|100/100
|
|-heal|p1a: Skarmory|10/100|[from] item: Leftovers
|upkeep
|turn|3
|
|t:|1728185434
|switch|p1a: Celebi|Celebi|100/100
|switch|p2a: Magneton|Magneton|100/100
|
|upkeep
|turn|4
|
|t:|1728185459
|move|p2a: Magneton|Toxic|p1a: Celebi|[miss]
|-miss|p2a: Magneton|p1a: Celebi
|move|p1a: Celebi|Leech Seed|p2a: Magneton
|-start|p2a: Magneton|move: Leech Seed
|
|-damage|p2a: Magneton|88/100|[from] Leech Seed|[of] p1a: Celebi
|upkeep
|turn|5
|
|t:|1728185484
|switch|p2a: Snorlax|Snorlax, F|100/100
|switch|p1a: Blissey|Blissey, F|100/100
|
|upkeep
|turn|6
|
|t:|1728185494
|move|p1a: Blissey|Thunder Wave|p2a: Snorlax
|-status|p2a: Snorlax|par
|cant|p2a: Snorlax|par
|
|upkeep
|turn|7
|
|t:|1728185501
|switch|p1a: Swampert|Swampert, M|100/100
|move|p2a: Snorlax|Body Slam|p1a: Swampert
|-damage|p1a: Swampert|73/100
|
|-heal|p1a: Swampert|79/100|[from] item: Leftovers
|upkeep
|turn|8
|
|t:|1728185509
|switch|p2a: Celebi|Celebi|100/100
|move|p1a: Swampert|Earthquake|p2a: Celebi
|-resisted|p2a: Celebi
|-damage|p2a: Celebi|85/100
|
|-heal|p2a: Celebi|91/100|[from] item: Leftovers
|-heal|p1a: Swampert|85/100|[from] item: Leftovers
|upkeep
|turn|9
|
|t:|1728185518
|switch|p1a: Blissey|Blissey, F|100/100
|move|p2a: Celebi|Calm Mind|p2a: Celebi
|-boost|p2a: Celebi|spa|1
|-boost|p2a: Celebi|spd|1
|
|-heal|p2a: Celebi|97/100|[from] item: Leftovers
|upkeep
|turn|10
|
|t:|1728185524
|move|p2a: Celebi|Leech Seed|p1a: Blissey|[miss]
|-miss|p2a: Celebi|p1a: Blissey
|move|p1a: Blissey|Thunder Wave|p2a: Celebi
|-status|p2a: Celebi|par
|
|-heal|p2a: Celebi|100/100 par|[from] item: Leftovers
|upkeep
|turn|11
|
|t:|1728185528
|move|p1a: Blissey|Seismic Toss|p2a: Celebi
|-damage|p2a: Celebi|75/100 par
|move|p2a: Celebi|Leech Seed|p1a: Blissey|[miss]
|-miss|p2a: Celebi|p1a: Blissey
|
|-heal|p2a: Celebi|81/100 par|[from] item: Leftovers
|upkeep
|turn|12
|
|t:|1728185535
|switch|p1a: Celebi|Celebi|100/100
|cant|p2a: Celebi|par
|
|-heal|p2a: Celebi|87/100 par|[from] item: Leftovers
|upkeep
|turn|13
|
|t:|1728185538
|move|p1a: Celebi|Perish Song|p1a: Celebi
|-start|p1a: Celebi|perish3|[silent]
|-start|p2a: Celebi|perish3|[silent]
|-fieldactivate|move: Perish Song
|cant|p2a: Celebi|par
|
|-heal|p2a: Celebi|93/100 par|[from] item: Leftovers
|-start|p1a: Celebi|perish3
|-start|p2a: Celebi|perish3
|upkeep
|turn|14
|
|t:|1728185548
|switch|p1a: Skarmory|Skarmory, F|10/100
|-curestatus|p2a: Celebi|par|[from] ability: Natural Cure
|switch|p2a: Snorlax|Snorlax, F|100/100 par
|
|-heal|p1a: Skarmory|16/100|[from] item: Leftovers
|upkeep
|turn|15
|
|t:|1728185559
|switch|p1a: Swampert|Swampert, M|85/100
|switch|p2a: Magneton|Magneton|88/100
|
|-heal|p1a: Swampert|91/100|[from] item: Leftovers
|upkeep
|turn|16
|
|t:|1728185568
|switch|p2a: Celebi|Celebi|93/100
|move|p1a: Swampert|Ice Beam|p2a: Celebi
|-supereffective|p2a: Celebi
|-damage|p2a: Celebi|62/100
|-status|p2a: Celebi|frz
|
|-heal|p2a: Celebi|68/100 frz|[from] item: Leftovers
|-heal|p1a: Swampert|98/100|[from] item: Leftovers
|upkeep
|turn|17
|c|☆RaskaPork|Bruh
|c|☆RaskaPork|lol
|
|t:|1728185584
|-curestatus|p2a: Celebi|frz|[from] ability: Natural Cure
|switch|p2a: Snorlax|Snorlax, F|100/100 par
|move|p1a: Swampert|Earthquake|p2a: Snorlax
|-damage|p2a: Snorlax|68/100 par
|
|-heal|p1a: Swampert|100/100|[from] item: Leftovers
|-heal|p2a: Snorlax|74/100 par|[from] item: Leftovers
|upkeep
|turn|18
|inactive|RaskaPork has 270 seconds left.
|
|t:|1728185626
|switch|p2a: Swampert|Swampert, F|100/100
|move|p1a: Swampert|Ice Beam|p2a: Swampert
|-damage|p2a: Swampert|84/100
|
|-heal|p2a: Swampert|90/100|[from] item: Leftovers
|upkeep
|turn|19
|
|t:|1728185640
|switch|p1a: Blissey|Blissey, F|100/100
|move|p2a: Swampert|Ice Beam|p1a: Blissey
|-crit|p1a: Blissey
|-damage|p1a: Blissey|87/100
|-status|p1a: Blissey|frz
|
|-heal|p1a: Blissey|93/100 frz|[from] item: Leftovers
|-heal|p2a: Swampert|96/100|[from] item: Leftovers
|upkeep
|turn|20
|
|t:|1728185646
|-curestatus|p1a: Blissey|frz|[from] ability: Natural Cure
|switch|p1a: Swampert|Swampert, M|100/100
|move|p2a: Swampert|Ice Beam|p1a: Swampert
|-damage|p1a: Swampert|83/100
|
|-heal|p2a: Swampert|100/100|[from] item: Leftovers
|-heal|p1a: Swampert|89/100|[from] item: Leftovers
|upkeep
|turn|21
|
|t:|1728185655
|move|p1a: Swampert|Curse|p1a: Swampert
|-unboost|p1a: Swampert|spe|1
|-boost|p1a: Swampert|atk|1
|-boost|p1a: Swampert|def|1
|move|p2a: Swampert|Curse|p2a: Swampert
|-unboost|p2a: Swampert|spe|1
|-boost|p2a: Swampert|atk|1
|-boost|p2a: Swampert|def|1
|
|-heal|p1a: Swampert|96/100|[from] item: Leftovers
|upkeep
|turn|22
|
|t:|1728185676
|switch|p1a: Celebi|Celebi|100/100
|switch|p2a: Celebi|Celebi|68/100
|
|-heal|p2a: Celebi|74/100|[from] item: Leftovers
|upkeep
|turn|23
|
|t:|1728185690
|switch|p1a: Blissey|Blissey, F|93/100
|move|p2a: Celebi|Psychic|p1a: Blissey
|-damage|p1a: Blissey|78/100
|
|-heal|p2a: Celebi|80/100|[from] item: Leftovers
|-heal|p1a: Blissey|84/100|[from] item: Leftovers
|upkeep
|turn|24
|
|t:|1728185695
|move|p2a: Celebi|Leech Seed|p1a: Blissey
|-start|p1a: Blissey|move: Leech Seed
|move|p1a: Blissey|Thunder Wave|p2a: Celebi
|-status|p2a: Celebi|par
|
|-heal|p1a: Blissey|90/100|[from] item: Leftovers
|-damage|p1a: Blissey|78/100|[from] Leech Seed|[of] p2a: Celebi
|-heal|p2a: Celebi|100/100 par|[silent]
|upkeep
|turn|25
|
|t:|1728185704
|switch|p1a: Celebi|Celebi|100/100
|-curestatus|p2a: Celebi|par|[from] ability: Natural Cure
|switch|p2a: Metagross|Metagross|100/100
|
|upkeep
|turn|26
|
|t:|1728185722
|move|p1a: Celebi|Perish Song|p1a: Celebi
|-start|p1a: Celebi|perish3|[silent]
|-start|p2a: Metagross|perish3|[silent]
|-fieldactivate|move: Perish Song
|move|p2a: Metagross|Toxic|p1a: Celebi
|-status|p1a: Celebi|tox
|
|-damage|p1a: Celebi|94/100 tox|[from] psn
|-start|p1a: Celebi|perish3
|-start|p2a: Metagross|perish3
|upkeep
|turn|27
|
|t:|1728185749
|-curestatus|p1a: Celebi|tox|[from] ability: Natural Cure
|switch|p1a: Magneton|Magneton|100/100
|move|p2a: Metagross|Meteor Mash|p1a: Magneton
|-resisted|p1a: Magneton
|-damage|p1a: Magneton|82/100
|
|-start|p2a: Metagross|perish2
|upkeep
|turn|28
|
|t:|1728185756
|move|p1a: Magneton|Substitute|p1a: Magneton
|-start|p1a: Magneton|Substitute
|-damage|p1a: Magneton|57/100
|move|p2a: Metagross|Earthquake|p1a: Magneton
|-supereffective|p1a: Magneton
|-end|p1a: Magneton|Substitute
|
|-start|p2a: Metagross|perish1
|upkeep
|turn|29
|
|t:|1728185762
|move|p1a: Magneton|Substitute|p1a: Magneton
|-start|p1a: Magneton|Substitute
|-damage|p1a: Magneton|32/100
|move|p2a: Metagross|Earthquake|p1a: Magneton
|-supereffective|p1a: Magneton
|-end|p1a: Magneton|Substitute
|
|-start|p2a: Metagross|perish0
|upkeep
|faint|p2a: Metagross
|
|t:|1728185790
|switch|p2a: Salamence|Salamence, F|100/100
|-ability|p2a: Salamence|Intimidate|boost
|-unboost|p1a: Magneton|atk|1
|turn|30
|
|t:|1728185808
|move|p2a: Salamence|Brick Break|p1a: Magneton
|-supereffective|p1a: Magneton
|-damage|p1a: Magneton|0 fnt
|faint|p1a: Magneton
|
|t:|1728185810
|switch|p1a: Blissey|Blissey, F|78/100
|
|-heal|p1a: Blissey|84/100|[from] item: Leftovers
|upkeep
|turn|31
|
|t:|1728185816
|switch|p2a: Swampert|Swampert, F|100/100
|move|p1a: Blissey|Thunder Wave|p2a: Swampert
|-immune|p2a: Swampert
|
|-heal|p1a: Blissey|90/100|[from] item: Leftovers
|upkeep
|turn|32
|
|t:|1728185823
|switch|p1a: Celebi|Celebi|94/100
|move|p2a: Swampert|Curse|p2a: Swampert
|-unboost|p2a: Swampert|spe|1
|-boost|p2a: Swampert|atk|1
|-boost|p2a: Swampert|def|1
|
|-heal|p1a: Celebi|100/100|[from] item: Leftovers
|upkeep
|turn|33
|
|t:|1728185844
|switch|p2a: Celebi|Celebi|100/100
|move|p1a: Celebi|Hidden Power|p2a: Celebi
|-resisted|p2a: Celebi
|-damage|p2a: Celebi|89/100
|
|-heal|p2a: Celebi|95/100|[from] item: Leftovers
|upkeep
|turn|34
|inactive|Sotina has 270 seconds left.
|
|t:|1728185879
|switch|p1a: Aerodactyl|Aerodactyl, M|100/100
|move|p2a: Celebi|Calm Mind|p2a: Celebi
|-boost|p2a: Celebi|spa|1
|-boost|p2a: Celebi|spd|1
|
|-heal|p2a: Celebi|100/100|[from] item: Leftovers
|upkeep
|turn|35
|inactive|Sotina has 270 seconds left.
|
|t:|1728185892
|switch|p2a: Magneton|Magneton|88/100
|move|p1a: Aerodactyl|Double-Edge|p2a: Magneton
|-resisted|p2a: Magneton
|-damage|p2a: Magneton|44/100
|
|upkeep
|turn|36
|inactive|Sotina has 270 seconds left.
|inactive|RaskaPork has 270 seconds left.
|
|t:|1728185934
|switch|p1a: Blissey|Blissey, F|90/100
|move|p2a: Magneton|Toxic|p1a: Blissey|[miss]
|-miss|p2a: Magneton|p1a: Blissey
|
|-heal|p1a: Blissey|96/100|[from] item: Leftovers
|upkeep
|turn|37
|inactive|RaskaPork has 270 seconds left.
|
|t:|1728185949
|switch|p2a: Snorlax|Snorlax, F|74/100 par
|move|p1a: Blissey|Seismic Toss|p2a: Snorlax
|-damage|p2a: Snorlax|53/100 par
|
|-heal|p1a: Blissey|100/100|[from] item: Leftovers
|-heal|p2a: Snorlax|59/100 par|[from] item: Leftovers
|upkeep
|turn|38
|inactive|Sotina has 270 seconds left.
|inactive|RaskaPork has 270 seconds left.
|
|t:|1728185962
|switch|p1a: Swampert|Swampert, M|96/100
|move|p2a: Snorlax|Self-Destruct|p1a: Swampert
|-damage|p1a: Swampert|0 fnt
|faint|p2a: Snorlax
|faint|p1a: Swampert
|inactive|Sotina has 270 seconds left.
|inactive|RaskaPork has 270 seconds left.
|
|t:|1728185973
|switch|p1a: Blissey|Blissey, F|100/100
|switch|p2a: Swampert|Swampert, F|100/100
|
|upkeep
|turn|39
|inactive|Sotina has 270 seconds left.
|
|t:|1728185984
|move|p1a: Blissey|Seismic Toss|p2a: Swampert
|-damage|p2a: Swampert|76/100
|move|p2a: Swampert|Ice Beam|p1a: Blissey
|-damage|p1a: Blissey|93/100
|-status|p1a: Blissey|frz
|
|-heal|p1a: Blissey|99/100 frz|[from] item: Leftovers
|-heal|p2a: Swampert|82/100|[from] item: Leftovers
|upkeep
|turn|40
|
|t:|1728185990
|-curestatus|p1a: Blissey|frz|[from] ability: Natural Cure
|switch|p1a: Celebi|Celebi|100/100
|move|p2a: Swampert|Ice Beam|p1a: Celebi
|-supereffective|p1a: Celebi
|-damage|p1a: Celebi|72/100
|
|-heal|p1a: Celebi|78/100|[from] item: Leftovers
|-heal|p2a: Swampert|88/100|[from] item: Leftovers
|upkeep
|turn|41
|
|t:|1728186001
|switch|p2a: Celebi|Celebi|100/100
|move|p1a: Celebi|Perish Song|p1a: Celebi
|-start|p1a: Celebi|perish3|[silent]
|-start|p2a: Celebi|perish3|[silent]
|-fieldactivate|move: Perish Song
|
|-heal|p1a: Celebi|84/100|[from] item: Leftovers
|-start|p2a: Celebi|perish3
|-start|p1a: Celebi|perish3
|upkeep
|turn|42
|
|t:|1728186007
|move|p2a: Celebi|Leech Seed|p1a: Celebi
|-immune|p1a: Celebi
|move|p1a: Celebi|Leech Seed|p2a: Celebi
|-immune|p2a: Celebi
|
|-heal|p1a: Celebi|90/100|[from] item: Leftovers
|-start|p2a: Celebi|perish2
|-start|p1a: Celebi|perish2
|upkeep
|turn|43
|
|t:|1728186014
|move|p2a: Celebi|Psychic|p1a: Celebi
|-resisted|p1a: Celebi
|-damage|p1a: Celebi|75/100
|move|p1a: Celebi|Leech Seed|p2a: Celebi
|-immune|p2a: Celebi
|
|-heal|p1a: Celebi|81/100|[from] item: Leftovers
|-start|p2a: Celebi|perish1
|-start|p1a: Celebi|perish1
|upkeep
|turn|44
|
|t:|1728186035
|switch|p2a: Salamence|Salamence, F|100/100
|-ability|p2a: Salamence|Intimidate|boost
|-unboost|p1a: Celebi|atk|1
|switch|p1a: Blissey|Blissey, F|99/100
|
|-heal|p1a: Blissey|100/100|[from] item: Leftovers
|upkeep
|turn|45
|
|t:|1728186045
|switch|p2a: Celebi|Celebi|100/100
|move|p1a: Blissey|Thunder Wave|p2a: Celebi
|-status|p2a: Celebi|par
|
|upkeep
|turn|46
|
|t:|1728186059
|switch|p1a: Skarmory|Skarmory, F|16/100
|move|p2a: Celebi|Calm Mind|p2a: Celebi
|-boost|p2a: Celebi|spa|1
|-boost|p2a: Celebi|spd|1
|
|-heal|p1a: Skarmory|22/100|[from] item: Leftovers
|upkeep
|turn|47
|
|t:|1728186066
|-curestatus|p2a: Celebi|par|[from] ability: Natural Cure
|switch|p2a: Magneton|Magneton|44/100
|move|p1a: Skarmory|Drill Peck|p2a: Magneton
|-resisted|p2a: Magneton
|-damage|p2a: Magneton|35/100
|
|-heal|p1a: Skarmory|28/100|[from] item: Leftovers
|upkeep
|turn|48
|
|t:|1728186070
|move|p1a: Skarmory|Protect|p1a: Skarmory
|-singleturn|p1a: Skarmory|Protect
|move|p2a: Magneton|Thunderbolt|p1a: Skarmory
|-activate|p1a: Skarmory|Protect
|
|-heal|p1a: Skarmory|34/100|[from] item: Leftovers
|upkeep
|turn|49
|
|t:|1728186074
|move|p2a: Magneton|Thunderbolt|p1a: Skarmory
|-supereffective|p1a: Skarmory
|-damage|p1a: Skarmory|0 fnt
|faint|p1a: Skarmory
|
|t:|1728186080
|switch|p1a: Aerodactyl|Aerodactyl, M|100/100
|
|upkeep
|turn|50
|
|t:|1728186083
|move|p2a: Magneton|Protect|p2a: Magneton
|-singleturn|p2a: Magneton|Protect
|move|p1a: Aerodactyl|Double-Edge|p2a: Magneton
|-activate|p2a: Magneton|Protect
|
|upkeep
|turn|51
|
|t:|1728186098
|move|p1a: Aerodactyl|Double-Edge|p2a: Magneton
|-resisted|p2a: Magneton
|-damage|p2a: Magneton|0 fnt
|faint|p2a: Magneton
|
|t:|1728186111
|switch|p2a: Salamence|Salamence, F|100/100
|-ability|p2a: Salamence|Intimidate|boost
|-unboost|p1a: Aerodactyl|atk|1
|
|upkeep
|turn|52
|
|t:|1728186123
|switch|p1a: Celebi|Celebi|81/100
|move|p2a: Salamence|Brick Break|p1a: Celebi
|-resisted|p1a: Celebi
|-crit|p1a: Celebi
|-damage|p1a: Celebi|63/100
|
|-heal|p1a: Celebi|69/100|[from] item: Leftovers
|upkeep
|turn|53
|
|t:|1728186130
|move|p2a: Salamence|Hidden Power|p1a: Celebi
|-supereffective|p1a: Celebi
|-damage|p1a: Celebi|18/100
|move|p1a: Celebi|Recover|p1a: Celebi
|-heal|p1a: Celebi|68/100
|
|-heal|p1a: Celebi|75/100|[from] item: Leftovers
|upkeep
|turn|54
|
|t:|1728186145
|switch|p1a: Blissey|Blissey, F|100/100
|move|p2a: Salamence|Dragon Dance|p2a: Salamence
|-boost|p2a: Salamence|atk|1
|-boost|p2a: Salamence|spe|1
|
|upkeep
|turn|55
|
|t:|1728186155
|switch|p2a: Celebi|Celebi|100/100
|move|p1a: Blissey|Thunder Wave|p2a: Celebi
|-status|p2a: Celebi|par
|
|upkeep
|turn|56
|
|t:|1728186163
|switch|p1a: Aerodactyl|Aerodactyl, M|100/100
|move|p2a: Celebi|Leech Seed|p1a: Aerodactyl|[miss]
|-miss|p2a: Celebi|p1a: Aerodactyl
|
|upkeep
|turn|57
|
|t:|1728186172
|-curestatus|p2a: Celebi|par|[from] ability: Natural Cure
|switch|p2a: Swampert|Swampert, F|88/100
|move|p1a: Aerodactyl|Hidden Power|p2a: Swampert
|-damage|p2a: Swampert|64/100
|
|-heal|p2a: Swampert|70/100|[from] item: Leftovers
|upkeep
|turn|58
|
|t:|1728186178
|switch|p1a: Celebi|Celebi|75/100
|move|p2a: Swampert|Earthquake|p1a: Celebi
|-resisted|p1a: Celebi
|-damage|p1a: Celebi|62/100
|
|-heal|p1a: Celebi|68/100|[from] item: Leftovers
|-heal|p2a: Swampert|76/100|[from] item: Leftovers
|upkeep
|turn|59
|
|t:|1728186187
|switch|p2a: Salamence|Salamence, F|100/100
|-ability|p2a: Salamence|Intimidate|boost
|-unboost|p1a: Celebi|atk|1
|move|p1a: Celebi|Recover|p1a: Celebi
|-heal|p1a: Celebi|100/100
|
|upkeep
|turn|60
|
|t:|1728186192
|move|p2a: Salamence|Brick Break|p1a: Celebi
|-resisted|p1a: Celebi
|-damage|p1a: Celebi|90/100
|move|p1a: Celebi|Leech Seed|p2a: Salamence
|-start|p2a: Salamence|move: Leech Seed
|
|-damage|p2a: Salamence|88/100|[from] Leech Seed|[of] p1a: Celebi
|-heal|p1a: Celebi|100/100|[silent]
|upkeep
|turn|61
|
|t:|1728186208
|switch|p2a: Celebi|Celebi|100/100
|move|p1a: Celebi|Perish Song|p1a: Celebi
|-start|p1a: Celebi|perish3|[silent]
|-start|p2a: Celebi|perish3|[silent]
|-fieldactivate|move: Perish Song
|
|-start|p2a: Celebi|perish3
|-start|p1a: Celebi|perish3
|upkeep
|turn|62
|
|t:|1728186216
|switch|p2a: Salamence|Salamence, F|88/100
|-ability|p2a: Salamence|Intimidate|boost
|-unboost|p1a: Celebi|atk|1
|switch|p1a: Blissey|Blissey, F|100/100
|
|-heal|p2a: Salamence|94/100|[from] item: Leftovers
|upkeep
|turn|63
|
|t:|1728186221
|switch|p2a: Celebi|Celebi|100/100
|move|p1a: Blissey|Seismic Toss|p2a: Celebi
|-damage|p2a: Celebi|75/100
|
|-heal|p2a: Celebi|81/100|[from] item: Leftovers
|upkeep
|turn|64
|
|t:|1728186242
|switch|p1a: Aerodactyl|Aerodactyl, M|100/100
|move|p2a: Celebi|Leech Seed|p1a: Aerodactyl
|-start|p1a: Aerodactyl|move: Leech Seed
|
|-damage|p1a: Aerodactyl|88/100|[from] Leech Seed|[of] p2a: Celebi
|-heal|p2a: Celebi|90/100|[silent]
|-heal|p2a: Celebi|97/100|[from] item: Leftovers
|upkeep
|turn|65
|
|t:|1728186253
|switch|p2a: Salamence|Salamence, F|94/100
|-ability|p2a: Salamence|Intimidate|boost
|-unboost|p1a: Aerodactyl|atk|1
|move|p1a: Aerodactyl|Rock Slide|p2a: Salamence
|-supereffective|p2a: Salamence
|-damage|p2a: Salamence|7/100
|
|-damage|p1a: Aerodactyl|76/100|[from] Leech Seed|[of] p2a: Salamence
|-heal|p2a: Salamence|17/100|[silent]
|-heal|p2a: Salamence|23/100|[from] item: Leftovers
|upkeep
|turn|66
|
|t:|1728186266
|switch|p2a: Celebi|Celebi|97/100
|move|p1a: Aerodactyl|Rock Slide|p2a: Celebi
|-damage|p2a: Celebi|62/100
|
|-damage|p1a: Aerodactyl|64/100|[from] Leech Seed|[of] p2a: Celebi
|-heal|p2a: Celebi|71/100|[silent]
|-heal|p2a: Celebi|77/100|[from] item: Leftovers
|upkeep
|turn|67
|
|t:|1728186271
|switch|p1a: Blissey|Blissey, F|100/100
|move|p2a: Celebi|Calm Mind|p2a: Celebi
|-boost|p2a: Celebi|spa|1
|-boost|p2a: Celebi|spd|1
|
|-heal|p2a: Celebi|84/100|[from] item: Leftovers
|upkeep
|turn|68
|
|t:|1728186275
|move|p2a: Celebi|Leech Seed|p1a: Blissey|[miss]
|-miss|p2a: Celebi|p1a: Blissey
|move|p1a: Blissey|Thunder Wave|p2a: Celebi
|-status|p2a: Celebi|par
|
|-heal|p2a: Celebi|90/100 par|[from] item: Leftovers
|upkeep
|turn|69
|
|t:|1728186285
|move|p1a: Blissey|Seismic Toss|p2a: Celebi
|-damage|p2a: Celebi|64/100 par
|move|p2a: Celebi|Leech Seed|p1a: Blissey
|-start|p1a: Blissey|move: Leech Seed
|
|-damage|p1a: Blissey|88/100|[from] Leech Seed|[of] p2a: Celebi
|-heal|p2a: Celebi|86/100 par|[silent]
|-heal|p2a: Celebi|93/100 par|[from] item: Leftovers
|upkeep
|turn|70
|
|t:|1728186293
|switch|p1a: Celebi|Celebi|100/100
|move|p2a: Celebi|Leech Seed|p1a: Celebi
|-immune|p1a: Celebi
|
|-heal|p2a: Celebi|99/100 par|[from] item: Leftovers
|upkeep
|turn|71
|
|t:|1728186300
|switch|p1a: Blissey|Blissey, F|88/100
|move|p2a: Celebi|Psychic|p1a: Blissey
|-damage|p1a: Blissey|66/100
|
|-heal|p1a: Blissey|72/100|[from] item: Leftovers
|-heal|p2a: Celebi|100/100 par|[from] item: Leftovers
|upkeep
|turn|72
|
|t:|1728186306
|move|p1a: Blissey|Seismic Toss|p2a: Celebi
|-damage|p2a: Celebi|75/100 par
|move|p2a: Celebi|Psychic|p1a: Blissey
|-damage|p1a: Blissey|51/100
|
|-heal|p1a: Blissey|57/100|[from] item: Leftovers
|-heal|p2a: Celebi|81/100 par|[from] item: Leftovers
|upkeep
|turn|73
|
|t:|1728186310
|move|p1a: Blissey|Soft-Boiled|p1a: Blissey
|-heal|p1a: Blissey|100/100
|move|p2a: Celebi|Calm Mind|p2a: Celebi
|-boost|p2a: Celebi|spa|1
|-boost|p2a: Celebi|spd|1
|
|-heal|p2a: Celebi|87/100 par|[from] item: Leftovers
|upkeep
|turn|74
|
|t:|1728186315
|switch|p1a: Celebi|Celebi|100/100
|move|p2a: Celebi|Psychic|p1a: Celebi
|-resisted|p1a: Celebi
|-crit|p1a: Celebi
|-damage|p1a: Celebi|40/100
|
|-heal|p1a: Celebi|46/100|[from] item: Leftovers
|-heal|p2a: Celebi|93/100 par|[from] item: Leftovers
|upkeep
|turn|75
|
|t:|1728186322
|move|p1a: Celebi|Recover|p1a: Celebi
|-heal|p1a: Celebi|96/100
|move|p2a: Celebi|Calm Mind|p2a: Celebi
|-boost|p2a: Celebi|spa|1
|-boost|p2a: Celebi|spd|1
|
|-heal|p1a: Celebi|100/100|[from] item: Leftovers
|-heal|p2a: Celebi|99/100 par|[from] item: Leftovers
|upkeep
|turn|76
|
|t:|1728186326
|move|p1a: Celebi|Perish Song|p1a: Celebi
|-start|p1a: Celebi|perish3|[silent]
|-start|p2a: Celebi|perish3|[silent]
|-fieldactivate|move: Perish Song
|cant|p2a: Celebi|par
|
|-heal|p2a: Celebi|100/100 par|[from] item: Leftovers
|-start|p1a: Celebi|perish3
|-start|p2a: Celebi|perish3
|upkeep
|turn|77
|
|t:|1728186329
|switch|p1a: Blissey|Blissey, F|100/100
|move|p2a: Celebi|Psychic|p1a: Blissey
|-damage|p1a: Blissey|67/100
|
|-heal|p1a: Blissey|73/100|[from] item: Leftovers
|-start|p2a: Celebi|perish2
|upkeep
|turn|78
|
|t:|1728186338
|move|p1a: Blissey|Seismic Toss|p2a: Celebi
|-damage|p2a: Celebi|75/100 par
|move|p2a: Celebi|Leech Seed|p1a: Blissey
|-start|p1a: Blissey|move: Leech Seed
|
|-heal|p1a: Blissey|79/100|[from] item: Leftovers
|-damage|p1a: Blissey|67/100|[from] Leech Seed|[of] p2a: Celebi
|-heal|p2a: Celebi|97/100 par|[silent]
|-heal|p2a: Celebi|100/100 par|[from] item: Leftovers
|-start|p2a: Celebi|perish1
|upkeep
|turn|79
|
|t:|1728186357
|switch|p1a: Aerodactyl|Aerodactyl, M|64/100
|-curestatus|p2a: Celebi|par|[from] ability: Natural Cure
|switch|p2a: Swampert|Swampert, F|76/100
|
|-heal|p2a: Swampert|83/100|[from] item: Leftovers
|upkeep
|turn|80
|inactive|Sotina has 270 seconds left.
|
|t:|1728186403
|switch|p1a: Blissey|Blissey, F|67/100
|move|p2a: Swampert|Ice Beam|p1a: Blissey
|-damage|p1a: Blissey|60/100
|
|-heal|p1a: Blissey|66/100|[from] item: Leftovers
|-heal|p2a: Swampert|89/100|[from] item: Leftovers
|upkeep
|turn|81
|
|t:|1728186419
|move|p1a: Blissey|Soft-Boiled|p1a: Blissey
|-heal|p1a: Blissey|100/100
|move|p2a: Swampert|Curse|p2a: Swampert
|-unboost|p2a: Swampert|spe|1
|-boost|p2a: Swampert|atk|1
|-boost|p2a: Swampert|def|1
|
|-heal|p2a: Swampert|95/100|[from] item: Leftovers
|upkeep
|turn|82
|
|t:|1728186424
|switch|p1a: Celebi|Celebi|100/100
|move|p2a: Swampert|Ice Beam|p1a: Celebi
|-supereffective|p1a: Celebi
|-damage|p1a: Celebi|70/100
|
|-heal|p1a: Celebi|76/100|[from] item: Leftovers
|-heal|p2a: Swampert|100/100|[from] item: Leftovers
|upkeep
|turn|83
|inactive|Sotina has 270 seconds left.
|
|t:|1728186436
|switch|p1a: Blissey|Blissey, F|100/100
|switch|p2a: Celebi|Celebi|100/100
|
|upkeep
|turn|84
|
|t:|1728186443
|move|p2a: Celebi|Calm Mind|p2a: Celebi
|-boost|p2a: Celebi|spa|1
|-boost|p2a: Celebi|spd|1
|move|p1a: Blissey|Seismic Toss|p2a: Celebi
|-damage|p2a: Celebi|75/100
|
|-heal|p2a: Celebi|81/100|[from] item: Leftovers
|upkeep
|turn|85
|
|t:|1728186447
|move|p2a: Celebi|Calm Mind|p2a: Celebi
|-boost|p2a: Celebi|spa|1
|-boost|p2a: Celebi|spd|1
|move|p1a: Blissey|Thunder Wave|p2a: Celebi
|-status|p2a: Celebi|par
|
|-heal|p2a: Celebi|87/100 par|[from] item: Leftovers
|upkeep
|turn|86
|
|t:|1728186452
|move|p1a: Blissey|Seismic Toss|p2a: Celebi
|-damage|p2a: Celebi|61/100 par
|move|p2a: Celebi|Calm Mind|p2a: Celebi
|-boost|p2a: Celebi|spa|1
|-boost|p2a: Celebi|spd|1
|
|-heal|p2a: Celebi|68/100 par|[from] item: Leftovers
|upkeep
|turn|87
|
|t:|1728186457
|move|p1a: Blissey|Seismic Toss|p2a: Celebi
|-damage|p2a: Celebi|42/100 par
|move|p2a: Celebi|Leech Seed|p1a: Blissey|[miss]
|-miss|p2a: Celebi|p1a: Blissey
|
|-heal|p2a: Celebi|48/100 par|[from] item: Leftovers
|upkeep
|turn|88
|
|t:|1728186463
|move|p1a: Blissey|Seismic Toss|p2a: Celebi
|-damage|p2a: Celebi|22/100 par
|move|p2a: Celebi|Leech Seed|p1a: Blissey
|-start|p1a: Blissey|move: Leech Seed
|
|-damage|p1a: Blissey|88/100|[from] Leech Seed|[of] p2a: Celebi
|-heal|p2a: Celebi|45/100 par|[silent]
|-heal|p2a: Celebi|51/100 par|[from] item: Leftovers
|upkeep
|turn|89
|
|t:|1728186468
|switch|p1a: Celebi|Celebi|76/100
|cant|p2a: Celebi|par
|
|-heal|p1a: Celebi|82/100|[from] item: Leftovers
|-heal|p2a: Celebi|57/100 par|[from] item: Leftovers
|upkeep
|turn|90
|
|t:|1728186472
|switch|p1a: Blissey|Blissey, F|88/100
|move|p2a: Celebi|Psychic|p1a: Blissey
|-damage|p1a: Blissey|55/100
|
|-heal|p1a: Blissey|61/100|[from] item: Leftovers
|-heal|p2a: Celebi|63/100 par|[from] item: Leftovers
|upkeep
|turn|91
|
|t:|1728186482
|move|p1a: Blissey|Soft-Boiled|p1a: Blissey
|-heal|p1a: Blissey|100/100
|cant|p2a: Celebi|par
|
|-heal|p2a: Celebi|69/100 par|[from] item: Leftovers
|upkeep
|turn|92
|
|t:|1728186489
|switch|p1a: Celebi|Celebi|82/100
|-curestatus|p2a: Celebi|par|[from] ability: Natural Cure
|switch|p2a: Swampert|Swampert, F|100/100
|
|-heal|p1a: Celebi|88/100|[from] item: Leftovers
|upkeep
|turn|93
|
|t:|1728186496
|switch|p2a: Celebi|Celebi|69/100
|move|p1a: Celebi|Hidden Power|p2a: Celebi
|-resisted|p2a: Celebi
|-damage|p2a: Celebi|58/100
|
|-heal|p2a: Celebi|64/100|[from] item: Leftovers
|-heal|p1a: Celebi|95/100|[from] item: Leftovers
|upkeep
|turn|94
|
|t:|1728186501
|move|p2a: Celebi|Calm Mind|p2a: Celebi
|-boost|p2a: Celebi|spa|1
|-boost|p2a: Celebi|spd|1
|move|p1a: Celebi|Hidden Power|p2a: Celebi
|-resisted|p2a: Celebi
|-damage|p2a: Celebi|57/100
|
|-heal|p2a: Celebi|63/100|[from] item: Leftovers
|-heal|p1a: Celebi|100/100|[from] item: Leftovers
|upkeep
|turn|95
|
|t:|1728186506
|switch|p1a: Blissey|Blissey, F|100/100
|move|p2a: Celebi|Calm Mind|p2a: Celebi
|-boost|p2a: Celebi|spa|1
|-boost|p2a: Celebi|spd|1
|
|-heal|p2a: Celebi|69/100|[from] item: Leftovers
|upkeep
|turn|96
|
|t:|1728186509
|move|p2a: Celebi|Leech Seed|p1a: Blissey
|-start|p1a: Blissey|move: Leech Seed
|move|p1a: Blissey|Thunder Wave|p2a: Celebi
|-status|p2a: Celebi|par
|
|-damage|p1a: Blissey|88/100|[from] Leech Seed|[of] p2a: Celebi
|-heal|p2a: Celebi|92/100 par|[silent]
|-heal|p2a: Celebi|98/100 par|[from] item: Leftovers
|upkeep
|turn|97
|
|t:|1728186514
|switch|p1a: Celebi|Celebi|100/100
|cant|p2a: Celebi|par
|
|-heal|p2a: Celebi|100/100 par|[from] item: Leftovers
|upkeep
|turn|98
|
|t:|1728186520
|switch|p1a: Blissey|Blissey, F|88/100
|move|p2a: Celebi|Calm Mind|p2a: Celebi
|-boost|p2a: Celebi|spa|1
|-boost|p2a: Celebi|spd|1
|
|-heal|p1a: Blissey|94/100|[from] item: Leftovers
|upkeep
|turn|99
|
|t:|1728186529
|move|p1a: Blissey|Seismic Toss|p2a: Celebi
|-damage|p2a: Celebi|75/100 par
|cant|p2a: Celebi|par
|
|-heal|p1a: Blissey|99/100|[from] item: Leftovers
|-heal|p2a: Celebi|81/100 par|[from] item: Leftovers
|upkeep
|turn|100
|
|t:|1728186534
|move|p1a: Blissey|Seismic Toss|p2a: Celebi
|-damage|p2a: Celebi|55/100 par
|move|p2a: Celebi|Psychic|p1a: Blissey
|-damage|p1a: Blissey|66/100
|
|-heal|p1a: Blissey|72/100|[from] item: Leftovers
|-heal|p2a: Celebi|61/100 par|[from] item: Leftovers
|upkeep
|turn|101
|
|t:|1728186541
|-curestatus|p2a: Celebi|par|[from] ability: Natural Cure
|switch|p2a: Swampert|Swampert, F|100/100
|move|p1a: Blissey|Seismic Toss|p2a: Swampert
|-damage|p2a: Swampert|76/100
|
|-heal|p1a: Blissey|78/100|[from] item: Leftovers
|-heal|p2a: Swampert|82/100|[from] item: Leftovers
|upkeep
|turn|102
|
|t:|1728186546
|switch|p1a: Celebi|Celebi|100/100
|move|p2a: Swampert|Curse|p2a: Swampert
|-unboost|p2a: Swampert|spe|1
|-boost|p2a: Swampert|atk|1
|-boost|p2a: Swampert|def|1
|
|-heal|p2a: Swampert|88/100|[from] item: Leftovers
|upkeep
|turn|103
|
|t:|1728186553
|switch|p2a: Celebi|Celebi|61/100
|move|p1a: Celebi|Hidden Power|p2a: Celebi
|-resisted|p2a: Celebi
|-damage|p2a: Celebi|51/100
|
|-heal|p2a: Celebi|58/100|[from] item: Leftovers
|upkeep
|turn|104
|
|t:|1728186565
|switch|p1a: Blissey|Blissey, F|78/100
|move|p2a: Celebi|Calm Mind|p2a: Celebi
|-boost|p2a: Celebi|spa|1
|-boost|p2a: Celebi|spd|1
|
|-heal|p2a: Celebi|64/100|[from] item: Leftovers
|-heal|p1a: Blissey|84/100|[from] item: Leftovers
|upkeep
|turn|105
|
|t:|1728186569
|move|p2a: Celebi|Psychic|p1a: Blissey
|-crit|p1a: Blissey
|-damage|p1a: Blissey|42/100
|move|p1a: Blissey|Thunder Wave|p2a: Celebi
|-status|p2a: Celebi|par
|
|-heal|p1a: Blissey|48/100|[from] item: Leftovers
|-heal|p2a: Celebi|70/100 par|[from] item: Leftovers
|upkeep
|turn|106
|
|t:|1728186575
|-curestatus|p2a: Celebi|par|[from] ability: Natural Cure
|switch|p2a: Swampert|Swampert, F|88/100
|move|p1a: Blissey|Soft-Boiled|p1a: Blissey
|-heal|p1a: Blissey|98/100
|
|-heal|p1a: Blissey|100/100|[from] item: Leftovers
|-heal|p2a: Swampert|94/100|[from] item: Leftovers
|upkeep
|turn|107
|
|t:|1728186578
|switch|p1a: Celebi|Celebi|100/100
|move|p2a: Swampert|Ice Beam|p1a: Celebi
|-supereffective|p1a: Celebi
|-crit|p1a: Celebi
|-damage|p1a: Celebi|37/100
|
|-heal|p1a: Celebi|43/100|[from] item: Leftovers
|-heal|p2a: Swampert|100/100|[from] item: Leftovers
|upkeep
|turn|108
|
|t:|1728186590
|switch|p2a: Salamence|Salamence, F|23/100
|-ability|p2a: Salamence|Intimidate|boost
|-unboost|p1a: Celebi|atk|1
|move|p1a: Celebi|Recover|p1a: Celebi
|-heal|p1a: Celebi|93/100
|
|-heal|p2a: Salamence|29/100|[from] item: Leftovers
|-heal|p1a: Celebi|99/100|[from] item: Leftovers
|upkeep
|turn|109
|
|t:|1728186606
|move|p2a: Salamence|Hidden Power|p1a: Celebi
|-supereffective|p1a: Celebi
|-damage|p1a: Celebi|47/100
|move|p1a: Celebi|Leech Seed|p2a: Salamence
|-start|p2a: Salamence|move: Leech Seed
|
|-heal|p2a: Salamence|35/100|[from] item: Leftovers
|-damage|p2a: Salamence|23/100|[from] Leech Seed|[of] p1a: Celebi
|-heal|p1a: Celebi|58/100|[silent]
|-heal|p1a: Celebi|64/100|[from] item: Leftovers
|upkeep
|turn|110
|
|t:|1728186616
|switch|p2a: Celebi|Celebi|70/100
|switch|p1a: Blissey|Blissey, F|100/100
|
|-heal|p2a: Celebi|76/100|[from] item: Leftovers
|upkeep
|turn|111
|
|t:|1728186621
|switch|p2a: Swampert|Swampert, F|100/100
|move|p1a: Blissey|Seismic Toss|p2a: Swampert
|-damage|p2a: Swampert|76/100
|
|-heal|p2a: Swampert|82/100|[from] item: Leftovers
|upkeep
|turn|112
|
|t:|1728186627
|move|p1a: Blissey|Seismic Toss|p2a: Swampert
|-damage|p2a: Swampert|57/100
|move|p2a: Swampert|Earthquake|p1a: Blissey
|-damage|p1a: Blissey|68/100
|
|-heal|p1a: Blissey|75/100|[from] item: Leftovers
|-heal|p2a: Swampert|63/100|[from] item: Leftovers
|upkeep
|turn|113
|
|t:|1728186636
|move|p1a: Blissey|Seismic Toss|p2a: Swampert
|-damage|p2a: Swampert|39/100
|move|p2a: Swampert|Curse|p2a: Swampert
|-unboost|p2a: Swampert|spe|1
|-boost|p2a: Swampert|atk|1
|-boost|p2a: Swampert|def|1
|
|-heal|p1a: Blissey|81/100|[from] item: Leftovers
|-heal|p2a: Swampert|45/100|[from] item: Leftovers
|upkeep
|turn|114
|
|t:|1728186657
|switch|p1a: Celebi|Celebi|64/100
|move|p2a: Swampert|Rest|p2a: Swampert
|-status|p2a: Swampert|slp|[from] move: Rest
|-heal|p2a: Swampert|100/100 slp|[silent]
|
|-heal|p1a: Celebi|71/100|[from] item: Leftovers
|upkeep
|turn|115
|
|t:|1728186666
|switch|p2a: Salamence|Salamence, F|23/100
|-ability|p2a: Salamence|Intimidate|boost
|-unboost|p1a: Celebi|atk|1
|move|p1a: Celebi|Recover|p1a: Celebi
|-heal|p1a: Celebi|100/100
|
|-heal|p2a: Salamence|29/100|[from] item: Leftovers
|upkeep
|turn|116
|
|t:|1728186684
|move|p2a: Salamence|Dragon Dance|p2a: Salamence
|-boost|p2a: Salamence|atk|1
|-boost|p2a: Salamence|spe|1
|move|p1a: Celebi|Leech Seed|p2a: Salamence
|-start|p2a: Salamence|move: Leech Seed
|
|-heal|p2a: Salamence|35/100|[from] item: Leftovers
|-damage|p2a: Salamence|23/100|[from] Leech Seed|[of] p1a: Celebi
|upkeep
|turn|117
|
|t:|1728186695
|switch|p2a: Celebi|Celebi|76/100
|move|p1a: Celebi|Recover||[still]
|-fail|p1a: Celebi|heal
|
|-heal|p2a: Celebi|82/100|[from] item: Leftovers
|upkeep
|turn|118
|
|t:|1728186707
|switch|p2a: Swampert|Swampert, F|100/100 slp
|switch|p1a: Blissey|Blissey, F|81/100
|
|-heal|p1a: Blissey|87/100|[from] item: Leftovers
|upkeep
|turn|119
|
|t:|1728186711
|switch|p1a: Aerodactyl|Aerodactyl, M|64/100
|cant|p2a: Swampert|slp
|
|upkeep
|turn|120
|
|t:|1728186717
|move|p1a: Aerodactyl|Double-Edge|p2a: Swampert
|-damage|p2a: Swampert|57/100 slp
|cant|p2a: Swampert|slp
|
|-heal|p2a: Swampert|64/100 slp|[from] item: Leftovers
|upkeep
|turn|121
|
|t:|1728186726
|switch|p1a: Blissey|Blissey, F|87/100
|-curestatus|p2a: Swampert|slp|[msg]
|move|p2a: Swampert|Ice Beam|p1a: Blissey
|-damage|p1a: Blissey|80/100
|
|-heal|p1a: Blissey|86/100|[from] item: Leftovers
|-heal|p2a: Swampert|70/100|[from] item: Leftovers
|upkeep
|turn|122
|
|t:|1728186739
|switch|p1a: Celebi|Celebi|100/100
|move|p2a: Swampert|Earthquake|p1a: Celebi
|-resisted|p1a: Celebi
|-damage|p1a: Celebi|88/100
|
|-heal|p1a: Celebi|94/100|[from] item: Leftovers
|-heal|p2a: Swampert|76/100|[from] item: Leftovers
|upkeep
|turn|123
|
|t:|1728186752
|switch|p2a: Celebi|Celebi|82/100
|move|p1a: Celebi|Hidden Power|p2a: Celebi
|-resisted|p2a: Celebi
|-damage|p2a: Celebi|72/100
|
|-heal|p2a: Celebi|78/100|[from] item: Leftovers
|-heal|p1a: Celebi|99/100|[from] item: Leftovers
|upkeep
|turn|124
|inactive|RaskaPork has 270 seconds left.
|
|t:|1728186798
|switch|p1a: Blissey|Blissey, F|86/100
|move|p2a: Celebi|Calm Mind|p2a: Celebi
|-boost|p2a: Celebi|spa|1
|-boost|p2a: Celebi|spd|1
|
|-heal|p2a: Celebi|84/100|[from] item: Leftovers
|-heal|p1a: Blissey|92/100|[from] item: Leftovers
|upkeep
|turn|125
|
|t:|1728186805
|switch|p2a: Swampert|Swampert, F|76/100
|move|p1a: Blissey|Thunder Wave|p2a: Swampert
|-immune|p2a: Swampert
|
|-heal|p1a: Blissey|98/100|[from] item: Leftovers
|-heal|p2a: Swampert|82/100|[from] item: Leftovers
|upkeep
|turn|126
|
|t:|1728186808
|switch|p1a: Celebi|Celebi|99/100
|switch|p2a: Celebi|Celebi|84/100
|
|-heal|p2a: Celebi|90/100|[from] item: Leftovers
|-heal|p1a: Celebi|100/100|[from] item: Leftovers
|upkeep
|turn|127
|
|t:|1728186812
|switch|p1a: Blissey|Blissey, F|98/100
|move|p2a: Celebi|Calm Mind|p2a: Celebi
|-boost|p2a: Celebi|spa|1
|-boost|p2a: Celebi|spd|1
|
|-heal|p2a: Celebi|97/100|[from] item: Leftovers
|-heal|p1a: Blissey|100/100|[from] item: Leftovers
|upkeep
|turn|128
|
|t:|1728186816
|move|p2a: Celebi|Calm Mind|p2a: Celebi
|-boost|p2a: Celebi|spa|1
|-boost|p2a: Celebi|spd|1
|move|p1a: Blissey|Seismic Toss|p2a: Celebi
|-damage|p2a: Celebi|71/100
|
|-heal|p2a: Celebi|77/100|[from] item: Leftovers
|upkeep
|turn|129
|
|t:|1728186821
|switch|p2a: Swampert|Swampert, F|82/100
|move|p1a: Blissey|Thunder Wave|p2a: Swampert
|-immune|p2a: Swampert
|
|-heal|p2a: Swampert|88/100|[from] item: Leftovers
|upkeep
|turn|130
|
|t:|1728186824
|switch|p1a: Celebi|Celebi|100/100
|switch|p2a: Celebi|Celebi|77/100
|
|-heal|p2a: Celebi|83/100|[from] item: Leftovers
|upkeep
|turn|131
|
|t:|1728186829
|switch|p1a: Blissey|Blissey, F|100/100
|move|p2a: Celebi|Calm Mind|p2a: Celebi
|-boost|p2a: Celebi|spa|1
|-boost|p2a: Celebi|spd|1
|
|-heal|p2a: Celebi|89/100|[from] item: Leftovers
|upkeep
|turn|132
|
|t:|1728186833
|move|p2a: Celebi|Calm Mind|p2a: Celebi
|-boost|p2a: Celebi|spa|1
|-boost|p2a: Celebi|spd|1
|move|p1a: Blissey|Seismic Toss|p2a: Celebi
|-damage|p2a: Celebi|64/100
|
|-heal|p2a: Celebi|70/100|[from] item: Leftovers
|upkeep
|turn|133
|
|t:|1728186836
|move|p2a: Celebi|Calm Mind|p2a: Celebi
|-boost|p2a: Celebi|spa|1
|-boost|p2a: Celebi|spd|1
|move|p1a: Blissey|Seismic Toss|p2a: Celebi
|-damage|p2a: Celebi|44/100
|
|-heal|p2a: Celebi|50/100|[from] item: Leftovers
|upkeep
|turn|134
|
|t:|1728186842
|move|p2a: Celebi|Giga Drain|p1a: Blissey
|-damage|p1a: Blissey|75/100
|-heal|p2a: Celebi|73/100|[from] drain|[of] p1a: Blissey
|move|p1a: Blissey|Thunder Wave|p2a: Celebi
|-status|p2a: Celebi|par
|
|-heal|p1a: Blissey|81/100|[from] item: Leftovers
|-heal|p2a: Celebi|79/100 par|[from] item: Leftovers
|upkeep
|turn|135
|
|t:|1728186851
|move|p1a: Blissey|Seismic Toss|p2a: Celebi
|-damage|p2a: Celebi|54/100 par
|move|p2a: Celebi|Psychic|p1a: Blissey
|-damage|p1a: Blissey|43/100
|
|-heal|p1a: Blissey|49/100|[from] item: Leftovers
|-heal|p2a: Celebi|60/100 par|[from] item: Leftovers
|upkeep
|turn|136
|
|t:|1728186858
|move|p1a: Blissey|Soft-Boiled|p1a: Blissey
|-heal|p1a: Blissey|99/100
|move|p2a: Celebi|Giga Drain|p1a: Blissey
|-damage|p1a: Blissey|76/100
|-heal|p2a: Celebi|81/100 par|[from] drain|[of] p1a: Blissey
|
|-heal|p1a: Blissey|82/100|[from] item: Leftovers
|-heal|p2a: Celebi|87/100 par|[from] item: Leftovers
|upkeep
|turn|137
|
|t:|1728186871
|switch|p1a: Celebi|Celebi|100/100
|move|p2a: Celebi|Calm Mind|p2a: Celebi
|-boost|p2a: Celebi|spa|1
|-boost|p2a: Celebi|spd|1
|
|-heal|p2a: Celebi|93/100 par|[from] item: Leftovers
|upkeep
|turn|138
|
|t:|1728186880
|move|p1a: Celebi|Hidden Power|p2a: Celebi
|-resisted|p2a: Celebi
|-damage|p2a: Celebi|89/100 par
|move|p2a: Celebi|Calm Mind|p2a: Celebi
|-boost|p2a: Celebi|spa|1
|-boost|p2a: Celebi|spd|1
|
|-heal|p2a: Celebi|96/100 par|[from] item: Leftovers
|upkeep
|turn|139
|
|t:|1728186891
|switch|p1a: Blissey|Blissey, F|82/100
|-curestatus|p2a: Celebi|par|[from] ability: Natural Cure
|switch|p2a: Salamence|Salamence, F|23/100
|-ability|p2a: Salamence|Intimidate|boost
|-unboost|p1a: Blissey|atk|1
|
|-heal|p2a: Salamence|29/100|[from] item: Leftovers
|-heal|p1a: Blissey|88/100|[from] item: Leftovers
|upkeep
|turn|140
|
|t:|1728186899
|switch|p2a: Celebi|Celebi|96/100
|move|p1a: Blissey|Thunder Wave|p2a: Celebi
|-status|p2a: Celebi|par
|
|-heal|p1a: Blissey|94/100|[from] item: Leftovers
|-heal|p2a: Celebi|100/100 par|[from] item: Leftovers
|upkeep
|turn|141
|inactive|RaskaPork has 270 seconds left.
|
|t:|1728186938
|switch|p1a: Aerodactyl|Aerodactyl, M|64/100
|cant|p2a: Celebi|par
|
|upkeep
|turn|142
|inactive|RaskaPork has 270 seconds left.
|
|t:|1728186959
|move|p1a: Aerodactyl|Hidden Power|p2a: Celebi
|-supereffective|p2a: Celebi
|-damage|p2a: Celebi|0 fnt
|faint|p2a: Celebi
|
|t:|1728186963
|switch|p2a: Swampert|Swampert, F|88/100
|
|-heal|p2a: Swampert|95/100|[from] item: Leftovers
|upkeep
|turn|143
|
|t:|1728186969
|switch|p1a: Blissey|Blissey, F|94/100
|move|p2a: Swampert|Ice Beam|p1a: Blissey
|-damage|p1a: Blissey|87/100
|
|-heal|p1a: Blissey|93/100|[from] item: Leftovers
|-heal|p2a: Swampert|100/100|[from] item: Leftovers
|upkeep
|turn|144
|inactive|RaskaPork has 270 seconds left.
|
|t:|1728186977
|switch|p1a: Celebi|Celebi|100/100
|move|p2a: Swampert|Ice Beam|p1a: Celebi
|-supereffective|p1a: Celebi
|-damage|p1a: Celebi|71/100
|
|-heal|p1a: Celebi|77/100|[from] item: Leftovers
|upkeep
|turn|145
|
|t:|1728186983
|switch|p2a: Salamence|Salamence, F|29/100
|-ability|p2a: Salamence|Intimidate|boost
|-unboost|p1a: Celebi|atk|1
|move|p1a: Celebi|Leech Seed|p2a: Salamence
|-start|p2a: Salamence|move: Leech Seed
|
|-heal|p2a: Salamence|35/100|[from] item: Leftovers
|-damage|p2a: Salamence|23/100|[from] Leech Seed|[of] p1a: Celebi
|-heal|p1a: Celebi|88/100|[silent]
|-heal|p1a: Celebi|94/100|[from] item: Leftovers
|upkeep
|turn|146
|
|t:|1728186992
|move|p2a: Salamence|Dragon Dance|p2a: Salamence
|-boost|p2a: Salamence|atk|1
|-boost|p2a: Salamence|spe|1
|move|p1a: Celebi|Hidden Power|p2a: Salamence
|-resisted|p2a: Salamence
|-damage|p2a: Salamence|17/100
|
|-heal|p2a: Salamence|23/100|[from] item: Leftovers
|-damage|p2a: Salamence|11/100|[from] Leech Seed|[of] p1a: Celebi
|-heal|p1a: Celebi|100/100|[silent]
|upkeep
|turn|147
|
|t:|1728186994
|move|p2a: Salamence|Hidden Power|p1a: Celebi
|-supereffective|p1a: Celebi
|-damage|p1a: Celebi|20/100
|move|p1a: Celebi|Recover|p1a: Celebi
|-heal|p1a: Celebi|70/100
|
|-heal|p2a: Salamence|17/100|[from] item: Leftovers
|-damage|p2a: Salamence|4/100|[from] Leech Seed|[of] p1a: Celebi
|-heal|p1a: Celebi|80/100|[silent]
|-heal|p1a: Celebi|87/100|[from] item: Leftovers
|upkeep
|turn|148
|
|t:|1728187005
|switch|p2a: Swampert|Swampert, F|100/100
|switch|p1a: Blissey|Blissey, F|93/100
|
|-heal|p1a: Blissey|99/100|[from] item: Leftovers
|upkeep
|turn|149
|
|t:|1728187012
|switch|p1a: Celebi|Celebi|87/100
|move|p2a: Swampert|Earthquake|p1a: Celebi
|-resisted|p1a: Celebi
|-damage|p1a: Celebi|75/100
|
|-heal|p1a: Celebi|81/100|[from] item: Leftovers
|upkeep
|turn|150
|
|t:|1728187017
|move|p1a: Celebi|Hidden Power|p2a: Swampert
|-supereffective|p2a: Swampert
|-damage|p2a: Swampert|26/100
|move|p2a: Swampert|Ice Beam|p1a: Celebi
|-supereffective|p1a: Celebi
|-damage|p1a: Celebi|50/100
|
|-heal|p1a: Celebi|56/100|[from] item: Leftovers
|-heal|p2a: Swampert|33/100|[from] item: Leftovers
|upkeep
|turn|151
|
|t:|1728187025
|move|p1a: Celebi|Recover|p1a: Celebi
|-heal|p1a: Celebi|100/100
|move|p2a: Swampert|Ice Beam|p1a: Celebi
|-supereffective|p1a: Celebi
|-damage|p1a: Celebi|67/100
|
|-heal|p1a: Celebi|74/100|[from] item: Leftovers
|-heal|p2a: Swampert|39/100|[from] item: Leftovers
|upkeep
|turn|152
|
|t:|1728187035
|move|p1a: Celebi|Hidden Power|p2a: Swampert
|-supereffective|p2a: Swampert
|-damage|p2a: Swampert|0 fnt
|faint|p2a: Swampert
|
|t:|1728187038
|switch|p2a: Salamence|Salamence, F|4/100
|-ability|p2a: Salamence|Intimidate|boost
|-unboost|p1a: Celebi|atk|1
|
|-heal|p2a: Salamence|11/100|[from] item: Leftovers
|-heal|p1a: Celebi|80/100|[from] item: Leftovers
|upkeep
|turn|153
|
|t:|1728187046
|switch|p1a: Aerodactyl|Aerodactyl, M|64/100
|move|p2a: Salamence|Rock Slide|p1a: Aerodactyl
|-supereffective|p1a: Aerodactyl
|-damage|p1a: Aerodactyl|0 fnt
|faint|p1a: Aerodactyl
|
|t:|1728187050
|switch|p1a: Blissey|Blissey, F|99/100
|
|-heal|p2a: Salamence|17/100|[from] item: Leftovers
|-heal|p1a: Blissey|100/100|[from] item: Leftovers
|upkeep
|turn|154
|
|t:|1728187060
|move|p2a: Salamence|Brick Break|p1a: Blissey
|-supereffective|p1a: Blissey
|-damage|p1a: Blissey|44/100
|move|p1a: Blissey|Seismic Toss|p2a: Salamence
|-damage|p2a: Salamence|0 fnt
|faint|p2a: Salamence
|
|win|Sotina
|c|☆Sotina|gg
|c|☆RaskaPork|gg
|player|p2|
|player|p2|RaskaPork|ingo|

</script>
<script type="application/json" class="data" id="replaydata-smogtours-gen3ou-795420">
{"id":"smogtours-gen3ou-795420","format":"[Gen 3] OU","players":["Sotina","RaskaPork"],"uploadtime":1728187060,"views":107,"formatid":"gen3ou","rating":null,"private":0,"password":null}
</script>

<script defer src="js/replays.js?9d40a366"></script>
