<!DOCTYPE html>
<meta charset="utf-8" />
<meta name="viewport" content="width=device-width" />

<title>[Gen 3] OU: Stockings vs. ThisGuyMuks - Replays - Pok&eacute;mon Showdown!</title>

<meta name="description" content="Watch a replay of a Pok&eacute;mon battle between Stockings and ThisGuyMuks! Format: [Gen 3] OU; Date: Nov 13, 2024" />
<!--

Hey, you! Looking in the source for the replay log?

You can find them in JSON format, just add `.json` at the end of a replay URL.

https://replay.pokemonshowdown.com/gen7randomdoublesbattle-865046831.json

Or, if you only need the log itself, add `.log` instead:

https://replay.pokemonshowdown.com/gen7randomdoublesbattle-865046831.log

-->

<link rel="stylesheet" href="//pokemonshowdown.com/style/global.css?0.767286132409787" />
<link rel="stylesheet" href="//play.pokemonshowdown.com/style/font-awesome.css?0.9266228007934947" />
<link rel="stylesheet" href="//play.pokemonshowdown.com/style/battle.css?0.7924700842790926" />
<link rel="stylesheet" href="//play.pokemonshowdown.com/style/utilichart.css?0.8777417872839479" />

<!-- Global site tag (gtag.js) - Google Analytics -->
<script async src="https://www.googletagmanager.com/gtag/js?id=UA-26211653-1"></script>
<script>
  window.dataLayer = window.dataLayer || [];
  function gtag(){dataLayer.push(arguments);}
  gtag('js', new Date());

  gtag('config', 'UA-26211653-1');
</script>
<!-- End Google Analytics -->
<!-- Venatus Ad Manager - Install in <HEAD> of page -->
	<script src="https://hb.vntsm.com/v3/live/ad-manager.min.js" type="text/javascript" data-site-id="642aba63ec9a7b11c3c9c1be" data-mode="scan" async></script>
<!-- / Venatus Ad Manager -->

<style>
	@media (max-width:820px) {
		.battle {
			margin: 0 auto;
		}
		.battle-log {
			margin: 7px auto 0;
			max-width: 640px;
			height: 300px;
			position: static;
		}
	}
	.optgroup {
		display: inline-block;
		line-height: 22px;
		font-size: 10pt;
	}
	.optgroup .button {
		height: 25px;
		padding-top: 0;
		padding-bottom: 0;
	}
	.optgroup button.button {
		padding-left: 12px;
		padding-right: 12px;
	}
	.linklist {
		list-style: none;
		margin: 0.5em 0;
		padding: 0;
	}
	.linklist li {
		padding: 2px 0;
	}
	.sidebar {
		float: left;
		width: 320px;
	}
	.bar-wrapper {
		max-width: 1100px;
		margin: 0 auto;
	}
	.bar-wrapper.has-sidebar {
		max-width: 1430px;
	}
	.mainbar {
		margin: 0;
		padding-right: 1px;
	}
	.mainbar.has-sidebar {
		margin-left: 330px;
	}
	@media (min-width: 1511px) {
		.sidebar {
			width: 400px;
		}
		.bar-wrapper.has-sidebar {
			max-width: 1510px;
		}
		.mainbar.has-sidebar {
			margin-left: 410px;
		}
	}
	.section.first-section {
		margin-top: 9px;
	}
	.blocklink small {
		white-space: normal;
	}
	.button {
		vertical-align: middle;
	}
	.replay-controls {
		padding-top: 10px;
	}
	.replay-controls h1 {
		font-size: 16pt;
		font-weight: normal;
		color: #CCC;
	}
	.pagelink {
		text-align: center;
	}
	.pagelink a {
		width: 150px;
	}
	.textbox, .button {
		font-size: 11pt;
		vertical-align: middle;
	}
	@media (max-width: 450px) {
		.button {
			font-size: 9pt;
		}
	}
</style>

<div>

	<header>
		<div class="nav-wrapper"><ul class="nav">
			<li><a class="button nav-first" href="//pokemonshowdown.com/"><img src="//pokemonshowdown.com/images/pokemonshowdownbeta.png" srcset="//pokemonshowdown.com/images/pokemonshowdownbeta.png 1x, //pokemonshowdown.com/images/pokemonshowdownbeta@2x.png 2x" alt="Pok&eacute;mon Showdown" width="146" height="44" /> Home</a></li>
			<li><a class="button" href="//pokemonshowdown.com/dex/">Pok&eacute;dex</a></li>
			<li><a class="button cur" href="/">Replays</a></li>
			<li><a class="button" href="//pokemonshowdown.com/ladder/">Ladder</a></li>
			<li><a class="button nav-last" href="//pokemonshowdown.com/forums/">Forum</a></li>
			<li><a class="button greenbutton nav-first nav-last" href="//play.pokemonshowdown.com/">Play</a></li>
		</ul></div>
	</header>

	<div class="main" id="main">

		<noscript><section class="section">You need to enable JavaScript to use this page; sorry!</section></noscript>

	</div>

</div>

<script defer nomodule src="//play.pokemonshowdown.com/js/lib/ps-polyfill.js"></script>
<script defer src="//play.pokemonshowdown.com/js/lib/preact.min.js"></script>

<script defer src="//play.pokemonshowdown.com/config/config.js?6dec07f6"></script>
<script defer src="//play.pokemonshowdown.com/js/lib/jquery-1.11.0.min.js"></script>
<script defer src="//play.pokemonshowdown.com/js/lib/html-sanitizer-minified.js"></script>
<script defer src="//play.pokemonshowdown.com/js/battle-sound.js"></script>
<script defer src="//play.pokemonshowdown.com/js/battledata.js?0.6315294753075389"></script>
<script defer src="//play.pokemonshowdown.com/data/pokedex-mini.js?0.7603743185311358"></script>
<script defer src="//play.pokemonshowdown.com/data/pokedex-mini-bw.js?0.030888842834281283"></script>
<script defer src="//play.pokemonshowdown.com/data/graphics.js?0.05593094747507488"></script>
<script defer src="//play.pokemonshowdown.com/data/pokedex.js?0.47064822249611904"></script>
<script defer src="//play.pokemonshowdown.com/data/moves.js?0.8583693120512459"></script>
<script defer src="//play.pokemonshowdown.com/data/abilities.js?0.16017181182386842"></script>
<script defer src="//play.pokemonshowdown.com/data/items.js?0.4163379185673943"></script>
<script defer src="//play.pokemonshowdown.com/data/teambuilder-tables.js?0.31075597372830477"></script>
<script defer src="//play.pokemonshowdown.com/js/battle-tooltips.js?0.6536193500708172"></script>
<script defer src="//play.pokemonshowdown.com/js/battle.js?0.1916591943277901"></script>

<script defer src="js/utils.js?e31f9a17"></script>
<script defer src="js/replays-battle.js?7008c182"></script>

<!-- don't scrape this data! just add .json or .log after the URL!
Full API docs: https://github.com/smogon/pokemon-showdown-client/blob/master/WEB-API.md -->
<script type="text/plain" class="log" id="replaylog-smogtours-gen3ou-806121">
|inactive|Battle timer is ON: inactive players will automatically lose when time's up.
|t:|1731457696
|gametype|singles
|player|p1|Stockings|#advpliii|
|player|p2|ThisGuyMuks|265|
|teamsize|p1|6
|teamsize|p2|6
|gen|3
|tier|[Gen 3] OU
|rule|Sleep Clause Mod: Limit one foe put to sleep
|rule|Switch Priority Clause Mod: Faster Pokémon switch first
|rule|Species Clause: Limit one of each Pokémon
|rule|OHKO Clause: OHKO moves are banned
|rule|Evasion Items Clause: Evasion items are banned
|rule|Evasion Moves Clause: Evasion moves are banned
|rule|Endless Battle Clause: Forcing endless battles is banned
|rule|HP Percentage Mod: HP is shown in percentages
|rule|One Boost Passer Clause: Limit one Baton Passer that has a way to boost its stats
|rule|Freeze Clause Mod: Limit one foe frozen
|
|t:|1731457696
|start
|switch|p1a: introducing|Zapdos|100/100
|switch|p2a: Snorlax|Snorlax, M|100/100
|turn|1
|c|☆ThisGuyMuks|glhf
|c|☆Stockings|hfhf
|
|t:|1731457725
|switch|p1a: blckhlsn|Gengar, M, shiny|100/100
|move|p2a: Snorlax|Ice Beam|p1a: blckhlsn
|-damage|p1a: blckhlsn|71/100
|
|-heal|p1a: blckhlsn|77/100|[from] item: Leftovers
|upkeep
|turn|2
|
|t:|1731457741
|switch|p1a: twinz|Skarmory, M, shiny|100/100
|switch|p2a: Houndoom|Houndoom, M|100/100
|
|upkeep
|turn|3
|
|t:|1731457763
|switch|p1a: the rightclicker|Blissey, F, shiny|100/100
|move|p2a: Houndoom|Fire Blast|p1a: the rightclicker
|-damage|p1a: the rightclicker|79/100
|
|-heal|p1a: the rightclicker|85/100|[from] item: Leftovers
|upkeep
|turn|4
|c|☆ThisGuyMuks|this one goes out to zacpz
|
|t:|1731457790
|switch|p2a: Metagross|Metagross|100/100
|switch|p1a: twinz|Skarmory, M, shiny|100/100
|
|upkeep
|turn|5
|
|t:|1731457798
|move|p2a: Metagross|Meteor Mash|p1a: twinz
|-resisted|p1a: twinz
|-damage|p1a: twinz|66/100
|move|p1a: twinz|Spikes|p2a: Metagross
|-sidestart|p2: ThisGuyMuks|Spikes
|
|-heal|p1a: twinz|72/100|[from] item: Leftovers
|upkeep
|turn|6
|
|t:|1731457803
|move|p1a: twinz|Protect|p1a: twinz
|-singleturn|p1a: twinz|Protect
|move|p2a: Metagross|Meteor Mash|p1a: twinz
|-activate|p1a: twinz|Protect
|
|-heal|p1a: twinz|78/100|[from] item: Leftovers
|upkeep
|turn|7
|
|t:|1731457821
|move|p2a: Metagross|Meteor Mash|p1a: twinz
|-resisted|p1a: twinz
|-crit|p1a: twinz
|-damage|p1a: twinz|5/100
|move|p1a: twinz|Roar|p2a: Metagross
|drag|p2a: Houndoom|Houndoom, M|100/100
|-damage|p2a: Houndoom|88/100|[from] Spikes
|
|-heal|p2a: Houndoom|94/100|[from] item: Leftovers
|-heal|p1a: twinz|11/100|[from] item: Leftovers
|upkeep
|turn|8
|c|☆ThisGuyMuks|mb
|
|t:|1731457833
|move|p1a: twinz|Protect|p1a: twinz
|-singleturn|p1a: twinz|Protect
|move|p2a: Houndoom|Fire Blast|p1a: twinz
|-activate|p1a: twinz|Protect
|
|-heal|p2a: Houndoom|100/100|[from] item: Leftovers
|-heal|p1a: twinz|17/100|[from] item: Leftovers
|upkeep
|turn|9
|
|t:|1731457843
|-activate|p1a: twinz|move: Pursuit
|move|p2a: Houndoom|Pursuit|p1a: twinz|[from]Pursuit
|-resisted|p1a: twinz
|-damage|p1a: twinz|0 fnt
|faint|p1a: twinz
|-hint|Previously chosen switches continue in Gen 2-4 after a Pursuit target faints.
|switch|p1a: the rightclicker|Blissey, F, shiny|85/100
|
|-heal|p1a: the rightclicker|91/100|[from] item: Leftovers
|upkeep
|turn|10
|inactive|ThisGuyMuks has 270 seconds left.
|
|t:|1731457874
|switch|p2a: Snorlax|Snorlax, M|100/100
|-damage|p2a: Snorlax|88/100|[from] Spikes
|switch|p1a: I BHOP FOR FUN|Jumpluff, F, shiny|100/100
|
|-heal|p2a: Snorlax|94/100|[from] item: Leftovers
|upkeep
|turn|11
|
|t:|1731457880
|move|p1a: I BHOP FOR FUN|Sleep Powder|p2a: Snorlax
|-status|p2a: Snorlax|slp|[from] move: Sleep Powder
|cant|p2a: Snorlax|slp
|
|-heal|p2a: Snorlax|99/100 slp|[from] item: Leftovers
|upkeep
|turn|12
|c|☆ThisGuyMuks|thats adorable that 
|inactive|ThisGuyMuks has 270 seconds left.
|c|☆ThisGuyMuks|thats what the shiny looks like
|
|t:|1731457915
|switch|p2a: Gyarados|Gyarados, F|100/100
|-ability|p2a: Gyarados|Intimidate|boost
|-unboost|p1a: I BHOP FOR FUN|atk|1
|move|p1a: I BHOP FOR FUN|Substitute|p1a: I BHOP FOR FUN
|-start|p1a: I BHOP FOR FUN|Substitute
|-damage|p1a: I BHOP FOR FUN|76/100
|
|-heal|p1a: I BHOP FOR FUN|82/100|[from] item: Leftovers
|upkeep
|turn|13
|
|t:|1731457936
|switch|p2a: Claydol|Claydol|100/100
|move|p1a: I BHOP FOR FUN|Leech Seed|p2a: Claydol
|-start|p2a: Claydol|move: Leech Seed
|
|-heal|p1a: I BHOP FOR FUN|88/100|[from] item: Leftovers
|-damage|p2a: Claydol|88/100|[from] Leech Seed|[of] p1a: I BHOP FOR FUN
|-heal|p1a: I BHOP FOR FUN|100/100|[silent]
|upkeep
|turn|14
|
|t:|1731457951
|move|p1a: I BHOP FOR FUN|Hidden Power|p2a: Claydol
|-damage|p2a: Claydol|75/100
|move|p2a: Claydol|Rapid Spin|p1a: I BHOP FOR FUN
|-activate|p1a: I BHOP FOR FUN|Substitute|[damage]
|-end|p2a: Claydol|Leech Seed|[from] move: Rapid Spin|[of] p2a: Claydol
|-sideend|p2: ThisGuyMuks|Spikes|[from] move: Rapid Spin|[of] p2a: Claydol
|
|-heal|p2a: Claydol|81/100|[from] item: Leftovers
|upkeep
|turn|15
|
|t:|1731457960
|move|p1a: I BHOP FOR FUN|Leech Seed|p2a: Claydol
|-start|p2a: Claydol|move: Leech Seed
|move|p2a: Claydol|Psychic|p1a: I BHOP FOR FUN
|-end|p1a: I BHOP FOR FUN|Substitute
|
|-heal|p2a: Claydol|88/100|[from] item: Leftovers
|-damage|p2a: Claydol|75/100|[from] Leech Seed|[of] p1a: I BHOP FOR FUN
|upkeep
|turn|16
|
|t:|1731457967
|switch|p1a: blckhlsn|Gengar, M, shiny|77/100
|move|p2a: Claydol|Psychic|p1a: blckhlsn
|-supereffective|p1a: blckhlsn
|-crit|p1a: blckhlsn
|-damage|p1a: blckhlsn|0 fnt
|faint|p1a: blckhlsn
|c|☆Stockings|n1
|c|☆ThisGuyMuks|mb 
|
|t:|1731457980
|switch|p1a: the rightclicker|Blissey, F, shiny|91/100
|
|-heal|p2a: Claydol|81/100|[from] item: Leftovers
|-damage|p2a: Claydol|69/100|[from] Leech Seed|[of] p1a: the rightclicker
|-heal|p1a: the rightclicker|97/100|[silent]
|-heal|p1a: the rightclicker|100/100|[from] item: Leftovers
|upkeep
|turn|17
|inactive|ThisGuyMuks has 270 seconds left.
|
|t:|1731457998
|switch|p2a: Metagross|Metagross|100/100
|move|p1a: the rightclicker|Ice Beam|p2a: Metagross
|-resisted|p2a: Metagross
|-damage|p2a: Metagross|86/100
|
|upkeep
|turn|18
|
|t:|1731458004
|switch|p1a: introducing|Zapdos|100/100
|move|p2a: Metagross|Meteor Mash|p1a: introducing
|-resisted|p1a: introducing
|-damage|p1a: introducing|58/100
|
|-heal|p1a: introducing|64/100|[from] item: Leftovers
|upkeep
|turn|19
|
|t:|1731458011
|switch|p2a: Snorlax|Snorlax, M|99/100 slp
|move|p1a: introducing|Thunderbolt|p2a: Snorlax
|-damage|p2a: Snorlax|76/100 slp
|
|-heal|p1a: introducing|71/100|[from] item: Leftovers
|-heal|p2a: Snorlax|82/100 slp|[from] item: Leftovers
|upkeep
|turn|20
|
|t:|1731458023
|switch|p1a: I BHOP FOR FUN|Jumpluff, F, shiny|100/100
|cant|p2a: Snorlax|slp
|
|-heal|p2a: Snorlax|88/100 slp|[from] item: Leftovers
|upkeep
|turn|21
|
|t:|1731458029
|move|p1a: I BHOP FOR FUN|Leech Seed|p2a: Snorlax
|-start|p2a: Snorlax|move: Leech Seed
|cant|p2a: Snorlax|slp
|
|-heal|p2a: Snorlax|94/100 slp|[from] item: Leftovers
|-damage|p2a: Snorlax|82/100 slp|[from] Leech Seed|[of] p1a: I BHOP FOR FUN
|upkeep
|turn|22
|
|t:|1731458037
|switch|p2a: Regice|Regice|100/100
|move|p1a: I BHOP FOR FUN|Substitute|p1a: I BHOP FOR FUN
|-start|p1a: I BHOP FOR FUN|Substitute
|-damage|p1a: I BHOP FOR FUN|76/100
|
|-heal|p1a: I BHOP FOR FUN|82/100|[from] item: Leftovers
|upkeep
|turn|23
|
|t:|1731458041
|move|p1a: I BHOP FOR FUN|Leech Seed|p2a: Regice
|-start|p2a: Regice|move: Leech Seed
|move|p2a: Regice|Ice Beam|p1a: I BHOP FOR FUN
|-supereffective|p1a: I BHOP FOR FUN
|-end|p1a: I BHOP FOR FUN|Substitute
|
|-heal|p1a: I BHOP FOR FUN|88/100|[from] item: Leftovers
|-damage|p2a: Regice|88/100|[from] Leech Seed|[of] p1a: I BHOP FOR FUN
|-heal|p1a: I BHOP FOR FUN|100/100|[silent]
|upkeep
|turn|24
|
|t:|1731458048
|switch|p2a: Gyarados|Gyarados, F|100/100
|-ability|p2a: Gyarados|Intimidate|boost
|-unboost|p1a: I BHOP FOR FUN|atk|1
|move|p1a: I BHOP FOR FUN|Substitute|p1a: I BHOP FOR FUN
|-start|p1a: I BHOP FOR FUN|Substitute
|-damage|p1a: I BHOP FOR FUN|76/100
|
|-heal|p1a: I BHOP FOR FUN|82/100|[from] item: Leftovers
|upkeep
|turn|25
|
|t:|1731458063
|move|p1a: I BHOP FOR FUN|Leech Seed|p2a: Gyarados
|-start|p2a: Gyarados|move: Leech Seed
|move|p2a: Gyarados|Hidden Power|p1a: I BHOP FOR FUN
|-supereffective|p1a: I BHOP FOR FUN
|-end|p1a: I BHOP FOR FUN|Substitute
|
|-heal|p1a: I BHOP FOR FUN|88/100|[from] item: Leftovers
|-damage|p2a: Gyarados|88/100|[from] Leech Seed|[of] p1a: I BHOP FOR FUN
|-heal|p1a: I BHOP FOR FUN|100/100|[silent]
|upkeep
|turn|26
|
|t:|1731458069
|switch|p2a: Claydol|Claydol|69/100
|move|p1a: I BHOP FOR FUN|Substitute|p1a: I BHOP FOR FUN
|-start|p1a: I BHOP FOR FUN|Substitute
|-damage|p1a: I BHOP FOR FUN|76/100
|
|-heal|p1a: I BHOP FOR FUN|82/100|[from] item: Leftovers
|-heal|p2a: Claydol|75/100|[from] item: Leftovers
|upkeep
|turn|27
|
|t:|1731458075
|move|p1a: I BHOP FOR FUN|Leech Seed|p2a: Claydol
|-start|p2a: Claydol|move: Leech Seed
|move|p2a: Claydol|Psychic|p1a: I BHOP FOR FUN
|-end|p1a: I BHOP FOR FUN|Substitute
|
|-heal|p1a: I BHOP FOR FUN|88/100|[from] item: Leftovers
|-heal|p2a: Claydol|81/100|[from] item: Leftovers
|-damage|p2a: Claydol|69/100|[from] Leech Seed|[of] p1a: I BHOP FOR FUN
|-heal|p1a: I BHOP FOR FUN|100/100|[silent]
|upkeep
|turn|28
|
|t:|1731458082
|switch|p1a: the rightclicker|Blissey, F, shiny|100/100
|move|p2a: Claydol|Rapid Spin|p1a: the rightclicker
|-damage|p1a: the rightclicker|95/100
|-end|p2a: Claydol|Leech Seed|[from] move: Rapid Spin|[of] p2a: Claydol
|
|-heal|p2a: Claydol|75/100|[from] item: Leftovers
|-heal|p1a: the rightclicker|100/100|[from] item: Leftovers
|upkeep
|turn|29
|inactive|ThisGuyMuks has 270 seconds left.
|
|t:|1731458138
|switch|p2a: Metagross|Metagross|86/100
|switch|p1a: I BHOP FOR FUN|Jumpluff, F, shiny|100/100
|
|upkeep
|turn|30
|
|t:|1731458158
|switch|p1a: introducing|Zapdos|71/100
|move|p2a: Metagross|Rock Slide|p1a: introducing|[miss]
|-miss|p2a: Metagross|p1a: introducing
|
|-heal|p1a: introducing|77/100|[from] item: Leftovers
|upkeep
|turn|31
|
|t:|1731458169
|switch|p1a: 2much4zblock|Flygon, M, shiny|100/100
|switch|p2a: Regice|Regice|88/100
|
|-heal|p2a: Regice|94/100|[from] item: Leftovers
|upkeep
|turn|32
|
|t:|1731458184
|move|p1a: 2much4zblock|Earthquake|p2a: Regice
|-damage|p2a: Regice|63/100
|move|p2a: Regice|Ice Beam|p1a: 2much4zblock
|-supereffective|p1a: 2much4zblock
|-damage|p1a: 2much4zblock|0 fnt
|faint|p1a: 2much4zblock
|c|☆Stockings|ah
|c|☆Stockings|think I had to try
|c|☆Stockings|gg
|c|☆Stockings|ggs
|c|☆Stockings|gl
|c|☆ThisGuyMuks|ggs
|-message|Stockings forfeited.
|
|win|ThisGuyMuks
|c|☆ThisGuyMuks|ty 

</script>
<script type="application/json" class="data" id="replaydata-smogtours-gen3ou-806121">
{"id":"smogtours-gen3ou-806121","format":"[Gen 3] OU","players":["Stockings","ThisGuyMuks"],"uploadtime":1731458206,"views":58,"formatid":"gen3ou","rating":null,"private":0,"password":null}
</script>

<script defer src="js/replays.js?9d40a366"></script>
