<!DOCTYPE html>
<meta charset="utf-8" />
<meta name="viewport" content="width=device-width" />

<title>[Gen 3] OU: RetiredBohrier vs. Nun_IE - Replays - Pok&eacute;mon Showdown!</title>

<meta name="description" content="Watch a replay of a Pok&eacute;mon battle between RetiredBohrier and Nun_IE! Format: [Gen 3] OU; Date: Oct 5, 2024" />
<!--

Hey, you! Looking in the source for the replay log?

You can find them in JSON format, just add `.json` at the end of a replay URL.

https://replay.pokemonshowdown.com/gen7randomdoublesbattle-865046831.json

Or, if you only need the log itself, add `.log` instead:

https://replay.pokemonshowdown.com/gen7randomdoublesbattle-865046831.log

-->

<link rel="stylesheet" href="//pokemonshowdown.com/style/global.css?0.767286132409787" />
<link rel="stylesheet" href="//play.pokemonshowdown.com/style/font-awesome.css?0.9266228007934947" />
<link rel="stylesheet" href="//play.pokemonshowdown.com/style/battle.css?0.7924700842790926" />
<link rel="stylesheet" href="//play.pokemonshowdown.com/style/utilichart.css?0.8777417872839479" />

<!-- Global site tag (gtag.js) - Google Analytics -->
<script async src="https://www.googletagmanager.com/gtag/js?id=UA-26211653-1"></script>
<script>
  window.dataLayer = window.dataLayer || [];
  function gtag(){dataLayer.push(arguments);}
  gtag('js', new Date());

  gtag('config', 'UA-26211653-1');
</script>
<!-- End Google Analytics -->
<!-- Venatus Ad Manager - Install in <HEAD> of page -->
	<script src="https://hb.vntsm.com/v3/live/ad-manager.min.js" type="text/javascript" data-site-id="642aba63ec9a7b11c3c9c1be" data-mode="scan" async></script>
<!-- / Venatus Ad Manager -->

<style>
	@media (max-width:820px) {
		.battle {
			margin: 0 auto;
		}
		.battle-log {
			margin: 7px auto 0;
			max-width: 640px;
			height: 300px;
			position: static;
		}
	}
	.optgroup {
		display: inline-block;
		line-height: 22px;
		font-size: 10pt;
	}
	.optgroup .button {
		height: 25px;
		padding-top: 0;
		padding-bottom: 0;
	}
	.optgroup button.button {
		padding-left: 12px;
		padding-right: 12px;
	}
	.linklist {
		list-style: none;
		margin: 0.5em 0;
		padding: 0;
	}
	.linklist li {
		padding: 2px 0;
	}
	.sidebar {
		float: left;
		width: 320px;
	}
	.bar-wrapper {
		max-width: 1100px;
		margin: 0 auto;
	}
	.bar-wrapper.has-sidebar {
		max-width: 1430px;
	}
	.mainbar {
		margin: 0;
		padding-right: 1px;
	}
	.mainbar.has-sidebar {
		margin-left: 330px;
	}
	@media (min-width: 1511px) {
		.sidebar {
			width: 400px;
		}
		.bar-wrapper.has-sidebar {
			max-width: 1510px;
		}
		.mainbar.has-sidebar {
			margin-left: 410px;
		}
	}
	.section.first-section {
		margin-top: 9px;
	}
	.blocklink small {
		white-space: normal;
	}
	.button {
		vertical-align: middle;
	}
	.replay-controls {
		padding-top: 10px;
	}
	.replay-controls h1 {
		font-size: 16pt;
		font-weight: normal;
		color: #CCC;
	}
	.pagelink {
		text-align: center;
	}
	.pagelink a {
		width: 150px;
	}
	.textbox, .button {
		font-size: 11pt;
		vertical-align: middle;
	}
	@media (max-width: 450px) {
		.button {
			font-size: 9pt;
		}
	}
</style>

<div>

	<header>
		<div class="nav-wrapper"><ul class="nav">
			<li><a class="button nav-first" href="//pokemonshowdown.com/"><img src="//pokemonshowdown.com/images/pokemonshowdownbeta.png" srcset="//pokemonshowdown.com/images/pokemonshowdownbeta.png 1x, //pokemonshowdown.com/images/pokemonshowdownbeta@2x.png 2x" alt="Pok&eacute;mon Showdown" width="146" height="44" /> Home</a></li>
			<li><a class="button" href="//pokemonshowdown.com/dex/">Pok&eacute;dex</a></li>
			<li><a class="button cur" href="/">Replays</a></li>
			<li><a class="button" href="//pokemonshowdown.com/ladder/">Ladder</a></li>
			<li><a class="button nav-last" href="//pokemonshowdown.com/forums/">Forum</a></li>
			<li><a class="button greenbutton nav-first nav-last" href="//play.pokemonshowdown.com/">Play</a></li>
		</ul></div>
	</header>

	<div class="main" id="main">

		<noscript><section class="section">You need to enable JavaScript to use this page; sorry!</section></noscript>

	</div>

</div>

<script defer nomodule src="//play.pokemonshowdown.com/js/lib/ps-polyfill.js"></script>
<script defer src="//play.pokemonshowdown.com/js/lib/preact.min.js"></script>

<script defer src="//play.pokemonshowdown.com/config/config.js?6dec07f6"></script>
<script defer src="//play.pokemonshowdown.com/js/lib/jquery-1.11.0.min.js"></script>
<script defer src="//play.pokemonshowdown.com/js/lib/html-sanitizer-minified.js"></script>
<script defer src="//play.pokemonshowdown.com/js/battle-sound.js"></script>
<script defer src="//play.pokemonshowdown.com/js/battledata.js?0.6315294753075389"></script>
<script defer src="//play.pokemonshowdown.com/data/pokedex-mini.js?0.7603743185311358"></script>
<script defer src="//play.pokemonshowdown.com/data/pokedex-mini-bw.js?0.030888842834281283"></script>
<script defer src="//play.pokemonshowdown.com/data/graphics.js?0.05593094747507488"></script>
<script defer src="//play.pokemonshowdown.com/data/pokedex.js?0.47064822249611904"></script>
<script defer src="//play.pokemonshowdown.com/data/moves.js?0.8583693120512459"></script>
<script defer src="//play.pokemonshowdown.com/data/abilities.js?0.16017181182386842"></script>
<script defer src="//play.pokemonshowdown.com/data/items.js?0.4163379185673943"></script>
<script defer src="//play.pokemonshowdown.com/data/teambuilder-tables.js?0.31075597372830477"></script>
<script defer src="//play.pokemonshowdown.com/js/battle-tooltips.js?0.6536193500708172"></script>
<script defer src="//play.pokemonshowdown.com/js/battle.js?0.1916591943277901"></script>

<script defer src="js/utils.js?e31f9a17"></script>
<script defer src="js/replays-battle.js?7008c182"></script>

<!-- don't scrape this data! just add .json or .log after the URL!
Full API docs: https://github.com/smogon/pokemon-showdown-client/blob/master/WEB-API.md -->
<script type="text/plain" class="log" id="replaylog-smogtours-gen3ou-794879">
|inactive|Battle timer is ON: inactive players will automatically lose when time's up.
|t:|1728132019
|gametype|singles
|player|p1|RetiredBohrier|101|
|player|p2|Nun_IE|veteranf|
|teamsize|p1|6
|teamsize|p2|6
|gen|3
|tier|[Gen 3] OU
|rule|Sleep Clause Mod: Limit one foe put to sleep
|rule|Switch Priority Clause Mod: Faster Pokémon switch first
|rule|Species Clause: Limit one of each Pokémon
|rule|OHKO Clause: OHKO moves are banned
|rule|Evasion Items Clause: Evasion items are banned
|rule|Evasion Moves Clause: Evasion moves are banned
|rule|Endless Battle Clause: Forcing endless battles is banned
|rule|HP Percentage Mod: HP is shown in percentages
|rule|One Boost Passer Clause: Limit one Baton Passer that has a way to boost its stats
|rule|Freeze Clause Mod: Limit one foe frozen
|
|t:|1728132019
|start
|switch|p1a: Skarmory|Skarmory, F|100/100
|switch|p2a: Megamind|Metagross|100/100
|turn|1
|
|t:|1728132032
|switch|p1a: Suicune|Suicune|100/100
|switch|p2a: Madagascar|Jolteon, F|100/100
|
|upkeep
|turn|2
|
|t:|1728132036
|switch|p1a: Blissey|Blissey, F|100/100
|move|p2a: Madagascar|Thunderbolt|p1a: Blissey
|-damage|p1a: Blissey|83/100
|
|-heal|p1a: Blissey|89/100|[from] item: Leftovers
|upkeep
|turn|3
|
|t:|1728132043
|switch|p2a: Shrek|Snorlax, M|100/100
|move|p1a: Blissey|Seismic Toss|p2a: Shrek
|-damage|p2a: Shrek|80/100
|
|-heal|p1a: Blissey|95/100|[from] item: Leftovers
|-heal|p2a: Shrek|86/100|[from] item: Leftovers
|upkeep
|turn|4
|
|t:|1728132051
|-singleturn|p2a: Shrek|move: Focus Punch
|switch|p1a: Jirachi|Jirachi|100/100
|move|p2a: Shrek|Focus Punch|p1a: Jirachi
|-damage|p1a: Jirachi|73/100
|
|-heal|p1a: Jirachi|79/100|[from] item: Leftovers
|-heal|p2a: Shrek|92/100|[from] item: Leftovers
|upkeep
|turn|5
|
|t:|1728132077
|move|p1a: Jirachi|Wish|p1a: Jirachi
|move|p2a: Shrek|Shadow Ball|p1a: Jirachi
|-damage|p1a: Jirachi|63/100
|
|-heal|p1a: Jirachi|69/100|[from] item: Leftovers
|-heal|p2a: Shrek|98/100|[from] item: Leftovers
|upkeep
|turn|6
|
|t:|1728132088
|move|p1a: Jirachi|Fire Punch|p2a: Shrek
|-damage|p2a: Shrek|89/100
|move|p2a: Shrek|Shadow Ball|p1a: Jirachi
|-crit|p1a: Jirachi
|-damage|p1a: Jirachi|41/100
|
|-heal|p1a: Jirachi|91/100|[from] move: Wish|[wisher] Jirachi
|-heal|p1a: Jirachi|97/100|[from] item: Leftovers
|-heal|p2a: Shrek|95/100|[from] item: Leftovers
|upkeep
|turn|7
|
|t:|1728132099
|move|p1a: Jirachi|Fire Punch|p2a: Shrek
|-damage|p2a: Shrek|86/100
|move|p2a: Shrek|Body Slam|p1a: Jirachi
|-resisted|p1a: Jirachi
|-damage|p1a: Jirachi|86/100
|
|-heal|p1a: Jirachi|92/100|[from] item: Leftovers
|-heal|p2a: Shrek|92/100|[from] item: Leftovers
|upkeep
|turn|8
|
|t:|1728132109
|move|p1a: Jirachi|Fire Punch|p2a: Shrek
|-damage|p2a: Shrek|83/100
|-status|p2a: Shrek|brn
|move|p2a: Shrek|Body Slam|p1a: Jirachi
|-resisted|p1a: Jirachi
|-damage|p1a: Jirachi|86/100
|
|-heal|p1a: Jirachi|93/100|[from] item: Leftovers
|-heal|p2a: Shrek|89/100 brn|[from] item: Leftovers
|-damage|p2a: Shrek|77/100 brn|[from] brn
|upkeep
|turn|9
|inactive|Nun_IE has 270 seconds left.
|
|t:|1728132125
|switch|p1a: Skarmory|Skarmory, F|100/100
|switch|p2a: Megamind|Metagross|100/100
|
|upkeep
|turn|10
|
|t:|1728132130
|switch|p2a: Madagascar|Jolteon, F|100/100
|move|p1a: Skarmory|Spikes|p2a: Madagascar
|-sidestart|p2: Nun_IE|Spikes
|
|upkeep
|turn|11
|
|t:|1728132136
|switch|p1a: Blissey|Blissey, F|95/100
|move|p2a: Madagascar|Thunderbolt|p1a: Blissey
|-damage|p1a: Blissey|75/100
|
|-heal|p1a: Blissey|82/100|[from] item: Leftovers
|upkeep
|turn|12
|
|t:|1728132144
|switch|p2a: Megamind|Metagross|100/100
|-damage|p2a: Megamind|88/100|[from] Spikes
|move|p1a: Blissey|Seismic Toss|p2a: Megamind
|-damage|p2a: Megamind|61/100
|
|-heal|p1a: Blissey|88/100|[from] item: Leftovers
|upkeep
|turn|13
|
|t:|1728132153
|switch|p1a: Skarmory|Skarmory, F|100/100
|move|p2a: Megamind|Earthquake|p1a: Skarmory
|-immune|p1a: Skarmory
|
|upkeep
|turn|14
|
|t:|1728132158
|switch|p2a: Madagascar|Jolteon, F|100/100
|-damage|p2a: Madagascar|88/100|[from] Spikes
|move|p1a: Skarmory|Spikes|p2a: Madagascar
|-sidestart|p2: Nun_IE|Spikes
|
|-heal|p2a: Madagascar|94/100|[from] item: Leftovers
|upkeep
|turn|15
|
|t:|1728132167
|switch|p1a: Blissey|Blissey, F|88/100
|move|p2a: Madagascar|Thunder Wave|p1a: Blissey
|-status|p1a: Blissey|par
|
|-heal|p2a: Madagascar|100/100|[from] item: Leftovers
|-heal|p1a: Blissey|94/100 par|[from] item: Leftovers
|upkeep
|turn|16
|
|t:|1728132175
|move|p2a: Madagascar|Protect|p2a: Madagascar
|-singleturn|p2a: Madagascar|Protect
|move|p1a: Blissey|Seismic Toss|p2a: Madagascar
|-activate|p2a: Madagascar|Protect
|
|-heal|p1a: Blissey|99/100 par|[from] item: Leftovers
|upkeep
|turn|17
|
|t:|1728132188
|switch|p2a: Shrek|Snorlax, M|77/100 brn
|-damage|p2a: Shrek|60/100 brn|[from] Spikes
|-curestatus|p1a: Blissey|par|[from] ability: Natural Cure
|switch|p1a: Claydol|Claydol|100/100
|
|-heal|p2a: Shrek|66/100 brn|[from] item: Leftovers
|-damage|p2a: Shrek|54/100 brn|[from] brn
|upkeep
|turn|18
|
|t:|1728132198
|move|p1a: Claydol|Earthquake|p2a: Shrek
|-damage|p2a: Shrek|23/100 brn
|move|p2a: Shrek|Self-Destruct|p1a: Claydol
|-damage|p1a: Claydol|14/100
|faint|p2a: Shrek
|
|t:|1728132207
|switch|p2a: Kung Fu Panda|Salamence, M|100/100
|-ability|p2a: Kung Fu Panda|Intimidate|boost
|-unboost|p1a: Claydol|atk|1
|
|-heal|p1a: Claydol|20/100|[from] item: Leftovers
|upkeep
|turn|19
|
|t:|1728132212
|switch|p1a: Blissey|Blissey, F|99/100
|move|p2a: Kung Fu Panda|Dragon Dance|p2a: Kung Fu Panda
|-boost|p2a: Kung Fu Panda|atk|1
|-boost|p2a: Kung Fu Panda|spe|1
|
|-heal|p1a: Blissey|100/100|[from] item: Leftovers
|upkeep
|turn|20
|
|t:|1728132225
|switch|p2a: Megamind|Metagross|61/100
|-damage|p2a: Megamind|44/100|[from] Spikes
|move|p1a: Blissey|Ice Beam|p2a: Megamind
|-resisted|p2a: Megamind
|-damage|p2a: Megamind|33/100
|
|upkeep
|turn|21
|
|t:|1728132233
|switch|p1a: Skarmory|Skarmory, F|100/100
|move|p2a: Megamind|Explosion|p1a: Skarmory
|-resisted|p1a: Skarmory
|-damage|p1a: Skarmory|0 fnt
|faint|p2a: Megamind
|faint|p1a: Skarmory
|
|t:|1728132249
|switch|p1a: Jirachi|Jirachi|93/100
|switch|p2a: Bee Movie|Dugtrio, M|100/100
|-damage|p2a: Bee Movie|84/100|[from] Spikes
|
|-heal|p1a: Jirachi|99/100|[from] item: Leftovers
|upkeep
|turn|22
|
|t:|1728132258
|move|p2a: Bee Movie|Earthquake|p1a: Jirachi
|-supereffective|p1a: Jirachi
|-damage|p1a: Jirachi|43/100
|move|p1a: Jirachi|Wish|p1a: Jirachi
|
|-heal|p1a: Jirachi|50/100|[from] item: Leftovers
|upkeep
|turn|23
|
|t:|1728132264
|move|p1a: Jirachi|Protect|p1a: Jirachi
|-singleturn|p1a: Jirachi|Protect
|move|p2a: Bee Movie|Earthquake|p1a: Jirachi
|-activate|p1a: Jirachi|Protect
|
|-heal|p1a: Jirachi|99/100|[from] move: Wish|[wisher] Jirachi
|-heal|p1a: Jirachi|100/100|[from] item: Leftovers
|upkeep
|turn|24
|
|t:|1728132272
|move|p2a: Bee Movie|Earthquake|p1a: Jirachi
|-supereffective|p1a: Jirachi
|-damage|p1a: Jirachi|46/100
|move|p1a: Jirachi|Wish|p1a: Jirachi
|
|-heal|p1a: Jirachi|53/100|[from] item: Leftovers
|upkeep
|turn|25
|
|t:|1728132283
|switch|p2a: Sinbad|Lapras, M|100/100
|-damage|p2a: Sinbad|84/100|[from] Spikes
|move|p1a: Jirachi|Protect||[still]
|-fail|p1a: Jirachi
|
|-heal|p1a: Jirachi|100/100|[from] move: Wish|[wisher] Jirachi
|-heal|p2a: Sinbad|90/100|[from] item: Leftovers
|upkeep
|turn|26
|c|☆RetiredBohrier|Lmao this is funny 
|
|t:|1728132292
|move|p1a: Jirachi|Toxic|p2a: Sinbad|[miss]
|-miss|p1a: Jirachi|p2a: Sinbad
|move|p2a: Sinbad|Perish Song|p2a: Sinbad
|-start|p1a: Jirachi|perish3|[silent]
|-start|p2a: Sinbad|perish3|[silent]
|-fieldactivate|move: Perish Song
|
|-heal|p2a: Sinbad|96/100|[from] item: Leftovers
|-start|p1a: Jirachi|perish3
|-start|p2a: Sinbad|perish3
|upkeep
|turn|27
|
|t:|1728132301
|switch|p1a: Blissey|Blissey, F|100/100
|switch|p2a: Bee Movie|Dugtrio, M|84/100
|-damage|p2a: Bee Movie|67/100|[from] Spikes
|
|upkeep
|turn|28
|
|t:|1728132312
|switch|p2a: Sinbad|Lapras, M|96/100
|-damage|p2a: Sinbad|80/100|[from] Spikes
|move|p1a: Blissey|Ice Beam|p2a: Sinbad
|-resisted|p2a: Sinbad
|-damage|p2a: Sinbad|75/100
|
|-heal|p2a: Sinbad|82/100|[from] item: Leftovers
|upkeep
|turn|29
|
|t:|1728132321
|move|p2a: Sinbad|Surf|p1a: Blissey
|-damage|p1a: Blissey|88/100
|move|p1a: Blissey|Seismic Toss|p2a: Sinbad
|-damage|p2a: Sinbad|60/100
|
|-heal|p2a: Sinbad|66/100|[from] item: Leftovers
|-heal|p1a: Blissey|95/100|[from] item: Leftovers
|upkeep
|turn|30
|
|t:|1728132332
|move|p2a: Sinbad|Perish Song|p2a: Sinbad
|-start|p1a: Blissey|perish3|[silent]
|-start|p2a: Sinbad|perish3|[silent]
|-fieldactivate|move: Perish Song
|move|p1a: Blissey|Seismic Toss|p2a: Sinbad
|-damage|p2a: Sinbad|45/100
|
|-heal|p2a: Sinbad|51/100|[from] item: Leftovers
|-heal|p1a: Blissey|100/100|[from] item: Leftovers
|-start|p2a: Sinbad|perish3
|-start|p1a: Blissey|perish3
|upkeep
|turn|31
|
|t:|1728132341
|switch|p1a: Jirachi|Jirachi|100/100
|move|p2a: Sinbad|Rest|p2a: Sinbad
|-status|p2a: Sinbad|slp|[from] move: Rest
|-heal|p2a: Sinbad|100/100 slp|[silent]
|
|-start|p2a: Sinbad|perish2
|upkeep
|turn|32
|
|t:|1728132350
|switch|p2a: Kung Fu Panda|Salamence, M|100/100
|-ability|p2a: Kung Fu Panda|Intimidate|boost
|-unboost|p1a: Jirachi|atk|1
|move|p1a: Jirachi|Fire Punch|p2a: Kung Fu Panda
|-resisted|p2a: Kung Fu Panda
|-damage|p2a: Kung Fu Panda|90/100
|
|-heal|p2a: Kung Fu Panda|96/100|[from] item: Leftovers
|upkeep
|turn|33
|
|t:|1728132359
|move|p2a: Kung Fu Panda|Earthquake|p1a: Jirachi
|-supereffective|p1a: Jirachi
|-damage|p1a: Jirachi|55/100
|move|p1a: Jirachi|Toxic|p2a: Kung Fu Panda
|-status|p2a: Kung Fu Panda|tox
|
|-heal|p2a: Kung Fu Panda|100/100 tox|[from] item: Leftovers
|-damage|p2a: Kung Fu Panda|94/100 tox|[from] psn
|-heal|p1a: Jirachi|61/100|[from] item: Leftovers
|upkeep
|turn|34
|
|t:|1728132371
|switch|p2a: Madagascar|Jolteon, F|100/100
|-damage|p2a: Madagascar|84/100|[from] Spikes
|switch|p1a: Blissey|Blissey, F|100/100
|
|-heal|p2a: Madagascar|90/100|[from] item: Leftovers
|upkeep
|turn|35
|
|t:|1728132380
|move|p2a: Madagascar|Protect|p2a: Madagascar
|-singleturn|p2a: Madagascar|Protect
|move|p1a: Blissey|Seismic Toss|p2a: Madagascar
|-activate|p2a: Madagascar|Protect
|
|-heal|p2a: Madagascar|96/100|[from] item: Leftovers
|upkeep
|turn|36
|c|☆RetiredBohrier|Honestly 
|c|☆RetiredBohrier|Mb bro
|c|☆Nun_IE|hmmm?
|
|t:|1728132400
|move|p2a: Madagascar|Protect|p2a: Madagascar
|-singleturn|p2a: Madagascar|Protect
|move|p1a: Blissey|Seismic Toss|p2a: Madagascar
|-activate|p2a: Madagascar|Protect
|
|-heal|p2a: Madagascar|100/100|[from] item: Leftovers
|upkeep
|turn|37
|c|☆RetiredBohrier|For using stall
|c|☆Nun_IE|its fine
|inactive|RetiredBohrier has 270 seconds left.
|c|☆Nun_IE|I should've switched back to my slaking team
|inactive|RetiredBohrier has 240 seconds left.
|c|☆Nun_IE|Saw on Jimmy's channel. figured I'd give it a shot
|c|☆RetiredBohrier|zokuru left?
|
|t:|1728132474
|switch|p2a: Sinbad|Lapras, M|100/100 slp
|-damage|p2a: Sinbad|84/100 slp|[from] Spikes
|move|p1a: Blissey|Seismic Toss|p2a: Sinbad
|-damage|p2a: Sinbad|62/100 slp
|
|-heal|p2a: Sinbad|69/100 slp|[from] item: Leftovers
|upkeep
|turn|38
|
|t:|1728132484
|cant|p2a: Sinbad|slp
|move|p1a: Blissey|Seismic Toss|p2a: Sinbad
|-damage|p2a: Sinbad|47/100 slp
|
|-heal|p2a: Sinbad|53/100 slp|[from] item: Leftovers
|upkeep
|turn|39
|c|☆RetiredBohrier|seems like it 
|
|t:|1728132490
|cant|p2a: Sinbad|slp
|move|p1a: Blissey|Seismic Toss|p2a: Sinbad
|-damage|p2a: Sinbad|32/100 slp
|
|-heal|p2a: Sinbad|38/100 slp|[from] item: Leftovers
|upkeep
|turn|40
|
|t:|1728132497
|-curestatus|p2a: Sinbad|slp|[msg]
|move|p2a: Sinbad|Rest|p2a: Sinbad
|-status|p2a: Sinbad|slp|[from] move: Rest
|-heal|p2a: Sinbad|100/100 slp|[silent]
|move|p1a: Blissey|Seismic Toss|p2a: Sinbad
|-damage|p2a: Sinbad|79/100 slp
|
|-heal|p2a: Sinbad|85/100 slp|[from] item: Leftovers
|upkeep
|turn|41
|
|t:|1728132511
|switch|p1a: Jirachi|Jirachi|61/100
|cant|p2a: Sinbad|slp
|
|-heal|p1a: Jirachi|67/100|[from] item: Leftovers
|-heal|p2a: Sinbad|91/100 slp|[from] item: Leftovers
|upkeep
|turn|42
|
|t:|1728132519
|move|p1a: Jirachi|Wish|p1a: Jirachi
|cant|p2a: Sinbad|slp
|
|-heal|p1a: Jirachi|73/100|[from] item: Leftovers
|-heal|p2a: Sinbad|98/100 slp|[from] item: Leftovers
|upkeep
|turn|43
|
|t:|1728132526
|move|p1a: Jirachi|Fire Punch|p2a: Sinbad
|-damage|p2a: Sinbad|84/100 slp
|-curestatus|p2a: Sinbad|slp|[msg]
|move|p2a: Sinbad|Surf|p1a: Jirachi
|-damage|p1a: Jirachi|48/100
|
|-heal|p1a: Jirachi|98/100|[from] move: Wish|[wisher] Jirachi
|-heal|p1a: Jirachi|100/100|[from] item: Leftovers
|-heal|p2a: Sinbad|90/100|[from] item: Leftovers
|upkeep
|turn|44
|
|t:|1728132541
|move|p1a: Jirachi|Toxic|p2a: Sinbad|[miss]
|-miss|p1a: Jirachi|p2a: Sinbad
|move|p2a: Sinbad|Ice Beam|p1a: Jirachi
|-resisted|p1a: Jirachi
|-damage|p1a: Jirachi|88/100
|
|-heal|p1a: Jirachi|94/100|[from] item: Leftovers
|-heal|p2a: Sinbad|96/100|[from] item: Leftovers
|upkeep
|turn|45
|
|t:|1728132549
|move|p1a: Jirachi|Fire Punch|p2a: Sinbad
|-damage|p2a: Sinbad|83/100
|-status|p2a: Sinbad|brn
|move|p2a: Sinbad|Ice Beam|p1a: Jirachi
|-resisted|p1a: Jirachi
|-damage|p1a: Jirachi|80/100
|
|-heal|p1a: Jirachi|86/100|[from] item: Leftovers
|-heal|p2a: Sinbad|90/100 brn|[from] item: Leftovers
|-damage|p2a: Sinbad|77/100 brn|[from] brn
|upkeep
|turn|46
|
|t:|1728132562
|move|p1a: Jirachi|Wish|p1a: Jirachi
|move|p2a: Sinbad|Ice Beam|p1a: Jirachi
|-resisted|p1a: Jirachi
|-damage|p1a: Jirachi|73/100
|
|-heal|p1a: Jirachi|79/100|[from] item: Leftovers
|-heal|p2a: Sinbad|83/100 brn|[from] item: Leftovers
|-damage|p2a: Sinbad|71/100 brn|[from] brn
|upkeep
|turn|47
|
|t:|1728132571
|move|p1a: Jirachi|Fire Punch|p2a: Sinbad
|-damage|p2a: Sinbad|58/100 brn
|move|p2a: Sinbad|Ice Beam|p1a: Jirachi
|-resisted|p1a: Jirachi
|-damage|p1a: Jirachi|66/100
|
|-heal|p1a: Jirachi|100/100|[from] move: Wish|[wisher] Jirachi
|-heal|p2a: Sinbad|65/100 brn|[from] item: Leftovers
|-damage|p2a: Sinbad|52/100 brn|[from] brn
|upkeep
|turn|48
|
|t:|1728132581
|switch|p1a: Blissey|Blissey, F|100/100
|move|p2a: Sinbad|Ice Beam|p1a: Blissey
|-damage|p1a: Blissey|88/100
|
|-heal|p2a: Sinbad|58/100 brn|[from] item: Leftovers
|-damage|p2a: Sinbad|46/100 brn|[from] brn
|-heal|p1a: Blissey|94/100|[from] item: Leftovers
|upkeep
|turn|49
|
|t:|1728132600
|switch|p1a: Jirachi|Jirachi|100/100
|move|p2a: Sinbad|Rest|p2a: Sinbad
|-status|p2a: Sinbad|slp|[from] move: Rest
|-heal|p2a: Sinbad|100/100 slp|[silent]
|
|upkeep
|turn|50
|
|t:|1728132606
|move|p1a: Jirachi|Wish|p1a: Jirachi
|cant|p2a: Sinbad|slp
|
|upkeep
|turn|51
|
|t:|1728132610
|switch|p1a: Claydol|Claydol|20/100
|cant|p2a: Sinbad|slp
|
|-heal|p1a: Claydol|70/100|[from] move: Wish|[wisher] Jirachi
|-heal|p1a: Claydol|76/100|[from] item: Leftovers
|upkeep
|turn|52
|
|t:|1728132619
|switch|p1a: Blissey|Blissey, F|94/100
|-curestatus|p2a: Sinbad|slp|[msg]
|move|p2a: Sinbad|Surf|p1a: Blissey
|-damage|p1a: Blissey|82/100
|
|-heal|p1a: Blissey|88/100|[from] item: Leftovers
|upkeep
|turn|53
|
|t:|1728132626
|move|p2a: Sinbad|Perish Song|p2a: Sinbad
|-start|p1a: Blissey|perish3|[silent]
|-start|p2a: Sinbad|perish3|[silent]
|-fieldactivate|move: Perish Song
|move|p1a: Blissey|Seismic Toss|p2a: Sinbad
|-damage|p2a: Sinbad|79/100
|
|-heal|p2a: Sinbad|85/100|[from] item: Leftovers
|-heal|p1a: Blissey|94/100|[from] item: Leftovers
|-start|p2a: Sinbad|perish3
|-start|p1a: Blissey|perish3
|upkeep
|turn|54
|
|t:|1728132639
|switch|p2a: Madagascar|Jolteon, F|100/100
|-damage|p2a: Madagascar|84/100|[from] Spikes
|switch|p1a: Jirachi|Jirachi|100/100
|
|-heal|p2a: Madagascar|90/100|[from] item: Leftovers
|upkeep
|turn|55
|
|t:|1728132649
|move|p2a: Madagascar|Thunder Wave|p1a: Jirachi
|-status|p1a: Jirachi|par
|move|p1a: Jirachi|Toxic|p2a: Madagascar
|-status|p2a: Madagascar|tox
|
|-heal|p2a: Madagascar|96/100 tox|[from] item: Leftovers
|-damage|p2a: Madagascar|90/100 tox|[from] psn
|upkeep
|turn|56
|
|t:|1728132657
|switch|p1a: Blissey|Blissey, F|94/100
|move|p2a: Madagascar|Thunderbolt|p1a: Blissey
|-damage|p1a: Blissey|75/100
|
|-heal|p2a: Madagascar|96/100 tox|[from] item: Leftovers
|-damage|p2a: Madagascar|84/100 tox|[from] psn
|-heal|p1a: Blissey|81/100|[from] item: Leftovers
|upkeep
|turn|57
|
|t:|1728132676
|switch|p2a: Sinbad|Lapras, M|85/100
|-damage|p2a: Sinbad|69/100|[from] Spikes
|move|p1a: Blissey|Seismic Toss|p2a: Sinbad
|-damage|p2a: Sinbad|47/100
|
|-heal|p2a: Sinbad|53/100|[from] item: Leftovers
|-heal|p1a: Blissey|87/100|[from] item: Leftovers
|upkeep
|turn|58
|
|t:|1728132684
|move|p2a: Sinbad|Ice Beam|p1a: Blissey
|-damage|p1a: Blissey|75/100
|move|p1a: Blissey|Aromatherapy|p1a: Blissey
|-cureteam|p1a: Blissey|[from] move: Aromatherapy
|
|-heal|p2a: Sinbad|60/100|[from] item: Leftovers
|-heal|p1a: Blissey|81/100|[from] item: Leftovers
|upkeep
|turn|59
|
|t:|1728132692
|move|p2a: Sinbad|Surf|p1a: Blissey
|-damage|p1a: Blissey|68/100
|move|p1a: Blissey|Seismic Toss|p2a: Sinbad
|-damage|p2a: Sinbad|38/100
|
|-heal|p2a: Sinbad|44/100|[from] item: Leftovers
|-heal|p1a: Blissey|74/100|[from] item: Leftovers
|upkeep
|turn|60
|
|t:|1728132702
|move|p2a: Sinbad|Surf|p1a: Blissey
|-damage|p1a: Blissey|61/100
|move|p1a: Blissey|Seismic Toss|p2a: Sinbad
|-damage|p2a: Sinbad|23/100
|
|-heal|p2a: Sinbad|29/100|[from] item: Leftovers
|-heal|p1a: Blissey|67/100|[from] item: Leftovers
|upkeep
|turn|61
|
|t:|1728132714
|switch|p1a: Suicune|Suicune|100/100
|move|p2a: Sinbad|Rest|p2a: Sinbad
|-status|p2a: Sinbad|slp|[from] move: Rest
|-heal|p2a: Sinbad|100/100 slp|[silent]
|
|upkeep
|turn|62
|
|t:|1728132727
|switch|p2a: Madagascar|Jolteon, F|84/100 tox
|-damage|p2a: Madagascar|67/100 tox|[from] Spikes
|move|p1a: Suicune|Calm Mind|p1a: Suicune
|-boost|p1a: Suicune|spa|1
|-boost|p1a: Suicune|spd|1
|
|-heal|p2a: Madagascar|74/100 tox|[from] item: Leftovers
|-damage|p2a: Madagascar|67/100 tox|[from] psn
|upkeep
|turn|63
|
|t:|1728132738
|switch|p2a: Kung Fu Panda|Salamence, M|94/100 tox
|-ability|p2a: Kung Fu Panda|Intimidate|boost
|-unboost|p1a: Suicune|atk|1
|move|p1a: Suicune|Surf|p2a: Kung Fu Panda
|-resisted|p2a: Kung Fu Panda
|-damage|p2a: Kung Fu Panda|68/100 tox
|
|-heal|p2a: Kung Fu Panda|74/100 tox|[from] item: Leftovers
|-damage|p2a: Kung Fu Panda|68/100 tox|[from] psn
|upkeep
|turn|64
|
|t:|1728132748
|move|p2a: Kung Fu Panda|Dragon Dance|p2a: Kung Fu Panda
|-boost|p2a: Kung Fu Panda|atk|1
|-boost|p2a: Kung Fu Panda|spe|1
|move|p1a: Suicune|Surf|p2a: Kung Fu Panda
|-resisted|p2a: Kung Fu Panda
|-damage|p2a: Kung Fu Panda|40/100 tox
|
|-heal|p2a: Kung Fu Panda|47/100 tox|[from] item: Leftovers
|-damage|p2a: Kung Fu Panda|34/100 tox|[from] psn
|upkeep
|turn|65
|
|t:|1728132756
|move|p2a: Kung Fu Panda|Hidden Power|p1a: Suicune
|-damage|p1a: Suicune|62/100
|move|p1a: Suicune|Surf|p2a: Kung Fu Panda
|-resisted|p2a: Kung Fu Panda
|-damage|p2a: Kung Fu Panda|5/100 tox
|
|-heal|p2a: Kung Fu Panda|11/100 tox|[from] item: Leftovers
|-damage|p2a: Kung Fu Panda|0 fnt|[from] psn
|faint|p2a: Kung Fu Panda
|-heal|p1a: Suicune|68/100|[from] item: Leftovers
|upkeep
|
|t:|1728132766
|switch|p2a: Madagascar|Jolteon, F|67/100 tox
|-damage|p2a: Madagascar|51/100 tox|[from] Spikes
|turn|66
|
|t:|1728132770
|switch|p1a: Blissey|Blissey, F|67/100
|move|p2a: Madagascar|Thunderbolt|p1a: Blissey
|-damage|p1a: Blissey|50/100
|
|-heal|p2a: Madagascar|57/100 tox|[from] item: Leftovers
|-damage|p2a: Madagascar|51/100 tox|[from] psn
|-heal|p1a: Blissey|56/100|[from] item: Leftovers
|upkeep
|turn|67
|
|t:|1728132781
|switch|p2a: Bee Movie|Dugtrio, M|67/100
|-damage|p2a: Bee Movie|51/100|[from] Spikes
|move|p1a: Blissey|Soft-Boiled|p1a: Blissey
|-heal|p1a: Blissey|100/100
|
|upkeep
|turn|68
|
|t:|1728132787
|move|p2a: Bee Movie|Earthquake|p1a: Blissey
|-damage|p1a: Blissey|62/100
|move|p1a: Blissey|Ice Beam|p2a: Bee Movie
|-supereffective|p2a: Bee Movie
|-damage|p2a: Bee Movie|0 fnt
|faint|p2a: Bee Movie
|c|☆Nun_IE|gg
|c|☆RetiredBohrier|Gg
|c|☆Nun_IE|need to get better teams
|-message|Nun_IE forfeited.
|
|win|RetiredBohrier
|c|☆RetiredBohrier|True 
|c|☆RetiredBohrier|Ask mushi league guys

</script>
<script type="application/json" class="data" id="replaydata-smogtours-gen3ou-794879">
{"id":"smogtours-gen3ou-794879","format":"[Gen 3] OU","players":["RetiredBohrier","Nun_IE"],"uploadtime":1728132804,"views":109,"formatid":"gen3ou","rating":null,"private":0,"password":null}
</script>

<script defer src="js/replays.js?9d40a366"></script>
