<!DOCTYPE html>
<meta charset="utf-8" />
<meta name="viewport" content="width=device-width" />

<title>[Gen 3] OU: halux vs. Peppeppeia - Replays - Pok&eacute;mon Showdown!</title>

<meta name="description" content="Watch a replay of a Pok&eacute;mon battle between halux and Peppeppeia! Format: [Gen 3] OU; Date: Oct 5, 2024" />
<!--

Hey, you! Looking in the source for the replay log?

You can find them in JSON format, just add `.json` at the end of a replay URL.

https://replay.pokemonshowdown.com/gen7randomdoublesbattle-865046831.json

Or, if you only need the log itself, add `.log` instead:

https://replay.pokemonshowdown.com/gen7randomdoublesbattle-865046831.log

-->

<link rel="stylesheet" href="//pokemonshowdown.com/style/global.css?0.023195364461161105" />
<link rel="stylesheet" href="//play.pokemonshowdown.com/style/font-awesome.css?0.13261647063804238" />
<link rel="stylesheet" href="//play.pokemonshowdown.com/style/battle.css?0.8753245789963631" />
<link rel="stylesheet" href="//play.pokemonshowdown.com/style/utilichart.css?0.8627959624976733" />

<!-- Global site tag (gtag.js) - Google Analytics -->
<script async src="https://www.googletagmanager.com/gtag/js?id=UA-26211653-1"></script>
<script>
  window.dataLayer = window.dataLayer || [];
  function gtag(){dataLayer.push(arguments);}
  gtag('js', new Date());

  gtag('config', 'UA-26211653-1');
</script>
<!-- End Google Analytics -->
<!-- Venatus Ad Manager - Install in <HEAD> of page -->
	<script src="https://hb.vntsm.com/v3/live/ad-manager.min.js" type="text/javascript" data-site-id="642aba63ec9a7b11c3c9c1be" data-mode="scan" async></script>
<!-- / Venatus Ad Manager -->

<style>
	@media (max-width:820px) {
		.battle {
			margin: 0 auto;
		}
		.battle-log {
			margin: 7px auto 0;
			max-width: 640px;
			height: 300px;
			position: static;
		}
	}
	.optgroup {
		display: inline-block;
		line-height: 22px;
		font-size: 10pt;
	}
	.optgroup .button {
		height: 25px;
		padding-top: 0;
		padding-bottom: 0;
	}
	.optgroup button.button {
		padding-left: 12px;
		padding-right: 12px;
	}
	.linklist {
		list-style: none;
		margin: 0.5em 0;
		padding: 0;
	}
	.linklist li {
		padding: 2px 0;
	}
	.sidebar {
		float: left;
		width: 320px;
	}
	.bar-wrapper {
		max-width: 1100px;
		margin: 0 auto;
	}
	.bar-wrapper.has-sidebar {
		max-width: 1430px;
	}
	.mainbar {
		margin: 0;
		padding-right: 1px;
	}
	.mainbar.has-sidebar {
		margin-left: 330px;
	}
	@media (min-width: 1511px) {
		.sidebar {
			width: 400px;
		}
		.bar-wrapper.has-sidebar {
			max-width: 1510px;
		}
		.mainbar.has-sidebar {
			margin-left: 410px;
		}
	}
	.section.first-section {
		margin-top: 9px;
	}
	.blocklink small {
		white-space: normal;
	}
	.button {
		vertical-align: middle;
	}
	.replay-controls {
		padding-top: 10px;
	}
	.replay-controls h1 {
		font-size: 16pt;
		font-weight: normal;
		color: #CCC;
	}
	.pagelink {
		text-align: center;
	}
	.pagelink a {
		width: 150px;
	}
	.textbox, .button {
		font-size: 11pt;
		vertical-align: middle;
	}
	@media (max-width: 450px) {
		.button {
			font-size: 9pt;
		}
	}
</style>

<div>

	<header>
		<div class="nav-wrapper"><ul class="nav">
			<li><a class="button nav-first" href="//pokemonshowdown.com/"><img src="//pokemonshowdown.com/images/pokemonshowdownbeta.png" srcset="//pokemonshowdown.com/images/pokemonshowdownbeta.png 1x, //pokemonshowdown.com/images/pokemonshowdownbeta@2x.png 2x" alt="Pok&eacute;mon Showdown" width="146" height="44" /> Home</a></li>
			<li><a class="button" href="//pokemonshowdown.com/dex/">Pok&eacute;dex</a></li>
			<li><a class="button cur" href="/">Replays</a></li>
			<li><a class="button" href="//pokemonshowdown.com/ladder/">Ladder</a></li>
			<li><a class="button nav-last" href="//pokemonshowdown.com/forums/">Forum</a></li>
			<li><a class="button greenbutton nav-first nav-last" href="//play.pokemonshowdown.com/">Play</a></li>
		</ul></div>
	</header>

	<div class="main" id="main">

		<noscript><section class="section">You need to enable JavaScript to use this page; sorry!</section></noscript>

	</div>

</div>

<script defer nomodule src="//play.pokemonshowdown.com/js/lib/ps-polyfill.js"></script>
<script defer src="//play.pokemonshowdown.com/js/lib/preact.min.js"></script>

<script defer src="//play.pokemonshowdown.com/config/config.js?2bddbc15"></script>
<script defer src="//play.pokemonshowdown.com/js/lib/jquery-1.11.0.min.js"></script>
<script defer src="//play.pokemonshowdown.com/js/lib/html-sanitizer-minified.js"></script>
<script defer src="//play.pokemonshowdown.com/js/battle-sound.js"></script>
<script defer src="//play.pokemonshowdown.com/js/battledata.js?0.7209276989879541"></script>
<script defer src="//play.pokemonshowdown.com/data/pokedex-mini.js?0.6111056340867951"></script>
<script defer src="//play.pokemonshowdown.com/data/pokedex-mini-bw.js?0.3532142036491459"></script>
<script defer src="//play.pokemonshowdown.com/data/graphics.js?0.24223875632456182"></script>
<script defer src="//play.pokemonshowdown.com/data/pokedex.js?0.38839984266356864"></script>
<script defer src="//play.pokemonshowdown.com/data/moves.js?0.21866028504024015"></script>
<script defer src="//play.pokemonshowdown.com/data/abilities.js?0.2005157953846628"></script>
<script defer src="//play.pokemonshowdown.com/data/items.js?0.9894211263848525"></script>
<script defer src="//play.pokemonshowdown.com/data/teambuilder-tables.js?0.6008791140282215"></script>
<script defer src="//play.pokemonshowdown.com/js/battle-tooltips.js?0.7580118955022959"></script>
<script defer src="//play.pokemonshowdown.com/js/battle.js?0.6057722274234274"></script>

<script defer src="js/utils.js?e31f9a17"></script>
<script defer src="js/replays-battle.js?7008c182"></script>

<!-- don't scrape this data! just add .json or .log after the URL!
Full API docs: https://github.com/smogon/pokemon-showdown-client/blob/master/WEB-API.md -->
<script type="text/plain" class="log" id="replaylog-smogtours-gen3ou-795230">
|inactive|Battle timer is ON: inactive players will automatically lose when time's up.
|t:|1728166081
|gametype|singles
|player|p1|halux|wattson|
|player|p2|Peppeppeia|acetrainerf-gen4|
|teamsize|p1|6
|teamsize|p2|6
|gen|3
|tier|[Gen 3] OU
|rule|Sleep Clause Mod: Limit one foe put to sleep
|rule|Switch Priority Clause Mod: Faster Pokémon switch first
|rule|Species Clause: Limit one of each Pokémon
|rule|OHKO Clause: OHKO moves are banned
|rule|Evasion Items Clause: Evasion items are banned
|rule|Evasion Moves Clause: Evasion moves are banned
|rule|Endless Battle Clause: Forcing endless battles is banned
|rule|HP Percentage Mod: HP is shown in percentages
|rule|One Boost Passer Clause: Limit one Baton Passer that has a way to boost its stats
|rule|Freeze Clause Mod: Limit one foe frozen
|
|t:|1728166081
|start
|switch|p1a: Zapdos|Zapdos|100/100
|switch|p2a: Hariyama|Hariyama, M|100/100
|turn|1
|
|t:|1728166096
|switch|p1a: Forretress|Forretress, M|100/100
|move|p2a: Hariyama|Knock Off|p1a: Forretress
|-resisted|p1a: Forretress
|-damage|p1a: Forretress|99/100
|-enditem|p1a: Forretress|Leftovers|[from] move: Knock Off|[of] p2a: Hariyama
|-hint|In Gens 3-4, Knock Off only makes the target's item unusable; it cannot obtain a new item.
|
|upkeep
|turn|2
|
|t:|1728166122
|switch|p2a: Flygon|Flygon, M|100/100
|move|p1a: Forretress|Spikes|p2a: Flygon
|-sidestart|p2: Peppeppeia|Spikes
|
|upkeep
|turn|3
|
|t:|1728166135
|switch|p1a: Blissey|Blissey, F|100/100
|move|p2a: Flygon|Fire Blast|p1a: Blissey
|-damage|p1a: Blissey|92/100
|
|-heal|p1a: Blissey|98/100|[from] item: Leftovers
|upkeep
|turn|4
|
|t:|1728166149
|move|p2a: Flygon|Protect|p2a: Flygon
|-singleturn|p2a: Flygon|Protect
|move|p1a: Blissey|Seismic Toss|p2a: Flygon
|-activate|p2a: Flygon|Protect
|
|-heal|p1a: Blissey|100/100|[from] item: Leftovers
|upkeep
|turn|5
|
|t:|1728166162
|move|p2a: Flygon|Toxic|p1a: Blissey
|-status|p1a: Blissey|tox
|move|p1a: Blissey|Seismic Toss|p2a: Flygon
|-damage|p2a: Flygon|73/100
|
|-heal|p2a: Flygon|79/100|[from] item: Leftovers
|-damage|p1a: Blissey|94/100 tox|[from] psn
|upkeep
|turn|6
|
|t:|1728166179
|switch|p2a: Hariyama|Hariyama, M|100/100
|-damage|p2a: Hariyama|88/100|[from] Spikes
|move|p1a: Blissey|Seismic Toss|p2a: Hariyama
|-damage|p2a: Hariyama|65/100
|
|-heal|p1a: Blissey|100/100 tox|[from] item: Leftovers
|-damage|p1a: Blissey|88/100 tox|[from] psn
|-heal|p2a: Hariyama|71/100|[from] item: Leftovers
|upkeep
|turn|7
|
|t:|1728166192
|-curestatus|p1a: Blissey|tox|[from] ability: Natural Cure
|switch|p1a: Forretress|Forretress, M|99/100
|move|p2a: Hariyama|Brick Break|p1a: Forretress
|-damage|p1a: Forretress|69/100
|
|-heal|p2a: Hariyama|77/100|[from] item: Leftovers
|upkeep
|turn|8
|
|t:|1728166210
|move|p2a: Hariyama|Brick Break|p1a: Forretress
|-damage|p1a: Forretress|42/100
|move|p1a: Forretress|Spikes|p2a: Hariyama
|-sidestart|p2: Peppeppeia|Spikes
|
|-heal|p2a: Hariyama|83/100|[from] item: Leftovers
|upkeep
|turn|9
|
|t:|1728166231
|switch|p1a: Zapdos|Zapdos|100/100
|move|p2a: Hariyama|Brick Break|p1a: Zapdos
|-resisted|p1a: Zapdos
|-damage|p1a: Zapdos|82/100
|
|-heal|p1a: Zapdos|88/100|[from] item: Leftovers
|-heal|p2a: Hariyama|89/100|[from] item: Leftovers
|upkeep
|turn|10
|
|t:|1728166240
|move|p1a: Zapdos|Thunderbolt|p2a: Hariyama
|-damage|p2a: Hariyama|52/100
|move|p2a: Hariyama|Rock Slide|p1a: Zapdos|[miss]
|-miss|p2a: Hariyama|p1a: Zapdos
|
|-heal|p1a: Zapdos|95/100|[from] item: Leftovers
|-heal|p2a: Hariyama|58/100|[from] item: Leftovers
|upkeep
|turn|11
|
|t:|1728166252
|move|p1a: Zapdos|Thunderbolt|p2a: Hariyama
|-damage|p2a: Hariyama|19/100
|move|p2a: Hariyama|Knock Off|p1a: Zapdos
|-damage|p1a: Zapdos|93/100
|-enditem|p1a: Zapdos|Leftovers|[from] move: Knock Off|[of] p2a: Hariyama
|
|-heal|p2a: Hariyama|25/100|[from] item: Leftovers
|upkeep
|turn|12
|
|t:|1728166262
|switch|p2a: Claydol|Claydol|100/100
|move|p1a: Zapdos|Thunderbolt|p2a: Claydol
|-immune|p2a: Claydol
|
|upkeep
|turn|13
|
|t:|1728166274
|move|p1a: Zapdos|Hidden Power|p2a: Claydol
|-supereffective|p2a: Claydol
|-damage|p2a: Claydol|68/100
|move|p2a: Claydol|Rapid Spin|p1a: Zapdos
|-damage|p1a: Zapdos|88/100
|-sideend|p2: Peppeppeia|Spikes|[from] move: Rapid Spin|[of] p2a: Claydol
|
|-heal|p2a: Claydol|74/100|[from] item: Leftovers
|upkeep
|turn|14
|inactive|Peppeppeia has 270 seconds left.
|
|t:|1728166323
|switch|p2a: Celebi|Celebi|100/100
|move|p1a: Zapdos|Hidden Power|p2a: Celebi
|-resisted|p2a: Celebi
|-damage|p2a: Celebi|94/100
|
|-heal|p2a: Celebi|100/100|[from] item: Leftovers
|upkeep
|turn|15
|
|t:|1728166350
|switch|p1a: Blissey|Blissey, F|88/100
|move|p2a: Celebi|Leech Seed|p1a: Blissey
|-start|p1a: Blissey|move: Leech Seed
|
|-heal|p1a: Blissey|94/100|[from] item: Leftovers
|-damage|p1a: Blissey|82/100|[from] Leech Seed|[of] p2a: Celebi
|upkeep
|turn|16
|inactive|Peppeppeia has 240 seconds left.
|
|t:|1728166398
|move|p2a: Celebi|Baton Pass|p2a: Celebi
|inactive|Peppeppeia has 210 seconds left.
|
|t:|1728166419
|switch|p2a: Tyranitar|Tyranitar, F|100/100|[from] Baton Pass
|-weather|Sandstorm|[from] ability: Sand Stream|[of] p2a: Tyranitar
|move|p1a: Blissey|Wish|p1a: Blissey
|
|-weather|Sandstorm|[upkeep]
|-damage|p1a: Blissey|76/100|[from] Sandstorm
|-heal|p1a: Blissey|82/100|[from] item: Leftovers
|-damage|p1a: Blissey|70/100|[from] Leech Seed|[of] p2a: Tyranitar
|upkeep
|turn|17
|inactive|Peppeppeia has 210 seconds left.
|
|t:|1728166435
|switch|p1a: Swampert|Swampert, M|100/100
|move|p2a: Tyranitar|Thunder Wave|p1a: Swampert
|-immune|p1a: Swampert
|
|-weather|Sandstorm|[upkeep]
|upkeep
|turn|18
|
|t:|1728166446
|switch|p2a: Celebi|Celebi|100/100
|move|p1a: Swampert|Toxic|p2a: Celebi
|-status|p2a: Celebi|tox
|
|-weather|Sandstorm|[upkeep]
|-damage|p2a: Celebi|94/100 tox|[from] Sandstorm
|-heal|p2a: Celebi|100/100 tox|[from] item: Leftovers
|-damage|p2a: Celebi|94/100 tox|[from] psn
|upkeep
|turn|19
|
|t:|1728166455
|-curestatus|p2a: Celebi|tox|[from] ability: Natural Cure
|switch|p2a: Skarmory|Skarmory, F|100/100
|move|p1a: Swampert|Protect||[still]
|-fail|p1a: Swampert
|
|-weather|Sandstorm|[upkeep]
|upkeep
|turn|20
|
|t:|1728166463
|switch|p1a: Blissey|Blissey, F|70/100
|move|p2a: Skarmory|Toxic|p1a: Blissey
|-status|p1a: Blissey|tox
|
|-weather|Sandstorm|[upkeep]
|-damage|p1a: Blissey|63/100 tox|[from] Sandstorm
|-heal|p1a: Blissey|70/100 tox|[from] item: Leftovers
|-damage|p1a: Blissey|63/100 tox|[from] psn
|upkeep
|turn|21
|
|t:|1728166476
|switch|p2a: Flygon|Flygon, M|79/100
|move|p1a: Blissey|Wish|p1a: Blissey
|
|-weather|Sandstorm|[upkeep]
|-damage|p1a: Blissey|57/100 tox|[from] Sandstorm
|-heal|p2a: Flygon|85/100|[from] item: Leftovers
|-heal|p1a: Blissey|63/100 tox|[from] item: Leftovers
|-damage|p1a: Blissey|51/100 tox|[from] psn
|upkeep
|turn|22
|
|t:|1728166485
|move|p2a: Flygon|Earthquake|p1a: Blissey
|-damage|p1a: Blissey|23/100 tox
|move|p1a: Blissey|Seismic Toss|p2a: Flygon
|-damage|p2a: Flygon|58/100
|
|-heal|p1a: Blissey|73/100 tox|[from] move: Wish|[wisher] Blissey
|-weather|Sandstorm|[upkeep]
|-damage|p1a: Blissey|67/100 tox|[from] Sandstorm
|-heal|p2a: Flygon|64/100|[from] item: Leftovers
|-heal|p1a: Blissey|73/100 tox|[from] item: Leftovers
|-damage|p1a: Blissey|55/100 tox|[from] psn
|upkeep
|turn|23
|
|t:|1728166498
|-curestatus|p1a: Blissey|tox|[from] ability: Natural Cure
|switch|p1a: Zapdos|Zapdos|88/100
|move|p2a: Flygon|Earthquake|p1a: Zapdos
|-immune|p1a: Zapdos
|
|-weather|Sandstorm|[upkeep]
|-damage|p1a: Zapdos|82/100|[from] Sandstorm
|-heal|p2a: Flygon|70/100|[from] item: Leftovers
|upkeep
|turn|24
|
|t:|1728166511
|switch|p1a: Blissey|Blissey, F|55/100
|move|p2a: Flygon|Protect||[still]
|-fail|p2a: Flygon
|
|-weather|Sandstorm|[upkeep]
|-damage|p1a: Blissey|49/100|[from] Sandstorm
|-heal|p2a: Flygon|76/100|[from] item: Leftovers
|-heal|p1a: Blissey|55/100|[from] item: Leftovers
|upkeep
|turn|25
|inactive|Peppeppeia has 240 seconds left.
|
|t:|1728166531
|switch|p2a: Skarmory|Skarmory, F|100/100
|move|p1a: Blissey|Soft-Boiled|p1a: Blissey
|-heal|p1a: Blissey|100/100
|
|-weather|Sandstorm|[upkeep]
|-damage|p1a: Blissey|94/100|[from] Sandstorm
|-heal|p1a: Blissey|100/100|[from] item: Leftovers
|upkeep
|turn|26
|
|t:|1728166538
|move|p2a: Skarmory|Spikes|p1a: Blissey
|-sidestart|p1: halux|Spikes
|move|p1a: Blissey|Wish|p1a: Blissey
|
|-weather|Sandstorm|[upkeep]
|-damage|p1a: Blissey|94/100|[from] Sandstorm
|-heal|p1a: Blissey|100/100|[from] item: Leftovers
|upkeep
|turn|27
|inactive|Peppeppeia has 240 seconds left.
|
|t:|1728166552
|switch|p1a: Forretress|Forretress, M|42/100
|-damage|p1a: Forretress|30/100|[from] Spikes
|move|p2a: Skarmory|Spikes|p1a: Forretress
|-sidestart|p1: halux|Spikes
|
|-heal|p1a: Forretress|80/100|[from] move: Wish|[wisher] Blissey
|-weather|Sandstorm|[upkeep]
|upkeep
|turn|28
|inactive|Peppeppeia has 240 seconds left.
|
|t:|1728166563
|move|p2a: Skarmory|Drill Peck|p1a: Forretress
|-damage|p1a: Forretress|62/100
|move|p1a: Forretress|Rapid Spin|p2a: Skarmory
|-resisted|p2a: Skarmory
|-damage|p2a: Skarmory|99/100
|-sideend|p1: halux|Spikes|[from] move: Rapid Spin|[of] p1a: Forretress
|
|-weather|Sandstorm|[upkeep]
|-heal|p2a: Skarmory|100/100|[from] item: Leftovers
|upkeep
|turn|29
|inactive|Peppeppeia has 240 seconds left.
|
|t:|1728166579
|move|p2a: Skarmory|Spikes|p1a: Forretress
|-sidestart|p1: halux|Spikes
|move|p1a: Forretress|Spikes|p2a: Skarmory
|-sidestart|p2: Peppeppeia|Spikes
|
|-weather|Sandstorm|[upkeep]
|upkeep
|turn|30
|
|t:|1728166586
|switch|p1a: Zapdos|Zapdos|82/100
|move|p2a: Skarmory|Drill Peck|p1a: Zapdos
|-resisted|p1a: Zapdos
|-damage|p1a: Zapdos|68/100
|
|-weather|Sandstorm|[upkeep]
|-damage|p1a: Zapdos|62/100|[from] Sandstorm
|upkeep
|turn|31
|inactive|Peppeppeia has 240 seconds left.
|
|t:|1728166603
|switch|p2a: Celebi|Celebi|94/100
|-damage|p2a: Celebi|82/100|[from] Spikes
|move|p1a: Zapdos|Thunderbolt|p2a: Celebi
|-resisted|p2a: Celebi
|-damage|p2a: Celebi|69/100
|
|-weather|Sandstorm|[upkeep]
|-damage|p2a: Celebi|62/100|[from] Sandstorm
|-damage|p1a: Zapdos|55/100|[from] Sandstorm
|-heal|p2a: Celebi|69/100|[from] item: Leftovers
|upkeep
|turn|32
|
|t:|1728166628
|switch|p1a: Blissey|Blissey, F|100/100
|-damage|p1a: Blissey|88/100|[from] Spikes
|move|p2a: Celebi|Leech Seed|p1a: Blissey
|-start|p1a: Blissey|move: Leech Seed
|
|-weather|Sandstorm|[upkeep]
|-damage|p2a: Celebi|62/100|[from] Sandstorm
|-damage|p1a: Blissey|82/100|[from] Sandstorm
|-heal|p2a: Celebi|69/100|[from] item: Leftovers
|-heal|p1a: Blissey|88/100|[from] item: Leftovers
|-damage|p1a: Blissey|76/100|[from] Leech Seed|[of] p2a: Celebi
|-heal|p2a: Celebi|90/100|[silent]
|upkeep
|turn|33
|inactive|Peppeppeia has 240 seconds left.
|
|t:|1728166657
|switch|p2a: Tyranitar|Tyranitar, F|100/100
|-damage|p2a: Tyranitar|88/100|[from] Spikes
|move|p1a: Blissey|Thunder Wave|p2a: Tyranitar
|-status|p2a: Tyranitar|par
|
|-weather|Sandstorm|[upkeep]
|-damage|p1a: Blissey|70/100|[from] Sandstorm
|-heal|p1a: Blissey|76/100|[from] item: Leftovers
|-damage|p1a: Blissey|63/100|[from] Leech Seed|[of] p2a: Tyranitar
|-heal|p2a: Tyranitar|100/100 par|[silent]
|upkeep
|turn|34
|inactive|halux has 270 seconds left.
|
|t:|1728166674
|switch|p1a: Swampert|Swampert, M|100/100
|-damage|p1a: Swampert|88/100|[from] Spikes
|switch|p2a: Celebi|Celebi|90/100
|-damage|p2a: Celebi|78/100|[from] Spikes
|
|-weather|Sandstorm|[upkeep]
|-damage|p2a: Celebi|72/100|[from] Sandstorm
|-heal|p2a: Celebi|78/100|[from] item: Leftovers
|-heal|p1a: Swampert|94/100|[from] item: Leftovers
|upkeep
|turn|35
|
|t:|1728166690
|move|p1a: Swampert|Protect|p1a: Swampert
|-singleturn|p1a: Swampert|Protect
|move|p2a: Celebi|Leech Seed|p1a: Swampert
|-activate|p1a: Swampert|Protect
|
|-weather|Sandstorm|[upkeep]
|-damage|p2a: Celebi|72/100|[from] Sandstorm
|-heal|p2a: Celebi|78/100|[from] item: Leftovers
|-heal|p1a: Swampert|100/100|[from] item: Leftovers
|upkeep
|turn|36
|
|t:|1728166700
|move|p2a: Celebi|Heal Bell|p2a: Celebi
|-activate|p2a: Celebi|move: Heal Bell
|-curestatus|p2: Tyranitar|par|[silent]
|move|p1a: Swampert|Toxic|p2a: Celebi|[miss]
|-miss|p1a: Swampert|p2a: Celebi
|
|-weather|Sandstorm|[upkeep]
|-damage|p2a: Celebi|72/100|[from] Sandstorm
|-heal|p2a: Celebi|78/100|[from] item: Leftovers
|upkeep
|turn|37
|
|t:|1728166710
|switch|p1a: Blissey|Blissey, F|63/100
|-damage|p1a: Blissey|51/100|[from] Spikes
|move|p2a: Celebi|Hidden Power|p1a: Blissey
|-damage|p1a: Blissey|42/100
|
|-weather|Sandstorm|[upkeep]
|-damage|p2a: Celebi|72/100|[from] Sandstorm
|-damage|p1a: Blissey|36/100|[from] Sandstorm
|-heal|p2a: Celebi|78/100|[from] item: Leftovers
|-heal|p1a: Blissey|42/100|[from] item: Leftovers
|upkeep
|turn|38
|
|t:|1728166717
|move|p2a: Celebi|Leech Seed|p1a: Blissey|[miss]
|-miss|p2a: Celebi|p1a: Blissey
|move|p1a: Blissey|Soft-Boiled|p1a: Blissey
|-heal|p1a: Blissey|92/100
|
|-weather|Sandstorm|[upkeep]
|-damage|p2a: Celebi|72/100|[from] Sandstorm
|-damage|p1a: Blissey|86/100|[from] Sandstorm
|-heal|p2a: Celebi|78/100|[from] item: Leftovers
|-heal|p1a: Blissey|92/100|[from] item: Leftovers
|upkeep
|turn|39
|
|t:|1728166727
|move|p2a: Celebi|Leech Seed|p1a: Blissey
|-start|p1a: Blissey|move: Leech Seed
|move|p1a: Blissey|Seismic Toss|p2a: Celebi
|-damage|p2a: Celebi|53/100
|
|-weather|Sandstorm|[upkeep]
|-damage|p2a: Celebi|47/100|[from] Sandstorm
|-damage|p1a: Blissey|86/100|[from] Sandstorm
|-heal|p2a: Celebi|53/100|[from] item: Leftovers
|-heal|p1a: Blissey|92/100|[from] item: Leftovers
|-damage|p1a: Blissey|80/100|[from] Leech Seed|[of] p2a: Celebi
|-heal|p2a: Celebi|75/100|[silent]
|upkeep
|turn|40
|
|t:|1728166747
|move|p2a: Celebi|Baton Pass|p2a: Celebi
|
|t:|1728166760
|switch|p2a: Hariyama|Hariyama, M|25/100|[from] Baton Pass
|-damage|p2a: Hariyama|13/100|[from] Spikes
|move|p1a: Blissey|Thunder Wave|p2a: Hariyama
|-status|p2a: Hariyama|par
|
|-weather|Sandstorm|[upkeep]
|-damage|p1a: Blissey|74/100|[from] Sandstorm
|-damage|p2a: Hariyama|7/100 par|[from] Sandstorm
|-heal|p1a: Blissey|80/100|[from] item: Leftovers
|-damage|p1a: Blissey|68/100|[from] Leech Seed|[of] p2a: Hariyama
|-heal|p2a: Hariyama|27/100 par|[silent]
|-heal|p2a: Hariyama|33/100 par|[from] item: Leftovers
|upkeep
|turn|41
|inactive|Peppeppeia has 240 seconds left.
|
|t:|1728166777
|switch|p1a: Zapdos|Zapdos|55/100
|move|p2a: Hariyama|Rest|p2a: Hariyama
|-status|p2a: Hariyama|slp|[from] move: Rest
|-heal|p2a: Hariyama|100/100 slp|[silent]
|
|-weather|Sandstorm|[upkeep]
|-damage|p1a: Zapdos|49/100|[from] Sandstorm
|-damage|p2a: Hariyama|94/100 slp|[from] Sandstorm
|-heal|p2a: Hariyama|100/100 slp|[from] item: Leftovers
|upkeep
|turn|42
|inactive|Peppeppeia has 240 seconds left.
|
|t:|1728166792
|switch|p2a: Flygon|Flygon, M|76/100
|move|p1a: Zapdos|Thunderbolt|p2a: Flygon
|-immune|p2a: Flygon
|
|-weather|Sandstorm|[upkeep]
|-damage|p1a: Zapdos|43/100|[from] Sandstorm
|-heal|p2a: Flygon|82/100|[from] item: Leftovers
|upkeep
|turn|43
|
|t:|1728166801
|move|p1a: Zapdos|Hidden Power|p2a: Flygon
|-damage|p2a: Flygon|65/100
|move|p2a: Flygon|Toxic|p1a: Zapdos
|-status|p1a: Zapdos|tox
|
|-weather|Sandstorm|[upkeep]
|-damage|p1a: Zapdos|37/100 tox|[from] Sandstorm
|-damage|p1a: Zapdos|30/100 tox|[from] psn
|-heal|p2a: Flygon|71/100|[from] item: Leftovers
|upkeep
|turn|44
|
|t:|1728166813
|move|p2a: Flygon|Protect|p2a: Flygon
|-singleturn|p2a: Flygon|Protect
|move|p1a: Zapdos|Rest|p1a: Zapdos
|-status|p1a: Zapdos|slp|[from] move: Rest
|-heal|p1a: Zapdos|100/100 slp|[silent]
|
|-weather|Sandstorm|[upkeep]
|-damage|p1a: Zapdos|94/100 slp|[from] Sandstorm
|-heal|p2a: Flygon|77/100|[from] item: Leftovers
|upkeep
|turn|45
|inactive|Peppeppeia has 240 seconds left.
|
|t:|1728166840
|cant|p1a: Zapdos|slp
|move|p1a: Zapdos|Sleep Talk|p1a: Zapdos
|move|p1a: Zapdos|Hidden Power|p2a: Flygon|[from]Sleep Talk
|-damage|p2a: Flygon|61/100
|move|p2a: Flygon|Fire Blast|p1a: Zapdos
|-damage|p1a: Zapdos|79/100 slp
|
|-weather|Sandstorm|[upkeep]
|-damage|p1a: Zapdos|73/100 slp|[from] Sandstorm
|-heal|p2a: Flygon|67/100|[from] item: Leftovers
|upkeep
|turn|46
|
|t:|1728166855
|switch|p2a: Celebi|Celebi|75/100
|-damage|p2a: Celebi|62/100|[from] Spikes
|cant|p1a: Zapdos|slp
|move|p1a: Zapdos|Sleep Talk|p1a: Zapdos
|move|p1a: Zapdos|Rest|p1a: Zapdos|[from]Sleep Talk
|
|-weather|Sandstorm|[upkeep]
|-damage|p2a: Celebi|56/100|[from] Sandstorm
|-damage|p1a: Zapdos|66/100 slp|[from] Sandstorm
|-heal|p2a: Celebi|62/100|[from] item: Leftovers
|upkeep
|turn|47
|
|t:|1728166871
|move|p2a: Celebi|Leech Seed|p1a: Zapdos
|-start|p1a: Zapdos|move: Leech Seed
|-curestatus|p1a: Zapdos|slp|[msg]
|move|p1a: Zapdos|Thunderbolt|p2a: Celebi
|-resisted|p2a: Celebi
|-damage|p2a: Celebi|50/100
|
|-weather|Sandstorm|[upkeep]
|-damage|p2a: Celebi|44/100|[from] Sandstorm
|-damage|p1a: Zapdos|60/100|[from] Sandstorm
|-heal|p2a: Celebi|50/100|[from] item: Leftovers
|-damage|p1a: Zapdos|48/100|[from] Leech Seed|[of] p2a: Celebi
|-heal|p2a: Celebi|62/100|[silent]
|upkeep
|turn|48
|
|t:|1728166883
|move|p2a: Celebi|Heal Bell|p2a: Celebi
|-activate|p2a: Celebi|move: Heal Bell
|-curestatus|p2: Hariyama|slp|[silent]
|move|p1a: Zapdos|Thunderbolt|p2a: Celebi
|-resisted|p2a: Celebi
|-damage|p2a: Celebi|51/100
|
|-weather|Sandstorm|[upkeep]
|-damage|p2a: Celebi|45/100|[from] Sandstorm
|-damage|p1a: Zapdos|41/100|[from] Sandstorm
|-heal|p2a: Celebi|51/100|[from] item: Leftovers
|-damage|p1a: Zapdos|29/100|[from] Leech Seed|[of] p2a: Celebi
|-heal|p2a: Celebi|63/100|[silent]
|upkeep
|turn|49
|
|t:|1728166897
|switch|p2a: Hariyama|Hariyama, M|100/100
|-damage|p2a: Hariyama|88/100|[from] Spikes
|move|p1a: Zapdos|Rest|p1a: Zapdos
|-status|p1a: Zapdos|slp|[from] move: Rest
|-heal|p1a: Zapdos|100/100 slp|[silent]
|
|-weather|Sandstorm|[upkeep]
|-damage|p1a: Zapdos|94/100 slp|[from] Sandstorm
|-damage|p2a: Hariyama|82/100|[from] Sandstorm
|-damage|p1a: Zapdos|82/100 slp|[from] Leech Seed|[of] p2a: Hariyama
|-heal|p2a: Hariyama|93/100|[silent]
|-heal|p2a: Hariyama|99/100|[from] item: Leftovers
|upkeep
|turn|50
|
|t:|1728166910
|cant|p1a: Zapdos|slp
|move|p1a: Zapdos|Sleep Talk|p1a: Zapdos
|move|p1a: Zapdos|Thunderbolt|p2a: Hariyama|[from]Sleep Talk
|-damage|p2a: Hariyama|62/100
|move|p2a: Hariyama|Rock Slide|p1a: Zapdos
|-supereffective|p1a: Zapdos
|-damage|p1a: Zapdos|29/100 slp
|
|-weather|Sandstorm|[upkeep]
|-damage|p1a: Zapdos|23/100 slp|[from] Sandstorm
|-damage|p2a: Hariyama|56/100|[from] Sandstorm
|-damage|p1a: Zapdos|11/100 slp|[from] Leech Seed|[of] p2a: Hariyama
|-heal|p2a: Hariyama|67/100|[silent]
|-heal|p2a: Hariyama|73/100|[from] item: Leftovers
|upkeep
|turn|51
|
|t:|1728166925
|switch|p1a: Swampert|Swampert, M|100/100
|-damage|p1a: Swampert|88/100|[from] Spikes
|move|p2a: Hariyama|Rock Slide|p1a: Swampert
|-resisted|p1a: Swampert
|-damage|p1a: Swampert|79/100
|
|-weather|Sandstorm|[upkeep]
|-damage|p2a: Hariyama|67/100|[from] Sandstorm
|-heal|p1a: Swampert|85/100|[from] item: Leftovers
|-heal|p2a: Hariyama|73/100|[from] item: Leftovers
|upkeep
|turn|52
|inactive|Peppeppeia has 240 seconds left.
|
|t:|1728166934
|switch|p1a: Forretress|Forretress, M|62/100
|-damage|p1a: Forretress|49/100|[from] Spikes
|move|p2a: Hariyama|Knock Off|p1a: Forretress
|-resisted|p1a: Forretress
|-damage|p1a: Forretress|48/100
|
|-weather|Sandstorm|[upkeep]
|-damage|p2a: Hariyama|67/100|[from] Sandstorm
|-heal|p2a: Hariyama|73/100|[from] item: Leftovers
|upkeep
|turn|53
|inactive|Peppeppeia has 240 seconds left.
|
|t:|1728166956
|move|p2a: Hariyama|Rock Slide|p1a: Forretress
|-damage|p1a: Forretress|29/100
|move|p1a: Forretress|Rapid Spin|p2a: Hariyama
|-damage|p2a: Hariyama|68/100
|-sideend|p1: halux|Spikes|[from] move: Rapid Spin|[of] p1a: Forretress
|
|-weather|Sandstorm|[upkeep]
|-damage|p2a: Hariyama|62/100|[from] Sandstorm
|-heal|p2a: Hariyama|68/100|[from] item: Leftovers
|upkeep
|turn|54
|
|t:|1728166965
|move|p2a: Hariyama|Rock Slide|p1a: Forretress|[miss]
|-miss|p2a: Hariyama|p1a: Forretress
|move|p1a: Forretress|Explosion|p2a: Hariyama
|-crit|p2a: Hariyama
|-damage|p2a: Hariyama|0 fnt
|faint|p1a: Forretress
|faint|p2a: Hariyama
|inactive|Peppeppeia has 240 seconds left.
|
|t:|1728166984
|switch|p2a: Claydol|Claydol|74/100
|switch|p1a: Blissey|Blissey, F|68/100
|
|-weather|Sandstorm|[upkeep]
|-damage|p1a: Blissey|61/100|[from] Sandstorm
|-heal|p2a: Claydol|80/100|[from] item: Leftovers
|-heal|p1a: Blissey|68/100|[from] item: Leftovers
|upkeep
|turn|55
|inactive|Peppeppeia has 240 seconds left.
|
|t:|1728166992
|switch|p1a: Tyranitar|Tyranitar, F|100/100
|move|p2a: Claydol|Rapid Spin|p1a: Tyranitar
|-resisted|p1a: Tyranitar
|-damage|p1a: Tyranitar|99/100
|-sideend|p2: Peppeppeia|Spikes|[from] move: Rapid Spin|[of] p2a: Claydol
|
|-weather|Sandstorm|[upkeep]
|-heal|p2a: Claydol|87/100|[from] item: Leftovers
|-heal|p1a: Tyranitar|100/100|[from] item: Leftovers
|upkeep
|turn|56
|inactive|Peppeppeia has 240 seconds left.
|
|t:|1728167004
|switch|p2a: Flygon|Flygon, M|67/100
|move|p1a: Tyranitar|Counter|p2a: Flygon
|
|-weather|Sandstorm|[upkeep]
|-heal|p2a: Flygon|73/100|[from] item: Leftovers
|upkeep
|turn|57
|
|t:|1728167012
|switch|p1a: Blissey|Blissey, F|68/100
|move|p2a: Flygon|Toxic|p1a: Blissey
|-status|p1a: Blissey|tox
|
|-weather|Sandstorm|[upkeep]
|-damage|p1a: Blissey|61/100 tox|[from] Sandstorm
|-heal|p2a: Flygon|79/100|[from] item: Leftovers
|-heal|p1a: Blissey|68/100 tox|[from] item: Leftovers
|-damage|p1a: Blissey|61/100 tox|[from] psn
|upkeep
|turn|58
|inactive|Peppeppeia has 240 seconds left.
|
|t:|1728167035
|move|p2a: Flygon|Earthquake|p1a: Blissey
|-damage|p1a: Blissey|32/100 tox
|move|p1a: Blissey|Soft-Boiled|p1a: Blissey
|-heal|p1a: Blissey|82/100 tox
|
|-weather|Sandstorm|[upkeep]
|-damage|p1a: Blissey|76/100 tox|[from] Sandstorm
|-heal|p2a: Flygon|85/100|[from] item: Leftovers
|-heal|p1a: Blissey|82/100 tox|[from] item: Leftovers
|-damage|p1a: Blissey|70/100 tox|[from] psn
|upkeep
|turn|59
|inactive|Peppeppeia has 240 seconds left.
|
|t:|1728167045
|switch|p2a: Skarmory|Skarmory, F|100/100
|move|p1a: Blissey|Wish|p1a: Blissey
|
|-weather|Sandstorm|[upkeep]
|-damage|p1a: Blissey|64/100 tox|[from] Sandstorm
|-heal|p1a: Blissey|70/100 tox|[from] item: Leftovers
|-damage|p1a: Blissey|51/100 tox|[from] psn
|upkeep
|turn|60
|
|t:|1728167052
|-curestatus|p1a: Blissey|tox|[from] ability: Natural Cure
|switch|p1a: Zapdos|Zapdos|11/100 slp
|move|p2a: Skarmory|Spikes|p1a: Zapdos
|-sidestart|p1: halux|Spikes
|
|-heal|p1a: Zapdos|61/100 slp|[from] move: Wish|[wisher] Blissey
|-weather|Sandstorm|[upkeep]
|-damage|p1a: Zapdos|54/100 slp|[from] Sandstorm
|upkeep
|turn|61
|
|t:|1728167067
|cant|p1a: Zapdos|slp
|move|p1a: Zapdos|Sleep Talk|p1a: Zapdos
|move|p1a: Zapdos|Rest|p1a: Zapdos|[from]Sleep Talk
|move|p2a: Skarmory|Roar|p1a: Zapdos
|drag|p1a: Aerodactyl|Aerodactyl, F|100/100
|
|-weather|Sandstorm|[upkeep]
|upkeep
|turn|62
|
|t:|1728167079
|switch|p1a: Zapdos|Zapdos|54/100 slp
|move|p2a: Skarmory|Toxic||[still]
|-fail|p2a: Skarmory
|
|-weather|Sandstorm|[upkeep]
|-damage|p1a: Zapdos|48/100 slp|[from] Sandstorm
|upkeep
|turn|63
|
|t:|1728167090
|switch|p2a: Celebi|Celebi|63/100
|cant|p1a: Zapdos|slp
|
|-weather|Sandstorm|[upkeep]
|-damage|p2a: Celebi|57/100|[from] Sandstorm
|-damage|p1a: Zapdos|42/100 slp|[from] Sandstorm
|-heal|p2a: Celebi|63/100|[from] item: Leftovers
|upkeep
|turn|64
|inactive|Peppeppeia has 240 seconds left.
|
|t:|1728167106
|move|p2a: Celebi|Leech Seed|p1a: Zapdos
|-start|p1a: Zapdos|move: Leech Seed
|cant|p1a: Zapdos|slp
|
|-weather|Sandstorm|[upkeep]
|-damage|p2a: Celebi|57/100|[from] Sandstorm
|-damage|p1a: Zapdos|36/100 slp|[from] Sandstorm
|-heal|p2a: Celebi|63/100|[from] item: Leftovers
|-damage|p1a: Zapdos|23/100 slp|[from] Leech Seed|[of] p2a: Celebi
|-heal|p2a: Celebi|75/100|[silent]
|upkeep
|turn|65
|inactive|Peppeppeia has 240 seconds left.
|
|t:|1728167121
|move|p2a: Celebi|Baton Pass|p2a: Celebi
|inactive|Peppeppeia has 240 seconds left.
|
|t:|1728167126
|switch|p2a: Tyranitar|Tyranitar, F|100/100|[from] Baton Pass
|-curestatus|p1a: Zapdos|slp|[msg]
|move|p1a: Zapdos|Rest|p1a: Zapdos
|-status|p1a: Zapdos|slp|[from] move: Rest
|-heal|p1a: Zapdos|100/100 slp|[silent]
|
|-weather|Sandstorm|[upkeep]
|-damage|p1a: Zapdos|94/100 slp|[from] Sandstorm
|-damage|p1a: Zapdos|82/100 slp|[from] Leech Seed|[of] p2a: Tyranitar
|upkeep
|turn|66
|
|t:|1728167136
|switch|p1a: Swampert|Swampert, M|85/100
|-damage|p1a: Swampert|73/100|[from] Spikes
|switch|p2a: Celebi|Celebi|75/100
|
|-weather|Sandstorm|[upkeep]
|-damage|p2a: Celebi|69/100|[from] Sandstorm
|-heal|p2a: Celebi|75/100|[from] item: Leftovers
|-heal|p1a: Swampert|79/100|[from] item: Leftovers
|upkeep
|turn|67
|
|t:|1728167147
|move|p1a: Swampert|Protect|p1a: Swampert
|-singleturn|p1a: Swampert|Protect
|move|p2a: Celebi|Hidden Power|p1a: Swampert
|-activate|p1a: Swampert|Protect
|
|-weather|Sandstorm|[upkeep]
|-damage|p2a: Celebi|69/100|[from] Sandstorm
|-heal|p2a: Celebi|75/100|[from] item: Leftovers
|-heal|p1a: Swampert|85/100|[from] item: Leftovers
|upkeep
|turn|68
|
|t:|1728167156
|switch|p1a: Zapdos|Zapdos|82/100 slp
|move|p2a: Celebi|Hidden Power|p1a: Zapdos
|-resisted|p1a: Zapdos
|-damage|p1a: Zapdos|73/100 slp
|
|-weather|Sandstorm|[upkeep]
|-damage|p2a: Celebi|69/100|[from] Sandstorm
|-damage|p1a: Zapdos|67/100 slp|[from] Sandstorm
|-heal|p2a: Celebi|75/100|[from] item: Leftovers
|upkeep
|turn|69
|
|t:|1728167178
|switch|p2a: Tyranitar|Tyranitar, F|100/100
|cant|p1a: Zapdos|slp
|
|-weather|Sandstorm|[upkeep]
|-damage|p1a: Zapdos|61/100 slp|[from] Sandstorm
|upkeep
|turn|70
|
|t:|1728167192
|switch|p1a: Swampert|Swampert, M|85/100
|-damage|p1a: Swampert|73/100|[from] Spikes
|move|p2a: Tyranitar|Dragon Dance|p2a: Tyranitar
|-boost|p2a: Tyranitar|atk|1
|-boost|p2a: Tyranitar|spe|1
|
|-weather|Sandstorm|[upkeep]
|-heal|p1a: Swampert|79/100|[from] item: Leftovers
|upkeep
|turn|71
|inactive|Peppeppeia has 240 seconds left.
|
|t:|1728167208
|move|p2a: Tyranitar|Earthquake|p1a: Swampert
|-damage|p1a: Swampert|41/100
|move|p1a: Swampert|Surf|p2a: Tyranitar
|-supereffective|p2a: Tyranitar
|-damage|p2a: Tyranitar|45/100
|
|-weather|Sandstorm|[upkeep]
|-heal|p2a: Tyranitar|52/100|[from] item: Leftovers
|-heal|p1a: Swampert|47/100|[from] item: Leftovers
|upkeep
|turn|72
|
|t:|1728167228
|switch|p2a: Celebi|Celebi|75/100
|move|p1a: Swampert|Surf|p2a: Celebi
|-resisted|p2a: Celebi
|-damage|p2a: Celebi|66/100
|
|-weather|Sandstorm|[upkeep]
|-damage|p2a: Celebi|60/100|[from] Sandstorm
|-heal|p2a: Celebi|66/100|[from] item: Leftovers
|-heal|p1a: Swampert|54/100|[from] item: Leftovers
|upkeep
|turn|73
|inactive|Peppeppeia has 240 seconds left.
|
|t:|1728167244
|move|p1a: Swampert|Protect|p1a: Swampert
|-singleturn|p1a: Swampert|Protect
|move|p2a: Celebi|Baton Pass|p2a: Celebi
|
|t:|1728167248
|switch|p2a: Skarmory|Skarmory, F|100/100|[from] Baton Pass
|
|-weather|Sandstorm|[upkeep]
|-heal|p1a: Swampert|60/100|[from] item: Leftovers
|upkeep
|turn|74
|
|t:|1728167256
|switch|p1a: Zapdos|Zapdos|61/100 slp
|move|p2a: Skarmory|Spikes|p1a: Zapdos
|-sidestart|p1: halux|Spikes
|
|-weather|Sandstorm|[upkeep]
|-damage|p1a: Zapdos|55/100 slp|[from] Sandstorm
|upkeep
|turn|75
|inactive|Peppeppeia has 240 seconds left.
|
|t:|1728167280
|switch|p2a: Flygon|Flygon, M|85/100
|cant|p1a: Zapdos|slp
|
|-weather|Sandstorm|[upkeep]
|-damage|p1a: Zapdos|48/100 slp|[from] Sandstorm
|-heal|p2a: Flygon|91/100|[from] item: Leftovers
|upkeep
|turn|76
|inactive|Peppeppeia has 240 seconds left.
|
|t:|1728167307
|-curestatus|p1a: Zapdos|slp|[msg]
|move|p1a: Zapdos|Hidden Power|p2a: Flygon
|-damage|p2a: Flygon|75/100
|move|p2a: Flygon|Toxic|p1a: Zapdos
|-status|p1a: Zapdos|tox
|
|-weather|Sandstorm|[upkeep]
|-damage|p1a: Zapdos|42/100 tox|[from] Sandstorm
|-damage|p1a: Zapdos|36/100 tox|[from] psn
|-heal|p2a: Flygon|81/100|[from] item: Leftovers
|upkeep
|turn|77
|inactive|Peppeppeia has 210 seconds left.
|inactive|Peppeppeia has 180 seconds left.
|
|t:|1728167363
|switch|p2a: Celebi|Celebi|66/100
|move|p1a: Zapdos|Rest|p1a: Zapdos
|-status|p1a: Zapdos|slp|[from] move: Rest
|-heal|p1a: Zapdos|100/100 slp|[silent]
|
|-weather|Sandstorm|[upkeep]
|-damage|p2a: Celebi|60/100|[from] Sandstorm
|-damage|p1a: Zapdos|94/100 slp|[from] Sandstorm
|-heal|p2a: Celebi|66/100|[from] item: Leftovers
|upkeep
|turn|78
|inactive|Peppeppeia has 180 seconds left.
|
|t:|1728167376
|move|p2a: Celebi|Hidden Power|p1a: Zapdos
|-resisted|p1a: Zapdos
|-damage|p1a: Zapdos|86/100 slp
|cant|p1a: Zapdos|slp
|
|-weather|Sandstorm|[upkeep]
|-damage|p2a: Celebi|60/100|[from] Sandstorm
|-damage|p1a: Zapdos|80/100 slp|[from] Sandstorm
|-heal|p2a: Celebi|66/100|[from] item: Leftovers
|upkeep
|turn|79
|inactive|Peppeppeia has 180 seconds left.
|
|t:|1728167394
|switch|p2a: Flygon|Flygon, M|81/100
|cant|p1a: Zapdos|slp
|
|-weather|Sandstorm|[upkeep]
|-damage|p1a: Zapdos|73/100 slp|[from] Sandstorm
|-heal|p2a: Flygon|87/100|[from] item: Leftovers
|upkeep
|turn|80
|inactive|Peppeppeia has 180 seconds left.
|
|t:|1728167402
|-curestatus|p1a: Zapdos|slp|[msg]
|move|p1a: Zapdos|Hidden Power|p2a: Flygon
|-damage|p2a: Flygon|70/100
|move|p2a: Flygon|Toxic|p1a: Zapdos
|-status|p1a: Zapdos|tox
|
|-weather|Sandstorm|[upkeep]
|-damage|p1a: Zapdos|67/100 tox|[from] Sandstorm
|-damage|p1a: Zapdos|61/100 tox|[from] psn
|-heal|p2a: Flygon|76/100|[from] item: Leftovers
|upkeep
|turn|81
|inactive|Peppeppeia has 180 seconds left.
|
|t:|1728167425
|switch|p2a: Celebi|Celebi|66/100
|move|p1a: Zapdos|Thunderbolt|p2a: Celebi
|-resisted|p2a: Celebi
|-damage|p2a: Celebi|54/100
|
|-weather|Sandstorm|[upkeep]
|-damage|p2a: Celebi|48/100|[from] Sandstorm
|-damage|p1a: Zapdos|55/100 tox|[from] Sandstorm
|-heal|p2a: Celebi|54/100|[from] item: Leftovers
|-damage|p1a: Zapdos|42/100 tox|[from] psn
|upkeep
|turn|82
|inactive|halux has 270 seconds left.
|
|t:|1728167456
|move|p2a: Celebi|Leech Seed|p1a: Zapdos
|-start|p1a: Zapdos|move: Leech Seed
|move|p1a: Zapdos|Thunderbolt|p2a: Celebi
|-resisted|p2a: Celebi
|-damage|p2a: Celebi|42/100
|
|-weather|Sandstorm|[upkeep]
|-damage|p2a: Celebi|36/100|[from] Sandstorm
|-damage|p1a: Zapdos|36/100 tox|[from] Sandstorm
|-heal|p2a: Celebi|42/100|[from] item: Leftovers
|-damage|p1a: Zapdos|23/100 tox|[from] Leech Seed|[of] p2a: Celebi
|-heal|p2a: Celebi|54/100|[silent]
|-damage|p1a: Zapdos|5/100 tox|[from] psn
|upkeep
|turn|83
|inactive|Peppeppeia has 180 seconds left.
|
|t:|1728167463
|move|p2a: Celebi|Hidden Power|p1a: Zapdos
|-resisted|p1a: Zapdos
|-damage|p1a: Zapdos|0 fnt
|faint|p1a: Zapdos
|
|t:|1728167468
|switch|p1a: Aerodactyl|Aerodactyl, F|100/100
|
|-weather|Sandstorm|[upkeep]
|-damage|p2a: Celebi|48/100|[from] Sandstorm
|-heal|p2a: Celebi|54/100|[from] item: Leftovers
|upkeep
|turn|84
|
|t:|1728167479
|switch|p2a: Skarmory|Skarmory, F|100/100
|move|p1a: Aerodactyl|Hidden Power|p2a: Skarmory
|-resisted|p2a: Skarmory
|-damage|p2a: Skarmory|95/100
|
|-weather|Sandstorm|[upkeep]
|-heal|p2a: Skarmory|100/100|[from] item: Leftovers
|upkeep
|turn|85
|
|t:|1728167497
|switch|p1a: Tyranitar|Tyranitar, F|100/100
|-damage|p1a: Tyranitar|84/100|[from] Spikes
|move|p2a: Skarmory|Toxic|p1a: Tyranitar
|-status|p1a: Tyranitar|tox
|
|-weather|Sandstorm|[upkeep]
|-heal|p1a: Tyranitar|90/100 tox|[from] item: Leftovers
|-damage|p1a: Tyranitar|84/100 tox|[from] psn
|upkeep
|turn|86
|inactive|Peppeppeia has 180 seconds left.
|
|t:|1728167528
|move|p2a: Skarmory|Spikes|p1a: Tyranitar
|-sidestart|p1: halux|Spikes
|move|p1a: Tyranitar|Flamethrower|p2a: Skarmory
|-supereffective|p2a: Skarmory
|-damage|p2a: Skarmory|40/100
|
|-weather|Sandstorm|[upkeep]
|-heal|p2a: Skarmory|46/100|[from] item: Leftovers
|-heal|p1a: Tyranitar|90/100 tox|[from] item: Leftovers
|-damage|p1a: Tyranitar|78/100 tox|[from] psn
|upkeep
|turn|87
|
|t:|1728167546
|switch|p2a: Flygon|Flygon, M|76/100
|switch|p1a: Aerodactyl|Aerodactyl, F|100/100
|
|-weather|Sandstorm|[upkeep]
|-heal|p2a: Flygon|82/100|[from] item: Leftovers
|upkeep
|turn|88
|
|t:|1728167558
|move|p1a: Aerodactyl|Double-Edge|p2a: Flygon
|-damage|p2a: Flygon|15/100
|move|p2a: Flygon|Toxic|p1a: Aerodactyl
|-status|p1a: Aerodactyl|tox
|
|-weather|Sandstorm|[upkeep]
|-damage|p1a: Aerodactyl|95/100 tox|[from] psn
|-heal|p2a: Flygon|21/100|[from] item: Leftovers
|upkeep
|turn|89
|
|t:|1728167566
|switch|p1a: Tyranitar|Tyranitar, F|78/100 tox
|-damage|p1a: Tyranitar|53/100 tox|[from] Spikes
|move|p2a: Flygon|Protect||[still]
|-fail|p2a: Flygon
|
|-weather|Sandstorm|[upkeep]
|-heal|p2a: Flygon|27/100|[from] item: Leftovers
|-heal|p1a: Tyranitar|59/100 tox|[from] item: Leftovers
|-damage|p1a: Tyranitar|53/100 tox|[from] psn
|upkeep
|turn|90
|
|t:|1728167576
|move|p2a: Flygon|Protect|p2a: Flygon
|-singleturn|p2a: Flygon|Protect
|move|p1a: Tyranitar|Crunch|p2a: Flygon
|-activate|p2a: Flygon|Protect
|
|-weather|Sandstorm|[upkeep]
|-heal|p2a: Flygon|33/100|[from] item: Leftovers
|-heal|p1a: Tyranitar|59/100 tox|[from] item: Leftovers
|-damage|p1a: Tyranitar|47/100 tox|[from] psn
|upkeep
|turn|91
|inactive|Peppeppeia has 180 seconds left.
|inactive|Peppeppeia has 150 seconds left.
|
|t:|1728167612
|move|p2a: Flygon|Earthquake|p1a: Tyranitar
|-supereffective|p1a: Tyranitar
|-damage|p1a: Tyranitar|0 fnt
|faint|p1a: Tyranitar
|
|t:|1728167632
|switch|p1a: Blissey|Blissey, F|51/100
|-damage|p1a: Blissey|26/100|[from] Spikes
|
|-weather|Sandstorm|[upkeep]
|-damage|p1a: Blissey|20/100|[from] Sandstorm
|-heal|p2a: Flygon|39/100|[from] item: Leftovers
|-heal|p1a: Blissey|26/100|[from] item: Leftovers
|upkeep
|turn|92
|inactive|Peppeppeia has 150 seconds left.
|
|t:|1728167654
|switch|p2a: Claydol|Claydol|87/100
|move|p1a: Blissey|Soft-Boiled|p1a: Blissey
|-heal|p1a: Blissey|76/100
|
|-weather|Sandstorm|[upkeep]
|-damage|p1a: Blissey|70/100|[from] Sandstorm
|-heal|p2a: Claydol|93/100|[from] item: Leftovers
|-heal|p1a: Blissey|76/100|[from] item: Leftovers
|upkeep
|turn|93
|inactive|Peppeppeia has 150 seconds left.
|
|t:|1728167669
|move|p2a: Claydol|Earthquake|p1a: Blissey
|-damage|p1a: Blissey|47/100
|move|p1a: Blissey|Seismic Toss|p2a: Claydol
|-damage|p2a: Claydol|62/100
|
|-weather|Sandstorm|[upkeep]
|-damage|p1a: Blissey|41/100|[from] Sandstorm
|-heal|p2a: Claydol|68/100|[from] item: Leftovers
|-heal|p1a: Blissey|47/100|[from] item: Leftovers
|upkeep
|turn|94
|
|t:|1728167677
|move|p2a: Claydol|Explosion|p1a: Blissey
|-damage|p1a: Blissey|0 fnt
|faint|p2a: Claydol
|faint|p1a: Blissey
|inactive|Peppeppeia has 150 seconds left.
|
|t:|1728167705
|switch|p2a: Tyranitar|Tyranitar, F|52/100
|switch|p1a: Aerodactyl|Aerodactyl, F|95/100 tox
|
|-weather|Sandstorm|[upkeep]
|-damage|p1a: Aerodactyl|89/100 tox|[from] psn
|-heal|p2a: Tyranitar|58/100|[from] item: Leftovers
|upkeep
|turn|95
|
|t:|1728167720
|switch|p2a: Flygon|Flygon, M|39/100
|move|p1a: Aerodactyl|Rock Slide|p2a: Flygon
|-resisted|p2a: Flygon
|-damage|p2a: Flygon|8/100
|
|-weather|Sandstorm|[upkeep]
|-damage|p1a: Aerodactyl|77/100 tox|[from] psn
|-heal|p2a: Flygon|14/100|[from] item: Leftovers
|upkeep
|turn|96
|
|t:|1728167728
|move|p2a: Flygon|Protect|p2a: Flygon
|-singleturn|p2a: Flygon|Protect
|move|p1a: Aerodactyl|Rock Slide|p2a: Flygon
|-activate|p2a: Flygon|Protect
|
|-weather|Sandstorm|[upkeep]
|-damage|p1a: Aerodactyl|59/100 tox|[from] psn
|-heal|p2a: Flygon|20/100|[from] item: Leftovers
|upkeep
|turn|97
|inactive|Peppeppeia has 150 seconds left.
|
|t:|1728167755
|switch|p2a: Skarmory|Skarmory, F|46/100
|move|p1a: Aerodactyl|Rock Slide|p2a: Skarmory
|-damage|p2a: Skarmory|6/100
|
|-weather|Sandstorm|[upkeep]
|-damage|p1a: Aerodactyl|35/100 tox|[from] psn
|-heal|p2a: Skarmory|12/100|[from] item: Leftovers
|upkeep
|turn|98
|
|t:|1728167770
|switch|p1a: Swampert|Swampert, M|60/100
|-damage|p1a: Swampert|35/100|[from] Spikes
|move|p2a: Skarmory|Drill Peck|p1a: Swampert
|-damage|p1a: Swampert|17/100
|
|-weather|Sandstorm|[upkeep]
|-heal|p2a: Skarmory|18/100|[from] item: Leftovers
|-heal|p1a: Swampert|24/100|[from] item: Leftovers
|upkeep
|turn|99
|
|t:|1728167784
|move|p2a: Skarmory|Toxic|p1a: Swampert
|-status|p1a: Swampert|tox
|move|p1a: Swampert|Surf|p2a: Skarmory
|-damage|p2a: Skarmory|0 fnt
|faint|p2a: Skarmory
|
|t:|1728167790
|switch|p2a: Celebi|Celebi|54/100
|
|-weather|Sandstorm|[upkeep]
|-damage|p2a: Celebi|48/100|[from] Sandstorm
|-heal|p2a: Celebi|54/100|[from] item: Leftovers
|-heal|p1a: Swampert|30/100 tox|[from] item: Leftovers
|-damage|p1a: Swampert|24/100 tox|[from] psn
|upkeep
|turn|100
|
|t:|1728167797
|move|p2a: Celebi|Leech Seed|p1a: Swampert
|-start|p1a: Swampert|move: Leech Seed
|move|p1a: Swampert|Toxic|p2a: Celebi|[miss]
|-miss|p1a: Swampert|p2a: Celebi
|
|-weather|Sandstorm|[upkeep]
|-damage|p2a: Celebi|48/100|[from] Sandstorm
|-heal|p2a: Celebi|54/100|[from] item: Leftovers
|-heal|p1a: Swampert|30/100 tox|[from] item: Leftovers
|-damage|p1a: Swampert|17/100 tox|[from] Leech Seed|[of] p2a: Celebi
|-heal|p2a: Celebi|66/100|[silent]
|-damage|p1a: Swampert|5/100 tox|[from] psn
|upkeep
|turn|101
|
|t:|1728167804
|move|p2a: Celebi|Hidden Power|p1a: Swampert
|-supereffective|p1a: Swampert
|-crit|p1a: Swampert
|-damage|p1a: Swampert|0 fnt
|faint|p1a: Swampert
|
|t:|1728167814
|switch|p1a: Aerodactyl|Aerodactyl, F|35/100 tox
|
|-weather|Sandstorm|[upkeep]
|-damage|p2a: Celebi|60/100|[from] Sandstorm
|-damage|p1a: Aerodactyl|29/100 tox|[from] psn
|-heal|p2a: Celebi|66/100|[from] item: Leftovers
|upkeep
|turn|102
|
|t:|1728167830
|move|p1a: Aerodactyl|Hidden Power|p2a: Celebi
|-supereffective|p2a: Celebi
|-damage|p2a: Celebi|0 fnt
|faint|p2a: Celebi
|
|t:|1728167834
|switch|p2a: Flygon|Flygon, M|20/100
|
|-weather|Sandstorm|[upkeep]
|-damage|p1a: Aerodactyl|17/100 tox|[from] psn
|-heal|p2a: Flygon|26/100|[from] item: Leftovers
|upkeep
|turn|103
|
|t:|1728167841
|move|p2a: Flygon|Protect|p2a: Flygon
|-singleturn|p2a: Flygon|Protect
|move|p1a: Aerodactyl|Hidden Power|p2a: Flygon
|-activate|p2a: Flygon|Protect
|
|-weather|Sandstorm|[upkeep]
|-damage|p1a: Aerodactyl|0 fnt|[from] psn
|faint|p1a: Aerodactyl
|
|win|Peppeppeia
|upkeep
|c|☆halux|gg
|c|☆Peppeppeia|gg

</script>
<script type="application/json" class="data" id="replaydata-smogtours-gen3ou-795230">
{"id":"smogtours-gen3ou-795230","format":"[Gen 3] OU","players":["halux","Peppeppeia"],"uploadtime":1728167841,"views":106,"formatid":"gen3ou","rating":null,"private":0,"password":null}
</script>

<script defer src="js/replays.js?9d40a366"></script>
