<!DOCTYPE html>
<meta charset="utf-8" />
<meta name="viewport" content="width=device-width" />

<title>[Gen 3] OU: guebor vs. AutumnWailord - Replays - Pok&eacute;mon Showdown!</title>

<meta name="description" content="Watch a replay of a Pok&eacute;mon battle between guebor and AutumnWailord! Format: [Gen 3] OU; Date: Oct 28, 2024" />
<!--

Hey, you! Looking in the source for the replay log?

You can find them in JSON format, just add `.json` at the end of a replay URL.

https://replay.pokemonshowdown.com/gen7randomdoublesbattle-865046831.json

Or, if you only need the log itself, add `.log` instead:

https://replay.pokemonshowdown.com/gen7randomdoublesbattle-865046831.log

-->

<link rel="stylesheet" href="//pokemonshowdown.com/style/global.css?0.023195364461161105" />
<link rel="stylesheet" href="//play.pokemonshowdown.com/style/font-awesome.css?0.13261647063804238" />
<link rel="stylesheet" href="//play.pokemonshowdown.com/style/battle.css?0.8753245789963631" />
<link rel="stylesheet" href="//play.pokemonshowdown.com/style/utilichart.css?0.8627959624976733" />

<!-- Global site tag (gtag.js) - Google Analytics -->
<script async src="https://www.googletagmanager.com/gtag/js?id=UA-26211653-1"></script>
<script>
  window.dataLayer = window.dataLayer || [];
  function gtag(){dataLayer.push(arguments);}
  gtag('js', new Date());

  gtag('config', 'UA-26211653-1');
</script>
<!-- End Google Analytics -->
<!-- Venatus Ad Manager - Install in <HEAD> of page -->
	<script src="https://hb.vntsm.com/v3/live/ad-manager.min.js" type="text/javascript" data-site-id="642aba63ec9a7b11c3c9c1be" data-mode="scan" async></script>
<!-- / Venatus Ad Manager -->

<style>
	@media (max-width:820px) {
		.battle {
			margin: 0 auto;
		}
		.battle-log {
			margin: 7px auto 0;
			max-width: 640px;
			height: 300px;
			position: static;
		}
	}
	.optgroup {
		display: inline-block;
		line-height: 22px;
		font-size: 10pt;
	}
	.optgroup .button {
		height: 25px;
		padding-top: 0;
		padding-bottom: 0;
	}
	.optgroup button.button {
		padding-left: 12px;
		padding-right: 12px;
	}
	.linklist {
		list-style: none;
		margin: 0.5em 0;
		padding: 0;
	}
	.linklist li {
		padding: 2px 0;
	}
	.sidebar {
		float: left;
		width: 320px;
	}
	.bar-wrapper {
		max-width: 1100px;
		margin: 0 auto;
	}
	.bar-wrapper.has-sidebar {
		max-width: 1430px;
	}
	.mainbar {
		margin: 0;
		padding-right: 1px;
	}
	.mainbar.has-sidebar {
		margin-left: 330px;
	}
	@media (min-width: 1511px) {
		.sidebar {
			width: 400px;
		}
		.bar-wrapper.has-sidebar {
			max-width: 1510px;
		}
		.mainbar.has-sidebar {
			margin-left: 410px;
		}
	}
	.section.first-section {
		margin-top: 9px;
	}
	.blocklink small {
		white-space: normal;
	}
	.button {
		vertical-align: middle;
	}
	.replay-controls {
		padding-top: 10px;
	}
	.replay-controls h1 {
		font-size: 16pt;
		font-weight: normal;
		color: #CCC;
	}
	.pagelink {
		text-align: center;
	}
	.pagelink a {
		width: 150px;
	}
	.textbox, .button {
		font-size: 11pt;
		vertical-align: middle;
	}
	@media (max-width: 450px) {
		.button {
			font-size: 9pt;
		}
	}
</style>

<div>

	<header>
		<div class="nav-wrapper"><ul class="nav">
			<li><a class="button nav-first" href="//pokemonshowdown.com/"><img src="//pokemonshowdown.com/images/pokemonshowdownbeta.png" srcset="//pokemonshowdown.com/images/pokemonshowdownbeta.png 1x, //pokemonshowdown.com/images/pokemonshowdownbeta@2x.png 2x" alt="Pok&eacute;mon Showdown" width="146" height="44" /> Home</a></li>
			<li><a class="button" href="//pokemonshowdown.com/dex/">Pok&eacute;dex</a></li>
			<li><a class="button cur" href="/">Replays</a></li>
			<li><a class="button" href="//pokemonshowdown.com/ladder/">Ladder</a></li>
			<li><a class="button nav-last" href="//pokemonshowdown.com/forums/">Forum</a></li>
			<li><a class="button greenbutton nav-first nav-last" href="//play.pokemonshowdown.com/">Play</a></li>
		</ul></div>
	</header>

	<div class="main" id="main">

		<noscript><section class="section">You need to enable JavaScript to use this page; sorry!</section></noscript>

	</div>

</div>

<script defer nomodule src="//play.pokemonshowdown.com/js/lib/ps-polyfill.js"></script>
<script defer src="//play.pokemonshowdown.com/js/lib/preact.min.js"></script>

<script defer src="//play.pokemonshowdown.com/config/config.js?2bddbc15"></script>
<script defer src="//play.pokemonshowdown.com/js/lib/jquery-1.11.0.min.js"></script>
<script defer src="//play.pokemonshowdown.com/js/lib/html-sanitizer-minified.js"></script>
<script defer src="//play.pokemonshowdown.com/js/battle-sound.js"></script>
<script defer src="//play.pokemonshowdown.com/js/battledata.js?0.7209276989879541"></script>
<script defer src="//play.pokemonshowdown.com/data/pokedex-mini.js?0.6111056340867951"></script>
<script defer src="//play.pokemonshowdown.com/data/pokedex-mini-bw.js?0.3532142036491459"></script>
<script defer src="//play.pokemonshowdown.com/data/graphics.js?0.24223875632456182"></script>
<script defer src="//play.pokemonshowdown.com/data/pokedex.js?0.38839984266356864"></script>
<script defer src="//play.pokemonshowdown.com/data/moves.js?0.21866028504024015"></script>
<script defer src="//play.pokemonshowdown.com/data/abilities.js?0.2005157953846628"></script>
<script defer src="//play.pokemonshowdown.com/data/items.js?0.9894211263848525"></script>
<script defer src="//play.pokemonshowdown.com/data/teambuilder-tables.js?0.6008791140282215"></script>
<script defer src="//play.pokemonshowdown.com/js/battle-tooltips.js?0.7580118955022959"></script>
<script defer src="//play.pokemonshowdown.com/js/battle.js?0.6057722274234274"></script>

<script defer src="js/utils.js?e31f9a17"></script>
<script defer src="js/replays-battle.js?7008c182"></script>

<!-- don't scrape this data! just add .json or .log after the URL!
Full API docs: https://github.com/smogon/pokemon-showdown-client/blob/master/WEB-API.md -->
<script type="text/plain" class="log" id="replaylog-smogtours-gen3ou-803112">
|inactive|Battle timer is ON: inactive players will automatically lose when time's up.
|t:|1730142542
|gametype|singles
|player|p1|guebor|colress|
|player|p2|AutumnWailord|skyla-masters2|
|teamsize|p1|6
|teamsize|p2|6
|gen|3
|tier|[Gen 3] OU
|rule|Sleep Clause Mod: Limit one foe put to sleep
|rule|Switch Priority Clause Mod: Faster Pokémon switch first
|rule|Species Clause: Limit one of each Pokémon
|rule|OHKO Clause: OHKO moves are banned
|rule|Evasion Items Clause: Evasion items are banned
|rule|Evasion Moves Clause: Evasion moves are banned
|rule|Endless Battle Clause: Forcing endless battles is banned
|rule|HP Percentage Mod: HP is shown in percentages
|rule|One Boost Passer Clause: Limit one Baton Passer that has a way to boost its stats
|rule|Freeze Clause Mod: Limit one foe frozen
|
|t:|1730142542
|start
|switch|p1a: Jacob|Forretress, M|100/100
|switch|p2a: Flygon|Flygon, M, shiny|100/100
|turn|1
|
|t:|1730142550
|switch|p2a: Magneton|Magneton|100/100
|move|p1a: Jacob|Spikes|p2a: Magneton
|-sidestart|p2: AutumnWailord|Spikes
|
|upkeep
|turn|2
|
|t:|1730142560
|move|p2a: Magneton|Hidden Power|p1a: Jacob
|-supereffective|p1a: Jacob
|-damage|p1a: Jacob|8/100
|move|p1a: Jacob|Spikes|p2a: Magneton
|-sidestart|p2: AutumnWailord|Spikes
|
|-heal|p1a: Jacob|14/100|[from] item: Leftovers
|upkeep
|turn|3
|
|t:|1730142568
|move|p2a: Magneton|Thunderbolt|p1a: Jacob
|-damage|p1a: Jacob|0 fnt
|faint|p1a: Jacob
|
|t:|1730142586
|switch|p1a: Cain the Main MAn|Swampert, M|100/100
|
|upkeep
|turn|4
|
|t:|1730142598
|switch|p2a: Skarmory|Skarmory, F, shiny|100/100
|move|p1a: Cain the Main MAn|Earthquake|p2a: Skarmory
|-immune|p2a: Skarmory
|
|upkeep
|turn|5
|
|t:|1730142605
|move|p2a: Skarmory|Spikes|p1a: Cain the Main MAn
|-sidestart|p1: guebor|Spikes
|move|p1a: Cain the Main MAn|Hydro Pump|p2a: Skarmory
|-damage|p2a: Skarmory|61/100
|
|-heal|p2a: Skarmory|67/100|[from] item: Leftovers
|upkeep
|turn|6
|
|t:|1730142613
|move|p2a: Skarmory|Protect|p2a: Skarmory
|-singleturn|p2a: Skarmory|Protect
|move|p1a: Cain the Main MAn|Hydro Pump|p2a: Skarmory
|-activate|p2a: Skarmory|Protect
|
|-heal|p2a: Skarmory|73/100|[from] item: Leftovers
|upkeep
|turn|7
|
|t:|1730142619
|move|p2a: Skarmory|Spikes|p1a: Cain the Main MAn
|-sidestart|p1: guebor|Spikes
|move|p1a: Cain the Main MAn|Hydro Pump|p2a: Skarmory
|-damage|p2a: Skarmory|34/100
|
|-heal|p2a: Skarmory|40/100|[from] item: Leftovers
|upkeep
|turn|8
|
|t:|1730142626
|switch|p1a: Andy|Zapdos|100/100
|move|p2a: Skarmory|Protect||[still]
|-fail|p2a: Skarmory
|
|-heal|p2a: Skarmory|46/100|[from] item: Leftovers
|upkeep
|turn|9
|
|t:|1730142636
|switch|p2a: Magneton|Magneton|100/100
|-damage|p2a: Magneton|84/100|[from] Spikes
|move|p1a: Andy|Roar|p2a: Magneton
|drag|p2a: Skarmory|Skarmory, F, shiny|46/100
|
|-heal|p2a: Skarmory|52/100|[from] item: Leftovers
|upkeep
|turn|10
|
|t:|1730142643
|move|p2a: Skarmory|Protect|p2a: Skarmory
|-singleturn|p2a: Skarmory|Protect
|move|p1a: Andy|Roar|p2a: Skarmory
|-activate|p2a: Skarmory|Protect
|
|-heal|p2a: Skarmory|58/100|[from] item: Leftovers
|upkeep
|turn|11
|
|t:|1730142651
|switch|p2a: Magneton|Magneton|84/100
|-damage|p2a: Magneton|68/100|[from] Spikes
|move|p1a: Andy|Roar|p2a: Magneton
|drag|p2a: Tyranitar|Tyranitar, M|100/100
|-damage|p2a: Tyranitar|84/100|[from] Spikes
|-weather|Sandstorm|[from] ability: Sand Stream|[of] p2a: Tyranitar
|
|-weather|Sandstorm|[upkeep]
|-damage|p1a: Andy|94/100|[from] Sandstorm
|-heal|p1a: Andy|100/100|[from] item: Leftovers
|-heal|p2a: Tyranitar|90/100|[from] item: Leftovers
|upkeep
|turn|12
|
|t:|1730142669
|-activate|p1a: Andy|move: Pursuit
|move|p2a: Tyranitar|Pursuit|p1a: Andy|[from]Pursuit
|-damage|p1a: Andy|78/100
|switch|p1a: Beryl|Venusaur, F|100/100
|-damage|p1a: Beryl|84/100|[from] Spikes
|
|-weather|Sandstorm|[upkeep]
|-damage|p1a: Beryl|78/100|[from] Sandstorm
|-heal|p1a: Beryl|84/100|[from] item: Leftovers
|-heal|p2a: Tyranitar|96/100|[from] item: Leftovers
|upkeep
|turn|13
|
|t:|1730142684
|switch|p2a: Celebi|Celebi|100/100
|-damage|p2a: Celebi|84/100|[from] Spikes
|move|p1a: Beryl|Sleep Powder|p2a: Celebi
|-status|p2a: Celebi|slp|[from] move: Sleep Powder
|
|-weather|Sandstorm|[upkeep]
|-damage|p1a: Beryl|78/100|[from] Sandstorm
|-damage|p2a: Celebi|78/100 slp|[from] Sandstorm
|-heal|p1a: Beryl|84/100|[from] item: Leftovers
|-heal|p2a: Celebi|84/100 slp|[from] item: Leftovers
|upkeep
|turn|14
|
|t:|1730142695
|move|p1a: Beryl|Hidden Power|p2a: Celebi
|-supereffective|p2a: Celebi
|-damage|p2a: Celebi|50/100 slp
|cant|p2a: Celebi|slp
|
|-weather|Sandstorm|[upkeep]
|-damage|p1a: Beryl|78/100|[from] Sandstorm
|-damage|p2a: Celebi|44/100 slp|[from] Sandstorm
|-heal|p1a: Beryl|84/100|[from] item: Leftovers
|-heal|p2a: Celebi|50/100 slp|[from] item: Leftovers
|upkeep
|turn|15
|
|t:|1730142704
|-curestatus|p2a: Celebi|slp|[from] ability: Natural Cure
|switch|p2a: Flygon|Flygon, M, shiny|100/100
|move|p1a: Beryl|Hidden Power|p2a: Flygon
|-resisted|p2a: Flygon
|-damage|p2a: Flygon|87/100
|
|-weather|Sandstorm|[upkeep]
|-damage|p1a: Beryl|78/100|[from] Sandstorm
|-heal|p1a: Beryl|84/100|[from] item: Leftovers
|upkeep
|turn|16
|
|t:|1730142720
|switch|p1a: Cain the Main MAn|Swampert, M|100/100
|-damage|p1a: Cain the Main MAn|84/100|[from] Spikes
|move|p2a: Flygon|Earthquake|p1a: Cain the Main MAn
|-crit|p1a: Cain the Main MAn
|-damage|p1a: Cain the Main MAn|0 fnt
|faint|p1a: Cain the Main MAn
|
|t:|1730142728
|switch|p1a: Beryl|Venusaur, F|84/100
|-damage|p1a: Beryl|67/100|[from] Spikes
|
|-weather|Sandstorm|[upkeep]
|-damage|p1a: Beryl|62/100|[from] Sandstorm
|-heal|p1a: Beryl|67/100|[from] item: Leftovers
|upkeep
|turn|17
|
|t:|1730142738
|move|p2a: Flygon|Earthquake|p1a: Beryl
|-damage|p1a: Beryl|0 fnt
|faint|p1a: Beryl
|c|☆guebor|ggs missplayed that
|
|t:|1730142754
|switch|p1a: Felipe|Aerodactyl, M|100/100
|
|-weather|Sandstorm|[upkeep]
|upkeep
|turn|18
|
|t:|1730142763
|switch|p2a: Magneton|Magneton|68/100
|-damage|p2a: Magneton|51/100|[from] Spikes
|move|p1a: Felipe|Double-Edge|p2a: Magneton
|-resisted|p2a: Magneton
|-damage|p2a: Magneton|16/100
|
|-weather|Sandstorm|[upkeep]
|upkeep
|turn|19
|
|t:|1730142770
|move|p1a: Felipe|Double-Edge|p2a: Magneton
|-resisted|p2a: Magneton
|-damage|p2a: Magneton|0 fnt
|faint|p2a: Magneton
|
|t:|1730142775
|switch|p2a: Tyranitar|Tyranitar, M|96/100
|-damage|p2a: Tyranitar|80/100|[from] Spikes
|
|-weather|Sandstorm|[upkeep]
|-heal|p2a: Tyranitar|86/100|[from] item: Leftovers
|upkeep
|turn|20
|
|t:|1730142781
|switch|p1a: Jeri|Tyranitar, M|100/100
|-damage|p1a: Jeri|84/100|[from] Spikes
|move|p2a: Tyranitar|Rock Slide|p1a: Jeri
|-damage|p1a: Jeri|55/100
|
|-weather|Sandstorm|[upkeep]
|-heal|p1a: Jeri|61/100|[from] item: Leftovers
|-heal|p2a: Tyranitar|92/100|[from] item: Leftovers
|upkeep
|turn|21
|
|t:|1730142792
|move|p1a: Jeri|Rock Slide|p2a: Tyranitar|[miss]
|-miss|p1a: Jeri|p2a: Tyranitar
|move|p2a: Tyranitar|Earthquake|p1a: Jeri
|-supereffective|p1a: Jeri
|-damage|p1a: Jeri|17/100
|
|-weather|Sandstorm|[upkeep]
|-heal|p1a: Jeri|23/100|[from] item: Leftovers
|-heal|p2a: Tyranitar|98/100|[from] item: Leftovers
|upkeep
|turn|22
|
|t:|1730142801
|move|p1a: Jeri|Earthquake|p2a: Tyranitar
|-supereffective|p2a: Tyranitar
|-damage|p2a: Tyranitar|53/100
|move|p2a: Tyranitar|Earthquake|p1a: Jeri
|-supereffective|p1a: Jeri
|-damage|p1a: Jeri|0 fnt
|faint|p1a: Jeri
|
|t:|1730142810
|switch|p1a: Andy|Zapdos|78/100
|
|-weather|Sandstorm|[upkeep]
|-damage|p1a: Andy|72/100|[from] Sandstorm
|-heal|p1a: Andy|78/100|[from] item: Leftovers
|-heal|p2a: Tyranitar|59/100|[from] item: Leftovers
|upkeep
|turn|23
|
|t:|1730142816
|move|p1a: Andy|Thunderbolt|p2a: Tyranitar
|-damage|p2a: Tyranitar|28/100
|move|p2a: Tyranitar|Rock Slide|p1a: Andy
|-supereffective|p1a: Andy
|-damage|p1a: Andy|11/100
|
|-weather|Sandstorm|[upkeep]
|-damage|p1a: Andy|5/100|[from] Sandstorm
|-heal|p1a: Andy|11/100|[from] item: Leftovers
|-heal|p2a: Tyranitar|34/100|[from] item: Leftovers
|upkeep
|turn|24
|
|t:|1730142833
|move|p1a: Andy|Thunderbolt|p2a: Tyranitar
|-damage|p2a: Tyranitar|0 fnt
|faint|p2a: Tyranitar
|
|t:|1730142842
|switch|p2a: Celebi|Celebi|50/100
|-damage|p2a: Celebi|34/100|[from] Spikes
|
|-weather|Sandstorm|[upkeep]
|-damage|p2a: Celebi|27/100|[from] Sandstorm
|-damage|p1a: Andy|5/100|[from] Sandstorm
|-heal|p2a: Celebi|34/100|[from] item: Leftovers
|-heal|p1a: Andy|11/100|[from] item: Leftovers
|upkeep
|turn|25
|
|t:|1730142850
|move|p2a: Celebi|Psychic|p1a: Andy
|-damage|p1a: Andy|0 fnt
|faint|p1a: Andy
|
|t:|1730142854
|switch|p1a: Felipe|Aerodactyl, M|100/100
|
|-weather|Sandstorm|[upkeep]
|-damage|p2a: Celebi|27/100|[from] Sandstorm
|-heal|p2a: Celebi|34/100|[from] item: Leftovers
|upkeep
|turn|26
|
|t:|1730142862
|move|p1a: Felipe|Double-Edge|p2a: Celebi
|-damage|p2a: Celebi|0 fnt
|faint|p2a: Celebi
|
|t:|1730142864
|switch|p2a: Milotic|Milotic, F, shiny|100/100
|-damage|p2a: Milotic|84/100|[from] Spikes
|
|-weather|Sandstorm|[upkeep]
|-damage|p2a: Milotic|78/100|[from] Sandstorm
|-heal|p2a: Milotic|84/100|[from] item: Leftovers
|upkeep
|turn|27
|
|t:|1730142871
|move|p1a: Felipe|Double-Edge|p2a: Milotic
|-damage|p2a: Milotic|43/100
|move|p2a: Milotic|Surf|p1a: Felipe
|-supereffective|p1a: Felipe
|-damage|p1a: Felipe|2/100
|
|-weather|Sandstorm|[upkeep]
|-damage|p2a: Milotic|37/100|[from] Sandstorm
|-heal|p2a: Milotic|43/100|[from] item: Leftovers
|upkeep
|turn|28
|
|t:|1730142880
|move|p1a: Felipe|Double-Edge|p2a: Milotic
|-damage|p2a: Milotic|1/100
|move|p2a: Milotic|Surf|p1a: Felipe
|-supereffective|p1a: Felipe
|-damage|p1a: Felipe|0 fnt
|faint|p1a: Felipe
|
|win|AutumnWailord
|c|☆AutumnWailord|gg

</script>
<script type="application/json" class="data" id="replaydata-smogtours-gen3ou-803112">
{"id":"smogtours-gen3ou-803112","format":"[Gen 3] OU","players":["guebor","AutumnWailord"],"uploadtime":1730142880,"views":76,"formatid":"gen3ou","rating":null,"private":0,"password":null}
</script>

<script defer src="js/replays.js?9d40a366"></script>
