<!DOCTYPE html>
<meta charset="utf-8" />
<meta name="viewport" content="width=device-width" />

<title>[Gen 3] OU: Voyager vs. jlev - Replays - Pok&eacute;mon Showdown!</title>

<meta name="description" content="Watch a replay of a Pok&eacute;mon battle between Voyager and jlev! Format: [Gen 3] OU; Date: Oct 22, 2024" />
<!--

Hey, you! Looking in the source for the replay log?

You can find them in JSON format, just add `.json` at the end of a replay URL.

https://replay.pokemonshowdown.com/gen7randomdoublesbattle-865046831.json

Or, if you only need the log itself, add `.log` instead:

https://replay.pokemonshowdown.com/gen7randomdoublesbattle-865046831.log

-->

<link rel="stylesheet" href="//pokemonshowdown.com/style/global.css?0.023195364461161105" />
<link rel="stylesheet" href="//play.pokemonshowdown.com/style/font-awesome.css?0.13261647063804238" />
<link rel="stylesheet" href="//play.pokemonshowdown.com/style/battle.css?0.8753245789963631" />
<link rel="stylesheet" href="//play.pokemonshowdown.com/style/utilichart.css?0.8627959624976733" />

<!-- Global site tag (gtag.js) - Google Analytics -->
<script async src="https://www.googletagmanager.com/gtag/js?id=UA-26211653-1"></script>
<script>
  window.dataLayer = window.dataLayer || [];
  function gtag(){dataLayer.push(arguments);}
  gtag('js', new Date());

  gtag('config', 'UA-26211653-1');
</script>
<!-- End Google Analytics -->
<!-- Venatus Ad Manager - Install in <HEAD> of page -->
	<script src="https://hb.vntsm.com/v3/live/ad-manager.min.js" type="text/javascript" data-site-id="642aba63ec9a7b11c3c9c1be" data-mode="scan" async></script>
<!-- / Venatus Ad Manager -->

<style>
	@media (max-width:820px) {
		.battle {
			margin: 0 auto;
		}
		.battle-log {
			margin: 7px auto 0;
			max-width: 640px;
			height: 300px;
			position: static;
		}
	}
	.optgroup {
		display: inline-block;
		line-height: 22px;
		font-size: 10pt;
	}
	.optgroup .button {
		height: 25px;
		padding-top: 0;
		padding-bottom: 0;
	}
	.optgroup button.button {
		padding-left: 12px;
		padding-right: 12px;
	}
	.linklist {
		list-style: none;
		margin: 0.5em 0;
		padding: 0;
	}
	.linklist li {
		padding: 2px 0;
	}
	.sidebar {
		float: left;
		width: 320px;
	}
	.bar-wrapper {
		max-width: 1100px;
		margin: 0 auto;
	}
	.bar-wrapper.has-sidebar {
		max-width: 1430px;
	}
	.mainbar {
		margin: 0;
		padding-right: 1px;
	}
	.mainbar.has-sidebar {
		margin-left: 330px;
	}
	@media (min-width: 1511px) {
		.sidebar {
			width: 400px;
		}
		.bar-wrapper.has-sidebar {
			max-width: 1510px;
		}
		.mainbar.has-sidebar {
			margin-left: 410px;
		}
	}
	.section.first-section {
		margin-top: 9px;
	}
	.blocklink small {
		white-space: normal;
	}
	.button {
		vertical-align: middle;
	}
	.replay-controls {
		padding-top: 10px;
	}
	.replay-controls h1 {
		font-size: 16pt;
		font-weight: normal;
		color: #CCC;
	}
	.pagelink {
		text-align: center;
	}
	.pagelink a {
		width: 150px;
	}
	.textbox, .button {
		font-size: 11pt;
		vertical-align: middle;
	}
	@media (max-width: 450px) {
		.button {
			font-size: 9pt;
		}
	}
</style>

<div>

	<header>
		<div class="nav-wrapper"><ul class="nav">
			<li><a class="button nav-first" href="//pokemonshowdown.com/"><img src="//pokemonshowdown.com/images/pokemonshowdownbeta.png" srcset="//pokemonshowdown.com/images/pokemonshowdownbeta.png 1x, //pokemonshowdown.com/images/pokemonshowdownbeta@2x.png 2x" alt="Pok&eacute;mon Showdown" width="146" height="44" /> Home</a></li>
			<li><a class="button" href="//pokemonshowdown.com/dex/">Pok&eacute;dex</a></li>
			<li><a class="button cur" href="/">Replays</a></li>
			<li><a class="button" href="//pokemonshowdown.com/ladder/">Ladder</a></li>
			<li><a class="button nav-last" href="//pokemonshowdown.com/forums/">Forum</a></li>
			<li><a class="button greenbutton nav-first nav-last" href="//play.pokemonshowdown.com/">Play</a></li>
		</ul></div>
	</header>

	<div class="main" id="main">

		<noscript><section class="section">You need to enable JavaScript to use this page; sorry!</section></noscript>

	</div>

</div>

<script defer nomodule src="//play.pokemonshowdown.com/js/lib/ps-polyfill.js"></script>
<script defer src="//play.pokemonshowdown.com/js/lib/preact.min.js"></script>

<script defer src="//play.pokemonshowdown.com/config/config.js?2bddbc15"></script>
<script defer src="//play.pokemonshowdown.com/js/lib/jquery-1.11.0.min.js"></script>
<script defer src="//play.pokemonshowdown.com/js/lib/html-sanitizer-minified.js"></script>
<script defer src="//play.pokemonshowdown.com/js/battle-sound.js"></script>
<script defer src="//play.pokemonshowdown.com/js/battledata.js?0.7209276989879541"></script>
<script defer src="//play.pokemonshowdown.com/data/pokedex-mini.js?0.6111056340867951"></script>
<script defer src="//play.pokemonshowdown.com/data/pokedex-mini-bw.js?0.3532142036491459"></script>
<script defer src="//play.pokemonshowdown.com/data/graphics.js?0.24223875632456182"></script>
<script defer src="//play.pokemonshowdown.com/data/pokedex.js?0.38839984266356864"></script>
<script defer src="//play.pokemonshowdown.com/data/moves.js?0.21866028504024015"></script>
<script defer src="//play.pokemonshowdown.com/data/abilities.js?0.2005157953846628"></script>
<script defer src="//play.pokemonshowdown.com/data/items.js?0.9894211263848525"></script>
<script defer src="//play.pokemonshowdown.com/data/teambuilder-tables.js?0.6008791140282215"></script>
<script defer src="//play.pokemonshowdown.com/js/battle-tooltips.js?0.7580118955022959"></script>
<script defer src="//play.pokemonshowdown.com/js/battle.js?0.6057722274234274"></script>

<script defer src="js/utils.js?e31f9a17"></script>
<script defer src="js/replays-battle.js?7008c182"></script>

<!-- don't scrape this data! just add .json or .log after the URL!
Full API docs: https://github.com/smogon/pokemon-showdown-client/blob/master/WEB-API.md -->
<script type="text/plain" class="log" id="replaylog-smogtours-gen3ou-801181">
|inactive|Battle timer is ON: inactive players will automatically lose when time's up.
|t:|1729596320
|gametype|singles
|player|p1|Voyager|acetrainerf-gen2|
|player|p2|jlev|101|
|teamsize|p1|6
|teamsize|p2|6
|gen|3
|tier|[Gen 3] OU
|rule|Sleep Clause Mod: Limit one foe put to sleep
|rule|Switch Priority Clause Mod: Faster Pokémon switch first
|rule|Species Clause: Limit one of each Pokémon
|rule|OHKO Clause: OHKO moves are banned
|rule|Evasion Items Clause: Evasion items are banned
|rule|Evasion Moves Clause: Evasion moves are banned
|rule|Endless Battle Clause: Forcing endless battles is banned
|rule|HP Percentage Mod: HP is shown in percentages
|rule|One Boost Passer Clause: Limit one Baton Passer that has a way to boost its stats
|rule|Freeze Clause Mod: Limit one foe frozen
|
|t:|1729596320
|start
|switch|p1a: First Time|Zapdos|100/100
|switch|p2a: Jynx|Jynx, F|100/100
|turn|1
|
|t:|1729596349
|switch|p1a: Fever|Moltres|100/100
|move|p2a: Jynx|Ice Beam|p1a: Fever
|-damage|p1a: Fever|53/100
|
|-heal|p1a: Fever|60/100|[from] item: Leftovers
|upkeep
|turn|2
|
|t:|1729596377
|move|p2a: Jynx|Calm Mind|p2a: Jynx
|-boost|p2a: Jynx|spa|1
|-boost|p2a: Jynx|spd|1
|move|p1a: Fever|Flamethrower|p2a: Jynx
|-supereffective|p2a: Jynx
|-crit|p2a: Jynx
|-damage|p2a: Jynx|0 fnt
|faint|p2a: Jynx
|c|☆jlev|ahhhh misclick
|inactive|jlev has 270 seconds left.
|c|☆jlev|ill tell myself lovely kiss missed
|
|t:|1729596402
|switch|p2a: Suicune|Suicune|100/100
|
|-heal|p1a: Fever|66/100|[from] item: Leftovers
|upkeep
|turn|3
|
|t:|1729596410
|switch|p1a: First Time|Zapdos|100/100
|move|p2a: Suicune|Hydro Pump|p1a: First Time
|-damage|p1a: First Time|55/100
|
|-heal|p1a: First Time|61/100|[from] item: Leftovers
|upkeep
|turn|4
|
|t:|1729596436
|move|p2a: Suicune|Ice Beam|p1a: First Time
|-supereffective|p1a: First Time
|-damage|p1a: First Time|10/100
|move|p1a: First Time|Thunderbolt|p2a: Suicune
|-supereffective|p2a: Suicune
|-damage|p2a: Suicune|18/100
|
|-heal|p2a: Suicune|24/100|[from] item: Leftovers
|-heal|p1a: First Time|16/100|[from] item: Leftovers
|upkeep
|turn|5
|
|t:|1729596444
|move|p2a: Suicune|Ice Beam|p1a: First Time
|-supereffective|p1a: First Time
|-crit|p1a: First Time
|-damage|p1a: First Time|0 fnt
|faint|p1a: First Time
|
|t:|1729596460
|switch|p1a: Roses|Roselia, F|100/100
|
|-heal|p2a: Suicune|30/100|[from] item: Leftovers
|upkeep
|turn|6
|inactive|jlev has 240 seconds left.
|
|t:|1729596498
|switch|p2a: Zapdos|Zapdos|100/100
|move|p1a: Roses|Spikes|p2a: Zapdos
|-sidestart|p2: jlev|Spikes
|
|upkeep
|turn|7
|
|t:|1729596507
|move|p2a: Zapdos|Substitute|p2a: Zapdos
|-start|p2a: Zapdos|Substitute
|-damage|p2a: Zapdos|75/100
|move|p1a: Roses|Stun Spore|p2a: Zapdos|[miss]
|-miss|p1a: Roses|p2a: Zapdos
|
|-heal|p2a: Zapdos|82/100|[from] item: Leftovers
|upkeep
|turn|8
|inactive|jlev has 240 seconds left.
|
|t:|1729596513
|switch|p1a: Higher|Claydol|100/100
|move|p2a: Zapdos|Baton Pass|p2a: Zapdos
|inactive|jlev has 240 seconds left.
|
|t:|1729596524
|switch|p2a: Suicune|Suicune|30/100|[from] Baton Pass
|-damage|p2a: Suicune|18/100|[from] Spikes
|
|-heal|p2a: Suicune|24/100|[from] item: Leftovers
|upkeep
|turn|9
|inactive|jlev has 240 seconds left.
|inactive|Voyager has 270 seconds left.
|
|t:|1729596573
|move|p2a: Suicune|Calm Mind|p2a: Suicune
|-boost|p2a: Suicune|spa|1
|-boost|p2a: Suicune|spd|1
|move|p1a: Higher|Earthquake|p2a: Suicune
|-end|p2a: Suicune|Substitute
|
|-heal|p2a: Suicune|30/100|[from] item: Leftovers
|upkeep
|turn|10
|
|t:|1729596589
|switch|p1a: Roses|Roselia, F|100/100
|move|p2a: Suicune|Hydro Pump|p1a: Roses
|-resisted|p1a: Roses
|-damage|p1a: Roses|61/100
|
|-heal|p2a: Suicune|36/100|[from] item: Leftovers
|-heal|p1a: Roses|67/100|[from] item: Leftovers
|upkeep
|turn|11
|
|t:|1729596607
|move|p2a: Suicune|Ice Beam|p1a: Roses
|-supereffective|p1a: Roses
|-damage|p1a: Roses|0 fnt
|faint|p1a: Roses
|inactive|Voyager has 270 seconds left.
|
|t:|1729596623
|switch|p1a: Cry|Suicune|100/100
|
|-heal|p2a: Suicune|42/100|[from] item: Leftovers
|upkeep
|turn|12
|inactive|jlev has 210 seconds left.
|
|t:|1729596672
|move|p2a: Suicune|Hidden Power|p1a: Cry
|-supereffective|p1a: Cry
|-damage|p1a: Cry|55/100
|move|p1a: Cry|Calm Mind|p1a: Cry
|-boost|p1a: Cry|spa|1
|-boost|p1a: Cry|spd|1
|
|-heal|p2a: Suicune|48/100|[from] item: Leftovers
|-heal|p1a: Cry|61/100|[from] item: Leftovers
|upkeep
|turn|13
|inactive|Voyager has 270 seconds left.
|inactive|jlev has 180 seconds left.
|inactive|Voyager has 240 seconds left.
|
|t:|1729596743
|move|p2a: Suicune|Calm Mind|p2a: Suicune
|-boost|p2a: Suicune|spa|1
|-boost|p2a: Suicune|spd|1
|move|p1a: Cry|Calm Mind|p1a: Cry
|-boost|p1a: Cry|spa|1
|-boost|p1a: Cry|spd|1
|
|-heal|p2a: Suicune|55/100|[from] item: Leftovers
|-heal|p1a: Cry|67/100|[from] item: Leftovers
|upkeep
|turn|14
|inactive|jlev has 180 seconds left.
|
|t:|1729596760
|move|p2a: Suicune|Hidden Power|p1a: Cry
|-supereffective|p1a: Cry
|-damage|p1a: Cry|34/100
|move|p1a: Cry|Calm Mind|p1a: Cry
|-boost|p1a: Cry|spa|1
|-boost|p1a: Cry|spd|1
|
|-heal|p2a: Suicune|61/100|[from] item: Leftovers
|-heal|p1a: Cry|41/100|[from] item: Leftovers
|upkeep
|turn|15
|inactive|Voyager has 210 seconds left.
|
|t:|1729596795
|move|p2a: Suicune|Hidden Power|p1a: Cry
|-supereffective|p1a: Cry
|-damage|p1a: Cry|16/100
|move|p1a: Cry|Calm Mind|p1a: Cry
|-boost|p1a: Cry|spa|1
|-boost|p1a: Cry|spd|1
|
|-heal|p2a: Suicune|67/100|[from] item: Leftovers
|-heal|p1a: Cry|22/100|[from] item: Leftovers
|upkeep
|turn|16
|
|t:|1729596807
|move|p2a: Suicune|Hidden Power|p1a: Cry
|-supereffective|p1a: Cry
|-damage|p1a: Cry|1/100
|move|p1a: Cry|Rest|p1a: Cry
|-status|p1a: Cry|slp|[from] move: Rest
|-heal|p1a: Cry|100/100 slp|[silent]
|
|-heal|p2a: Suicune|73/100|[from] item: Leftovers
|upkeep
|turn|17
|
|t:|1729596812
|move|p2a: Suicune|Calm Mind|p2a: Suicune
|-boost|p2a: Suicune|spa|1
|-boost|p2a: Suicune|spd|1
|cant|p1a: Cry|slp
|
|-heal|p2a: Suicune|79/100|[from] item: Leftovers
|upkeep
|turn|18
|
|t:|1729596815
|move|p2a: Suicune|Calm Mind|p2a: Suicune
|-boost|p2a: Suicune|spa|1
|-boost|p2a: Suicune|spd|1
|cant|p1a: Cry|slp
|
|-heal|p2a: Suicune|85/100|[from] item: Leftovers
|upkeep
|turn|19
|
|t:|1729596818
|move|p2a: Suicune|Calm Mind|p2a: Suicune
|-boost|p2a: Suicune|spa|1
|-boost|p2a: Suicune|spd|1
|-curestatus|p1a: Cry|slp|[msg]
|move|p1a: Cry|Calm Mind|p1a: Cry
|-boost|p1a: Cry|spa|1
|-boost|p1a: Cry|spd|1
|
|-heal|p2a: Suicune|91/100|[from] item: Leftovers
|upkeep
|turn|20
|
|t:|1729596821
|move|p2a: Suicune|Calm Mind|p2a: Suicune
|-boost|p2a: Suicune|spa|1
|-boost|p2a: Suicune|spd|1
|move|p1a: Cry|Calm Mind|p1a: Cry
|-boost|p1a: Cry|spa|1
|-boost|p1a: Cry|spd|1
|
|-heal|p2a: Suicune|98/100|[from] item: Leftovers
|upkeep
|turn|21
|
|t:|1729596839
|move|p2a: Suicune|Hidden Power|p1a: Cry
|-supereffective|p1a: Cry
|-damage|p1a: Cry|71/100
|move|p1a: Cry|Surf|p2a: Suicune
|-resisted|p2a: Suicune
|-damage|p2a: Suicune|81/100
|
|-heal|p2a: Suicune|87/100|[from] item: Leftovers
|-heal|p1a: Cry|77/100|[from] item: Leftovers
|upkeep
|turn|22
|
|t:|1729596854
|move|p2a: Suicune|Ice Beam|p1a: Cry
|-resisted|p1a: Cry
|-damage|p1a: Cry|66/100
|move|p1a: Cry|Ice Beam|p2a: Suicune
|-resisted|p2a: Suicune
|-damage|p2a: Suicune|74/100
|
|-heal|p2a: Suicune|80/100|[from] item: Leftovers
|-heal|p1a: Cry|72/100|[from] item: Leftovers
|upkeep
|turn|23
|
|t:|1729596858
|move|p2a: Suicune|Ice Beam|p1a: Cry
|-resisted|p1a: Cry
|-damage|p1a: Cry|60/100
|move|p1a: Cry|Ice Beam|p2a: Suicune
|-resisted|p2a: Suicune
|-damage|p2a: Suicune|68/100
|
|-heal|p2a: Suicune|74/100|[from] item: Leftovers
|-heal|p1a: Cry|67/100|[from] item: Leftovers
|upkeep
|turn|24
|
|t:|1729596861
|move|p2a: Suicune|Ice Beam|p1a: Cry
|-resisted|p1a: Cry
|-damage|p1a: Cry|56/100
|move|p1a: Cry|Ice Beam|p2a: Suicune
|-resisted|p2a: Suicune
|-damage|p2a: Suicune|62/100
|
|-heal|p2a: Suicune|68/100|[from] item: Leftovers
|-heal|p1a: Cry|62/100|[from] item: Leftovers
|upkeep
|turn|25
|
|t:|1729596865
|move|p2a: Suicune|Ice Beam|p1a: Cry
|-resisted|p1a: Cry
|-damage|p1a: Cry|53/100
|move|p1a: Cry|Ice Beam|p2a: Suicune
|-resisted|p2a: Suicune
|-damage|p2a: Suicune|57/100
|
|-heal|p2a: Suicune|63/100|[from] item: Leftovers
|-heal|p1a: Cry|59/100|[from] item: Leftovers
|upkeep
|turn|26
|
|t:|1729596868
|move|p2a: Suicune|Ice Beam|p1a: Cry
|-resisted|p1a: Cry
|-damage|p1a: Cry|49/100
|move|p1a: Cry|Rest|p1a: Cry
|-status|p1a: Cry|slp|[from] move: Rest
|-heal|p1a: Cry|100/100 slp|[silent]
|
|-heal|p2a: Suicune|69/100|[from] item: Leftovers
|upkeep
|turn|27
|inactive|jlev has 240 seconds left.
|
|t:|1729596885
|move|p2a: Suicune|Hidden Power|p1a: Cry
|-supereffective|p1a: Cry
|-damage|p1a: Cry|67/100 slp
|cant|p1a: Cry|slp
|
|-heal|p2a: Suicune|75/100|[from] item: Leftovers
|-heal|p1a: Cry|73/100 slp|[from] item: Leftovers
|upkeep
|turn|28
|
|t:|1729596889
|move|p2a: Suicune|Hidden Power|p1a: Cry
|-supereffective|p1a: Cry
|-damage|p1a: Cry|44/100 slp
|cant|p1a: Cry|slp
|
|-heal|p2a: Suicune|81/100|[from] item: Leftovers
|-heal|p1a: Cry|50/100 slp|[from] item: Leftovers
|upkeep
|turn|29
|inactive|jlev has 240 seconds left.
|
|t:|1729596919
|move|p2a: Suicune|Hidden Power|p1a: Cry
|-supereffective|p1a: Cry
|-damage|p1a: Cry|17/100 slp
|-curestatus|p1a: Cry|slp|[msg]
|move|p1a: Cry|Rest|p1a: Cry
|-status|p1a: Cry|slp|[from] move: Rest
|-heal|p1a: Cry|100/100 slp|[silent]
|
|-heal|p2a: Suicune|87/100|[from] item: Leftovers
|upkeep
|turn|30
|
|t:|1729596926
|move|p2a: Suicune|Hidden Power|p1a: Cry
|-supereffective|p1a: Cry
|-damage|p1a: Cry|70/100 slp
|cant|p1a: Cry|slp
|
|-heal|p2a: Suicune|93/100|[from] item: Leftovers
|-heal|p1a: Cry|76/100 slp|[from] item: Leftovers
|upkeep
|turn|31
|
|t:|1729596931
|move|p2a: Suicune|Hidden Power|p1a: Cry
|-supereffective|p1a: Cry
|-damage|p1a: Cry|45/100 slp
|cant|p1a: Cry|slp
|
|-heal|p2a: Suicune|99/100|[from] item: Leftovers
|-heal|p1a: Cry|51/100 slp|[from] item: Leftovers
|upkeep
|turn|32
|
|t:|1729596934
|move|p2a: Suicune|Hidden Power|p1a: Cry
|-supereffective|p1a: Cry
|-damage|p1a: Cry|18/100 slp
|-curestatus|p1a: Cry|slp|[msg]
|move|p1a: Cry|Rest|p1a: Cry
|-status|p1a: Cry|slp|[from] move: Rest
|-heal|p1a: Cry|100/100 slp|[silent]
|
|-heal|p2a: Suicune|100/100|[from] item: Leftovers
|upkeep
|turn|33
|
|t:|1729596945
|switch|p2a: Raikou|Raikou|100/100
|-damage|p2a: Raikou|88/100|[from] Spikes
|cant|p1a: Cry|slp
|
|-heal|p2a: Raikou|94/100|[from] item: Leftovers
|upkeep
|turn|34
|
|t:|1729596949
|cant|p1a: Cry|slp
|move|p2a: Raikou|Roar|p1a: Cry
|drag|p1a: Fever|Moltres|66/100
|
|-heal|p2a: Raikou|100/100|[from] item: Leftovers
|-heal|p1a: Fever|72/100|[from] item: Leftovers
|upkeep
|turn|35
|inactive|jlev has 240 seconds left.
|
|t:|1729596983
|switch|p1a: Higher|Claydol|100/100
|move|p2a: Raikou|Hidden Power|p1a: Higher
|-supereffective|p1a: Higher
|-damage|p1a: Higher|60/100
|
|-heal|p1a: Higher|67/100|[from] item: Leftovers
|upkeep
|turn|36
|
|t:|1729596991
|switch|p2a: Suicune|Suicune|100/100
|-damage|p2a: Suicune|88/100|[from] Spikes
|move|p1a: Higher|Earthquake|p2a: Suicune
|-damage|p2a: Suicune|59/100
|
|-heal|p2a: Suicune|65/100|[from] item: Leftovers
|-heal|p1a: Higher|73/100|[from] item: Leftovers
|upkeep
|turn|37
|inactive|jlev has 240 seconds left.
|
|t:|1729597007
|switch|p2a: Raikou|Raikou|100/100
|-damage|p2a: Raikou|88/100|[from] Spikes
|switch|p1a: The One|Metagross|100/100
|
|-heal|p2a: Raikou|94/100|[from] item: Leftovers
|upkeep
|turn|38
|inactive|jlev has 240 seconds left.
|
|t:|1729597025
|switch|p1a: Higher|Claydol|73/100
|move|p2a: Raikou|Thunderbolt|p1a: Higher
|-immune|p1a: Higher
|
|-heal|p2a: Raikou|100/100|[from] item: Leftovers
|-heal|p1a: Higher|79/100|[from] item: Leftovers
|upkeep
|turn|39
|
|t:|1729597029
|switch|p2a: Suicune|Suicune|65/100
|-damage|p2a: Suicune|53/100|[from] Spikes
|move|p1a: Higher|Earthquake|p2a: Suicune
|-damage|p2a: Suicune|21/100
|
|-heal|p2a: Suicune|27/100|[from] item: Leftovers
|-heal|p1a: Higher|85/100|[from] item: Leftovers
|upkeep
|turn|40
|
|t:|1729597033
|switch|p1a: Cry|Suicune|100/100 slp
|move|p2a: Suicune|Hydro Pump|p1a: Cry
|-resisted|p1a: Cry
|-damage|p1a: Cry|82/100 slp
|
|-heal|p2a: Suicune|34/100|[from] item: Leftovers
|-heal|p1a: Cry|89/100 slp|[from] item: Leftovers
|upkeep
|turn|41
|
|t:|1729597046
|switch|p2a: Raikou|Raikou|100/100
|-damage|p2a: Raikou|88/100|[from] Spikes
|-curestatus|p1a: Cry|slp|[msg]
|move|p1a: Cry|Surf|p2a: Raikou
|-damage|p2a: Raikou|47/100
|
|-heal|p2a: Raikou|53/100|[from] item: Leftovers
|-heal|p1a: Cry|95/100|[from] item: Leftovers
|upkeep
|turn|42
|
|t:|1729597060
|switch|p1a: Higher|Claydol|85/100
|move|p2a: Raikou|Calm Mind|p2a: Raikou
|-boost|p2a: Raikou|spa|1
|-boost|p2a: Raikou|spd|1
|
|-heal|p2a: Raikou|59/100|[from] item: Leftovers
|-heal|p1a: Higher|91/100|[from] item: Leftovers
|upkeep
|turn|43
|inactive|jlev has 240 seconds left.
|
|t:|1729597094
|switch|p2a: Zapdos|Zapdos|82/100
|move|p1a: Higher|Earthquake|p2a: Zapdos
|-immune|p2a: Zapdos
|
|-heal|p2a: Zapdos|88/100|[from] item: Leftovers
|-heal|p1a: Higher|97/100|[from] item: Leftovers
|upkeep
|turn|44
|inactive|jlev has 240 seconds left.
|
|t:|1729597104
|move|p2a: Zapdos|Substitute|p2a: Zapdos
|-start|p2a: Zapdos|Substitute
|-damage|p2a: Zapdos|63/100
|move|p1a: Higher|Psychic|p2a: Zapdos
|-activate|p2a: Zapdos|Substitute|[damage]
|
|-heal|p2a: Zapdos|69/100|[from] item: Leftovers
|-heal|p1a: Higher|100/100|[from] item: Leftovers
|upkeep
|turn|45
|inactive|jlev has 240 seconds left.
|
|t:|1729597115
|move|p2a: Zapdos|Thunderbolt|p1a: Higher
|-immune|p1a: Higher
|move|p1a: Higher|Psychic|p2a: Zapdos
|-end|p2a: Zapdos|Substitute
|
|-heal|p2a: Zapdos|75/100|[from] item: Leftovers
|upkeep
|turn|46
|
|t:|1729597118
|move|p2a: Zapdos|Substitute|p2a: Zapdos
|-start|p2a: Zapdos|Substitute
|-damage|p2a: Zapdos|50/100
|move|p1a: Higher|Psychic|p2a: Zapdos
|-activate|p2a: Zapdos|Substitute|[damage]
|
|-heal|p2a: Zapdos|57/100|[from] item: Leftovers
|upkeep
|turn|47
|
|t:|1729597121
|move|p2a: Zapdos|Hidden Power|p1a: Higher
|-supereffective|p1a: Higher
|-damage|p1a: Higher|56/100
|move|p1a: Higher|Psychic|p2a: Zapdos
|-end|p2a: Zapdos|Substitute
|
|-heal|p2a: Zapdos|63/100|[from] item: Leftovers
|-heal|p1a: Higher|62/100|[from] item: Leftovers
|upkeep
|turn|48
|
|t:|1729597127
|switch|p1a: The One|Metagross|100/100
|move|p2a: Zapdos|Substitute|p2a: Zapdos
|-start|p2a: Zapdos|Substitute
|-damage|p2a: Zapdos|38/100
|
|-heal|p2a: Zapdos|44/100|[from] item: Leftovers
|upkeep
|turn|49
|inactive|jlev has 270 seconds left.
|
|t:|1729597150
|move|p2a: Zapdos|Thunderbolt|p1a: The One
|-damage|p1a: The One|55/100
|move|p1a: The One|Rock Slide|p2a: Zapdos
|-supereffective|p2a: Zapdos
|-crit|p2a: Zapdos
|-end|p2a: Zapdos|Substitute
|
|-heal|p2a: Zapdos|50/100|[from] item: Leftovers
|-heal|p1a: The One|61/100|[from] item: Leftovers
|upkeep
|turn|50
|inactive|jlev has 240 seconds left.
|inactive|Voyager has 270 seconds left.
|
|t:|1729597202
|switch|p2a: Suicune|Suicune|34/100
|-damage|p2a: Suicune|21/100|[from] Spikes
|move|p1a: The One|Rock Slide|p2a: Suicune
|-damage|p2a: Suicune|0 fnt
|faint|p2a: Suicune
|
|t:|1729597207
|switch|p2a: Dugtrio|Dugtrio, M|100/100
|-damage|p2a: Dugtrio|88/100|[from] Spikes
|
|-heal|p1a: The One|68/100|[from] item: Leftovers
|upkeep
|turn|51
|
|t:|1729597210
|move|p2a: Dugtrio|Earthquake|p1a: The One
|-supereffective|p1a: The One
|-damage|p1a: The One|0 fnt
|faint|p1a: The One
|
|t:|1729597212
|switch|p1a: Fever|Moltres|72/100
|
|-heal|p1a: Fever|78/100|[from] item: Leftovers
|upkeep
|turn|52
|inactive|jlev has 240 seconds left.
|
|t:|1729597224
|move|p2a: Dugtrio|Earthquake|p1a: Fever
|-immune|p1a: Fever
|move|p1a: Fever|Flamethrower|p2a: Dugtrio
|-damage|p2a: Dugtrio|12/100
|
|-heal|p1a: Fever|85/100|[from] item: Leftovers
|upkeep
|turn|53
|inactive|jlev has 240 seconds left.
|
|t:|1729597238
|move|p2a: Dugtrio|Earthquake|p1a: Fever
|-immune|p1a: Fever
|move|p1a: Fever|Flamethrower|p2a: Dugtrio
|-damage|p2a: Dugtrio|0 fnt
|faint|p2a: Dugtrio
|inactive|jlev has 240 seconds left.
|inactive|jlev has 210 seconds left.
|
|t:|1729597280
|switch|p2a: Raikou|Raikou|59/100
|-damage|p2a: Raikou|47/100|[from] Spikes
|
|-heal|p2a: Raikou|53/100|[from] item: Leftovers
|-heal|p1a: Fever|91/100|[from] item: Leftovers
|upkeep
|turn|54
|inactive|jlev has 210 seconds left.
|
|t:|1729597316
|move|p2a: Raikou|Thunderbolt|p1a: Fever
|-supereffective|p1a: Fever
|-damage|p1a: Fever|0 fnt
|faint|p1a: Fever
|
|t:|1729597321
|switch|p1a: Higher|Claydol|62/100
|
|-heal|p2a: Raikou|59/100|[from] item: Leftovers
|-heal|p1a: Higher|68/100|[from] item: Leftovers
|upkeep
|turn|55
|
|t:|1729597331
|move|p2a: Raikou|Hidden Power|p1a: Higher
|-supereffective|p1a: Higher
|-damage|p1a: Higher|27/100
|move|p1a: Higher|Earthquake|p2a: Raikou
|-supereffective|p2a: Raikou
|-damage|p2a: Raikou|0 fnt
|faint|p2a: Raikou
|
|t:|1729597336
|switch|p2a: Zapdos|Zapdos|50/100
|
|-heal|p2a: Zapdos|57/100|[from] item: Leftovers
|-heal|p1a: Higher|33/100|[from] item: Leftovers
|upkeep
|turn|56
|
|t:|1729597349
|move|p2a: Zapdos|Hidden Power|p1a: Higher
|-supereffective|p1a: Higher
|-damage|p1a: Higher|0 fnt
|faint|p1a: Higher
|
|t:|1729597366
|switch|p1a: Cry|Suicune|95/100
|
|-heal|p2a: Zapdos|63/100|[from] item: Leftovers
|-heal|p1a: Cry|100/100|[from] item: Leftovers
|upkeep
|turn|57
|inactive|jlev has 210 seconds left.
|
|t:|1729597384
|move|p2a: Zapdos|Thunderbolt|p1a: Cry
|-supereffective|p1a: Cry
|-damage|p1a: Cry|26/100
|move|p1a: Cry|Ice Beam|p2a: Zapdos
|-supereffective|p2a: Zapdos
|-damage|p2a: Zapdos|14/100
|
|-heal|p2a: Zapdos|21/100|[from] item: Leftovers
|-heal|p1a: Cry|32/100|[from] item: Leftovers
|upkeep
|turn|58
|-message|Voyager forfeited.
|
|win|jlev
|player|p1|

</script>
<script type="application/json" class="data" id="replaydata-smogtours-gen3ou-801181">
{"id":"smogtours-gen3ou-801181","format":"[Gen 3] OU","players":["Voyager","jlev"],"uploadtime":1729597390,"views":124,"formatid":"gen3ou","rating":null,"private":0,"password":null}
</script>

<script defer src="js/replays.js?9d40a366"></script>
