<!DOCTYPE html>
<meta charset="utf-8" />
<meta name="viewport" content="width=device-width" />

<title>[Gen 3] OU: Sotina vs. bugcondition - Replays - Pok&eacute;mon Showdown!</title>

<meta name="description" content="Watch a replay of a Pok&eacute;mon battle between Sotina and bugcondition! Format: [Gen 3] OU; Date: Oct 12, 2024" />
<!--

Hey, you! Looking in the source for the replay log?

You can find them in JSON format, just add `.json` at the end of a replay URL.

https://replay.pokemonshowdown.com/gen7randomdoublesbattle-865046831.json

Or, if you only need the log itself, add `.log` instead:

https://replay.pokemonshowdown.com/gen7randomdoublesbattle-865046831.log

-->

<link rel="stylesheet" href="//pokemonshowdown.com/style/global.css?0.023195364461161105" />
<link rel="stylesheet" href="//play.pokemonshowdown.com/style/font-awesome.css?0.13261647063804238" />
<link rel="stylesheet" href="//play.pokemonshowdown.com/style/battle.css?0.8753245789963631" />
<link rel="stylesheet" href="//play.pokemonshowdown.com/style/utilichart.css?0.8627959624976733" />

<!-- Global site tag (gtag.js) - Google Analytics -->
<script async src="https://www.googletagmanager.com/gtag/js?id=UA-26211653-1"></script>
<script>
  window.dataLayer = window.dataLayer || [];
  function gtag(){dataLayer.push(arguments);}
  gtag('js', new Date());

  gtag('config', 'UA-26211653-1');
</script>
<!-- End Google Analytics -->
<!-- Venatus Ad Manager - Install in <HEAD> of page -->
	<script src="https://hb.vntsm.com/v3/live/ad-manager.min.js" type="text/javascript" data-site-id="642aba63ec9a7b11c3c9c1be" data-mode="scan" async></script>
<!-- / Venatus Ad Manager -->

<style>
	@media (max-width:820px) {
		.battle {
			margin: 0 auto;
		}
		.battle-log {
			margin: 7px auto 0;
			max-width: 640px;
			height: 300px;
			position: static;
		}
	}
	.optgroup {
		display: inline-block;
		line-height: 22px;
		font-size: 10pt;
	}
	.optgroup .button {
		height: 25px;
		padding-top: 0;
		padding-bottom: 0;
	}
	.optgroup button.button {
		padding-left: 12px;
		padding-right: 12px;
	}
	.linklist {
		list-style: none;
		margin: 0.5em 0;
		padding: 0;
	}
	.linklist li {
		padding: 2px 0;
	}
	.sidebar {
		float: left;
		width: 320px;
	}
	.bar-wrapper {
		max-width: 1100px;
		margin: 0 auto;
	}
	.bar-wrapper.has-sidebar {
		max-width: 1430px;
	}
	.mainbar {
		margin: 0;
		padding-right: 1px;
	}
	.mainbar.has-sidebar {
		margin-left: 330px;
	}
	@media (min-width: 1511px) {
		.sidebar {
			width: 400px;
		}
		.bar-wrapper.has-sidebar {
			max-width: 1510px;
		}
		.mainbar.has-sidebar {
			margin-left: 410px;
		}
	}
	.section.first-section {
		margin-top: 9px;
	}
	.blocklink small {
		white-space: normal;
	}
	.button {
		vertical-align: middle;
	}
	.replay-controls {
		padding-top: 10px;
	}
	.replay-controls h1 {
		font-size: 16pt;
		font-weight: normal;
		color: #CCC;
	}
	.pagelink {
		text-align: center;
	}
	.pagelink a {
		width: 150px;
	}
	.textbox, .button {
		font-size: 11pt;
		vertical-align: middle;
	}
	@media (max-width: 450px) {
		.button {
			font-size: 9pt;
		}
	}
</style>

<div>

	<header>
		<div class="nav-wrapper"><ul class="nav">
			<li><a class="button nav-first" href="//pokemonshowdown.com/"><img src="//pokemonshowdown.com/images/pokemonshowdownbeta.png" srcset="//pokemonshowdown.com/images/pokemonshowdownbeta.png 1x, //pokemonshowdown.com/images/pokemonshowdownbeta@2x.png 2x" alt="Pok&eacute;mon Showdown" width="146" height="44" /> Home</a></li>
			<li><a class="button" href="//pokemonshowdown.com/dex/">Pok&eacute;dex</a></li>
			<li><a class="button cur" href="/">Replays</a></li>
			<li><a class="button" href="//pokemonshowdown.com/ladder/">Ladder</a></li>
			<li><a class="button nav-last" href="//pokemonshowdown.com/forums/">Forum</a></li>
			<li><a class="button greenbutton nav-first nav-last" href="//play.pokemonshowdown.com/">Play</a></li>
		</ul></div>
	</header>

	<div class="main" id="main">

		<noscript><section class="section">You need to enable JavaScript to use this page; sorry!</section></noscript>

	</div>

</div>

<script defer nomodule src="//play.pokemonshowdown.com/js/lib/ps-polyfill.js"></script>
<script defer src="//play.pokemonshowdown.com/js/lib/preact.min.js"></script>

<script defer src="//play.pokemonshowdown.com/config/config.js?2bddbc15"></script>
<script defer src="//play.pokemonshowdown.com/js/lib/jquery-1.11.0.min.js"></script>
<script defer src="//play.pokemonshowdown.com/js/lib/html-sanitizer-minified.js"></script>
<script defer src="//play.pokemonshowdown.com/js/battle-sound.js"></script>
<script defer src="//play.pokemonshowdown.com/js/battledata.js?0.7209276989879541"></script>
<script defer src="//play.pokemonshowdown.com/data/pokedex-mini.js?0.6111056340867951"></script>
<script defer src="//play.pokemonshowdown.com/data/pokedex-mini-bw.js?0.3532142036491459"></script>
<script defer src="//play.pokemonshowdown.com/data/graphics.js?0.24223875632456182"></script>
<script defer src="//play.pokemonshowdown.com/data/pokedex.js?0.38839984266356864"></script>
<script defer src="//play.pokemonshowdown.com/data/moves.js?0.21866028504024015"></script>
<script defer src="//play.pokemonshowdown.com/data/abilities.js?0.2005157953846628"></script>
<script defer src="//play.pokemonshowdown.com/data/items.js?0.9894211263848525"></script>
<script defer src="//play.pokemonshowdown.com/data/teambuilder-tables.js?0.6008791140282215"></script>
<script defer src="//play.pokemonshowdown.com/js/battle-tooltips.js?0.7580118955022959"></script>
<script defer src="//play.pokemonshowdown.com/js/battle.js?0.6057722274234274"></script>

<script defer src="js/utils.js?e31f9a17"></script>
<script defer src="js/replays-battle.js?7008c182"></script>

<!-- don't scrape this data! just add .json or .log after the URL!
Full API docs: https://github.com/smogon/pokemon-showdown-client/blob/master/WEB-API.md -->
<script type="text/plain" class="log" id="replaylog-smogtours-gen3ou-797422">
|inactive|Battle timer is ON: inactive players will automatically lose when time's up.
|t:|1728740950
|gametype|singles
|player|p1|Sotina|furisodegirl-black|
|player|p2|bugcondition|clair|
|teamsize|p1|6
|teamsize|p2|6
|gen|3
|tier|[Gen 3] OU
|rule|Sleep Clause Mod: Limit one foe put to sleep
|rule|Switch Priority Clause Mod: Faster Pokémon switch first
|rule|Species Clause: Limit one of each Pokémon
|rule|OHKO Clause: OHKO moves are banned
|rule|Evasion Items Clause: Evasion items are banned
|rule|Evasion Moves Clause: Evasion moves are banned
|rule|Endless Battle Clause: Forcing endless battles is banned
|rule|HP Percentage Mod: HP is shown in percentages
|rule|One Boost Passer Clause: Limit one Baton Passer that has a way to boost its stats
|rule|Freeze Clause Mod: Limit one foe frozen
|
|t:|1728740950
|start
|switch|p1a: Skarmory|Skarmory, M|100/100
|switch|p2a: Mars|Tyranitar, F, shiny|100/100
|-weather|Sandstorm|[from] ability: Sand Stream|[of] p2a: Mars
|turn|1
|
|t:|1728740976
|switch|p1a: Milotic|Milotic, F|100/100
|move|p2a: Mars|Flamethrower|p1a: Milotic
|-resisted|p1a: Milotic
|-damage|p1a: Milotic|90/100
|
|-weather|Sandstorm|[upkeep]
|-damage|p1a: Milotic|83/100|[from] Sandstorm
|-heal|p1a: Milotic|90/100|[from] item: Leftovers
|upkeep
|turn|2
|inactive|bugcondition has 270 seconds left.
|
|t:|1728741035
|switch|p2a: Pluto|Blissey, F, shiny|100/100
|move|p1a: Milotic|Toxic|p2a: Pluto
|-status|p2a: Pluto|tox
|
|-weather|Sandstorm|[upkeep]
|-damage|p1a: Milotic|83/100|[from] Sandstorm
|-damage|p2a: Pluto|94/100 tox|[from] Sandstorm
|-heal|p1a: Milotic|90/100|[from] item: Leftovers
|-heal|p2a: Pluto|100/100 tox|[from] item: Leftovers
|-damage|p2a: Pluto|94/100 tox|[from] psn
|upkeep
|turn|3
|inactive|bugcondition has 240 seconds left.
|
|t:|1728741054
|switch|p1a: Celebi|Celebi|100/100
|-curestatus|p2a: Pluto|tox|[from] ability: Natural Cure
|switch|p2a: Luna-T|Skarmory, F|100/100
|
|-weather|Sandstorm|[upkeep]
|-damage|p1a: Celebi|94/100|[from] Sandstorm
|-heal|p1a: Celebi|100/100|[from] item: Leftovers
|upkeep
|turn|4
|inactive|bugcondition has 240 seconds left.
|
|t:|1728741069
|switch|p1a: Claydol|Claydol|100/100
|move|p2a: Luna-T|Thief|p1a: Claydol
|-supereffective|p1a: Claydol
|-damage|p1a: Claydol|92/100
|-enditem|p1a: Claydol|Leftovers|[silent]|[from] move: Thief|[of] p2a: Luna-T
|-item|p2a: Luna-T|Leftovers|[from] move: Thief|[of] p1a: Claydol
|
|-weather|Sandstorm|[upkeep]
|upkeep
|turn|5
|
|t:|1728741083
|switch|p1a: Jirachi|Jirachi|100/100
|move|p2a: Luna-T|Spikes|p1a: Jirachi
|-sidestart|p1: Sotina|Spikes
|
|-weather|Sandstorm|[upkeep]
|upkeep
|turn|6
|inactive|bugcondition has 240 seconds left.
|inactive|bugcondition has 210 seconds left.
|
|t:|1728741130
|switch|p1a: Claydol|Claydol|92/100
|switch|p2a: Deimos|Dugtrio, F|100/100
|
|-weather|Sandstorm|[upkeep]
|upkeep
|turn|7
|inactive|bugcondition has 210 seconds left.
|
|t:|1728741144
|switch|p2a: Luna-T|Skarmory, F|100/100
|switch|p1a: Skarmory|Skarmory, M|100/100
|
|-weather|Sandstorm|[upkeep]
|upkeep
|turn|8
|
|t:|1728741148
|move|p2a: Luna-T|Spikes|p1a: Skarmory
|-sidestart|p1: Sotina|Spikes
|move|p1a: Skarmory|Spikes|p2a: Luna-T
|-sidestart|p2: bugcondition|Spikes
|
|-weather|Sandstorm|[upkeep]
|upkeep
|turn|9
|
|t:|1728741151
|switch|p1a: Claydol|Claydol|92/100
|move|p2a: Luna-T|Spikes|p1a: Claydol
|-sidestart|p1: Sotina|Spikes
|
|-weather|Sandstorm|[upkeep]
|upkeep
|turn|10
|
|t:|1728741176
|switch|p2a: Mercury|Starmie, shiny|100/100
|-damage|p2a: Mercury|88/100|[from] Spikes
|move|p1a: Claydol|Rapid Spin|p2a: Mercury
|-damage|p2a: Mercury|82/100
|-sideend|p1: Sotina|Spikes|[from] move: Rapid Spin|[of] p1a: Claydol
|
|-weather|Sandstorm|[upkeep]
|-damage|p2a: Mercury|76/100|[from] Sandstorm
|-heal|p2a: Mercury|82/100|[from] item: Leftovers
|upkeep
|turn|11
|
|t:|1728741189
|switch|p1a: Celebi|Celebi|100/100
|move|p2a: Mercury|Thunder Wave|p1a: Celebi
|-status|p1a: Celebi|par
|
|-weather|Sandstorm|[upkeep]
|-damage|p2a: Mercury|76/100|[from] Sandstorm
|-damage|p1a: Celebi|94/100 par|[from] Sandstorm
|-heal|p2a: Mercury|82/100|[from] item: Leftovers
|-heal|p1a: Celebi|100/100 par|[from] item: Leftovers
|upkeep
|turn|12
|
|t:|1728741198
|switch|p2a: Luna-T|Skarmory, F|100/100
|-curestatus|p1a: Celebi|par|[from] ability: Natural Cure
|switch|p1a: Milotic|Milotic, F|90/100
|
|-weather|Sandstorm|[upkeep]
|-damage|p1a: Milotic|83/100|[from] Sandstorm
|-heal|p1a: Milotic|90/100|[from] item: Leftovers
|upkeep
|turn|13
|
|t:|1728741216
|move|p1a: Milotic|Surf|p2a: Luna-T
|-damage|p2a: Luna-T|71/100
|move|p2a: Luna-T|Spikes|p1a: Milotic
|-sidestart|p1: Sotina|Spikes
|
|-weather|Sandstorm|[upkeep]
|-damage|p1a: Milotic|83/100|[from] Sandstorm
|-heal|p1a: Milotic|90/100|[from] item: Leftovers
|-heal|p2a: Luna-T|77/100|[from] item: Leftovers
|upkeep
|turn|14
|
|t:|1728741226
|switch|p1a: Claydol|Claydol|92/100
|move|p2a: Luna-T|Spikes|p1a: Claydol
|-sidestart|p1: Sotina|Spikes
|
|-weather|Sandstorm|[upkeep]
|-heal|p2a: Luna-T|83/100|[from] item: Leftovers
|upkeep
|turn|15
|inactive|bugcondition has 240 seconds left.
|
|t:|1728741231
|move|p1a: Claydol|Rapid Spin|p2a: Luna-T
|-resisted|p2a: Luna-T
|-damage|p2a: Luna-T|81/100
|-sideend|p1: Sotina|Spikes|[from] move: Rapid Spin|[of] p1a: Claydol
|move|p2a: Luna-T|Spikes|p1a: Claydol
|-sidestart|p1: Sotina|Spikes
|
|-weather|Sandstorm|[upkeep]
|-heal|p2a: Luna-T|87/100|[from] item: Leftovers
|upkeep
|turn|16
|
|t:|1728741237
|move|p1a: Claydol|Rapid Spin|p2a: Luna-T
|-resisted|p2a: Luna-T
|-damage|p2a: Luna-T|85/100
|-sideend|p1: Sotina|Spikes|[from] move: Rapid Spin|[of] p1a: Claydol
|move|p2a: Luna-T|Spikes|p1a: Claydol
|-sidestart|p1: Sotina|Spikes
|
|-weather|Sandstorm|[upkeep]
|-heal|p2a: Luna-T|91/100|[from] item: Leftovers
|upkeep
|turn|17
|
|t:|1728741242
|move|p1a: Claydol|Rapid Spin|p2a: Luna-T
|-resisted|p2a: Luna-T
|-damage|p2a: Luna-T|90/100
|-sideend|p1: Sotina|Spikes|[from] move: Rapid Spin|[of] p1a: Claydol
|move|p2a: Luna-T|Spikes|p1a: Claydol
|-sidestart|p1: Sotina|Spikes
|
|-weather|Sandstorm|[upkeep]
|-heal|p2a: Luna-T|96/100|[from] item: Leftovers
|upkeep
|turn|18
|
|t:|1728741245
|move|p1a: Claydol|Rapid Spin|p2a: Luna-T
|-resisted|p2a: Luna-T
|-damage|p2a: Luna-T|94/100
|-sideend|p1: Sotina|Spikes|[from] move: Rapid Spin|[of] p1a: Claydol
|move|p2a: Luna-T|Spikes|p1a: Claydol
|-sidestart|p1: Sotina|Spikes
|
|-weather|Sandstorm|[upkeep]
|-heal|p2a: Luna-T|99/100|[from] item: Leftovers
|upkeep
|turn|19
|
|t:|1728741250
|move|p1a: Claydol|Rapid Spin|p2a: Luna-T
|-resisted|p2a: Luna-T
|-damage|p2a: Luna-T|98/100
|-sideend|p1: Sotina|Spikes|[from] move: Rapid Spin|[of] p1a: Claydol
|move|p2a: Luna-T|Roar|p1a: Claydol
|drag|p1a: Celebi|Celebi|100/100
|
|-weather|Sandstorm|[upkeep]
|-damage|p1a: Celebi|94/100|[from] Sandstorm
|-heal|p1a: Celebi|100/100|[from] item: Leftovers
|-heal|p2a: Luna-T|100/100|[from] item: Leftovers
|upkeep
|turn|20
|
|t:|1728741266
|switch|p1a: Skarmory|Skarmory, M|100/100
|switch|p2a: Pluto|Blissey, F, shiny|94/100
|-damage|p2a: Pluto|82/100|[from] Spikes
|
|-weather|Sandstorm|[upkeep]
|-damage|p2a: Pluto|76/100|[from] Sandstorm
|-heal|p2a: Pluto|82/100|[from] item: Leftovers
|upkeep
|turn|21
|
|t:|1728741279
|switch|p2a: Mercury|Starmie, shiny|82/100
|-damage|p2a: Mercury|70/100|[from] Spikes
|move|p1a: Skarmory|Spikes|p2a: Mercury
|-sidestart|p2: bugcondition|Spikes
|
|-weather|Sandstorm|[upkeep]
|-damage|p2a: Mercury|64/100|[from] Sandstorm
|-heal|p2a: Mercury|70/100|[from] item: Leftovers
|upkeep
|turn|22
|
|t:|1728741285
|switch|p1a: Celebi|Celebi|100/100
|move|p2a: Mercury|Rapid Spin|p1a: Celebi
|-damage|p1a: Celebi|98/100
|-sideend|p2: bugcondition|Spikes|[from] move: Rapid Spin|[of] p2a: Mercury
|
|-weather|Sandstorm|[upkeep]
|-damage|p2a: Mercury|64/100|[from] Sandstorm
|-damage|p1a: Celebi|92/100|[from] Sandstorm
|-heal|p2a: Mercury|70/100|[from] item: Leftovers
|-heal|p1a: Celebi|98/100|[from] item: Leftovers
|upkeep
|turn|23
|inactive|bugcondition has 270 seconds left.
|
|t:|1728741312
|switch|p2a: Luna-T|Skarmory, F|100/100
|move|p1a: Celebi|Hidden Power|p2a: Luna-T
|-resisted|p2a: Luna-T
|-damage|p2a: Luna-T|94/100
|
|-weather|Sandstorm|[upkeep]
|-damage|p1a: Celebi|92/100|[from] Sandstorm
|-heal|p1a: Celebi|98/100|[from] item: Leftovers
|-heal|p2a: Luna-T|100/100|[from] item: Leftovers
|upkeep
|turn|24
|inactive|bugcondition has 270 seconds left.
|
|t:|1728741321
|switch|p1a: Claydol|Claydol|92/100
|switch|p2a: Mercury|Starmie, shiny|70/100
|
|-weather|Sandstorm|[upkeep]
|-damage|p2a: Mercury|64/100|[from] Sandstorm
|-heal|p2a: Mercury|70/100|[from] item: Leftovers
|upkeep
|turn|25
|
|t:|1728741333
|switch|p1a: Celebi|Celebi|98/100
|move|p2a: Mercury|Surf|p1a: Celebi
|-resisted|p1a: Celebi
|-damage|p1a: Celebi|88/100
|
|-weather|Sandstorm|[upkeep]
|-damage|p2a: Mercury|64/100|[from] Sandstorm
|-damage|p1a: Celebi|82/100|[from] Sandstorm
|-heal|p2a: Mercury|70/100|[from] item: Leftovers
|-heal|p1a: Celebi|88/100|[from] item: Leftovers
|upkeep
|turn|26
|
|t:|1728741341
|switch|p2a: Deimos|Dugtrio, F|100/100
|move|p1a: Celebi|Leech Seed|p2a: Deimos
|-start|p2a: Deimos|move: Leech Seed
|
|-weather|Sandstorm|[upkeep]
|-damage|p1a: Celebi|82/100|[from] Sandstorm
|-damage|p2a: Deimos|88/100|[from] Leech Seed|[of] p1a: Celebi
|-heal|p1a: Celebi|88/100|[silent]
|-heal|p1a: Celebi|95/100|[from] item: Leftovers
|upkeep
|turn|27
|
|t:|1728741353
|move|p2a: Deimos|Hidden Power|p1a: Celebi
|-supereffective|p1a: Celebi
|-damage|p1a: Celebi|6/100
|move|p1a: Celebi|Recover|p1a: Celebi
|-heal|p1a: Celebi|56/100
|
|-weather|Sandstorm|[upkeep]
|-damage|p1a: Celebi|50/100|[from] Sandstorm
|-damage|p2a: Deimos|76/100|[from] Leech Seed|[of] p1a: Celebi
|-heal|p1a: Celebi|57/100|[silent]
|-heal|p1a: Celebi|63/100|[from] item: Leftovers
|upkeep
|turn|28
|
|t:|1728741362
|move|p2a: Deimos|Hidden Power|p1a: Celebi
|-supereffective|p1a: Celebi
|-damage|p1a: Celebi|0 fnt
|faint|p1a: Celebi
|
|t:|1728741376
|switch|p1a: Milotic|Milotic, F|90/100
|
|-weather|Sandstorm|[upkeep]
|-damage|p1a: Milotic|83/100|[from] Sandstorm
|-damage|p2a: Deimos|64/100|[from] Leech Seed|[of] p1a: Milotic
|-heal|p1a: Milotic|90/100|[silent]
|-heal|p1a: Milotic|96/100|[from] item: Leftovers
|upkeep
|turn|29
|
|t:|1728741382
|switch|p2a: Pluto|Blissey, F, shiny|82/100
|move|p1a: Milotic|Toxic|p2a: Pluto
|-status|p2a: Pluto|tox
|
|-weather|Sandstorm|[upkeep]
|-damage|p1a: Milotic|90/100|[from] Sandstorm
|-damage|p2a: Pluto|76/100 tox|[from] Sandstorm
|-heal|p1a: Milotic|96/100|[from] item: Leftovers
|-heal|p2a: Pluto|82/100 tox|[from] item: Leftovers
|-damage|p2a: Pluto|76/100 tox|[from] psn
|upkeep
|turn|30
|
|t:|1728741393
|switch|p1a: Skarmory|Skarmory, M|100/100
|move|p2a: Pluto|Sing|p1a: Skarmory
|-status|p1a: Skarmory|slp|[from] move: Sing
|
|-weather|Sandstorm|[upkeep]
|-damage|p2a: Pluto|70/100 tox|[from] Sandstorm
|-heal|p2a: Pluto|76/100 tox|[from] item: Leftovers
|-damage|p2a: Pluto|63/100 tox|[from] psn
|upkeep
|turn|31
|
|t:|1728741399
|cant|p1a: Skarmory|slp
|move|p2a: Pluto|Soft-Boiled|p2a: Pluto
|-heal|p2a: Pluto|100/100 tox
|
|-weather|Sandstorm|[upkeep]
|-damage|p2a: Pluto|94/100 tox|[from] Sandstorm
|-heal|p2a: Pluto|100/100 tox|[from] item: Leftovers
|-damage|p2a: Pluto|82/100 tox|[from] psn
|upkeep
|turn|32
|
|t:|1728741401
|-curestatus|p2a: Pluto|tox|[from] ability: Natural Cure
|switch|p2a: Luna-T|Skarmory, F|100/100
|-curestatus|p1a: Skarmory|slp|[msg]
|move|p1a: Skarmory|Spikes|p2a: Luna-T
|-sidestart|p2: bugcondition|Spikes
|
|-weather|Sandstorm|[upkeep]
|upkeep
|turn|33
|
|t:|1728741412
|switch|p1a: Claydol|Claydol|92/100
|move|p2a: Luna-T|Spikes|p1a: Claydol
|-sidestart|p1: Sotina|Spikes
|
|-weather|Sandstorm|[upkeep]
|upkeep
|turn|34
|
|t:|1728741425
|switch|p2a: Mercury|Starmie, shiny|70/100
|-damage|p2a: Mercury|58/100|[from] Spikes
|move|p1a: Claydol|Rapid Spin|p2a: Mercury
|-damage|p2a: Mercury|52/100
|-sideend|p1: Sotina|Spikes|[from] move: Rapid Spin|[of] p1a: Claydol
|
|-weather|Sandstorm|[upkeep]
|-damage|p2a: Mercury|46/100|[from] Sandstorm
|-heal|p2a: Mercury|52/100|[from] item: Leftovers
|upkeep
|turn|35
|
|t:|1728741438
|switch|p1a: Dugtrio|Dugtrio, F|100/100
|move|p2a: Mercury|Surf|p1a: Dugtrio
|-supereffective|p1a: Dugtrio
|-damage|p1a: Dugtrio|0 fnt
|faint|p1a: Dugtrio
|
|t:|1728741445
|switch|p1a: Jirachi|Jirachi|100/100
|
|-weather|Sandstorm|[upkeep]
|-damage|p2a: Mercury|46/100|[from] Sandstorm
|-heal|p2a: Mercury|52/100|[from] item: Leftovers
|upkeep
|turn|36
|
|t:|1728741450
|move|p2a: Mercury|Recover|p2a: Mercury
|-heal|p2a: Mercury|100/100
|move|p1a: Jirachi|Ice Punch|p2a: Mercury
|-resisted|p2a: Mercury
|-damage|p2a: Mercury|90/100
|
|-weather|Sandstorm|[upkeep]
|-damage|p2a: Mercury|84/100|[from] Sandstorm
|-heal|p2a: Mercury|90/100|[from] item: Leftovers
|upkeep
|turn|37
|
|t:|1728741458
|switch|p2a: Pluto|Blissey, F, shiny|82/100
|-damage|p2a: Pluto|70/100|[from] Spikes
|move|p1a: Jirachi|Wish|p1a: Jirachi
|
|-weather|Sandstorm|[upkeep]
|-damage|p2a: Pluto|63/100|[from] Sandstorm
|-heal|p2a: Pluto|70/100|[from] item: Leftovers
|upkeep
|turn|38
|
|t:|1728741468
|switch|p1a: Skarmory|Skarmory, M|100/100
|move|p2a: Pluto|Sing|p1a: Skarmory
|-status|p1a: Skarmory|slp|[from] move: Sing
|
|-weather|Sandstorm|[upkeep]
|-damage|p2a: Pluto|63/100|[from] Sandstorm
|-heal|p2a: Pluto|70/100|[from] item: Leftovers
|upkeep
|turn|39
|
|t:|1728741473
|switch|p1a: Jirachi|Jirachi|100/100
|move|p2a: Pluto|Soft-Boiled|p2a: Pluto
|-heal|p2a: Pluto|100/100
|
|-weather|Sandstorm|[upkeep]
|-damage|p2a: Pluto|94/100|[from] Sandstorm
|-heal|p2a: Pluto|100/100|[from] item: Leftovers
|upkeep
|turn|40
|inactive|bugcondition has 270 seconds left.
|
|t:|1728741513
|move|p1a: Jirachi|Wish|p1a: Jirachi
|move|p2a: Pluto|Seismic Toss|p1a: Jirachi
|-damage|p1a: Jirachi|76/100
|
|-weather|Sandstorm|[upkeep]
|-damage|p2a: Pluto|94/100|[from] Sandstorm
|-heal|p1a: Jirachi|82/100|[from] item: Leftovers
|-heal|p2a: Pluto|100/100|[from] item: Leftovers
|upkeep
|turn|41
|
|t:|1728741524
|move|p1a: Jirachi|Calm Mind|p1a: Jirachi
|-boost|p1a: Jirachi|spa|1
|-boost|p1a: Jirachi|spd|1
|move|p2a: Pluto|Seismic Toss|p1a: Jirachi
|-damage|p1a: Jirachi|57/100
|
|-heal|p1a: Jirachi|100/100|[from] move: Wish|[wisher] Jirachi
|-weather|Sandstorm|[upkeep]
|-damage|p2a: Pluto|94/100|[from] Sandstorm
|-heal|p2a: Pluto|100/100|[from] item: Leftovers
|upkeep
|turn|42
|
|t:|1728741538
|move|p1a: Jirachi|Calm Mind|p1a: Jirachi
|-boost|p1a: Jirachi|spa|1
|-boost|p1a: Jirachi|spd|1
|move|p2a: Pluto|Seismic Toss|p1a: Jirachi
|-damage|p1a: Jirachi|76/100
|
|-weather|Sandstorm|[upkeep]
|-damage|p2a: Pluto|94/100|[from] Sandstorm
|-heal|p1a: Jirachi|82/100|[from] item: Leftovers
|-heal|p2a: Pluto|100/100|[from] item: Leftovers
|upkeep
|turn|43
|inactive|bugcondition has 270 seconds left.
|
|t:|1728741554
|switch|p2a: Deimos|Dugtrio, F|64/100
|-damage|p2a: Deimos|51/100|[from] Spikes
|move|p1a: Jirachi|Wish|p1a: Jirachi
|
|-weather|Sandstorm|[upkeep]
|-heal|p1a: Jirachi|88/100|[from] item: Leftovers
|upkeep
|turn|44
|
|t:|1728741558
|move|p2a: Deimos|Earthquake|p1a: Jirachi
|-supereffective|p1a: Jirachi
|-damage|p1a: Jirachi|19/100
|move|p1a: Jirachi|Ice Punch|p2a: Deimos
|-supereffective|p2a: Deimos
|-damage|p2a: Deimos|0 fnt
|faint|p2a: Deimos
|inactive|bugcondition has 270 seconds left.
|
|t:|1728741569
|switch|p2a: Phobos|Metagross, shiny|100/100
|-damage|p2a: Phobos|88/100|[from] Spikes
|
|-heal|p1a: Jirachi|69/100|[from] move: Wish|[wisher] Jirachi
|-weather|Sandstorm|[upkeep]
|-heal|p1a: Jirachi|75/100|[from] item: Leftovers
|-heal|p2a: Phobos|94/100|[from] item: Leftovers
|upkeep
|turn|45
|inactive|bugcondition has 270 seconds left.
|inactive|Sotina has 270 seconds left.
|
|t:|1728741607
|move|p1a: Jirachi|Wish|p1a: Jirachi
|move|p2a: Phobos|Earthquake|p1a: Jirachi
|-supereffective|p1a: Jirachi
|-damage|p1a: Jirachi|37/100
|
|-weather|Sandstorm|[upkeep]
|-heal|p1a: Jirachi|43/100|[from] item: Leftovers
|-heal|p2a: Phobos|99/100|[from] item: Leftovers
|upkeep
|turn|46
|inactive|Sotina has 270 seconds left.
|
|t:|1728741636
|move|p1a: Jirachi|Thunder|p2a: Phobos
|-damage|p2a: Phobos|48/100
|-status|p2a: Phobos|par
|move|p2a: Phobos|Explosion|p1a: Jirachi
|-resisted|p1a: Jirachi
|-damage|p1a: Jirachi|0 fnt
|faint|p2a: Phobos
|faint|p1a: Jirachi
|inactive|Sotina has 270 seconds left.
|inactive|bugcondition has 240 seconds left.
|-message|Sotina forfeited.
|
|win|bugcondition
|c|☆Sotina|gg
|c|☆bugcondition|ggs
|player|p1|

</script>
<script type="application/json" class="data" id="replaydata-smogtours-gen3ou-797422">
{"id":"smogtours-gen3ou-797422","format":"[Gen 3] OU","players":["Sotina","bugcondition"],"uploadtime":1728741655,"views":87,"formatid":"gen3ou","rating":null,"private":0,"password":null}
</script>

<script defer src="js/replays.js?9d40a366"></script>
