<!DOCTYPE html>
<meta charset="utf-8" />
<meta name="viewport" content="width=device-width" />

<title>[Gen 3] OU: Justblamehax vs. yd12k - Replays - Pok&eacute;mon Showdown!</title>

<meta name="description" content="Watch a replay of a Pok&eacute;mon battle between Justblamehax and yd12k! Format: [Gen 3] OU; Date: Oct 14, 2024" />
<!--

Hey, you! Looking in the source for the replay log?

You can find them in JSON format, just add `.json` at the end of a replay URL.

https://replay.pokemonshowdown.com/gen7randomdoublesbattle-865046831.json

Or, if you only need the log itself, add `.log` instead:

https://replay.pokemonshowdown.com/gen7randomdoublesbattle-865046831.log

-->

<link rel="stylesheet" href="//pokemonshowdown.com/style/global.css?0.767286132409787" />
<link rel="stylesheet" href="//play.pokemonshowdown.com/style/font-awesome.css?0.9266228007934947" />
<link rel="stylesheet" href="//play.pokemonshowdown.com/style/battle.css?0.7924700842790926" />
<link rel="stylesheet" href="//play.pokemonshowdown.com/style/utilichart.css?0.8777417872839479" />

<!-- Global site tag (gtag.js) - Google Analytics -->
<script async src="https://www.googletagmanager.com/gtag/js?id=UA-26211653-1"></script>
<script>
  window.dataLayer = window.dataLayer || [];
  function gtag(){dataLayer.push(arguments);}
  gtag('js', new Date());

  gtag('config', 'UA-26211653-1');
</script>
<!-- End Google Analytics -->
<!-- Venatus Ad Manager - Install in <HEAD> of page -->
	<script src="https://hb.vntsm.com/v3/live/ad-manager.min.js" type="text/javascript" data-site-id="642aba63ec9a7b11c3c9c1be" data-mode="scan" async></script>
<!-- / Venatus Ad Manager -->

<style>
	@media (max-width:820px) {
		.battle {
			margin: 0 auto;
		}
		.battle-log {
			margin: 7px auto 0;
			max-width: 640px;
			height: 300px;
			position: static;
		}
	}
	.optgroup {
		display: inline-block;
		line-height: 22px;
		font-size: 10pt;
	}
	.optgroup .button {
		height: 25px;
		padding-top: 0;
		padding-bottom: 0;
	}
	.optgroup button.button {
		padding-left: 12px;
		padding-right: 12px;
	}
	.linklist {
		list-style: none;
		margin: 0.5em 0;
		padding: 0;
	}
	.linklist li {
		padding: 2px 0;
	}
	.sidebar {
		float: left;
		width: 320px;
	}
	.bar-wrapper {
		max-width: 1100px;
		margin: 0 auto;
	}
	.bar-wrapper.has-sidebar {
		max-width: 1430px;
	}
	.mainbar {
		margin: 0;
		padding-right: 1px;
	}
	.mainbar.has-sidebar {
		margin-left: 330px;
	}
	@media (min-width: 1511px) {
		.sidebar {
			width: 400px;
		}
		.bar-wrapper.has-sidebar {
			max-width: 1510px;
		}
		.mainbar.has-sidebar {
			margin-left: 410px;
		}
	}
	.section.first-section {
		margin-top: 9px;
	}
	.blocklink small {
		white-space: normal;
	}
	.button {
		vertical-align: middle;
	}
	.replay-controls {
		padding-top: 10px;
	}
	.replay-controls h1 {
		font-size: 16pt;
		font-weight: normal;
		color: #CCC;
	}
	.pagelink {
		text-align: center;
	}
	.pagelink a {
		width: 150px;
	}
	.textbox, .button {
		font-size: 11pt;
		vertical-align: middle;
	}
	@media (max-width: 450px) {
		.button {
			font-size: 9pt;
		}
	}
</style>

<div>

	<header>
		<div class="nav-wrapper"><ul class="nav">
			<li><a class="button nav-first" href="//pokemonshowdown.com/"><img src="//pokemonshowdown.com/images/pokemonshowdownbeta.png" srcset="//pokemonshowdown.com/images/pokemonshowdownbeta.png 1x, //pokemonshowdown.com/images/pokemonshowdownbeta@2x.png 2x" alt="Pok&eacute;mon Showdown" width="146" height="44" /> Home</a></li>
			<li><a class="button" href="//pokemonshowdown.com/dex/">Pok&eacute;dex</a></li>
			<li><a class="button cur" href="/">Replays</a></li>
			<li><a class="button" href="//pokemonshowdown.com/ladder/">Ladder</a></li>
			<li><a class="button nav-last" href="//pokemonshowdown.com/forums/">Forum</a></li>
			<li><a class="button greenbutton nav-first nav-last" href="//play.pokemonshowdown.com/">Play</a></li>
		</ul></div>
	</header>

	<div class="main" id="main">

		<noscript><section class="section">You need to enable JavaScript to use this page; sorry!</section></noscript>

	</div>

</div>

<script defer nomodule src="//play.pokemonshowdown.com/js/lib/ps-polyfill.js"></script>
<script defer src="//play.pokemonshowdown.com/js/lib/preact.min.js"></script>

<script defer src="//play.pokemonshowdown.com/config/config.js?6dec07f6"></script>
<script defer src="//play.pokemonshowdown.com/js/lib/jquery-1.11.0.min.js"></script>
<script defer src="//play.pokemonshowdown.com/js/lib/html-sanitizer-minified.js"></script>
<script defer src="//play.pokemonshowdown.com/js/battle-sound.js"></script>
<script defer src="//play.pokemonshowdown.com/js/battledata.js?0.6315294753075389"></script>
<script defer src="//play.pokemonshowdown.com/data/pokedex-mini.js?0.7603743185311358"></script>
<script defer src="//play.pokemonshowdown.com/data/pokedex-mini-bw.js?0.030888842834281283"></script>
<script defer src="//play.pokemonshowdown.com/data/graphics.js?0.05593094747507488"></script>
<script defer src="//play.pokemonshowdown.com/data/pokedex.js?0.47064822249611904"></script>
<script defer src="//play.pokemonshowdown.com/data/moves.js?0.8583693120512459"></script>
<script defer src="//play.pokemonshowdown.com/data/abilities.js?0.16017181182386842"></script>
<script defer src="//play.pokemonshowdown.com/data/items.js?0.4163379185673943"></script>
<script defer src="//play.pokemonshowdown.com/data/teambuilder-tables.js?0.31075597372830477"></script>
<script defer src="//play.pokemonshowdown.com/js/battle-tooltips.js?0.6536193500708172"></script>
<script defer src="//play.pokemonshowdown.com/js/battle.js?0.1916591943277901"></script>

<script defer src="js/utils.js?e31f9a17"></script>
<script defer src="js/replays-battle.js?7008c182"></script>

<!-- don't scrape this data! just add .json or .log after the URL!
Full API docs: https://github.com/smogon/pokemon-showdown-client/blob/master/WEB-API.md -->
<script type="text/plain" class="log" id="replaylog-smogtours-gen3ou-798624">
|inactive|Battle timer is ON: inactive players will automatically lose when time's up.
|t:|1728908391
|gametype|singles
|player|p1|Justblamehax|170|
|player|p2|yd12k|veteranf|
|teamsize|p1|6
|teamsize|p2|6
|gen|3
|tier|[Gen 3] OU
|rule|Sleep Clause Mod: Limit one foe put to sleep
|rule|Switch Priority Clause Mod: Faster Pokémon switch first
|rule|Species Clause: Limit one of each Pokémon
|rule|OHKO Clause: OHKO moves are banned
|rule|Evasion Items Clause: Evasion items are banned
|rule|Evasion Moves Clause: Evasion moves are banned
|rule|Endless Battle Clause: Forcing endless battles is banned
|rule|HP Percentage Mod: HP is shown in percentages
|rule|One Boost Passer Clause: Limit one Baton Passer that has a way to boost its stats
|rule|Freeze Clause Mod: Limit one foe frozen
|
|t:|1728908391
|start
|switch|p1a: Slaking|Slaking, F, shiny|100/100
|switch|p2a: Zapdos|Zapdos|100/100
|turn|1
|c|☆Justblamehax|glhf
|
|t:|1728908416
|switch|p2a: Gengar|Gengar, M|100/100
|move|p1a: Slaking|Double-Edge|p2a: Gengar
|-immune|p2a: Gengar
|
|upkeep
|turn|2
|
|t:|1728908430
|switch|p1a: Celebi|Celebi|100/100
|move|p2a: Gengar|Will-O-Wisp|p1a: Celebi|[miss]
|-miss|p2a: Gengar|p1a: Celebi
|
|upkeep
|turn|3
|
|t:|1728908444
|move|p1a: Celebi|Leech Seed|p2a: Gengar
|-start|p2a: Gengar|move: Leech Seed
|move|p2a: Gengar|Taunt|p1a: Celebi
|-start|p1a: Celebi|move: Taunt
|
|-damage|p2a: Gengar|88/100|[from] Leech Seed|[of] p1a: Celebi
|upkeep
|turn|4
|
|t:|1728908456
|switch|p2a: Forretress|Forretress, F|100/100
|move|p1a: Celebi|Psychic|p2a: Forretress
|-resisted|p2a: Forretress
|-damage|p2a: Forretress|82/100
|
|-end|p1a: Celebi|move: Taunt|[silent]
|-heal|p2a: Forretress|89/100|[from] item: Leftovers
|upkeep
|turn|5
|
|t:|1728908467
|move|p1a: Celebi|Leech Seed|p2a: Forretress
|-start|p2a: Forretress|move: Leech Seed
|move|p2a: Forretress|Hidden Power|p1a: Celebi
|-supereffective|p1a: Celebi
|-damage|p1a: Celebi|8/100
|
|-heal|p1a: Celebi|14/100|[from] item: Leftovers
|-heal|p2a: Forretress|95/100|[from] item: Leftovers
|-damage|p2a: Forretress|82/100|[from] Leech Seed|[of] p1a: Celebi
|-heal|p1a: Celebi|27/100|[silent]
|upkeep
|turn|6
|
|t:|1728908476
|move|p1a: Celebi|Baton Pass|p1a: Celebi
|
|t:|1728908478
|switch|p1a: Magneton|Magneton|100/100|[from] Baton Pass
|move|p2a: Forretress|Hidden Power|p1a: Magneton
|-resisted|p1a: Magneton
|-damage|p1a: Magneton|86/100
|
|-heal|p2a: Forretress|89/100|[from] item: Leftovers
|-damage|p2a: Forretress|76/100|[from] Leech Seed|[of] p1a: Magneton
|-heal|p1a: Magneton|100/100|[silent]
|upkeep
|turn|7
|
|t:|1728908496
|move|p1a: Magneton|Hidden Power|p2a: Forretress
|-supereffective|p2a: Forretress
|-damage|p2a: Forretress|0 fnt
|faint|p2a: Forretress
|
|t:|1728908506
|switch|p2a: Swampert|Swampert, F|100/100
|
|upkeep
|turn|8
|
|t:|1728908513
|switch|p1a: Celebi|Celebi|27/100
|move|p2a: Swampert|Earthquake|p1a: Celebi
|-resisted|p1a: Celebi
|-damage|p1a: Celebi|8/100
|
|-heal|p1a: Celebi|14/100|[from] item: Leftovers
|upkeep
|turn|9
|
|t:|1728908524
|move|p2a: Swampert|Protect|p2a: Swampert
|-singleturn|p2a: Swampert|Protect
|move|p1a: Celebi|Giga Drain|p2a: Swampert
|-activate|p2a: Swampert|Protect
|
|-heal|p1a: Celebi|20/100|[from] item: Leftovers
|upkeep
|turn|10
|
|t:|1728908540
|switch|p2a: Jirachi|Jirachi|100/100
|move|p1a: Celebi|Giga Drain|p2a: Jirachi
|-resisted|p2a: Jirachi
|-damage|p2a: Jirachi|93/100
|-heal|p1a: Celebi|24/100|[from] drain|[of] p2a: Jirachi
|
|-heal|p1a: Celebi|30/100|[from] item: Leftovers
|-heal|p2a: Jirachi|99/100|[from] item: Leftovers
|upkeep
|turn|11
|
|t:|1728908553
|move|p1a: Celebi|Leech Seed|p2a: Jirachi
|-start|p2a: Jirachi|move: Leech Seed
|move|p2a: Jirachi|Fire Punch|p1a: Celebi
|-supereffective|p1a: Celebi
|-damage|p1a: Celebi|2/100
|
|-heal|p1a: Celebi|8/100|[from] item: Leftovers
|-heal|p2a: Jirachi|100/100|[from] item: Leftovers
|-damage|p2a: Jirachi|88/100|[from] Leech Seed|[of] p1a: Celebi
|-heal|p1a: Celebi|22/100|[silent]
|upkeep
|turn|12
|
|t:|1728908562
|move|p1a: Celebi|Baton Pass|p1a: Celebi
|
|t:|1728908568
|switch|p1a: Dugtrio|Dugtrio, F|100/100|[from] Baton Pass
|move|p2a: Jirachi|Fire Punch|p1a: Dugtrio
|-damage|p1a: Dugtrio|60/100
|
|-heal|p2a: Jirachi|94/100|[from] item: Leftovers
|-damage|p2a: Jirachi|82/100|[from] Leech Seed|[of] p1a: Dugtrio
|-heal|p1a: Dugtrio|83/100|[silent]
|upkeep
|turn|13
|
|t:|1728908579
|move|p1a: Dugtrio|Earthquake|p2a: Jirachi
|-supereffective|p2a: Jirachi
|-damage|p2a: Jirachi|0 fnt
|faint|p2a: Jirachi
|
|t:|1728908586
|switch|p2a: Gengar|Gengar, M|88/100
|
|-heal|p2a: Gengar|94/100|[from] item: Leftovers
|upkeep
|turn|14
|
|t:|1728908594
|switch|p1a: Celebi|Celebi|22/100
|move|p2a: Gengar|Ice Punch|p1a: Celebi
|-supereffective|p1a: Celebi
|-damage|p1a: Celebi|0 fnt
|faint|p1a: Celebi
|
|t:|1728908604
|switch|p1a: Slaking|Slaking, F, shiny|100/100
|
|-heal|p2a: Gengar|100/100|[from] item: Leftovers
|upkeep
|turn|15
|
|t:|1728908632
|switch|p2a: Tyranitar|Tyranitar, F|100/100
|-weather|Sandstorm|[from] ability: Sand Stream|[of] p2a: Tyranitar
|move|p1a: Slaking|Shadow Ball|p2a: Tyranitar
|-resisted|p2a: Tyranitar
|-damage|p2a: Tyranitar|83/100
|
|-weather|Sandstorm|[upkeep]
|-damage|p1a: Slaking|94/100|[from] Sandstorm
|-heal|p2a: Tyranitar|89/100|[from] item: Leftovers
|upkeep
|turn|16
|
|t:|1728908645
|switch|p1a: Magneton|Magneton|100/100
|move|p2a: Tyranitar|Ice Beam|p1a: Magneton
|-resisted|p1a: Magneton
|-damage|p1a: Magneton|71/100
|
|-weather|Sandstorm|[upkeep]
|-heal|p2a: Tyranitar|96/100|[from] item: Leftovers
|upkeep
|turn|17
|
|t:|1728908654
|move|p1a: Magneton|Thunder Wave|p2a: Tyranitar
|-status|p2a: Tyranitar|par
|cant|p2a: Tyranitar|par
|
|-weather|Sandstorm|[upkeep]
|-heal|p2a: Tyranitar|100/100 par|[from] item: Leftovers
|upkeep
|turn|18
|
|t:|1728908665
|switch|p1a: Suicune|Suicune|100/100
|switch|p2a: Swampert|Swampert, F|100/100
|
|-weather|Sandstorm|[upkeep]
|-damage|p1a: Suicune|94/100|[from] Sandstorm
|-heal|p1a: Suicune|100/100|[from] item: Leftovers
|upkeep
|turn|19
|
|t:|1728908675
|move|p1a: Suicune|Calm Mind|p1a: Suicune
|-boost|p1a: Suicune|spa|1
|-boost|p1a: Suicune|spd|1
|move|p2a: Swampert|Earthquake|p1a: Suicune
|-damage|p1a: Suicune|79/100
|
|-weather|Sandstorm|[upkeep]
|-damage|p1a: Suicune|72/100|[from] Sandstorm
|-heal|p1a: Suicune|79/100|[from] item: Leftovers
|upkeep
|turn|20
|
|t:|1728908683
|move|p1a: Suicune|Calm Mind|p1a: Suicune
|-boost|p1a: Suicune|spa|1
|-boost|p1a: Suicune|spd|1
|move|p2a: Swampert|Roar|p1a: Suicune
|drag|p1a: Magneton|Magneton|71/100
|
|-weather|Sandstorm|[upkeep]
|upkeep
|turn|21
|
|t:|1728908701
|move|p1a: Magneton|Rain Dance|p1a: Magneton
|-weather|RainDance
|move|p2a: Swampert|Earthquake|p1a: Magneton
|-supereffective|p1a: Magneton
|-damage|p1a: Magneton|0 fnt
|faint|p1a: Magneton
|
|t:|1728908707
|switch|p1a: Suicune|Suicune|79/100
|
|-weather|RainDance|[upkeep]
|-heal|p1a: Suicune|85/100|[from] item: Leftovers
|upkeep
|turn|22
|
|t:|1728908713
|move|p1a: Suicune|Surf|p2a: Swampert
|-damage|p2a: Swampert|66/100
|move|p2a: Swampert|Roar|p1a: Suicune
|drag|p1a: Snorlax|Snorlax, F|100/100
|
|-weather|RainDance|[upkeep]
|-heal|p2a: Swampert|73/100|[from] item: Leftovers
|upkeep
|turn|23
|
|t:|1728908722
|move|p2a: Swampert|Earthquake|p1a: Snorlax
|-damage|p1a: Snorlax|65/100
|move|p1a: Snorlax|Curse|p1a: Snorlax
|-unboost|p1a: Snorlax|spe|1
|-boost|p1a: Snorlax|atk|1
|-boost|p1a: Snorlax|def|1
|
|-weather|RainDance|[upkeep]
|-heal|p2a: Swampert|79/100|[from] item: Leftovers
|-heal|p1a: Snorlax|71/100|[from] item: Leftovers
|upkeep
|turn|24
|
|t:|1728908734
|move|p2a: Swampert|Protect|p2a: Swampert
|-singleturn|p2a: Swampert|Protect
|move|p1a: Snorlax|Body Slam|p2a: Swampert
|-activate|p2a: Swampert|Protect
|
|-weather|RainDance|[upkeep]
|-heal|p2a: Swampert|85/100|[from] item: Leftovers
|-heal|p1a: Snorlax|78/100|[from] item: Leftovers
|upkeep
|turn|25
|
|t:|1728908744
|move|p1a: Snorlax|Body Slam|p2a: Swampert
|-damage|p2a: Swampert|28/100
|-status|p2a: Swampert|par
|move|p2a: Swampert|Roar|p1a: Snorlax
|drag|p1a: Dugtrio|Dugtrio, F|83/100
|
|-weather|none
|-heal|p2a: Swampert|34/100 par|[from] item: Leftovers
|upkeep
|turn|26
|
|t:|1728908754
|cant|p2a: Swampert|par
|move|p1a: Dugtrio|Earthquake|p2a: Swampert
|-damage|p2a: Swampert|0 fnt
|faint|p2a: Swampert
|
|t:|1728908761
|switch|p2a: Gengar|Gengar, M|100/100
|
|upkeep
|turn|27
|
|t:|1728908775
|switch|p1a: Snorlax|Snorlax, F|78/100
|move|p2a: Gengar|Will-O-Wisp|p1a: Snorlax|[miss]
|-miss|p2a: Gengar|p1a: Snorlax
|
|-heal|p1a: Snorlax|84/100|[from] item: Leftovers
|upkeep
|turn|28
|
|t:|1728908802
|move|p2a: Gengar|Will-O-Wisp|p1a: Snorlax|[miss]
|-miss|p2a: Gengar|p1a: Snorlax
|move|p1a: Snorlax|Curse|p1a: Snorlax
|-unboost|p1a: Snorlax|spe|1
|-boost|p1a: Snorlax|atk|1
|-boost|p1a: Snorlax|def|1
|
|-heal|p1a: Snorlax|90/100|[from] item: Leftovers
|upkeep
|turn|29
|
|t:|1728908811
|move|p2a: Gengar|Will-O-Wisp|p1a: Snorlax
|-status|p1a: Snorlax|brn
|move|p1a: Snorlax|Shadow Ball|p2a: Gengar
|-supereffective|p2a: Gengar
|-damage|p2a: Gengar|47/100
|-unboost|p2a: Gengar|spd|1
|
|-heal|p2a: Gengar|53/100|[from] item: Leftovers
|-heal|p1a: Snorlax|96/100 brn|[from] item: Leftovers
|-damage|p1a: Snorlax|83/100 brn|[from] brn
|upkeep
|turn|30
|
|t:|1728908828
|move|p2a: Gengar|Taunt|p1a: Snorlax
|-start|p1a: Snorlax|move: Taunt
|move|p1a: Snorlax|Shadow Ball|p2a: Gengar
|-supereffective|p2a: Gengar
|-damage|p2a: Gengar|0 fnt
|faint|p2a: Gengar
|
|t:|1728908835
|switch|p2a: Tyranitar|Tyranitar, F|100/100 par
|-weather|Sandstorm|[from] ability: Sand Stream|[of] p2a: Tyranitar
|
|-weather|Sandstorm|[upkeep]
|-damage|p1a: Snorlax|77/100 brn|[from] Sandstorm
|-heal|p1a: Snorlax|83/100 brn|[from] item: Leftovers
|-damage|p1a: Snorlax|71/100 brn|[from] brn
|upkeep
|turn|31
|inactive|yd12k has 270 seconds left.
|
|t:|1728908856
|switch|p1a: Suicune|Suicune|85/100
|cant|p2a: Tyranitar|par
|
|-weather|Sandstorm|[upkeep]
|-damage|p1a: Suicune|79/100|[from] Sandstorm
|-heal|p1a: Suicune|85/100|[from] item: Leftovers
|upkeep
|turn|32
|inactive|yd12k has 270 seconds left.
|
|t:|1728908865
|move|p1a: Suicune|Calm Mind|p1a: Suicune
|-boost|p1a: Suicune|spa|1
|-boost|p1a: Suicune|spd|1
|move|p2a: Tyranitar|Crunch|p1a: Suicune
|-damage|p1a: Suicune|64/100
|
|-weather|Sandstorm|[upkeep]
|-damage|p1a: Suicune|58/100|[from] Sandstorm
|-heal|p1a: Suicune|64/100|[from] item: Leftovers
|upkeep
|turn|33
|
|t:|1728908874
|switch|p2a: Zapdos|Zapdos|100/100
|move|p1a: Suicune|Calm Mind|p1a: Suicune
|-boost|p1a: Suicune|spa|1
|-boost|p1a: Suicune|spd|1
|
|-weather|Sandstorm|[upkeep]
|-damage|p2a: Zapdos|94/100|[from] Sandstorm
|-damage|p1a: Suicune|58/100|[from] Sandstorm
|-heal|p2a: Zapdos|100/100|[from] item: Leftovers
|-heal|p1a: Suicune|64/100|[from] item: Leftovers
|upkeep
|turn|34
|
|t:|1728908888
|move|p2a: Zapdos|Metal Sound|p1a: Suicune
|-unboost|p1a: Suicune|spd|2
|move|p1a: Suicune|Ice Beam|p2a: Zapdos
|-supereffective|p2a: Zapdos
|-damage|p2a: Zapdos|0 fnt
|faint|p2a: Zapdos
|
|t:|1728908894
|switch|p2a: Tyranitar|Tyranitar, F|100/100 par
|
|-weather|Sandstorm|[upkeep]
|-damage|p1a: Suicune|58/100|[from] Sandstorm
|-heal|p1a: Suicune|64/100|[from] item: Leftovers
|upkeep
|turn|35
|
|t:|1728908901
|move|p1a: Suicune|Surf|p2a: Tyranitar
|-supereffective|p2a: Tyranitar
|-damage|p2a: Tyranitar|0 fnt
|faint|p2a: Tyranitar
|
|win|Justblamehax

</script>
<script type="application/json" class="data" id="replaydata-smogtours-gen3ou-798624">
{"id":"smogtours-gen3ou-798624","format":"[Gen 3] OU","players":["Justblamehax","yd12k"],"uploadtime":1728908901,"views":97,"formatid":"gen3ou","rating":null,"private":0,"password":null}
</script>

<script defer src="js/replays.js?9d40a366"></script>
