<!DOCTYPE html>
<meta charset="utf-8" />
<meta name="viewport" content="width=device-width" />

<title>[Gen 3] OU: BlerpDerpSkerp vs. LilBigBamSam - Replays - Pok&eacute;mon Showdown!</title>

<meta name="description" content="Watch a replay of a Pok&eacute;mon battle between BlerpDerpSkerp and LilBigBamSam! Format: [Gen 3] OU; Date: Oct 3, 2024" />
<!--

Hey, you! Looking in the source for the replay log?

You can find them in JSON format, just add `.json` at the end of a replay URL.

https://replay.pokemonshowdown.com/gen7randomdoublesbattle-865046831.json

Or, if you only need the log itself, add `.log` instead:

https://replay.pokemonshowdown.com/gen7randomdoublesbattle-865046831.log

-->

<link rel="stylesheet" href="//pokemonshowdown.com/style/global.css?0.767286132409787" />
<link rel="stylesheet" href="//play.pokemonshowdown.com/style/font-awesome.css?0.9266228007934947" />
<link rel="stylesheet" href="//play.pokemonshowdown.com/style/battle.css?0.7924700842790926" />
<link rel="stylesheet" href="//play.pokemonshowdown.com/style/utilichart.css?0.8777417872839479" />

<!-- Global site tag (gtag.js) - Google Analytics -->
<script async src="https://www.googletagmanager.com/gtag/js?id=UA-26211653-1"></script>
<script>
  window.dataLayer = window.dataLayer || [];
  function gtag(){dataLayer.push(arguments);}
  gtag('js', new Date());

  gtag('config', 'UA-26211653-1');
</script>
<!-- End Google Analytics -->
<!-- Venatus Ad Manager - Install in <HEAD> of page -->
	<script src="https://hb.vntsm.com/v3/live/ad-manager.min.js" type="text/javascript" data-site-id="642aba63ec9a7b11c3c9c1be" data-mode="scan" async></script>
<!-- / Venatus Ad Manager -->

<style>
	@media (max-width:820px) {
		.battle {
			margin: 0 auto;
		}
		.battle-log {
			margin: 7px auto 0;
			max-width: 640px;
			height: 300px;
			position: static;
		}
	}
	.optgroup {
		display: inline-block;
		line-height: 22px;
		font-size: 10pt;
	}
	.optgroup .button {
		height: 25px;
		padding-top: 0;
		padding-bottom: 0;
	}
	.optgroup button.button {
		padding-left: 12px;
		padding-right: 12px;
	}
	.linklist {
		list-style: none;
		margin: 0.5em 0;
		padding: 0;
	}
	.linklist li {
		padding: 2px 0;
	}
	.sidebar {
		float: left;
		width: 320px;
	}
	.bar-wrapper {
		max-width: 1100px;
		margin: 0 auto;
	}
	.bar-wrapper.has-sidebar {
		max-width: 1430px;
	}
	.mainbar {
		margin: 0;
		padding-right: 1px;
	}
	.mainbar.has-sidebar {
		margin-left: 330px;
	}
	@media (min-width: 1511px) {
		.sidebar {
			width: 400px;
		}
		.bar-wrapper.has-sidebar {
			max-width: 1510px;
		}
		.mainbar.has-sidebar {
			margin-left: 410px;
		}
	}
	.section.first-section {
		margin-top: 9px;
	}
	.blocklink small {
		white-space: normal;
	}
	.button {
		vertical-align: middle;
	}
	.replay-controls {
		padding-top: 10px;
	}
	.replay-controls h1 {
		font-size: 16pt;
		font-weight: normal;
		color: #CCC;
	}
	.pagelink {
		text-align: center;
	}
	.pagelink a {
		width: 150px;
	}
	.textbox, .button {
		font-size: 11pt;
		vertical-align: middle;
	}
	@media (max-width: 450px) {
		.button {
			font-size: 9pt;
		}
	}
</style>

<div>

	<header>
		<div class="nav-wrapper"><ul class="nav">
			<li><a class="button nav-first" href="//pokemonshowdown.com/"><img src="//pokemonshowdown.com/images/pokemonshowdownbeta.png" srcset="//pokemonshowdown.com/images/pokemonshowdownbeta.png 1x, //pokemonshowdown.com/images/pokemonshowdownbeta@2x.png 2x" alt="Pok&eacute;mon Showdown" width="146" height="44" /> Home</a></li>
			<li><a class="button" href="//pokemonshowdown.com/dex/">Pok&eacute;dex</a></li>
			<li><a class="button cur" href="/">Replays</a></li>
			<li><a class="button" href="//pokemonshowdown.com/ladder/">Ladder</a></li>
			<li><a class="button nav-last" href="//pokemonshowdown.com/forums/">Forum</a></li>
			<li><a class="button greenbutton nav-first nav-last" href="//play.pokemonshowdown.com/">Play</a></li>
		</ul></div>
	</header>

	<div class="main" id="main">

		<noscript><section class="section">You need to enable JavaScript to use this page; sorry!</section></noscript>

	</div>

</div>

<script defer nomodule src="//play.pokemonshowdown.com/js/lib/ps-polyfill.js"></script>
<script defer src="//play.pokemonshowdown.com/js/lib/preact.min.js"></script>

<script defer src="//play.pokemonshowdown.com/config/config.js?6dec07f6"></script>
<script defer src="//play.pokemonshowdown.com/js/lib/jquery-1.11.0.min.js"></script>
<script defer src="//play.pokemonshowdown.com/js/lib/html-sanitizer-minified.js"></script>
<script defer src="//play.pokemonshowdown.com/js/battle-sound.js"></script>
<script defer src="//play.pokemonshowdown.com/js/battledata.js?0.6315294753075389"></script>
<script defer src="//play.pokemonshowdown.com/data/pokedex-mini.js?0.7603743185311358"></script>
<script defer src="//play.pokemonshowdown.com/data/pokedex-mini-bw.js?0.030888842834281283"></script>
<script defer src="//play.pokemonshowdown.com/data/graphics.js?0.05593094747507488"></script>
<script defer src="//play.pokemonshowdown.com/data/pokedex.js?0.47064822249611904"></script>
<script defer src="//play.pokemonshowdown.com/data/moves.js?0.8583693120512459"></script>
<script defer src="//play.pokemonshowdown.com/data/abilities.js?0.16017181182386842"></script>
<script defer src="//play.pokemonshowdown.com/data/items.js?0.4163379185673943"></script>
<script defer src="//play.pokemonshowdown.com/data/teambuilder-tables.js?0.31075597372830477"></script>
<script defer src="//play.pokemonshowdown.com/js/battle-tooltips.js?0.6536193500708172"></script>
<script defer src="//play.pokemonshowdown.com/js/battle.js?0.1916591943277901"></script>

<script defer src="js/utils.js?e31f9a17"></script>
<script defer src="js/replays-battle.js?7008c182"></script>

<!-- don't scrape this data! just add .json or .log after the URL!
Full API docs: https://github.com/smogon/pokemon-showdown-client/blob/master/WEB-API.md -->
<script type="text/plain" class="log" id="replaylog-smogtours-gen3ou-794193">
|inactive|Battle timer is ON: inactive players will automatically lose when time's up.
|t:|1727956922
|gametype|singles
|player|p1|BlerpDerpSkerp|2|
|player|p2|LilBigBamSam|266|
|teamsize|p1|6
|teamsize|p2|6
|gen|3
|tier|[Gen 3] OU
|rule|Sleep Clause Mod: Limit one foe put to sleep
|rule|Switch Priority Clause Mod: Faster Pokémon switch first
|rule|Species Clause: Limit one of each Pokémon
|rule|OHKO Clause: OHKO moves are banned
|rule|Evasion Items Clause: Evasion items are banned
|rule|Evasion Moves Clause: Evasion moves are banned
|rule|Endless Battle Clause: Forcing endless battles is banned
|rule|HP Percentage Mod: HP is shown in percentages
|rule|One Boost Passer Clause: Limit one Baton Passer that has a way to boost its stats
|rule|Freeze Clause Mod: Limit one foe frozen
|
|t:|1727956922
|start
|switch|p1a: Zapdos|Zapdos|100/100
|switch|p2a: Tyranitar|Tyranitar, M|100/100
|-weather|Sandstorm|[from] ability: Sand Stream|[of] p2a: Tyranitar
|turn|1
|c|☆LilBigBamSam|hf
|c|☆BlerpDerpSkerp|u2
|
|t:|1727956950
|switch|p1a: Swampert|Swampert, F|100/100
|move|p2a: Tyranitar|Ice Beam|p1a: Swampert
|-damage|p1a: Swampert|73/100
|
|-weather|Sandstorm|[upkeep]
|-heal|p1a: Swampert|79/100|[from] item: Leftovers
|upkeep
|turn|2
|
|t:|1727956969
|switch|p2a: Forretress|Forretress, M|100/100
|move|p1a: Swampert|Protect||[still]
|-fail|p1a: Swampert
|
|-weather|Sandstorm|[upkeep]
|-heal|p1a: Swampert|85/100|[from] item: Leftovers
|upkeep
|turn|3
|
|t:|1727956992
|switch|p1a: Zapdos|Zapdos|100/100
|move|p2a: Forretress|Spikes|p1a: Zapdos
|-sidestart|p1: BlerpDerpSkerp|Spikes
|
|-weather|Sandstorm|[upkeep]
|-damage|p1a: Zapdos|94/100|[from] Sandstorm
|-heal|p1a: Zapdos|100/100|[from] item: Leftovers
|upkeep
|turn|4
|
|t:|1727957019
|switch|p2a: Tyranitar|Tyranitar, M|100/100
|move|p1a: Zapdos|Thunderbolt|p2a: Tyranitar
|-damage|p2a: Tyranitar|58/100
|
|-weather|Sandstorm|[upkeep]
|-damage|p1a: Zapdos|94/100|[from] Sandstorm
|-heal|p1a: Zapdos|100/100|[from] item: Leftovers
|upkeep
|turn|5
|
|t:|1727957028
|move|p1a: Zapdos|Thunderbolt|p2a: Tyranitar
|-damage|p2a: Tyranitar|10/100
|move|p2a: Tyranitar|Ice Beam|p1a: Zapdos
|-supereffective|p1a: Zapdos
|-damage|p1a: Zapdos|34/100
|
|-weather|Sandstorm|[upkeep]
|-damage|p1a: Zapdos|28/100|[from] Sandstorm
|-heal|p1a: Zapdos|34/100|[from] item: Leftovers
|upkeep
|turn|6
|inactive|LilBigBamSam has 270 seconds left.
|
|t:|1727957050
|move|p1a: Zapdos|Thunderbolt|p2a: Tyranitar
|-damage|p2a: Tyranitar|0 fnt
|faint|p2a: Tyranitar
|inactive|LilBigBamSam has 270 seconds left.
|
|t:|1727957084
|switch|p2a: Gengar|Gengar, M|100/100
|
|-weather|Sandstorm|[upkeep]
|-damage|p2a: Gengar|94/100|[from] Sandstorm
|-damage|p1a: Zapdos|28/100|[from] Sandstorm
|-heal|p2a: Gengar|100/100|[from] item: Leftovers
|-heal|p1a: Zapdos|34/100|[from] item: Leftovers
|upkeep
|turn|7
|
|t:|1727957095
|switch|p1a: Tyranitar|Tyranitar, M|100/100
|-damage|p1a: Tyranitar|88/100|[from] Spikes
|move|p2a: Gengar|Ice Punch|p1a: Tyranitar
|-damage|p1a: Tyranitar|66/100
|
|-weather|Sandstorm|[upkeep]
|-damage|p2a: Gengar|94/100|[from] Sandstorm
|-heal|p2a: Gengar|100/100|[from] item: Leftovers
|-heal|p1a: Tyranitar|73/100|[from] item: Leftovers
|upkeep
|turn|8
|
|t:|1727957112
|move|p2a: Gengar|Destiny Bond|p2a: Gengar
|-singlemove|p2a: Gengar|Destiny Bond
|move|p1a: Tyranitar|Crunch|p2a: Gengar
|-supereffective|p2a: Gengar
|-damage|p2a: Gengar|0 fnt
|faint|p2a: Gengar
|-activate|p2a: Gengar|move: Destiny Bond
|faint|p1a: Tyranitar
|inactive|LilBigBamSam has 240 seconds left.
|
|t:|1727957132
|switch|p2a: Forretress|Forretress, M|100/100
|switch|p1a: Gengar|Gengar, M|100/100
|
|-weather|Sandstorm|[upkeep]
|-damage|p1a: Gengar|94/100|[from] Sandstorm
|-heal|p1a: Gengar|100/100|[from] item: Leftovers
|upkeep
|turn|9
|inactive|LilBigBamSam has 240 seconds left.
|inactive|LilBigBamSam has 210 seconds left.
|
|t:|1727957176
|move|p1a: Gengar|Fire Punch|p2a: Forretress
|-supereffective|p2a: Forretress
|-damage|p2a: Forretress|7/100
|move|p2a: Forretress|Spikes|p1a: Gengar
|-sidestart|p1: BlerpDerpSkerp|Spikes
|
|-weather|Sandstorm|[upkeep]
|-damage|p1a: Gengar|94/100|[from] Sandstorm
|-heal|p1a: Gengar|100/100|[from] item: Leftovers
|-heal|p2a: Forretress|13/100|[from] item: Leftovers
|upkeep
|turn|10
|inactive|LilBigBamSam has 210 seconds left.
|
|t:|1727957194
|switch|p2a: Flygon|Flygon, F|100/100
|move|p1a: Gengar|Fire Punch|p2a: Flygon
|-resisted|p2a: Flygon
|-damage|p2a: Flygon|83/100
|
|-weather|Sandstorm|[upkeep]
|-damage|p1a: Gengar|94/100|[from] Sandstorm
|-heal|p1a: Gengar|100/100|[from] item: Leftovers
|-heal|p2a: Flygon|89/100|[from] item: Leftovers
|upkeep
|turn|11
|
|t:|1727957210
|switch|p1a: Swampert|Swampert, F|85/100
|-damage|p1a: Swampert|69/100|[from] Spikes
|move|p2a: Flygon|Substitute|p2a: Flygon
|-start|p2a: Flygon|Substitute
|-damage|p2a: Flygon|64/100
|
|-weather|Sandstorm|[upkeep]
|-heal|p2a: Flygon|70/100|[from] item: Leftovers
|-heal|p1a: Swampert|75/100|[from] item: Leftovers
|upkeep
|turn|12
|
|t:|1727957220
|move|p2a: Flygon|Earthquake|p1a: Swampert
|-damage|p1a: Swampert|44/100
|move|p1a: Swampert|Ice Beam|p2a: Flygon
|-supereffective|p2a: Flygon
|-end|p2a: Flygon|Substitute
|
|-weather|Sandstorm|[upkeep]
|-heal|p2a: Flygon|76/100|[from] item: Leftovers
|-heal|p1a: Swampert|51/100|[from] item: Leftovers
|upkeep
|turn|13
|
|t:|1727957232
|switch|p2a: Milotic|Milotic, M|100/100
|move|p1a: Swampert|Ice Beam|p2a: Milotic
|-resisted|p2a: Milotic
|-damage|p2a: Milotic|93/100
|
|-weather|Sandstorm|[upkeep]
|-damage|p2a: Milotic|87/100|[from] Sandstorm
|-heal|p2a: Milotic|93/100|[from] item: Leftovers
|-heal|p1a: Swampert|57/100|[from] item: Leftovers
|upkeep
|turn|14
|
|t:|1727957241
|switch|p1a: Forretress|Forretress, M|100/100
|-damage|p1a: Forretress|84/100|[from] Spikes
|move|p2a: Milotic|Surf|p1a: Forretress
|-damage|p1a: Forretress|53/100
|
|-weather|Sandstorm|[upkeep]
|-damage|p2a: Milotic|87/100|[from] Sandstorm
|-heal|p2a: Milotic|93/100|[from] item: Leftovers
|-heal|p1a: Forretress|59/100|[from] item: Leftovers
|upkeep
|turn|15
|inactive|LilBigBamSam has 210 seconds left.
|
|t:|1727957254
|move|p2a: Milotic|Surf|p1a: Forretress
|-damage|p1a: Forretress|28/100
|move|p1a: Forretress|Rapid Spin|p2a: Milotic
|-damage|p2a: Milotic|90/100
|-sideend|p1: BlerpDerpSkerp|Spikes|[from] move: Rapid Spin|[of] p1a: Forretress
|
|-weather|Sandstorm|[upkeep]
|-damage|p2a: Milotic|83/100|[from] Sandstorm
|-heal|p2a: Milotic|90/100|[from] item: Leftovers
|-heal|p1a: Forretress|34/100|[from] item: Leftovers
|upkeep
|turn|16
|inactive|LilBigBamSam has 210 seconds left.
|
|t:|1727957265
|move|p2a: Milotic|Surf|p1a: Forretress
|-damage|p1a: Forretress|4/100
|move|p1a: Forretress|Spikes|p2a: Milotic
|-sidestart|p2: LilBigBamSam|Spikes
|
|-weather|Sandstorm|[upkeep]
|-damage|p2a: Milotic|83/100|[from] Sandstorm
|-heal|p2a: Milotic|90/100|[from] item: Leftovers
|-heal|p1a: Forretress|11/100|[from] item: Leftovers
|upkeep
|turn|17
|inactive|LilBigBamSam has 210 seconds left.
|
|t:|1727957278
|switch|p1a: Gengar|Gengar, M|100/100
|move|p2a: Milotic|Surf|p1a: Gengar
|-damage|p1a: Gengar|45/100
|
|-weather|Sandstorm|[upkeep]
|-damage|p1a: Gengar|39/100|[from] Sandstorm
|-damage|p2a: Milotic|83/100|[from] Sandstorm
|-heal|p1a: Gengar|45/100|[from] item: Leftovers
|-heal|p2a: Milotic|90/100|[from] item: Leftovers
|upkeep
|turn|18
|inactive|LilBigBamSam has 210 seconds left.
|
|t:|1727957314
|move|p1a: Gengar|Giga Drain|p2a: Milotic
|-supereffective|p2a: Milotic
|-damage|p2a: Milotic|59/100
|-heal|p1a: Gengar|69/100|[from] drain|[of] p2a: Milotic
|move|p2a: Milotic|Surf|p1a: Gengar
|-damage|p1a: Gengar|10/100
|
|-weather|Sandstorm|[upkeep]
|-damage|p1a: Gengar|4/100|[from] Sandstorm
|-damage|p2a: Milotic|53/100|[from] Sandstorm
|-heal|p1a: Gengar|10/100|[from] item: Leftovers
|-heal|p2a: Milotic|59/100|[from] item: Leftovers
|upkeep
|turn|19
|
|t:|1727957326
|move|p1a: Gengar|Thunderbolt|p2a: Milotic
|-supereffective|p2a: Milotic
|-damage|p2a: Milotic|14/100
|move|p2a: Milotic|Recover|p2a: Milotic
|-heal|p2a: Milotic|64/100
|
|-weather|Sandstorm|[upkeep]
|-damage|p1a: Gengar|4/100|[from] Sandstorm
|-damage|p2a: Milotic|58/100|[from] Sandstorm
|-heal|p1a: Gengar|10/100|[from] item: Leftovers
|-heal|p2a: Milotic|64/100|[from] item: Leftovers
|upkeep
|turn|20
|
|t:|1727957336
|move|p1a: Gengar|Thunderbolt|p2a: Milotic
|-supereffective|p2a: Milotic
|-damage|p2a: Milotic|18/100
|move|p2a: Milotic|Recover|p2a: Milotic
|-heal|p2a: Milotic|68/100
|
|-weather|Sandstorm|[upkeep]
|-damage|p1a: Gengar|4/100|[from] Sandstorm
|-damage|p2a: Milotic|62/100|[from] Sandstorm
|-heal|p1a: Gengar|10/100|[from] item: Leftovers
|-heal|p2a: Milotic|68/100|[from] item: Leftovers
|upkeep
|turn|21
|inactive|LilBigBamSam has 180 seconds left.
|
|t:|1727957368
|move|p1a: Gengar|Thunderbolt|p2a: Milotic
|-supereffective|p2a: Milotic
|-damage|p2a: Milotic|23/100
|move|p2a: Milotic|Recover|p2a: Milotic
|-heal|p2a: Milotic|73/100
|
|-weather|Sandstorm|[upkeep]
|-damage|p1a: Gengar|4/100|[from] Sandstorm
|-damage|p2a: Milotic|67/100|[from] Sandstorm
|-heal|p1a: Gengar|10/100|[from] item: Leftovers
|-heal|p2a: Milotic|73/100|[from] item: Leftovers
|upkeep
|turn|22
|
|t:|1727957382
|move|p1a: Gengar|Thunderbolt|p2a: Milotic
|-supereffective|p2a: Milotic
|-crit|p2a: Milotic
|-damage|p2a: Milotic|0 fnt
|faint|p2a: Milotic
|
|t:|1727957393
|switch|p2a: Flygon|Flygon, F|76/100
|
|-weather|Sandstorm|[upkeep]
|-damage|p1a: Gengar|4/100|[from] Sandstorm
|-heal|p1a: Gengar|10/100|[from] item: Leftovers
|-heal|p2a: Flygon|82/100|[from] item: Leftovers
|upkeep
|turn|23
|
|t:|1727957402
|move|p1a: Gengar|Giga Drain|p2a: Flygon
|-damage|p2a: Flygon|55/100
|-heal|p1a: Gengar|26/100|[from] drain|[of] p2a: Flygon
|move|p2a: Flygon|Substitute|p2a: Flygon
|-start|p2a: Flygon|Substitute
|-damage|p2a: Flygon|30/100
|
|-weather|Sandstorm|[upkeep]
|-damage|p1a: Gengar|20/100|[from] Sandstorm
|-heal|p1a: Gengar|26/100|[from] item: Leftovers
|-heal|p2a: Flygon|36/100|[from] item: Leftovers
|upkeep
|turn|24
|
|t:|1727957424
|move|p1a: Gengar|Giga Drain|p2a: Flygon
|-end|p2a: Flygon|Substitute
|-heal|p1a: Gengar|41/100|[from] drain|[of] p2a: Flygon
|move|p2a: Flygon|Rock Slide|p1a: Gengar
|-damage|p1a: Gengar|0 fnt
|faint|p1a: Gengar
|
|t:|1727957439
|switch|p1a: Swampert|Swampert, F|57/100
|
|-weather|Sandstorm|[upkeep]
|-heal|p2a: Flygon|42/100|[from] item: Leftovers
|-heal|p1a: Swampert|63/100|[from] item: Leftovers
|upkeep
|turn|25
|inactive|LilBigBamSam has 150 seconds left.
|inactive|LilBigBamSam has 120 seconds left.
|
|t:|1727957505
|switch|p2a: Forretress|Forretress, M|13/100
|-damage|p2a: Forretress|1/100|[from] Spikes
|move|p1a: Swampert|Ice Beam|p2a: Forretress
|-resisted|p2a: Forretress
|-crit|p2a: Forretress
|-damage|p2a: Forretress|0 fnt
|faint|p2a: Forretress
|
|t:|1727957511
|switch|p2a: Flygon|Flygon, F|42/100
|
|-weather|Sandstorm|[upkeep]
|-heal|p2a: Flygon|48/100|[from] item: Leftovers
|-heal|p1a: Swampert|69/100|[from] item: Leftovers
|upkeep
|turn|26
|
|t:|1727957519
|move|p2a: Flygon|Earthquake|p1a: Swampert
|-damage|p1a: Swampert|40/100
|move|p1a: Swampert|Ice Beam|p2a: Flygon
|-supereffective|p2a: Flygon
|-damage|p2a: Flygon|0 fnt
|faint|p2a: Flygon
|
|t:|1727957525
|switch|p2a: Jirachi|Jirachi|100/100
|-damage|p2a: Jirachi|88/100|[from] Spikes
|
|-weather|Sandstorm|[upkeep]
|-heal|p2a: Jirachi|94/100|[from] item: Leftovers
|-heal|p1a: Swampert|46/100|[from] item: Leftovers
|upkeep
|turn|27
|c|☆LilBigBamSam|i missclicked
|c|☆LilBigBamSam|prob gg
|
|t:|1727957539
|move|p2a: Jirachi|Calm Mind|p2a: Jirachi
|-boost|p2a: Jirachi|spa|1
|-boost|p2a: Jirachi|spd|1
|move|p1a: Swampert|Earthquake|p2a: Jirachi
|-supereffective|p2a: Jirachi
|-damage|p2a: Jirachi|32/100
|
|-weather|Sandstorm|[upkeep]
|-heal|p2a: Jirachi|39/100|[from] item: Leftovers
|-heal|p1a: Swampert|52/100|[from] item: Leftovers
|upkeep
|turn|28
|c|☆BlerpDerpSkerp|which move?
|
|t:|1727957550
|move|p2a: Jirachi|Psychic|p1a: Swampert
|-damage|p1a: Swampert|1/100
|-unboost|p1a: Swampert|spd|1
|move|p1a: Swampert|Earthquake|p2a: Jirachi
|-supereffective|p2a: Jirachi
|-damage|p2a: Jirachi|0 fnt
|faint|p2a: Jirachi
|
|win|BlerpDerpSkerp
|c|☆BlerpDerpSkerp|gg1
|c|☆LilBigBamSam|didnt mean to swich flygon back in
|c|☆LilBigBamSam|gg

</script>
<script type="application/json" class="data" id="replaydata-smogtours-gen3ou-794193">
{"id":"smogtours-gen3ou-794193","format":"[Gen 3] OU","players":["BlerpDerpSkerp","LilBigBamSam"],"uploadtime":1727957550,"views":117,"formatid":"gen3ou","rating":null,"private":0,"password":null}
</script>

<script defer src="js/replays.js?9d40a366"></script>
