<!DOCTYPE html>
<meta charset="utf-8" />
<meta name="viewport" content="width=device-width" />

<title>[Gen 3] OU: donk27 vs. earl gr3y - Replays - Pok&eacute;mon Showdown!</title>

<meta name="description" content="Watch a replay of a Pok&eacute;mon battle between donk27 and earl gr3y! Format: [Gen 3] OU; Date: Nov 3, 2024" />
<!--

Hey, you! Looking in the source for the replay log?

You can find them in JSON format, just add `.json` at the end of a replay URL.

https://replay.pokemonshowdown.com/gen7randomdoublesbattle-865046831.json

Or, if you only need the log itself, add `.log` instead:

https://replay.pokemonshowdown.com/gen7randomdoublesbattle-865046831.log

-->

<link rel="stylesheet" href="//pokemonshowdown.com/style/global.css?0.023195364461161105" />
<link rel="stylesheet" href="//play.pokemonshowdown.com/style/font-awesome.css?0.13261647063804238" />
<link rel="stylesheet" href="//play.pokemonshowdown.com/style/battle.css?0.8753245789963631" />
<link rel="stylesheet" href="//play.pokemonshowdown.com/style/utilichart.css?0.8627959624976733" />

<!-- Global site tag (gtag.js) - Google Analytics -->
<script async src="https://www.googletagmanager.com/gtag/js?id=UA-26211653-1"></script>
<script>
  window.dataLayer = window.dataLayer || [];
  function gtag(){dataLayer.push(arguments);}
  gtag('js', new Date());

  gtag('config', 'UA-26211653-1');
</script>
<!-- End Google Analytics -->
<!-- Venatus Ad Manager - Install in <HEAD> of page -->
	<script src="https://hb.vntsm.com/v3/live/ad-manager.min.js" type="text/javascript" data-site-id="642aba63ec9a7b11c3c9c1be" data-mode="scan" async></script>
<!-- / Venatus Ad Manager -->

<style>
	@media (max-width:820px) {
		.battle {
			margin: 0 auto;
		}
		.battle-log {
			margin: 7px auto 0;
			max-width: 640px;
			height: 300px;
			position: static;
		}
	}
	.optgroup {
		display: inline-block;
		line-height: 22px;
		font-size: 10pt;
	}
	.optgroup .button {
		height: 25px;
		padding-top: 0;
		padding-bottom: 0;
	}
	.optgroup button.button {
		padding-left: 12px;
		padding-right: 12px;
	}
	.linklist {
		list-style: none;
		margin: 0.5em 0;
		padding: 0;
	}
	.linklist li {
		padding: 2px 0;
	}
	.sidebar {
		float: left;
		width: 320px;
	}
	.bar-wrapper {
		max-width: 1100px;
		margin: 0 auto;
	}
	.bar-wrapper.has-sidebar {
		max-width: 1430px;
	}
	.mainbar {
		margin: 0;
		padding-right: 1px;
	}
	.mainbar.has-sidebar {
		margin-left: 330px;
	}
	@media (min-width: 1511px) {
		.sidebar {
			width: 400px;
		}
		.bar-wrapper.has-sidebar {
			max-width: 1510px;
		}
		.mainbar.has-sidebar {
			margin-left: 410px;
		}
	}
	.section.first-section {
		margin-top: 9px;
	}
	.blocklink small {
		white-space: normal;
	}
	.button {
		vertical-align: middle;
	}
	.replay-controls {
		padding-top: 10px;
	}
	.replay-controls h1 {
		font-size: 16pt;
		font-weight: normal;
		color: #CCC;
	}
	.pagelink {
		text-align: center;
	}
	.pagelink a {
		width: 150px;
	}
	.textbox, .button {
		font-size: 11pt;
		vertical-align: middle;
	}
	@media (max-width: 450px) {
		.button {
			font-size: 9pt;
		}
	}
</style>

<div>

	<header>
		<div class="nav-wrapper"><ul class="nav">
			<li><a class="button nav-first" href="//pokemonshowdown.com/"><img src="//pokemonshowdown.com/images/pokemonshowdownbeta.png" srcset="//pokemonshowdown.com/images/pokemonshowdownbeta.png 1x, //pokemonshowdown.com/images/pokemonshowdownbeta@2x.png 2x" alt="Pok&eacute;mon Showdown" width="146" height="44" /> Home</a></li>
			<li><a class="button" href="//pokemonshowdown.com/dex/">Pok&eacute;dex</a></li>
			<li><a class="button cur" href="/">Replays</a></li>
			<li><a class="button" href="//pokemonshowdown.com/ladder/">Ladder</a></li>
			<li><a class="button nav-last" href="//pokemonshowdown.com/forums/">Forum</a></li>
			<li><a class="button greenbutton nav-first nav-last" href="//play.pokemonshowdown.com/">Play</a></li>
		</ul></div>
	</header>

	<div class="main" id="main">

		<noscript><section class="section">You need to enable JavaScript to use this page; sorry!</section></noscript>

	</div>

</div>

<script defer nomodule src="//play.pokemonshowdown.com/js/lib/ps-polyfill.js"></script>
<script defer src="//play.pokemonshowdown.com/js/lib/preact.min.js"></script>

<script defer src="//play.pokemonshowdown.com/config/config.js?2bddbc15"></script>
<script defer src="//play.pokemonshowdown.com/js/lib/jquery-1.11.0.min.js"></script>
<script defer src="//play.pokemonshowdown.com/js/lib/html-sanitizer-minified.js"></script>
<script defer src="//play.pokemonshowdown.com/js/battle-sound.js"></script>
<script defer src="//play.pokemonshowdown.com/js/battledata.js?0.7209276989879541"></script>
<script defer src="//play.pokemonshowdown.com/data/pokedex-mini.js?0.6111056340867951"></script>
<script defer src="//play.pokemonshowdown.com/data/pokedex-mini-bw.js?0.3532142036491459"></script>
<script defer src="//play.pokemonshowdown.com/data/graphics.js?0.24223875632456182"></script>
<script defer src="//play.pokemonshowdown.com/data/pokedex.js?0.38839984266356864"></script>
<script defer src="//play.pokemonshowdown.com/data/moves.js?0.21866028504024015"></script>
<script defer src="//play.pokemonshowdown.com/data/abilities.js?0.2005157953846628"></script>
<script defer src="//play.pokemonshowdown.com/data/items.js?0.9894211263848525"></script>
<script defer src="//play.pokemonshowdown.com/data/teambuilder-tables.js?0.6008791140282215"></script>
<script defer src="//play.pokemonshowdown.com/js/battle-tooltips.js?0.7580118955022959"></script>
<script defer src="//play.pokemonshowdown.com/js/battle.js?0.6057722274234274"></script>

<script defer src="js/utils.js?e31f9a17"></script>
<script defer src="js/replays-battle.js?7008c182"></script>

<!-- don't scrape this data! just add .json or .log after the URL!
Full API docs: https://github.com/smogon/pokemon-showdown-client/blob/master/WEB-API.md -->
<script type="text/plain" class="log" id="replaylog-smogtours-gen3ou-804445">
|inactive|Battle timer is ON: inactive players will automatically lose when time's up.
|t:|1730656725
|gametype|singles
|player|p1|donk27|jasmine|
|player|p2|earl gr3y|unknown|
|teamsize|p1|6
|teamsize|p2|6
|gen|3
|tier|[Gen 3] OU
|rule|Sleep Clause Mod: Limit one foe put to sleep
|rule|Switch Priority Clause Mod: Faster Pokémon switch first
|rule|Species Clause: Limit one of each Pokémon
|rule|OHKO Clause: OHKO moves are banned
|rule|Evasion Items Clause: Evasion items are banned
|rule|Evasion Moves Clause: Evasion moves are banned
|rule|Endless Battle Clause: Forcing endless battles is banned
|rule|HP Percentage Mod: HP is shown in percentages
|rule|One Boost Passer Clause: Limit one Baton Passer that has a way to boost its stats
|rule|Freeze Clause Mod: Limit one foe frozen
|
|t:|1730656725
|start
|switch|p1a: Metagross|Metagross|100/100
|switch|p2a: Tyranitar|Tyranitar, F|100/100
|-weather|Sandstorm|[from] ability: Sand Stream|[of] p2a: Tyranitar
|turn|1
|inactive|earl gr3y also wants the timer to be on.
|c|☆donk27|glhf
|c|☆earl gr3y|u2
|inactive|earl gr3y has 270 seconds left.
|
|t:|1730656770
|switch|p1a: Skarmory|Skarmory, F|100/100
|switch|p2a: Moltres|Moltres|100/100
|
|-weather|Sandstorm|[upkeep]
|-damage|p2a: Moltres|94/100|[from] Sandstorm
|-heal|p2a: Moltres|100/100|[from] item: Leftovers
|upkeep
|turn|2
|
|t:|1730656788
|switch|p1a: Blissey|Blissey, F|100/100
|move|p2a: Moltres|Will-O-Wisp|p1a: Blissey
|-status|p1a: Blissey|brn
|
|-weather|Sandstorm|[upkeep]
|-damage|p2a: Moltres|94/100|[from] Sandstorm
|-damage|p1a: Blissey|94/100 brn|[from] Sandstorm
|-heal|p2a: Moltres|100/100|[from] item: Leftovers
|-heal|p1a: Blissey|100/100 brn|[from] item: Leftovers
|-damage|p1a: Blissey|88/100 brn|[from] brn
|upkeep
|turn|3
|
|t:|1730656807
|switch|p2a: Jirachi|Jirachi|100/100
|move|p1a: Blissey|Fire Blast|p2a: Jirachi|[miss]
|-miss|p1a: Blissey|p2a: Jirachi
|
|-weather|Sandstorm|[upkeep]
|-damage|p1a: Blissey|82/100 brn|[from] Sandstorm
|-heal|p1a: Blissey|88/100 brn|[from] item: Leftovers
|-damage|p1a: Blissey|76/100 brn|[from] brn
|upkeep
|turn|4
|
|t:|1730656826
|-curestatus|p1a: Blissey|brn|[from] ability: Natural Cure
|switch|p1a: Skarmory|Skarmory, F|100/100
|move|p2a: Jirachi|Wish|p2a: Jirachi
|
|-weather|Sandstorm|[upkeep]
|upkeep
|turn|5
|inactive|earl gr3y has 270 seconds left.
|
|t:|1730656842
|switch|p2a: Forretress|Forretress, M|100/100
|move|p1a: Skarmory|Spikes|p2a: Forretress
|-sidestart|p2: earl gr3y|Spikes
|
|-weather|Sandstorm|[upkeep]
|upkeep
|turn|6
|
|t:|1730656851
|move|p1a: Skarmory|Taunt|p2a: Forretress
|-start|p2a: Forretress|move: Taunt
|move|p2a: Forretress|Rapid Spin|p1a: Skarmory
|-resisted|p1a: Skarmory
|-damage|p1a: Skarmory|99/100
|-sideend|p2: earl gr3y|Spikes|[from] move: Rapid Spin|[of] p2a: Forretress
|
|-weather|Sandstorm|[upkeep]
|-heal|p1a: Skarmory|100/100|[from] item: Leftovers
|upkeep
|turn|7
|
|t:|1730656856
|switch|p1a: Swampert|Swampert, F|100/100
|move|p2a: Forretress|Rapid Spin|p1a: Swampert
|-damage|p1a: Swampert|96/100
|
|-weather|Sandstorm|[upkeep]
|-end|p2a: Forretress|move: Taunt|[silent]
|upkeep
|turn|8
|
|t:|1730656879
|move|p2a: Forretress|Spikes|p1a: Swampert
|-sidestart|p1: donk27|Spikes
|move|p1a: Swampert|Roar|p2a: Forretress
|drag|p2a: Moltres|Moltres|100/100
|
|-weather|Sandstorm|[upkeep]
|-damage|p2a: Moltres|94/100|[from] Sandstorm
|-heal|p2a: Moltres|100/100|[from] item: Leftovers
|upkeep
|turn|9
|inactive|earl gr3y has 270 seconds left.
|
|t:|1730656906
|switch|p1a: Blissey|Blissey, F|76/100
|-damage|p1a: Blissey|63/100|[from] Spikes
|move|p2a: Moltres|Hidden Power|p1a: Blissey
|-damage|p1a: Blissey|52/100
|
|-weather|Sandstorm|[upkeep]
|-damage|p2a: Moltres|94/100|[from] Sandstorm
|-damage|p1a: Blissey|46/100|[from] Sandstorm
|-heal|p2a: Moltres|100/100|[from] item: Leftovers
|-heal|p1a: Blissey|52/100|[from] item: Leftovers
|upkeep
|turn|10
|inactive|earl gr3y has 240 seconds left.
|
|t:|1730656944
|switch|p2a: Tyranitar|Tyranitar, F|100/100
|move|p1a: Blissey|Soft-Boiled|p1a: Blissey
|-heal|p1a: Blissey|100/100
|
|-weather|Sandstorm|[upkeep]
|-damage|p1a: Blissey|94/100|[from] Sandstorm
|-heal|p1a: Blissey|100/100|[from] item: Leftovers
|upkeep
|turn|11
|
|t:|1730656949
|-singleturn|p2a: Tyranitar|move: Focus Punch
|move|p1a: Blissey|Toxic|p2a: Tyranitar
|-status|p2a: Tyranitar|tox
|move|p2a: Tyranitar|Focus Punch|p1a: Blissey
|-supereffective|p1a: Blissey
|-damage|p1a: Blissey|11/100
|
|-weather|Sandstorm|[upkeep]
|-damage|p1a: Blissey|5/100|[from] Sandstorm
|-heal|p1a: Blissey|11/100|[from] item: Leftovers
|-damage|p2a: Tyranitar|94/100 tox|[from] psn
|upkeep
|turn|12
|
|t:|1730656965
|switch|p1a: Metagross|Metagross|100/100
|-damage|p1a: Metagross|88/100|[from] Spikes
|move|p2a: Tyranitar|Crunch|p1a: Metagross
|-damage|p1a: Metagross|47/100
|
|-weather|Sandstorm|[upkeep]
|-heal|p2a: Tyranitar|100/100 tox|[from] item: Leftovers
|-damage|p2a: Tyranitar|88/100 tox|[from] psn
|upkeep
|turn|13
|inactive|earl gr3y has 240 seconds left.
|
|t:|1730656994
|switch|p2a: Forretress|Forretress, M|100/100
|move|p1a: Metagross|Earthquake|p2a: Forretress
|-damage|p2a: Forretress|58/100
|
|-weather|Sandstorm|[upkeep]
|-heal|p2a: Forretress|65/100|[from] item: Leftovers
|upkeep
|turn|14
|
|t:|1730657005
|switch|p1a: Starmie|Starmie|100/100
|-damage|p1a: Starmie|88/100|[from] Spikes
|switch|p2a: Moltres|Moltres|100/100
|
|-weather|Sandstorm|[upkeep]
|-damage|p1a: Starmie|82/100|[from] Sandstorm
|-damage|p2a: Moltres|94/100|[from] Sandstorm
|-heal|p1a: Starmie|88/100|[from] item: Leftovers
|-heal|p2a: Moltres|100/100|[from] item: Leftovers
|upkeep
|turn|15
|
|t:|1730657012
|switch|p2a: Jirachi|Jirachi|100/100
|move|p1a: Starmie|Rapid Spin|p2a: Jirachi
|-resisted|p2a: Jirachi
|-damage|p2a: Jirachi|99/100
|-sideend|p1: donk27|Spikes|[from] move: Rapid Spin|[of] p1a: Starmie
|
|-weather|Sandstorm|[upkeep]
|-damage|p1a: Starmie|82/100|[from] Sandstorm
|-heal|p1a: Starmie|88/100|[from] item: Leftovers
|-heal|p2a: Jirachi|100/100|[from] item: Leftovers
|upkeep
|turn|16
|inactive|earl gr3y has 240 seconds left.
|
|t:|1730657028
|switch|p1a: Metagross|Metagross|47/100
|move|p2a: Jirachi|Wish|p2a: Jirachi
|
|-weather|Sandstorm|[upkeep]
|upkeep
|turn|17
|inactive|earl gr3y has 240 seconds left.
|inactive|donk27 has 270 seconds left.
|
|t:|1730657063
|switch|p1a: Tyranitar|Tyranitar, M|100/100
|move|p2a: Jirachi|Protect||[still]
|-fail|p2a: Jirachi
|
|-weather|Sandstorm|[upkeep]
|upkeep
|turn|18
|inactive|earl gr3y has 240 seconds left.
|
|t:|1730657074
|switch|p2a: Monopert|Swampert, F|100/100
|move|p1a: Tyranitar|Earthquake|p2a: Monopert
|-damage|p2a: Monopert|75/100
|
|-weather|Sandstorm|[upkeep]
|-heal|p2a: Monopert|82/100|[from] item: Leftovers
|upkeep
|turn|19
|inactive|earl gr3y has 240 seconds left.
|inactive|donk27 has 270 seconds left.
|
|t:|1730657102
|switch|p1a: Skarmory|Skarmory, F|100/100
|move|p2a: Monopert|Surf|p1a: Skarmory
|-damage|p1a: Skarmory|73/100
|
|-weather|Sandstorm|[upkeep]
|-heal|p1a: Skarmory|79/100|[from] item: Leftovers
|-heal|p2a: Monopert|88/100|[from] item: Leftovers
|upkeep
|turn|20
|
|t:|1730657110
|switch|p2a: Forretress|Forretress, M|65/100
|move|p1a: Skarmory|Spikes|p2a: Forretress
|-sidestart|p2: earl gr3y|Spikes
|
|-weather|Sandstorm|[upkeep]
|-heal|p1a: Skarmory|85/100|[from] item: Leftovers
|-heal|p2a: Forretress|71/100|[from] item: Leftovers
|upkeep
|turn|21
|inactive|earl gr3y has 240 seconds left.
|
|t:|1730657118
|move|p1a: Skarmory|Drill Peck|p2a: Forretress
|-damage|p2a: Forretress|55/100
|move|p2a: Forretress|Rapid Spin|p1a: Skarmory
|-resisted|p1a: Skarmory
|-damage|p1a: Skarmory|84/100
|-sideend|p2: earl gr3y|Spikes|[from] move: Rapid Spin|[of] p2a: Forretress
|
|-weather|Sandstorm|[upkeep]
|-heal|p1a: Skarmory|90/100|[from] item: Leftovers
|-heal|p2a: Forretress|62/100|[from] item: Leftovers
|upkeep
|turn|22
|
|t:|1730657125
|switch|p1a: Starmie|Starmie|88/100
|move|p2a: Forretress|Spikes|p1a: Starmie
|-sidestart|p1: donk27|Spikes
|
|-weather|Sandstorm|[upkeep]
|-damage|p1a: Starmie|82/100|[from] Sandstorm
|-heal|p1a: Starmie|88/100|[from] item: Leftovers
|-heal|p2a: Forretress|68/100|[from] item: Leftovers
|upkeep
|turn|23
|
|t:|1730657137
|switch|p1a: Tyranitar|Tyranitar, M|100/100
|-damage|p1a: Tyranitar|88/100|[from] Spikes
|move|p2a: Forretress|Earthquake|p1a: Tyranitar
|-supereffective|p1a: Tyranitar
|-damage|p1a: Tyranitar|54/100
|
|-weather|Sandstorm|[upkeep]
|-heal|p1a: Tyranitar|60/100|[from] item: Leftovers
|-heal|p2a: Forretress|74/100|[from] item: Leftovers
|upkeep
|turn|24
|
|t:|1730657148
|move|p1a: Tyranitar|Dragon Dance|p1a: Tyranitar
|-boost|p1a: Tyranitar|atk|1
|-boost|p1a: Tyranitar|spe|1
|move|p2a: Forretress|Earthquake|p1a: Tyranitar
|-supereffective|p1a: Tyranitar
|-damage|p1a: Tyranitar|26/100
|
|-weather|Sandstorm|[upkeep]
|-heal|p1a: Tyranitar|33/100|[from] item: Leftovers
|-heal|p2a: Forretress|80/100|[from] item: Leftovers
|upkeep
|turn|25
|inactive|earl gr3y has 240 seconds left.
|
|t:|1730657177
|switch|p2a: Monopert|Swampert, F|88/100
|move|p1a: Tyranitar|Double-Edge|p2a: Monopert
|-damage|p2a: Monopert|43/100
|-damage|p1a: Tyranitar|18/100|[from] Recoil|[of] p2a: Monopert
|
|-weather|Sandstorm|[upkeep]
|-heal|p1a: Tyranitar|24/100|[from] item: Leftovers
|-heal|p2a: Monopert|49/100|[from] item: Leftovers
|upkeep
|turn|26
|inactive|donk27 has 270 seconds left.
|
|t:|1730657217
|switch|p1a: Skarmory|Skarmory, F|90/100
|move|p2a: Monopert|Surf|p1a: Skarmory
|-damage|p1a: Skarmory|61/100
|
|-weather|Sandstorm|[upkeep]
|-heal|p1a: Skarmory|67/100|[from] item: Leftovers
|-heal|p2a: Monopert|55/100|[from] item: Leftovers
|upkeep
|turn|27
|inactive|earl gr3y has 240 seconds left.
|
|t:|1730657243
|switch|p2a: Moltres|Moltres|100/100
|move|p1a: Skarmory|Spikes|p2a: Moltres
|-sidestart|p2: earl gr3y|Spikes
|
|-weather|Sandstorm|[upkeep]
|-damage|p2a: Moltres|94/100|[from] Sandstorm
|-heal|p2a: Moltres|100/100|[from] item: Leftovers
|-heal|p1a: Skarmory|73/100|[from] item: Leftovers
|upkeep
|turn|28
|inactive|donk27 has 240 seconds left.
|
|t:|1730657267
|switch|p1a: Starmie|Starmie|88/100
|-damage|p1a: Starmie|76/100|[from] Spikes
|move|p2a: Moltres|Flamethrower|p1a: Starmie
|-resisted|p1a: Starmie
|-damage|p1a: Starmie|35/100
|-status|p1a: Starmie|brn
|
|-weather|Sandstorm|[upkeep]
|-damage|p1a: Starmie|29/100 brn|[from] Sandstorm
|-damage|p2a: Moltres|94/100|[from] Sandstorm
|-heal|p1a: Starmie|35/100 brn|[from] item: Leftovers
|-damage|p1a: Starmie|23/100 brn|[from] brn
|-heal|p2a: Moltres|100/100|[from] item: Leftovers
|upkeep
|turn|29
|inactive|earl gr3y has 240 seconds left.
|
|t:|1730657283
|switch|p2a: Forretress|Forretress, M|80/100
|-damage|p2a: Forretress|68/100|[from] Spikes
|move|p1a: Starmie|Hydro Pump|p2a: Forretress
|-crit|p2a: Forretress
|-damage|p2a: Forretress|0 fnt
|faint|p2a: Forretress
|c|☆donk27|mb
|inactive|earl gr3y has 240 seconds left.
|c|☆earl gr3y|np i got some luck so far
|
|t:|1730657302
|switch|p2a: Jirachi|Jirachi|100/100
|-damage|p2a: Jirachi|88/100|[from] Spikes
|
|-weather|Sandstorm|[upkeep]
|-damage|p1a: Starmie|17/100 brn|[from] Sandstorm
|-heal|p1a: Starmie|23/100 brn|[from] item: Leftovers
|-damage|p1a: Starmie|11/100 brn|[from] brn
|-heal|p2a: Jirachi|94/100|[from] item: Leftovers
|upkeep
|turn|30
|
|t:|1730657307
|move|p2a: Jirachi|Protect|p2a: Jirachi
|-singleturn|p2a: Jirachi|Protect
|move|p1a: Starmie|Rapid Spin|p2a: Jirachi
|-activate|p2a: Jirachi|Protect
|
|-weather|Sandstorm|[upkeep]
|-damage|p1a: Starmie|5/100 brn|[from] Sandstorm
|-heal|p1a: Starmie|11/100 brn|[from] item: Leftovers
|-damage|p1a: Starmie|0 fnt|[from] brn
|faint|p1a: Starmie
|-heal|p2a: Jirachi|100/100|[from] item: Leftovers
|upkeep
|
|t:|1730657321
|switch|p1a: Swampert|Swampert, F|96/100
|-damage|p1a: Swampert|84/100|[from] Spikes
|turn|31
|
|t:|1730657330
|move|p1a: Swampert|Substitute|p1a: Swampert
|-start|p1a: Swampert|Substitute
|-damage|p1a: Swampert|59/100
|move|p2a: Jirachi|Wish|p2a: Jirachi
|
|-weather|Sandstorm|[upkeep]
|upkeep
|turn|32
|
|t:|1730657344
|move|p1a: Swampert|Surf|p2a: Jirachi
|-damage|p2a: Jirachi|74/100
|move|p2a: Jirachi|Body Slam|p1a: Swampert
|-activate|p1a: Swampert|Substitute|[damage]
|
|-heal|p2a: Jirachi|100/100|[from] move: Wish|[wisher] Jirachi
|-weather|Sandstorm|[upkeep]
|upkeep
|turn|33
|
|t:|1730657351
|move|p2a: Jirachi|Wish|p2a: Jirachi
|move|p1a: Swampert|Roar|p2a: Jirachi
|drag|p2a: Monopert|Swampert, F|55/100
|-damage|p2a: Monopert|43/100|[from] Spikes
|
|-weather|Sandstorm|[upkeep]
|-heal|p2a: Monopert|49/100|[from] item: Leftovers
|upkeep
|turn|34
|
|t:|1730657355
|move|p2a: Monopert|Protect|p2a: Monopert
|-singleturn|p2a: Monopert|Protect
|move|p1a: Swampert|Surf|p2a: Monopert
|-activate|p2a: Monopert|Protect
|
|-heal|p2a: Monopert|99/100|[from] move: Wish|[wisher] Jirachi
|-weather|Sandstorm|[upkeep]
|-heal|p2a: Monopert|100/100|[from] item: Leftovers
|upkeep
|turn|35
|
|t:|1730657360
|move|p1a: Swampert|Surf|p2a: Monopert
|-damage|p2a: Monopert|65/100
|move|p2a: Monopert|Surf|p1a: Swampert
|-end|p1a: Swampert|Substitute
|
|-weather|Sandstorm|[upkeep]
|-heal|p2a: Monopert|71/100|[from] item: Leftovers
|upkeep
|turn|36
|inactive|donk27 has 270 seconds left.
|inactive|earl gr3y has 270 seconds left.
|inactive|donk27 has 240 seconds left.
|
|t:|1730657437
|move|p1a: Swampert|Surf|p2a: Monopert
|-damage|p2a: Monopert|35/100
|move|p2a: Monopert|Surf|p1a: Swampert
|-damage|p1a: Swampert|27/100
|
|-weather|Sandstorm|[upkeep]
|-heal|p2a: Monopert|42/100|[from] item: Leftovers
|upkeep
|turn|37
|
|t:|1730657447
|move|p1a: Swampert|Substitute|p1a: Swampert
|-start|p1a: Swampert|Substitute
|-damage|p1a: Swampert|3/100
|move|p2a: Monopert|Surf|p1a: Swampert
|-end|p1a: Swampert|Substitute
|
|-weather|Sandstorm|[upkeep]
|-enditem|p1a: Swampert|Salac Berry|[eat]
|-boost|p1a: Swampert|spe|1|[from] item: Salac Berry
|-heal|p2a: Monopert|48/100|[from] item: Leftovers
|upkeep
|turn|38
|
|t:|1730657458
|move|p2a: Monopert|Protect|p2a: Monopert
|-singleturn|p2a: Monopert|Protect
|move|p1a: Swampert|Surf|p2a: Monopert
|-activate|p2a: Monopert|Protect
|
|-weather|Sandstorm|[upkeep]
|-heal|p2a: Monopert|54/100|[from] item: Leftovers
|upkeep
|turn|39
|inactive|earl gr3y has 240 seconds left.
|
|t:|1730657481
|switch|p2a: Blissey|Blissey, F|100/100
|-damage|p2a: Blissey|88/100|[from] Spikes
|move|p1a: Swampert|Surf|p2a: Blissey
|-damage|p2a: Blissey|67/100
|
|-weather|Sandstorm|[upkeep]
|-damage|p2a: Blissey|60/100|[from] Sandstorm
|-heal|p2a: Blissey|67/100|[from] item: Leftovers
|upkeep
|turn|40
|inactive|earl gr3y has 240 seconds left.
|
|t:|1730657488
|move|p1a: Swampert|Endeavor|p2a: Blissey
|-damage|p2a: Blissey|2/100
|move|p2a: Blissey|Seismic Toss|p1a: Swampert
|-damage|p1a: Swampert|0 fnt
|faint|p1a: Swampert
|c|☆donk27|gg
|c|☆donk27|molt wins 
|c|☆earl gr3y|gg
|inactive|donk27 has 240 seconds left.
|
|t:|1730657508
|switch|p1a: Blissey|Blissey, F|11/100
|-damage|p1a: Blissey|0 fnt|[from] Spikes
|faint|p1a: Blissey
|c|☆earl gr3y|gg's
|
|t:|1730657510
|switch|p1a: Skarmory|Skarmory, F|73/100
|
|-weather|Sandstorm|[upkeep]
|-damage|p2a: Blissey|0 fnt|[from] Sandstorm
|faint|p2a: Blissey
|-heal|p1a: Skarmory|79/100|[from] item: Leftovers
|upkeep
|
|t:|1730657513
|switch|p2a: Moltres|Moltres|100/100
|turn|41
|
|t:|1730657516
|move|p2a: Moltres|Flamethrower|p1a: Skarmory
|-supereffective|p1a: Skarmory
|-damage|p1a: Skarmory|0 fnt
|faint|p1a: Skarmory
|
|t:|1730657517
|switch|p1a: Metagross|Metagross|47/100
|-damage|p1a: Metagross|34/100|[from] Spikes
|
|-weather|Sandstorm|[upkeep]
|-damage|p2a: Moltres|94/100|[from] Sandstorm
|-heal|p2a: Moltres|100/100|[from] item: Leftovers
|upkeep
|turn|42
|
|t:|1730657519
|move|p2a: Moltres|Flamethrower|p1a: Metagross
|-supereffective|p1a: Metagross
|-damage|p1a: Metagross|0 fnt
|faint|p1a: Metagross
|
|t:|1730657522
|switch|p1a: Tyranitar|Tyranitar, M|24/100
|-damage|p1a: Tyranitar|11/100|[from] Spikes
|
|-weather|Sandstorm|[upkeep]
|-damage|p2a: Moltres|94/100|[from] Sandstorm
|-heal|p2a: Moltres|100/100|[from] item: Leftovers
|-heal|p1a: Tyranitar|18/100|[from] item: Leftovers
|upkeep
|turn|43
|
|t:|1730657524
|move|p2a: Moltres|Hidden Power|p1a: Tyranitar
|-supereffective|p1a: Tyranitar
|-damage|p1a: Tyranitar|0 fnt
|faint|p1a: Tyranitar
|
|win|earl gr3y
|c|☆earl gr3y|/log earl gr3y made the replay of this battle unlisted.

</script>
<script type="application/json" class="data" id="replaydata-smogtours-gen3ou-804445">
{"id":"smogtours-gen3ou-804445","format":"[Gen 3] OU","players":["donk27","earl gr3y"],"uploadtime":1730657524,"views":50,"formatid":"gen3ou","rating":null,"private":1,"password":null}
</script>

<script defer src="js/replays.js?9d40a366"></script>
