<!DOCTYPE html>
<meta charset="utf-8" />
<meta name="viewport" content="width=device-width" />

<title>[Gen 3] OU: aldrich_unfaithful vs. Johnathan Gamer - Replays - Pok&eacute;mon Showdown!</title>

<meta name="description" content="Watch a replay of a Pok&eacute;mon battle between aldrich_unfaithful and Johnathan Gamer! Format: [Gen 3] OU; Date: Oct 19, 2024" />
<!--

Hey, you! Looking in the source for the replay log?

You can find them in JSON format, just add `.json` at the end of a replay URL.

https://replay.pokemonshowdown.com/gen7randomdoublesbattle-865046831.json

Or, if you only need the log itself, add `.log` instead:

https://replay.pokemonshowdown.com/gen7randomdoublesbattle-865046831.log

-->

<link rel="stylesheet" href="//pokemonshowdown.com/style/global.css?0.767286132409787" />
<link rel="stylesheet" href="//play.pokemonshowdown.com/style/font-awesome.css?0.9266228007934947" />
<link rel="stylesheet" href="//play.pokemonshowdown.com/style/battle.css?0.7924700842790926" />
<link rel="stylesheet" href="//play.pokemonshowdown.com/style/utilichart.css?0.8777417872839479" />

<!-- Global site tag (gtag.js) - Google Analytics -->
<script async src="https://www.googletagmanager.com/gtag/js?id=UA-26211653-1"></script>
<script>
  window.dataLayer = window.dataLayer || [];
  function gtag(){dataLayer.push(arguments);}
  gtag('js', new Date());

  gtag('config', 'UA-26211653-1');
</script>
<!-- End Google Analytics -->
<!-- Venatus Ad Manager - Install in <HEAD> of page -->
	<script src="https://hb.vntsm.com/v3/live/ad-manager.min.js" type="text/javascript" data-site-id="642aba63ec9a7b11c3c9c1be" data-mode="scan" async></script>
<!-- / Venatus Ad Manager -->

<style>
	@media (max-width:820px) {
		.battle {
			margin: 0 auto;
		}
		.battle-log {
			margin: 7px auto 0;
			max-width: 640px;
			height: 300px;
			position: static;
		}
	}
	.optgroup {
		display: inline-block;
		line-height: 22px;
		font-size: 10pt;
	}
	.optgroup .button {
		height: 25px;
		padding-top: 0;
		padding-bottom: 0;
	}
	.optgroup button.button {
		padding-left: 12px;
		padding-right: 12px;
	}
	.linklist {
		list-style: none;
		margin: 0.5em 0;
		padding: 0;
	}
	.linklist li {
		padding: 2px 0;
	}
	.sidebar {
		float: left;
		width: 320px;
	}
	.bar-wrapper {
		max-width: 1100px;
		margin: 0 auto;
	}
	.bar-wrapper.has-sidebar {
		max-width: 1430px;
	}
	.mainbar {
		margin: 0;
		padding-right: 1px;
	}
	.mainbar.has-sidebar {
		margin-left: 330px;
	}
	@media (min-width: 1511px) {
		.sidebar {
			width: 400px;
		}
		.bar-wrapper.has-sidebar {
			max-width: 1510px;
		}
		.mainbar.has-sidebar {
			margin-left: 410px;
		}
	}
	.section.first-section {
		margin-top: 9px;
	}
	.blocklink small {
		white-space: normal;
	}
	.button {
		vertical-align: middle;
	}
	.replay-controls {
		padding-top: 10px;
	}
	.replay-controls h1 {
		font-size: 16pt;
		font-weight: normal;
		color: #CCC;
	}
	.pagelink {
		text-align: center;
	}
	.pagelink a {
		width: 150px;
	}
	.textbox, .button {
		font-size: 11pt;
		vertical-align: middle;
	}
	@media (max-width: 450px) {
		.button {
			font-size: 9pt;
		}
	}
</style>

<div>

	<header>
		<div class="nav-wrapper"><ul class="nav">
			<li><a class="button nav-first" href="//pokemonshowdown.com/"><img src="//pokemonshowdown.com/images/pokemonshowdownbeta.png" srcset="//pokemonshowdown.com/images/pokemonshowdownbeta.png 1x, //pokemonshowdown.com/images/pokemonshowdownbeta@2x.png 2x" alt="Pok&eacute;mon Showdown" width="146" height="44" /> Home</a></li>
			<li><a class="button" href="//pokemonshowdown.com/dex/">Pok&eacute;dex</a></li>
			<li><a class="button cur" href="/">Replays</a></li>
			<li><a class="button" href="//pokemonshowdown.com/ladder/">Ladder</a></li>
			<li><a class="button nav-last" href="//pokemonshowdown.com/forums/">Forum</a></li>
			<li><a class="button greenbutton nav-first nav-last" href="//play.pokemonshowdown.com/">Play</a></li>
		</ul></div>
	</header>

	<div class="main" id="main">

		<noscript><section class="section">You need to enable JavaScript to use this page; sorry!</section></noscript>

	</div>

</div>

<script defer nomodule src="//play.pokemonshowdown.com/js/lib/ps-polyfill.js"></script>
<script defer src="//play.pokemonshowdown.com/js/lib/preact.min.js"></script>

<script defer src="//play.pokemonshowdown.com/config/config.js?6dec07f6"></script>
<script defer src="//play.pokemonshowdown.com/js/lib/jquery-1.11.0.min.js"></script>
<script defer src="//play.pokemonshowdown.com/js/lib/html-sanitizer-minified.js"></script>
<script defer src="//play.pokemonshowdown.com/js/battle-sound.js"></script>
<script defer src="//play.pokemonshowdown.com/js/battledata.js?0.6315294753075389"></script>
<script defer src="//play.pokemonshowdown.com/data/pokedex-mini.js?0.7603743185311358"></script>
<script defer src="//play.pokemonshowdown.com/data/pokedex-mini-bw.js?0.030888842834281283"></script>
<script defer src="//play.pokemonshowdown.com/data/graphics.js?0.05593094747507488"></script>
<script defer src="//play.pokemonshowdown.com/data/pokedex.js?0.47064822249611904"></script>
<script defer src="//play.pokemonshowdown.com/data/moves.js?0.8583693120512459"></script>
<script defer src="//play.pokemonshowdown.com/data/abilities.js?0.16017181182386842"></script>
<script defer src="//play.pokemonshowdown.com/data/items.js?0.4163379185673943"></script>
<script defer src="//play.pokemonshowdown.com/data/teambuilder-tables.js?0.31075597372830477"></script>
<script defer src="//play.pokemonshowdown.com/js/battle-tooltips.js?0.6536193500708172"></script>
<script defer src="//play.pokemonshowdown.com/js/battle.js?0.1916591943277901"></script>

<script defer src="js/utils.js?e31f9a17"></script>
<script defer src="js/replays-battle.js?7008c182"></script>

<!-- don't scrape this data! just add .json or .log after the URL!
Full API docs: https://github.com/smogon/pokemon-showdown-client/blob/master/WEB-API.md -->
<script type="text/plain" class="log" id="replaylog-smogtours-gen3ou-799815">
|inactive|Battle timer is ON: inactive players will automatically lose when time's up.
|t:|1729332191
|gametype|singles
|player|p1|aldrich_unfaithful|veteranf|
|player|p2|Johnathan Gamer|fisherman-gen4|
|teamsize|p1|6
|teamsize|p2|6
|gen|3
|tier|[Gen 3] OU
|rule|Sleep Clause Mod: Limit one foe put to sleep
|rule|Switch Priority Clause Mod: Faster Pokémon switch first
|rule|Species Clause: Limit one of each Pokémon
|rule|OHKO Clause: OHKO moves are banned
|rule|Evasion Items Clause: Evasion items are banned
|rule|Evasion Moves Clause: Evasion moves are banned
|rule|Endless Battle Clause: Forcing endless battles is banned
|rule|HP Percentage Mod: HP is shown in percentages
|rule|One Boost Passer Clause: Limit one Baton Passer that has a way to boost its stats
|rule|Freeze Clause Mod: Limit one foe frozen
|
|t:|1729332191
|start
|switch|p1a: Glalie|Glalie, F|100/100
|switch|p2a: Skarmory|Skarmory, F|100/100
|turn|1
|c|☆aldrich_unfaithful|glhf
|c|☆Johnathan Gamer|hf
|
|t:|1729332202
|switch|p2a: Tyranitar|Tyranitar, F|100/100
|-weather|Sandstorm|[from] ability: Sand Stream|[of] p2a: Tyranitar
|move|p1a: Glalie|Spikes|p2a: Tyranitar
|-sidestart|p2: Johnathan Gamer|Spikes
|
|-weather|Sandstorm|[upkeep]
|-damage|p1a: Glalie|94/100|[from] Sandstorm
|upkeep
|turn|2
|
|t:|1729332210
|move|p1a: Glalie|Spikes|p2a: Tyranitar
|-sidestart|p2: Johnathan Gamer|Spikes
|move|p2a: Tyranitar|Fire Blast|p1a: Glalie
|-supereffective|p1a: Glalie
|-damage|p1a: Glalie|14/100
|
|-weather|Sandstorm|[upkeep]
|-damage|p1a: Glalie|8/100|[from] Sandstorm
|-enditem|p1a: Glalie|Salac Berry|[eat]
|-boost|p1a: Glalie|spe|1|[from] item: Salac Berry
|upkeep
|turn|3
|
|t:|1729332226
|move|p1a: Glalie|Spikes|p2a: Tyranitar
|-sidestart|p2: Johnathan Gamer|Spikes
|move|p2a: Tyranitar|Pursuit|p1a: Glalie
|-damage|p1a: Glalie|0 fnt
|faint|p1a: Glalie
|
|t:|1729332244
|switch|p1a: Swampert|Swampert, F|100/100
|
|-weather|Sandstorm|[upkeep]
|upkeep
|turn|4
|
|t:|1729332258
|move|p1a: Swampert|Hydro Pump|p2a: Tyranitar|[miss]
|-miss|p1a: Swampert|p2a: Tyranitar
|move|p2a: Tyranitar|Crunch|p1a: Swampert
|-damage|p1a: Swampert|55/100
|
|-weather|Sandstorm|[upkeep]
|-heal|p1a: Swampert|61/100|[from] item: Leftovers
|upkeep
|turn|5
|
|t:|1729332265
|move|p1a: Swampert|Hydro Pump|p2a: Tyranitar
|-supereffective|p2a: Tyranitar
|-damage|p2a: Tyranitar|6/100
|move|p2a: Tyranitar|Crunch|p1a: Swampert
|-damage|p1a: Swampert|15/100
|
|-weather|Sandstorm|[upkeep]
|-heal|p1a: Swampert|21/100|[from] item: Leftovers
|-heal|p2a: Tyranitar|13/100|[from] item: Leftovers
|upkeep
|turn|6
|
|t:|1729332270
|move|p1a: Swampert|Ice Beam|p2a: Tyranitar
|-damage|p2a: Tyranitar|0 fnt
|faint|p2a: Tyranitar
|
|t:|1729332272
|switch|p2a: Zapdos|Zapdos|100/100
|
|-weather|Sandstorm|[upkeep]
|-damage|p2a: Zapdos|94/100|[from] Sandstorm
|-heal|p2a: Zapdos|100/100|[from] item: Leftovers
|-heal|p1a: Swampert|27/100|[from] item: Leftovers
|upkeep
|turn|7
|
|t:|1729332275
|switch|p1a: Regice|Regice|100/100
|move|p2a: Zapdos|Agility|p2a: Zapdos
|-boost|p2a: Zapdos|spe|2
|
|-weather|Sandstorm|[upkeep]
|-damage|p2a: Zapdos|94/100|[from] Sandstorm
|-damage|p1a: Regice|94/100|[from] Sandstorm
|-heal|p2a: Zapdos|100/100|[from] item: Leftovers
|-heal|p1a: Regice|100/100|[from] item: Leftovers
|upkeep
|turn|8
|
|t:|1729332283
|move|p2a: Zapdos|Baton Pass|p2a: Zapdos
|
|t:|1729332284
|switch|p2a: Metagross|Metagross|100/100|[from] Baton Pass
|-damage|p2a: Metagross|76/100|[from] Spikes
|move|p1a: Regice|Thunder Wave|p2a: Metagross
|-status|p2a: Metagross|par
|-enditem|p2a: Metagross|Lum Berry|[eat]
|-curestatus|p2a: Metagross|par|[msg]
|
|-weather|Sandstorm|[upkeep]
|-damage|p1a: Regice|94/100|[from] Sandstorm
|-heal|p1a: Regice|100/100|[from] item: Leftovers
|upkeep
|turn|9
|inactive|aldrich_unfaithful has 270 seconds left.
|inactive|aldrich_unfaithful has 240 seconds left.
|
|t:|1729332352
|move|p2a: Metagross|Meteor Mash|p1a: Regice|[miss]
|-miss|p2a: Metagross|p1a: Regice
|move|p1a: Regice|Thunder Wave|p2a: Metagross
|-status|p2a: Metagross|par
|
|-weather|Sandstorm|[upkeep]
|-damage|p1a: Regice|94/100|[from] Sandstorm
|-heal|p1a: Regice|100/100|[from] item: Leftovers
|upkeep
|turn|10
|inactive|aldrich_unfaithful has 240 seconds left.
|
|t:|1729332360
|switch|p1a: Swampert|Swampert, F|27/100
|move|p2a: Metagross|Meteor Mash|p1a: Swampert
|-resisted|p1a: Swampert
|-crit|p1a: Swampert
|-damage|p1a: Swampert|0 fnt
|faint|p1a: Swampert
|inactive|aldrich_unfaithful has 240 seconds left.
|
|t:|1729332382
|switch|p1a: Gengar|Gengar, F|100/100
|
|-weather|Sandstorm|[upkeep]
|-damage|p1a: Gengar|94/100|[from] Sandstorm
|-heal|p1a: Gengar|100/100|[from] item: Leftovers
|upkeep
|turn|11
|
|t:|1729332385
|move|p1a: Gengar|Thunderbolt|p2a: Metagross
|-damage|p2a: Metagross|44/100 par
|move|p2a: Metagross|Meteor Mash|p1a: Gengar
|-damage|p1a: Gengar|3/100
|
|-weather|Sandstorm|[upkeep]
|-damage|p1a: Gengar|0 fnt|[from] Sandstorm
|faint|p1a: Gengar
|upkeep
|
|t:|1729332392
|switch|p1a: Tyranitar|Tyranitar, M|100/100
|turn|12
|
|t:|1729332395
|move|p1a: Tyranitar|Earthquake|p2a: Metagross
|-supereffective|p2a: Metagross
|-damage|p2a: Metagross|0 fnt
|faint|p2a: Metagross
|
|t:|1729332419
|switch|p2a: Skarmory|Skarmory, F|100/100
|
|-weather|Sandstorm|[upkeep]
|upkeep
|turn|13
|
|t:|1729332422
|move|p2a: Skarmory|Spikes|p1a: Tyranitar
|-sidestart|p1: aldrich_unfaithful|Spikes
|move|p1a: Tyranitar|Rock Slide|p2a: Skarmory
|-damage|p2a: Skarmory|65/100
|
|-weather|Sandstorm|[upkeep]
|-heal|p2a: Skarmory|71/100|[from] item: Leftovers
|upkeep
|turn|14
|
|t:|1729332428
|move|p1a: Tyranitar|Rock Slide|p2a: Skarmory
|-damage|p2a: Skarmory|35/100
|cant|p2a: Skarmory|flinch
|
|-weather|Sandstorm|[upkeep]
|-heal|p2a: Skarmory|41/100|[from] item: Leftovers
|upkeep
|turn|15
|
|t:|1729332432
|move|p2a: Skarmory|Protect|p2a: Skarmory
|-singleturn|p2a: Skarmory|Protect
|move|p1a: Tyranitar|Rock Slide|p2a: Skarmory
|-activate|p2a: Skarmory|Protect
|
|-weather|Sandstorm|[upkeep]
|-heal|p2a: Skarmory|47/100|[from] item: Leftovers
|upkeep
|turn|16
|
|t:|1729332436
|move|p1a: Tyranitar|Rock Slide|p2a: Skarmory
|-damage|p2a: Skarmory|15/100
|move|p2a: Skarmory|Roar|p1a: Tyranitar
|drag|p1a: Aerodactyl|Aerodactyl, F|100/100
|
|-weather|Sandstorm|[upkeep]
|-heal|p2a: Skarmory|21/100|[from] item: Leftovers
|upkeep
|turn|17
|
|t:|1729332441
|move|p2a: Skarmory|Protect|p2a: Skarmory
|-singleturn|p2a: Skarmory|Protect
|move|p1a: Aerodactyl|Rock Slide|p2a: Skarmory
|-activate|p2a: Skarmory|Protect
|
|-weather|Sandstorm|[upkeep]
|-heal|p2a: Skarmory|27/100|[from] item: Leftovers
|upkeep
|turn|18
|
|t:|1729332449
|move|p1a: Aerodactyl|Rock Slide|p2a: Skarmory
|-damage|p2a: Skarmory|0 fnt
|faint|p2a: Skarmory
|
|t:|1729332450
|switch|p2a: Suicune|Suicune|100/100
|-damage|p2a: Suicune|76/100|[from] Spikes
|
|-weather|Sandstorm|[upkeep]
|-damage|p2a: Suicune|69/100|[from] Sandstorm
|-heal|p2a: Suicune|76/100|[from] item: Leftovers
|upkeep
|turn|19
|
|t:|1729332454
|switch|p1a: Regice|Regice|100/100
|-damage|p1a: Regice|88/100|[from] Spikes
|move|p2a: Suicune|Surf|p1a: Regice
|-damage|p1a: Regice|67/100
|
|-weather|Sandstorm|[upkeep]
|-damage|p2a: Suicune|69/100|[from] Sandstorm
|-damage|p1a: Regice|61/100|[from] Sandstorm
|-heal|p2a: Suicune|76/100|[from] item: Leftovers
|-heal|p1a: Regice|67/100|[from] item: Leftovers
|upkeep
|turn|20
|
|t:|1729332459
|move|p2a: Suicune|Calm Mind|p2a: Suicune
|-boost|p2a: Suicune|spa|1
|-boost|p2a: Suicune|spd|1
|move|p1a: Regice|Thunder Wave|p2a: Suicune
|-status|p2a: Suicune|par
|
|-weather|Sandstorm|[upkeep]
|-damage|p1a: Regice|61/100|[from] Sandstorm
|-damage|p2a: Suicune|69/100 par|[from] Sandstorm
|-heal|p1a: Regice|67/100|[from] item: Leftovers
|-heal|p2a: Suicune|76/100 par|[from] item: Leftovers
|upkeep
|turn|21
|
|t:|1729332462
|move|p1a: Regice|Thunderbolt|p2a: Suicune
|-supereffective|p2a: Suicune
|-damage|p2a: Suicune|47/100 par
|move|p2a: Suicune|Calm Mind|p2a: Suicune
|-boost|p2a: Suicune|spa|1
|-boost|p2a: Suicune|spd|1
|
|-weather|Sandstorm|[upkeep]
|-damage|p1a: Regice|61/100|[from] Sandstorm
|-damage|p2a: Suicune|41/100 par|[from] Sandstorm
|-heal|p1a: Regice|67/100|[from] item: Leftovers
|-heal|p2a: Suicune|47/100 par|[from] item: Leftovers
|upkeep
|turn|22
|
|t:|1729332468
|move|p1a: Regice|Thunderbolt|p2a: Suicune
|-supereffective|p2a: Suicune
|-damage|p2a: Suicune|22/100 par
|move|p2a: Suicune|Rest|p2a: Suicune
|-status|p2a: Suicune|slp|[from] move: Rest
|-heal|p2a: Suicune|100/100 slp|[silent]
|
|-weather|Sandstorm|[upkeep]
|-damage|p2a: Suicune|94/100 slp|[from] Sandstorm
|-damage|p1a: Regice|61/100|[from] Sandstorm
|-heal|p2a: Suicune|100/100 slp|[from] item: Leftovers
|-heal|p1a: Regice|67/100|[from] item: Leftovers
|upkeep
|turn|23
|
|t:|1729332480
|cant|p2a: Suicune|slp
|move|p2a: Suicune|Sleep Talk|p2a: Suicune
|move|p2a: Suicune|Surf|p1a: Regice|[from]Sleep Talk
|-damage|p1a: Regice|24/100
|move|p1a: Regice|Thunderbolt|p2a: Suicune
|-supereffective|p2a: Suicune
|-damage|p2a: Suicune|79/100 slp
|
|-weather|Sandstorm|[upkeep]
|-damage|p2a: Suicune|73/100 slp|[from] Sandstorm
|-damage|p1a: Regice|18/100|[from] Sandstorm
|-heal|p2a: Suicune|79/100 slp|[from] item: Leftovers
|-heal|p1a: Regice|24/100|[from] item: Leftovers
|upkeep
|turn|24
|
|t:|1729332486
|cant|p2a: Suicune|slp
|move|p2a: Suicune|Sleep Talk|p2a: Suicune
|move|p2a: Suicune|Surf|p1a: Regice|[from]Sleep Talk
|-crit|p1a: Regice
|-damage|p1a: Regice|0 fnt
|faint|p1a: Regice
|
|t:|1729332492
|switch|p1a: Aerodactyl|Aerodactyl, F|100/100
|
|-weather|Sandstorm|[upkeep]
|-damage|p2a: Suicune|73/100 slp|[from] Sandstorm
|-heal|p2a: Suicune|79/100 slp|[from] item: Leftovers
|upkeep
|turn|25
|
|t:|1729332495
|move|p1a: Aerodactyl|Rock Slide|p2a: Suicune|[miss]
|-miss|p1a: Aerodactyl|p2a: Suicune
|-curestatus|p2a: Suicune|slp|[msg]
|move|p2a: Suicune|Surf|p1a: Aerodactyl
|-supereffective|p1a: Aerodactyl
|-damage|p1a: Aerodactyl|0 fnt
|faint|p1a: Aerodactyl
|
|t:|1729332498
|switch|p1a: Tyranitar|Tyranitar, M|100/100
|-damage|p1a: Tyranitar|88/100|[from] Spikes
|
|-weather|Sandstorm|[upkeep]
|-damage|p2a: Suicune|73/100|[from] Sandstorm
|-heal|p2a: Suicune|79/100|[from] item: Leftovers
|-heal|p1a: Tyranitar|94/100|[from] item: Leftovers
|upkeep
|turn|26
|
|t:|1729332500
|move|p2a: Suicune|Surf|p1a: Tyranitar
|-supereffective|p1a: Tyranitar
|-crit|p1a: Tyranitar
|-damage|p1a: Tyranitar|0 fnt
|faint|p1a: Tyranitar
|
|win|Johnathan Gamer
|c|☆aldrich_unfaithful|gg
|c|☆Johnathan Gamer|gg
|player|p1|
|c|☆Johnathan Gamer|challenge me again when you're ready
|player|p1|aldrich_unfaithful|veteranf|

</script>
<script type="application/json" class="data" id="replaydata-smogtours-gen3ou-799815">
{"id":"smogtours-gen3ou-799815","format":"[Gen 3] OU","players":["aldrich_unfaithful","Johnathan Gamer"],"uploadtime":1729332500,"views":95,"formatid":"gen3ou","rating":null,"private":0,"password":null}
</script>

<script defer src="js/replays.js?9d40a366"></script>
