<!DOCTYPE html>
<meta charset="utf-8" />
<meta name="viewport" content="width=device-width" />

<title>[Gen 3] OU: COB 8 vs. JoJ707 - Replays - Pok&eacute;mon Showdown!</title>

<meta name="description" content="Watch a replay of a Pok&eacute;mon battle between COB 8 and JoJ707! Format: [Gen 3] OU; Date: Oct 18, 2024" />
<!--

Hey, you! Looking in the source for the replay log?

You can find them in JSON format, just add `.json` at the end of a replay URL.

https://replay.pokemonshowdown.com/gen7randomdoublesbattle-865046831.json

Or, if you only need the log itself, add `.log` instead:

https://replay.pokemonshowdown.com/gen7randomdoublesbattle-865046831.log

-->

<link rel="stylesheet" href="//pokemonshowdown.com/style/global.css?0.023195364461161105" />
<link rel="stylesheet" href="//play.pokemonshowdown.com/style/font-awesome.css?0.13261647063804238" />
<link rel="stylesheet" href="//play.pokemonshowdown.com/style/battle.css?0.8753245789963631" />
<link rel="stylesheet" href="//play.pokemonshowdown.com/style/utilichart.css?0.8627959624976733" />

<!-- Global site tag (gtag.js) - Google Analytics -->
<script async src="https://www.googletagmanager.com/gtag/js?id=UA-26211653-1"></script>
<script>
  window.dataLayer = window.dataLayer || [];
  function gtag(){dataLayer.push(arguments);}
  gtag('js', new Date());

  gtag('config', 'UA-26211653-1');
</script>
<!-- End Google Analytics -->
<!-- Venatus Ad Manager - Install in <HEAD> of page -->
	<script src="https://hb.vntsm.com/v3/live/ad-manager.min.js" type="text/javascript" data-site-id="642aba63ec9a7b11c3c9c1be" data-mode="scan" async></script>
<!-- / Venatus Ad Manager -->

<style>
	@media (max-width:820px) {
		.battle {
			margin: 0 auto;
		}
		.battle-log {
			margin: 7px auto 0;
			max-width: 640px;
			height: 300px;
			position: static;
		}
	}
	.optgroup {
		display: inline-block;
		line-height: 22px;
		font-size: 10pt;
	}
	.optgroup .button {
		height: 25px;
		padding-top: 0;
		padding-bottom: 0;
	}
	.optgroup button.button {
		padding-left: 12px;
		padding-right: 12px;
	}
	.linklist {
		list-style: none;
		margin: 0.5em 0;
		padding: 0;
	}
	.linklist li {
		padding: 2px 0;
	}
	.sidebar {
		float: left;
		width: 320px;
	}
	.bar-wrapper {
		max-width: 1100px;
		margin: 0 auto;
	}
	.bar-wrapper.has-sidebar {
		max-width: 1430px;
	}
	.mainbar {
		margin: 0;
		padding-right: 1px;
	}
	.mainbar.has-sidebar {
		margin-left: 330px;
	}
	@media (min-width: 1511px) {
		.sidebar {
			width: 400px;
		}
		.bar-wrapper.has-sidebar {
			max-width: 1510px;
		}
		.mainbar.has-sidebar {
			margin-left: 410px;
		}
	}
	.section.first-section {
		margin-top: 9px;
	}
	.blocklink small {
		white-space: normal;
	}
	.button {
		vertical-align: middle;
	}
	.replay-controls {
		padding-top: 10px;
	}
	.replay-controls h1 {
		font-size: 16pt;
		font-weight: normal;
		color: #CCC;
	}
	.pagelink {
		text-align: center;
	}
	.pagelink a {
		width: 150px;
	}
	.textbox, .button {
		font-size: 11pt;
		vertical-align: middle;
	}
	@media (max-width: 450px) {
		.button {
			font-size: 9pt;
		}
	}
</style>

<div>

	<header>
		<div class="nav-wrapper"><ul class="nav">
			<li><a class="button nav-first" href="//pokemonshowdown.com/"><img src="//pokemonshowdown.com/images/pokemonshowdownbeta.png" srcset="//pokemonshowdown.com/images/pokemonshowdownbeta.png 1x, //pokemonshowdown.com/images/pokemonshowdownbeta@2x.png 2x" alt="Pok&eacute;mon Showdown" width="146" height="44" /> Home</a></li>
			<li><a class="button" href="//pokemonshowdown.com/dex/">Pok&eacute;dex</a></li>
			<li><a class="button cur" href="/">Replays</a></li>
			<li><a class="button" href="//pokemonshowdown.com/ladder/">Ladder</a></li>
			<li><a class="button nav-last" href="//pokemonshowdown.com/forums/">Forum</a></li>
			<li><a class="button greenbutton nav-first nav-last" href="//play.pokemonshowdown.com/">Play</a></li>
		</ul></div>
	</header>

	<div class="main" id="main">

		<noscript><section class="section">You need to enable JavaScript to use this page; sorry!</section></noscript>

	</div>

</div>

<script defer nomodule src="//play.pokemonshowdown.com/js/lib/ps-polyfill.js"></script>
<script defer src="//play.pokemonshowdown.com/js/lib/preact.min.js"></script>

<script defer src="//play.pokemonshowdown.com/config/config.js?2bddbc15"></script>
<script defer src="//play.pokemonshowdown.com/js/lib/jquery-1.11.0.min.js"></script>
<script defer src="//play.pokemonshowdown.com/js/lib/html-sanitizer-minified.js"></script>
<script defer src="//play.pokemonshowdown.com/js/battle-sound.js"></script>
<script defer src="//play.pokemonshowdown.com/js/battledata.js?0.7209276989879541"></script>
<script defer src="//play.pokemonshowdown.com/data/pokedex-mini.js?0.6111056340867951"></script>
<script defer src="//play.pokemonshowdown.com/data/pokedex-mini-bw.js?0.3532142036491459"></script>
<script defer src="//play.pokemonshowdown.com/data/graphics.js?0.24223875632456182"></script>
<script defer src="//play.pokemonshowdown.com/data/pokedex.js?0.38839984266356864"></script>
<script defer src="//play.pokemonshowdown.com/data/moves.js?0.21866028504024015"></script>
<script defer src="//play.pokemonshowdown.com/data/abilities.js?0.2005157953846628"></script>
<script defer src="//play.pokemonshowdown.com/data/items.js?0.9894211263848525"></script>
<script defer src="//play.pokemonshowdown.com/data/teambuilder-tables.js?0.6008791140282215"></script>
<script defer src="//play.pokemonshowdown.com/js/battle-tooltips.js?0.7580118955022959"></script>
<script defer src="//play.pokemonshowdown.com/js/battle.js?0.6057722274234274"></script>

<script defer src="js/utils.js?e31f9a17"></script>
<script defer src="js/replays-battle.js?7008c182"></script>

<!-- don't scrape this data! just add .json or .log after the URL!
Full API docs: https://github.com/smogon/pokemon-showdown-client/blob/master/WEB-API.md -->
<script type="text/plain" class="log" id="replaylog-smogtours-gen3ou-799440">
|inactive|Battle timer is ON: inactive players will automatically lose when time's up.
|t:|1729212079
|gametype|singles
|player|p1|COB 8|miku-water|
|player|p2|JoJ707|#advpliv|
|teamsize|p1|6
|teamsize|p2|6
|gen|3
|tier|[Gen 3] OU
|rule|Sleep Clause Mod: Limit one foe put to sleep
|rule|Switch Priority Clause Mod: Faster Pokémon switch first
|rule|Species Clause: Limit one of each Pokémon
|rule|OHKO Clause: OHKO moves are banned
|rule|Evasion Items Clause: Evasion items are banned
|rule|Evasion Moves Clause: Evasion moves are banned
|rule|Endless Battle Clause: Forcing endless battles is banned
|rule|HP Percentage Mod: HP is shown in percentages
|rule|One Boost Passer Clause: Limit one Baton Passer that has a way to boost its stats
|rule|Freeze Clause Mod: Limit one foe frozen
|
|t:|1729212079
|start
|switch|p1a: Zapdos|Zapdos|100/100
|switch|p2a: Tyranitar|Tyranitar, F|100/100
|-weather|Sandstorm|[from] ability: Sand Stream|[of] p2a: Tyranitar
|turn|1
|c|☆JoJ707|hf
|
|t:|1729212098
|-singleturn|p2a: Tyranitar|move: Focus Punch
|switch|p1a: Swampert|Swampert, F|100/100
|move|p2a: Tyranitar|Focus Punch|p1a: Swampert
|-damage|p1a: Swampert|35/100
|
|-weather|Sandstorm|[upkeep]
|upkeep
|turn|2
|c|☆COB 8|glhf
|
|t:|1729212119
|switch|p2a: Skarmory|Skarmory, F|100/100
|move|p1a: Swampert|Substitute|p1a: Swampert
|-start|p1a: Swampert|Substitute
|-damage|p1a: Swampert|10/100
|
|-weather|Sandstorm|[upkeep]
|-enditem|p1a: Swampert|Salac Berry|[eat]
|-boost|p1a: Swampert|spe|1|[from] item: Salac Berry
|upkeep
|turn|3
|c|+Sheik|Revival?
|
|t:|1729212128
|move|p1a: Swampert|Endeavor|p2a: Skarmory
|-damage|p2a: Skarmory|10/100
|move|p2a: Skarmory|Roar|p1a: Swampert
|drag|p1a: Celebi|Celebi|100/100
|
|-weather|Sandstorm|[upkeep]
|-damage|p1a: Celebi|94/100|[from] Sandstorm
|-heal|p1a: Celebi|100/100|[from] item: Leftovers
|-heal|p2a: Skarmory|16/100|[from] item: Leftovers
|upkeep
|turn|4
|c|☆COB 8|yeees
|
|t:|1729212144
|switch|p2a: Tyranitar|Tyranitar, F|100/100
|move|p1a: Celebi|Leech Seed|p2a: Tyranitar|[miss]
|-miss|p1a: Celebi|p2a: Tyranitar
|
|-weather|Sandstorm|[upkeep]
|-damage|p1a: Celebi|94/100|[from] Sandstorm
|-heal|p1a: Celebi|100/100|[from] item: Leftovers
|upkeep
|turn|5
|
|t:|1729212155
|move|p1a: Celebi|Baton Pass|p1a: Celebi
|
|t:|1729212158
|switch|p1a: Porygon2|Porygon2|100/100|[from] Baton Pass
|-ability|p1a: Porygon2|Sand Stream|[from] ability: Trace|[of] p2a: Tyranitar
|move|p2a: Tyranitar|Hidden Power|p1a: Porygon2
|-damage|p1a: Porygon2|81/100
|
|-weather|Sandstorm|[upkeep]
|-damage|p1a: Porygon2|75/100|[from] Sandstorm
|-heal|p1a: Porygon2|81/100|[from] item: Leftovers
|upkeep
|turn|6
|
|t:|1729212172
|switch|p2a: Blissey|Blissey, F, shiny|100/100
|move|p1a: Porygon2|Hidden Power|p2a: Blissey
|-supereffective|p2a: Blissey
|-damage|p2a: Blissey|74/100
|
|-weather|Sandstorm|[upkeep]
|-damage|p2a: Blissey|68/100|[from] Sandstorm
|-damage|p1a: Porygon2|75/100|[from] Sandstorm
|-heal|p2a: Blissey|74/100|[from] item: Leftovers
|-heal|p1a: Porygon2|81/100|[from] item: Leftovers
|upkeep
|turn|7
|
|t:|1729212195
|switch|p2a: Skarmory|Skarmory, F|16/100
|switch|p1a: Celebi|Celebi|100/100
|
|-weather|Sandstorm|[upkeep]
|-damage|p1a: Celebi|94/100|[from] Sandstorm
|-heal|p1a: Celebi|100/100|[from] item: Leftovers
|-heal|p2a: Skarmory|22/100|[from] item: Leftovers
|upkeep
|turn|8
|
|t:|1729212204
|move|p1a: Celebi|Baton Pass|p1a: Celebi
|
|t:|1729212205
|switch|p1a: Magneton|Magneton|100/100|[from] Baton Pass
|move|p2a: Skarmory|Spikes|p1a: Magneton
|-sidestart|p1: COB 8|Spikes
|
|-weather|Sandstorm|[upkeep]
|-heal|p2a: Skarmory|28/100|[from] item: Leftovers
|upkeep
|turn|9
|
|t:|1729212211
|move|p1a: Magneton|Thunderbolt|p2a: Skarmory
|-supereffective|p2a: Skarmory
|-damage|p2a: Skarmory|0 fnt
|faint|p2a: Skarmory
|inactive|JoJ707 has 270 seconds left.
|inactive|JoJ707 has 240 seconds left.
|c|+Elian|spl?
|
|t:|1729212300
|switch|p2a: Blissey|Blissey, F, shiny|74/100
|
|-weather|Sandstorm|[upkeep]
|-damage|p2a: Blissey|68/100|[from] Sandstorm
|-heal|p2a: Blissey|74/100|[from] item: Leftovers
|upkeep
|turn|10
|
|t:|1729212311
|move|p1a: Magneton|Substitute|p1a: Magneton
|-start|p1a: Magneton|Substitute
|-damage|p1a: Magneton|76/100
|move|p2a: Blissey|Fire Blast|p1a: Magneton
|-supereffective|p1a: Magneton
|-end|p1a: Magneton|Substitute
|
|-weather|Sandstorm|[upkeep]
|-damage|p2a: Blissey|68/100|[from] Sandstorm
|-heal|p2a: Blissey|74/100|[from] item: Leftovers
|upkeep
|turn|11
|inactive|JoJ707 has 210 seconds left.
|
|t:|1729212357
|switch|p1a: Swampert|Swampert, F|10/100
|-damage|p1a: Swampert|0 fnt|[from] Spikes
|faint|p1a: Swampert
|
|t:|1729212363
|switch|p1a: Celebi|Celebi|100/100
|-damage|p1a: Celebi|88/100|[from] Spikes
|
|-weather|Sandstorm|[upkeep]
|-damage|p1a: Celebi|82/100|[from] Sandstorm
|-damage|p2a: Blissey|68/100|[from] Sandstorm
|-heal|p1a: Celebi|88/100|[from] item: Leftovers
|-heal|p2a: Blissey|74/100|[from] item: Leftovers
|upkeep
|turn|12
|c|+Sheik|No es
|c|+Sheik|@elian
|c|+Sheik|es colchonero enwcop
|inactive|JoJ707 has 180 seconds left.
|
|t:|1729212391
|switch|p2a: Gengar|Gengar, F, shiny|100/100
|move|p1a: Celebi|Leech Seed|p2a: Gengar
|-start|p2a: Gengar|move: Leech Seed
|
|-weather|Sandstorm|[upkeep]
|-damage|p2a: Gengar|94/100|[from] Sandstorm
|-damage|p1a: Celebi|82/100|[from] Sandstorm
|-heal|p1a: Celebi|88/100|[from] item: Leftovers
|-heal|p2a: Gengar|100/100|[from] item: Leftovers
|-damage|p2a: Gengar|88/100|[from] Leech Seed|[of] p1a: Celebi
|-heal|p1a: Celebi|98/100|[silent]
|upkeep
|turn|13
|inactive|JoJ707 has 180 seconds left.
|inactive|COB 8 has 270 seconds left.
|
|t:|1729212428
|switch|p2a: Tyranitar|Tyranitar, F|100/100
|move|p1a: Celebi|Psychic|p2a: Tyranitar
|-immune|p2a: Tyranitar
|
|-weather|Sandstorm|[upkeep]
|-damage|p1a: Celebi|92/100|[from] Sandstorm
|-heal|p1a: Celebi|98/100|[from] item: Leftovers
|upkeep
|turn|14
|inactive|COB 8 has 270 seconds left.
|
|t:|1729212438
|move|p1a: Celebi|Baton Pass|p1a: Celebi
|
|t:|1729212440
|switch|p1a: Zapdos|Zapdos|100/100|[from] Baton Pass
|move|p2a: Tyranitar|Hidden Power|p1a: Zapdos
|-resisted|p1a: Zapdos
|-damage|p1a: Zapdos|83/100
|
|-weather|Sandstorm|[upkeep]
|-damage|p1a: Zapdos|77/100|[from] Sandstorm
|-heal|p1a: Zapdos|83/100|[from] item: Leftovers
|upkeep
|turn|15
|
|t:|1729212446
|move|p1a: Zapdos|Baton Pass|p1a: Zapdos
|
|t:|1729212454
|switch|p1a: Magneton|Magneton|76/100|[from] Baton Pass
|-damage|p1a: Magneton|63/100|[from] Spikes
|move|p2a: Tyranitar|Rock Slide|p1a: Magneton
|-resisted|p1a: Magneton
|-damage|p1a: Magneton|32/100
|
|-weather|Sandstorm|[upkeep]
|upkeep
|turn|16
|
|t:|1729212461
|switch|p2a: Blissey|Blissey, F, shiny|74/100
|move|p1a: Magneton|Thunderbolt|p2a: Blissey
|-damage|p2a: Blissey|51/100
|
|-weather|Sandstorm|[upkeep]
|-damage|p2a: Blissey|45/100|[from] Sandstorm
|-heal|p2a: Blissey|51/100|[from] item: Leftovers
|upkeep
|turn|17
|
|t:|1729212467
|move|p1a: Magneton|Substitute|p1a: Magneton
|-start|p1a: Magneton|Substitute
|-damage|p1a: Magneton|7/100
|move|p2a: Blissey|Soft-Boiled|p2a: Blissey
|-heal|p2a: Blissey|100/100
|
|-weather|Sandstorm|[upkeep]
|-damage|p2a: Blissey|94/100|[from] Sandstorm
|-heal|p2a: Blissey|100/100|[from] item: Leftovers
|upkeep
|turn|18
|
|t:|1729212472
|move|p1a: Magneton|Metal Sound|p2a: Blissey
|-unboost|p2a: Blissey|spd|2
|move|p2a: Blissey|Fire Blast|p1a: Magneton
|-supereffective|p1a: Magneton
|-end|p1a: Magneton|Substitute
|
|-weather|Sandstorm|[upkeep]
|-damage|p2a: Blissey|94/100|[from] Sandstorm
|-heal|p2a: Blissey|100/100|[from] item: Leftovers
|upkeep
|turn|19
|
|t:|1729212481
|switch|p1a: Porygon2|Porygon2|81/100
|-damage|p1a: Porygon2|68/100|[from] Spikes
|-ability|p1a: Porygon2|Natural Cure|[from] ability: Trace|[of] p2a: Blissey
|move|p2a: Blissey|Ice Beam|p1a: Porygon2
|-damage|p1a: Porygon2|47/100
|
|-weather|Sandstorm|[upkeep]
|-damage|p2a: Blissey|94/100|[from] Sandstorm
|-damage|p1a: Porygon2|41/100|[from] Sandstorm
|-heal|p2a: Blissey|100/100|[from] item: Leftovers
|-heal|p1a: Porygon2|47/100|[from] item: Leftovers
|upkeep
|turn|20
|
|t:|1729212491
|move|p2a: Blissey|Toxic|p1a: Porygon2
|-status|p1a: Porygon2|tox
|move|p1a: Porygon2|Recover|p1a: Porygon2
|-heal|p1a: Porygon2|97/100 tox
|
|-weather|Sandstorm|[upkeep]
|-damage|p2a: Blissey|94/100|[from] Sandstorm
|-damage|p1a: Porygon2|91/100 tox|[from] Sandstorm
|-heal|p2a: Blissey|100/100|[from] item: Leftovers
|-heal|p1a: Porygon2|97/100 tox|[from] item: Leftovers
|-damage|p1a: Porygon2|91/100 tox|[from] psn
|upkeep
|turn|21
|
|t:|1729212499
|move|p2a: Blissey|Ice Beam|p1a: Porygon2
|-damage|p1a: Porygon2|69/100 tox
|move|p1a: Porygon2|Thunder Wave|p2a: Blissey
|-status|p2a: Blissey|par
|
|-weather|Sandstorm|[upkeep]
|-damage|p1a: Porygon2|63/100 tox|[from] Sandstorm
|-damage|p2a: Blissey|94/100 par|[from] Sandstorm
|-heal|p1a: Porygon2|69/100 tox|[from] item: Leftovers
|-damage|p1a: Porygon2|57/100 tox|[from] psn
|-heal|p2a: Blissey|100/100 par|[from] item: Leftovers
|upkeep
|turn|22
|inactive|JoJ707 has 240 seconds left.
|
|t:|1729212507
|move|p1a: Porygon2|Recover|p1a: Porygon2
|-heal|p1a: Porygon2|100/100 tox
|cant|p2a: Blissey|par
|
|-weather|Sandstorm|[upkeep]
|-damage|p1a: Porygon2|94/100 tox|[from] Sandstorm
|-damage|p2a: Blissey|94/100 par|[from] Sandstorm
|-heal|p1a: Porygon2|100/100 tox|[from] item: Leftovers
|-damage|p1a: Porygon2|82/100 tox|[from] psn
|-heal|p2a: Blissey|100/100 par|[from] item: Leftovers
|upkeep
|turn|23
|
|t:|1729212511
|-curestatus|p1a: Porygon2|tox|[from] ability: Natural Cure
|switch|p1a: Magneton|Magneton|7/100
|-damage|p1a: Magneton|0 fnt|[from] Spikes
|faint|p1a: Magneton
|
|t:|1729212520
|switch|p1a: Jirachi|Jirachi|100/100
|-damage|p1a: Jirachi|88/100|[from] Spikes
|
|-weather|Sandstorm|[upkeep]
|-damage|p2a: Blissey|94/100 par|[from] Sandstorm
|-heal|p1a: Jirachi|94/100|[from] item: Leftovers
|-heal|p2a: Blissey|100/100 par|[from] item: Leftovers
|upkeep
|turn|24
|
|t:|1729212529
|-curestatus|p2a: Blissey|par|[from] ability: Natural Cure
|switch|p2a: Tyranitar|Tyranitar, F|100/100
|move|p1a: Jirachi|Substitute|p1a: Jirachi
|-start|p1a: Jirachi|Substitute
|-damage|p1a: Jirachi|69/100
|
|-weather|Sandstorm|[upkeep]
|-heal|p1a: Jirachi|75/100|[from] item: Leftovers
|upkeep
|turn|25
|
|t:|1729212540
|move|p1a: Jirachi|Hidden Power|p2a: Tyranitar
|-supereffective|p2a: Tyranitar
|-damage|p2a: Tyranitar|70/100
|move|p2a: Tyranitar|Earthquake|p1a: Jirachi
|-supereffective|p1a: Jirachi
|-end|p1a: Jirachi|Substitute
|
|-weather|Sandstorm|[upkeep]
|-heal|p1a: Jirachi|82/100|[from] item: Leftovers
|-heal|p2a: Tyranitar|76/100|[from] item: Leftovers
|upkeep
|turn|26
|
|t:|1729212556
|move|p1a: Jirachi|Calm Mind|p1a: Jirachi
|-boost|p1a: Jirachi|spa|1
|-boost|p1a: Jirachi|spd|1
|move|p2a: Tyranitar|Earthquake|p1a: Jirachi
|-supereffective|p1a: Jirachi
|-damage|p1a: Jirachi|23/100
|
|-weather|Sandstorm|[upkeep]
|-heal|p1a: Jirachi|29/100|[from] item: Leftovers
|-heal|p2a: Tyranitar|82/100|[from] item: Leftovers
|upkeep
|turn|27
|
|t:|1729212567
|move|p1a: Jirachi|Hidden Power|p2a: Tyranitar
|-supereffective|p2a: Tyranitar
|-damage|p2a: Tyranitar|32/100
|move|p2a: Tyranitar|Earthquake|p1a: Jirachi
|-supereffective|p1a: Jirachi
|-damage|p1a: Jirachi|0 fnt
|faint|p1a: Jirachi
|
|t:|1729212570
|switch|p1a: Zapdos|Zapdos|83/100
|
|-weather|Sandstorm|[upkeep]
|-damage|p1a: Zapdos|77/100|[from] Sandstorm
|-heal|p1a: Zapdos|83/100|[from] item: Leftovers
|-heal|p2a: Tyranitar|38/100|[from] item: Leftovers
|upkeep
|turn|28
|
|t:|1729212581
|switch|p2a: Blissey|Blissey, F, shiny|100/100
|move|p1a: Zapdos|Thunderbolt|p2a: Blissey
|-damage|p2a: Blissey|80/100
|
|-weather|Sandstorm|[upkeep]
|-damage|p1a: Zapdos|77/100|[from] Sandstorm
|-damage|p2a: Blissey|74/100|[from] Sandstorm
|-heal|p1a: Zapdos|83/100|[from] item: Leftovers
|-heal|p2a: Blissey|80/100|[from] item: Leftovers
|upkeep
|turn|29
|
|t:|1729212587
|move|p1a: Zapdos|Baton Pass|p1a: Zapdos
|
|t:|1729212588
|switch|p1a: Celebi|Celebi|98/100|[from] Baton Pass
|-damage|p1a: Celebi|86/100|[from] Spikes
|move|p2a: Blissey|Ice Beam|p1a: Celebi
|-supereffective|p1a: Celebi
|-crit|p1a: Celebi
|-damage|p1a: Celebi|17/100
|
|-weather|Sandstorm|[upkeep]
|-damage|p1a: Celebi|10/100|[from] Sandstorm
|-damage|p2a: Blissey|74/100|[from] Sandstorm
|-heal|p1a: Celebi|17/100|[from] item: Leftovers
|-heal|p2a: Blissey|80/100|[from] item: Leftovers
|upkeep
|turn|30
|c|☆JoJ707|mb
|
|t:|1729212595
|move|p1a: Celebi|Leech Seed|p2a: Blissey
|-start|p2a: Blissey|move: Leech Seed
|move|p2a: Blissey|Ice Beam|p1a: Celebi
|-supereffective|p1a: Celebi
|-damage|p1a: Celebi|0 fnt
|faint|p1a: Celebi
|
|t:|1729212598
|switch|p1a: Porygon2|Porygon2|82/100
|-damage|p1a: Porygon2|70/100|[from] Spikes
|-ability|p1a: Porygon2|Natural Cure|[from] ability: Trace|[of] p2a: Blissey
|
|-weather|Sandstorm|[upkeep]
|-damage|p2a: Blissey|74/100|[from] Sandstorm
|-damage|p1a: Porygon2|64/100|[from] Sandstorm
|-heal|p2a: Blissey|80/100|[from] item: Leftovers
|-damage|p2a: Blissey|68/100|[from] Leech Seed|[of] p1a: Porygon2
|-heal|p1a: Porygon2|85/100|[silent]
|-heal|p1a: Porygon2|91/100|[from] item: Leftovers
|upkeep
|turn|31
|
|t:|1729212603
|move|p2a: Blissey|Soft-Boiled|p2a: Blissey
|-heal|p2a: Blissey|100/100
|move|p1a: Porygon2|Thunder Wave|p2a: Blissey
|-status|p2a: Blissey|par
|
|-weather|Sandstorm|[upkeep]
|-damage|p1a: Porygon2|85/100|[from] Sandstorm
|-damage|p2a: Blissey|94/100 par|[from] Sandstorm
|-heal|p1a: Porygon2|91/100|[from] item: Leftovers
|-heal|p2a: Blissey|100/100 par|[from] item: Leftovers
|-damage|p2a: Blissey|88/100 par|[from] Leech Seed|[of] p1a: Porygon2
|-heal|p1a: Porygon2|100/100|[silent]
|upkeep
|turn|32
|
|t:|1729212616
|-curestatus|p2a: Blissey|par|[from] ability: Natural Cure
|switch|p2a: Swampert|Swampert, F|100/100
|move|p1a: Porygon2|Hidden Power|p2a: Swampert
|-damage|p2a: Swampert|91/100
|
|-weather|Sandstorm|[upkeep]
|-damage|p1a: Porygon2|94/100|[from] Sandstorm
|-heal|p2a: Swampert|97/100|[from] item: Leftovers
|-heal|p1a: Porygon2|100/100|[from] item: Leftovers
|upkeep
|turn|33
|
|t:|1729212622
|switch|p2a: Blissey|Blissey, F, shiny|88/100
|move|p1a: Porygon2|Ice Beam|p2a: Blissey
|-damage|p2a: Blissey|79/100
|
|-weather|Sandstorm|[upkeep]
|-damage|p2a: Blissey|73/100|[from] Sandstorm
|-damage|p1a: Porygon2|94/100|[from] Sandstorm
|-heal|p2a: Blissey|79/100|[from] item: Leftovers
|-heal|p1a: Porygon2|100/100|[from] item: Leftovers
|upkeep
|turn|34
|
|t:|1729212626
|move|p2a: Blissey|Toxic|p1a: Porygon2
|-status|p1a: Porygon2|tox
|move|p1a: Porygon2|Thunder Wave|p2a: Blissey
|-status|p2a: Blissey|par
|
|-weather|Sandstorm|[upkeep]
|-damage|p1a: Porygon2|94/100 tox|[from] Sandstorm
|-damage|p2a: Blissey|73/100 par|[from] Sandstorm
|-heal|p1a: Porygon2|100/100 tox|[from] item: Leftovers
|-damage|p1a: Porygon2|94/100 tox|[from] psn
|-heal|p2a: Blissey|79/100 par|[from] item: Leftovers
|upkeep
|turn|35
|
|t:|1729212630
|-curestatus|p1a: Porygon2|tox|[from] ability: Natural Cure
|switch|p1a: Zapdos|Zapdos|83/100
|-curestatus|p2a: Blissey|par|[from] ability: Natural Cure
|switch|p2a: Swampert|Swampert, F|97/100
|
|-weather|Sandstorm|[upkeep]
|-damage|p1a: Zapdos|77/100|[from] Sandstorm
|-heal|p1a: Zapdos|83/100|[from] item: Leftovers
|-heal|p2a: Swampert|100/100|[from] item: Leftovers
|upkeep
|turn|36
|
|t:|1729212633
|switch|p2a: Blissey|Blissey, F, shiny|79/100
|move|p1a: Zapdos|Hidden Power|p2a: Blissey
|-damage|p2a: Blissey|70/100
|
|-weather|Sandstorm|[upkeep]
|-damage|p1a: Zapdos|77/100|[from] Sandstorm
|-damage|p2a: Blissey|63/100|[from] Sandstorm
|-heal|p1a: Zapdos|83/100|[from] item: Leftovers
|-heal|p2a: Blissey|70/100|[from] item: Leftovers
|upkeep
|turn|37
|
|t:|1729212638
|move|p1a: Zapdos|Baton Pass|p1a: Zapdos
|
|t:|1729212639
|switch|p1a: Porygon2|Porygon2|94/100|[from] Baton Pass
|-damage|p1a: Porygon2|82/100|[from] Spikes
|-ability|p1a: Porygon2|Natural Cure|[from] ability: Trace|[of] p2a: Blissey
|move|p2a: Blissey|Toxic|p1a: Porygon2
|-status|p1a: Porygon2|tox
|
|-weather|Sandstorm|[upkeep]
|-damage|p2a: Blissey|63/100|[from] Sandstorm
|-damage|p1a: Porygon2|76/100 tox|[from] Sandstorm
|-heal|p2a: Blissey|70/100|[from] item: Leftovers
|-heal|p1a: Porygon2|82/100 tox|[from] item: Leftovers
|-damage|p1a: Porygon2|76/100 tox|[from] psn
|upkeep
|turn|38
|
|t:|1729212645
|move|p2a: Blissey|Soft-Boiled|p2a: Blissey
|-heal|p2a: Blissey|100/100
|move|p1a: Porygon2|Thunder Wave|p2a: Blissey
|-status|p2a: Blissey|par
|
|-weather|Sandstorm|[upkeep]
|-damage|p1a: Porygon2|70/100 tox|[from] Sandstorm
|-damage|p2a: Blissey|94/100 par|[from] Sandstorm
|-heal|p1a: Porygon2|76/100 tox|[from] item: Leftovers
|-damage|p1a: Porygon2|64/100 tox|[from] psn
|-heal|p2a: Blissey|100/100 par|[from] item: Leftovers
|upkeep
|turn|39
|
|t:|1729212649
|-curestatus|p2a: Blissey|par|[from] ability: Natural Cure
|switch|p2a: Swampert|Swampert, F|100/100
|move|p1a: Porygon2|Recover|p1a: Porygon2
|-heal|p1a: Porygon2|100/100 tox
|
|-weather|Sandstorm|[upkeep]
|-damage|p1a: Porygon2|94/100 tox|[from] Sandstorm
|-heal|p1a: Porygon2|100/100 tox|[from] item: Leftovers
|-damage|p1a: Porygon2|82/100 tox|[from] psn
|upkeep
|turn|40
|
|t:|1729212653
|-curestatus|p1a: Porygon2|tox|[from] ability: Natural Cure
|switch|p1a: Zapdos|Zapdos|83/100
|move|p2a: Swampert|Ice Beam|p1a: Zapdos
|-supereffective|p1a: Zapdos
|-damage|p1a: Zapdos|31/100
|
|-weather|Sandstorm|[upkeep]
|-damage|p1a: Zapdos|24/100|[from] Sandstorm
|-heal|p1a: Zapdos|31/100|[from] item: Leftovers
|upkeep
|turn|41
|
|t:|1729212657
|switch|p2a: Blissey|Blissey, F, shiny|100/100
|move|p1a: Zapdos|Hidden Power|p2a: Blissey
|-damage|p2a: Blissey|91/100
|
|-weather|Sandstorm|[upkeep]
|-damage|p1a: Zapdos|24/100|[from] Sandstorm
|-damage|p2a: Blissey|85/100|[from] Sandstorm
|-heal|p1a: Zapdos|31/100|[from] item: Leftovers
|-heal|p2a: Blissey|91/100|[from] item: Leftovers
|upkeep
|turn|42
|
|t:|1729212663
|switch|p1a: Porygon2|Porygon2|82/100
|-damage|p1a: Porygon2|70/100|[from] Spikes
|-ability|p1a: Porygon2|Natural Cure|[from] ability: Trace|[of] p2a: Blissey
|move|p2a: Blissey|Toxic|p1a: Porygon2
|-status|p1a: Porygon2|tox
|
|-weather|Sandstorm|[upkeep]
|-damage|p2a: Blissey|85/100|[from] Sandstorm
|-damage|p1a: Porygon2|64/100 tox|[from] Sandstorm
|-heal|p2a: Blissey|91/100|[from] item: Leftovers
|-heal|p1a: Porygon2|70/100 tox|[from] item: Leftovers
|-damage|p1a: Porygon2|64/100 tox|[from] psn
|upkeep
|turn|43
|
|t:|1729212666
|switch|p2a: Swampert|Swampert, F|100/100
|move|p1a: Porygon2|Recover|p1a: Porygon2
|-heal|p1a: Porygon2|100/100 tox
|
|-weather|Sandstorm|[upkeep]
|-damage|p1a: Porygon2|94/100 tox|[from] Sandstorm
|-heal|p1a: Porygon2|100/100 tox|[from] item: Leftovers
|-damage|p1a: Porygon2|88/100 tox|[from] psn
|upkeep
|turn|44
|
|t:|1729212669
|move|p2a: Swampert|Ice Beam|p1a: Porygon2
|-damage|p1a: Porygon2|67/100 tox
|move|p1a: Porygon2|Ice Beam|p2a: Swampert
|-damage|p2a: Swampert|78/100
|
|-weather|Sandstorm|[upkeep]
|-damage|p1a: Porygon2|61/100 tox|[from] Sandstorm
|-heal|p2a: Swampert|84/100|[from] item: Leftovers
|-heal|p1a: Porygon2|67/100 tox|[from] item: Leftovers
|-damage|p1a: Porygon2|49/100 tox|[from] psn
|upkeep
|turn|45
|
|t:|1729212674
|move|p2a: Swampert|Ice Beam|p1a: Porygon2
|-damage|p1a: Porygon2|27/100 tox
|move|p1a: Porygon2|Recover|p1a: Porygon2
|-heal|p1a: Porygon2|77/100 tox
|
|-weather|Sandstorm|[upkeep]
|-damage|p1a: Porygon2|71/100 tox|[from] Sandstorm
|-heal|p2a: Swampert|90/100|[from] item: Leftovers
|-heal|p1a: Porygon2|77/100 tox|[from] item: Leftovers
|-damage|p1a: Porygon2|52/100 tox|[from] psn
|upkeep
|turn|46
|c|☆COB 8|yeah you got me
|c|☆COB 8|ggwp c:
|c|☆JoJ707|ggs,
|-message|COB 8 forfeited.
|
|win|JoJ707

</script>
<script type="application/json" class="data" id="replaydata-smogtours-gen3ou-799440">
{"id":"smogtours-gen3ou-799440","format":"[Gen 3] OU","players":["COB 8","JoJ707"],"uploadtime":1729212683,"views":97,"formatid":"gen3ou","rating":null,"private":0,"password":null}
</script>

<script defer src="js/replays.js?9d40a366"></script>
