<!DOCTYPE html>
<meta charset="utf-8" />
<meta name="viewport" content="width=device-width" />

<title>[Gen 3] OU: SKITZ_MONEY vs. Depres_ionCher_y - Replays - Pok&eacute;mon Showdown!</title>

<meta name="description" content="Watch a replay of a Pok&eacute;mon battle between SKITZ_MONEY and Depres_ionCher_y! Format: [Gen 3] OU; Date: Oct 12, 2024" />
<!--

Hey, you! Looking in the source for the replay log?

You can find them in JSON format, just add `.json` at the end of a replay URL.

https://replay.pokemonshowdown.com/gen7randomdoublesbattle-865046831.json

Or, if you only need the log itself, add `.log` instead:

https://replay.pokemonshowdown.com/gen7randomdoublesbattle-865046831.log

-->

<link rel="stylesheet" href="//pokemonshowdown.com/style/global.css?0.767286132409787" />
<link rel="stylesheet" href="//play.pokemonshowdown.com/style/font-awesome.css?0.9266228007934947" />
<link rel="stylesheet" href="//play.pokemonshowdown.com/style/battle.css?0.7924700842790926" />
<link rel="stylesheet" href="//play.pokemonshowdown.com/style/utilichart.css?0.8777417872839479" />

<!-- Global site tag (gtag.js) - Google Analytics -->
<script async src="https://www.googletagmanager.com/gtag/js?id=UA-26211653-1"></script>
<script>
  window.dataLayer = window.dataLayer || [];
  function gtag(){dataLayer.push(arguments);}
  gtag('js', new Date());

  gtag('config', 'UA-26211653-1');
</script>
<!-- End Google Analytics -->
<!-- Venatus Ad Manager - Install in <HEAD> of page -->
	<script src="https://hb.vntsm.com/v3/live/ad-manager.min.js" type="text/javascript" data-site-id="642aba63ec9a7b11c3c9c1be" data-mode="scan" async></script>
<!-- / Venatus Ad Manager -->

<style>
	@media (max-width:820px) {
		.battle {
			margin: 0 auto;
		}
		.battle-log {
			margin: 7px auto 0;
			max-width: 640px;
			height: 300px;
			position: static;
		}
	}
	.optgroup {
		display: inline-block;
		line-height: 22px;
		font-size: 10pt;
	}
	.optgroup .button {
		height: 25px;
		padding-top: 0;
		padding-bottom: 0;
	}
	.optgroup button.button {
		padding-left: 12px;
		padding-right: 12px;
	}
	.linklist {
		list-style: none;
		margin: 0.5em 0;
		padding: 0;
	}
	.linklist li {
		padding: 2px 0;
	}
	.sidebar {
		float: left;
		width: 320px;
	}
	.bar-wrapper {
		max-width: 1100px;
		margin: 0 auto;
	}
	.bar-wrapper.has-sidebar {
		max-width: 1430px;
	}
	.mainbar {
		margin: 0;
		padding-right: 1px;
	}
	.mainbar.has-sidebar {
		margin-left: 330px;
	}
	@media (min-width: 1511px) {
		.sidebar {
			width: 400px;
		}
		.bar-wrapper.has-sidebar {
			max-width: 1510px;
		}
		.mainbar.has-sidebar {
			margin-left: 410px;
		}
	}
	.section.first-section {
		margin-top: 9px;
	}
	.blocklink small {
		white-space: normal;
	}
	.button {
		vertical-align: middle;
	}
	.replay-controls {
		padding-top: 10px;
	}
	.replay-controls h1 {
		font-size: 16pt;
		font-weight: normal;
		color: #CCC;
	}
	.pagelink {
		text-align: center;
	}
	.pagelink a {
		width: 150px;
	}
	.textbox, .button {
		font-size: 11pt;
		vertical-align: middle;
	}
	@media (max-width: 450px) {
		.button {
			font-size: 9pt;
		}
	}
</style>

<div>

	<header>
		<div class="nav-wrapper"><ul class="nav">
			<li><a class="button nav-first" href="//pokemonshowdown.com/"><img src="//pokemonshowdown.com/images/pokemonshowdownbeta.png" srcset="//pokemonshowdown.com/images/pokemonshowdownbeta.png 1x, //pokemonshowdown.com/images/pokemonshowdownbeta@2x.png 2x" alt="Pok&eacute;mon Showdown" width="146" height="44" /> Home</a></li>
			<li><a class="button" href="//pokemonshowdown.com/dex/">Pok&eacute;dex</a></li>
			<li><a class="button cur" href="/">Replays</a></li>
			<li><a class="button" href="//pokemonshowdown.com/ladder/">Ladder</a></li>
			<li><a class="button nav-last" href="//pokemonshowdown.com/forums/">Forum</a></li>
			<li><a class="button greenbutton nav-first nav-last" href="//play.pokemonshowdown.com/">Play</a></li>
		</ul></div>
	</header>

	<div class="main" id="main">

		<noscript><section class="section">You need to enable JavaScript to use this page; sorry!</section></noscript>

	</div>

</div>

<script defer nomodule src="//play.pokemonshowdown.com/js/lib/ps-polyfill.js"></script>
<script defer src="//play.pokemonshowdown.com/js/lib/preact.min.js"></script>

<script defer src="//play.pokemonshowdown.com/config/config.js?6dec07f6"></script>
<script defer src="//play.pokemonshowdown.com/js/lib/jquery-1.11.0.min.js"></script>
<script defer src="//play.pokemonshowdown.com/js/lib/html-sanitizer-minified.js"></script>
<script defer src="//play.pokemonshowdown.com/js/battle-sound.js"></script>
<script defer src="//play.pokemonshowdown.com/js/battledata.js?0.6315294753075389"></script>
<script defer src="//play.pokemonshowdown.com/data/pokedex-mini.js?0.7603743185311358"></script>
<script defer src="//play.pokemonshowdown.com/data/pokedex-mini-bw.js?0.030888842834281283"></script>
<script defer src="//play.pokemonshowdown.com/data/graphics.js?0.05593094747507488"></script>
<script defer src="//play.pokemonshowdown.com/data/pokedex.js?0.47064822249611904"></script>
<script defer src="//play.pokemonshowdown.com/data/moves.js?0.8583693120512459"></script>
<script defer src="//play.pokemonshowdown.com/data/abilities.js?0.16017181182386842"></script>
<script defer src="//play.pokemonshowdown.com/data/items.js?0.4163379185673943"></script>
<script defer src="//play.pokemonshowdown.com/data/teambuilder-tables.js?0.31075597372830477"></script>
<script defer src="//play.pokemonshowdown.com/js/battle-tooltips.js?0.6536193500708172"></script>
<script defer src="//play.pokemonshowdown.com/js/battle.js?0.1916591943277901"></script>

<script defer src="js/utils.js?e31f9a17"></script>
<script defer src="js/replays-battle.js?7008c182"></script>

<!-- don't scrape this data! just add .json or .log after the URL!
Full API docs: https://github.com/smogon/pokemon-showdown-client/blob/master/WEB-API.md -->
<script type="text/plain" class="log" id="replaylog-smogtours-gen3ou-797474">
|inactive|Battle timer is ON: inactive players will automatically lose when time's up.
|t:|1728746814
|gametype|singles
|player|p1|SKITZ_MONEY|266|
|player|p2|Depres_ionCher_y|waitress-gen4|
|teamsize|p1|6
|teamsize|p2|6
|gen|3
|tier|[Gen 3] OU
|rule|Sleep Clause Mod: Limit one foe put to sleep
|rule|Switch Priority Clause Mod: Faster Pokémon switch first
|rule|Species Clause: Limit one of each Pokémon
|rule|OHKO Clause: OHKO moves are banned
|rule|Evasion Items Clause: Evasion items are banned
|rule|Evasion Moves Clause: Evasion moves are banned
|rule|Endless Battle Clause: Forcing endless battles is banned
|rule|HP Percentage Mod: HP is shown in percentages
|rule|One Boost Passer Clause: Limit one Baton Passer that has a way to boost its stats
|rule|Freeze Clause Mod: Limit one foe frozen
|
|t:|1728746814
|start
|switch|p1a: Tyranitar|Tyranitar, F|100/100
|switch|p2a: Tyranitar|Tyranitar, F|100/100
|-weather|Sandstorm|[from] ability: Sand Stream|[of] p1a: Tyranitar
|turn|1
|c|☆Depres_ionCher_y|glhf
|c|☆SKITZ_MONEY|gl hf
|inactive|SKITZ_MONEY has 270 seconds left.
|
|t:|1728746846
|switch|p2a: Skarmory|Skarmory, F|100/100
|move|p1a: Tyranitar|Earthquake|p2a: Skarmory
|-immune|p2a: Skarmory
|
|-weather|Sandstorm|[upkeep]
|upkeep
|turn|2
|
|t:|1728746852
|switch|p1a: Skarmory|Skarmory, M|100/100
|move|p2a: Skarmory|Spikes|p1a: Skarmory
|-sidestart|p1: SKITZ_MONEY|Spikes
|
|-weather|Sandstorm|[upkeep]
|upkeep
|turn|3
|
|t:|1728746855
|move|p2a: Skarmory|Taunt|p1a: Skarmory
|-start|p1a: Skarmory|move: Taunt
|cant|p1a: Skarmory|move: Taunt|Spikes
|
|-weather|Sandstorm|[upkeep]
|upkeep
|turn|4
|
|t:|1728746860
|switch|p1a: Gengar|Gengar, M|100/100
|move|p2a: Skarmory|Drill Peck|p1a: Gengar
|-damage|p1a: Gengar|65/100
|
|-weather|Sandstorm|[upkeep]
|-damage|p1a: Gengar|59/100|[from] Sandstorm
|-heal|p1a: Gengar|65/100|[from] item: Leftovers
|upkeep
|turn|5
|
|t:|1728746866
|switch|p2a: Blissey|Blissey, F|100/100
|move|p1a: Gengar|Will-O-Wisp|p2a: Blissey
|-status|p2a: Blissey|brn
|
|-weather|Sandstorm|[upkeep]
|-damage|p1a: Gengar|59/100|[from] Sandstorm
|-damage|p2a: Blissey|94/100 brn|[from] Sandstorm
|-heal|p1a: Gengar|65/100|[from] item: Leftovers
|-heal|p2a: Blissey|100/100 brn|[from] item: Leftovers
|-damage|p2a: Blissey|88/100 brn|[from] brn
|upkeep
|turn|6
|
|t:|1728746881
|switch|p1a: Flygon|Flygon, F|100/100
|move|p2a: Blissey|Thunder Wave|p1a: Flygon
|-immune|p1a: Flygon
|
|-weather|Sandstorm|[upkeep]
|-damage|p2a: Blissey|82/100 brn|[from] Sandstorm
|-heal|p2a: Blissey|88/100 brn|[from] item: Leftovers
|-damage|p2a: Blissey|76/100 brn|[from] brn
|upkeep
|turn|7
|
|t:|1728746903
|switch|p1a: Skarmory|Skarmory, M|100/100
|-curestatus|p2a: Blissey|brn|[from] ability: Natural Cure
|switch|p2a: Skarmory|Skarmory, F|100/100
|
|-weather|Sandstorm|[upkeep]
|upkeep
|turn|8
|
|t:|1728746908
|move|p2a: Skarmory|Taunt|p1a: Skarmory
|-start|p1a: Skarmory|move: Taunt
|cant|p1a: Skarmory|move: Taunt|Spikes
|
|-weather|Sandstorm|[upkeep]
|upkeep
|turn|9
|
|t:|1728746913
|switch|p1a: Jirachi|Jirachi|100/100
|-damage|p1a: Jirachi|88/100|[from] Spikes
|move|p2a: Skarmory|Spikes|p1a: Jirachi
|-sidestart|p1: SKITZ_MONEY|Spikes
|
|-weather|Sandstorm|[upkeep]
|-heal|p1a: Jirachi|94/100|[from] item: Leftovers
|upkeep
|turn|10
|
|t:|1728746917
|switch|p2a: Blissey|Blissey, F|76/100
|move|p1a: Jirachi|Body Slam|p2a: Blissey
|-damage|p2a: Blissey|53/100
|
|-weather|Sandstorm|[upkeep]
|-damage|p2a: Blissey|47/100|[from] Sandstorm
|-heal|p1a: Jirachi|100/100|[from] item: Leftovers
|-heal|p2a: Blissey|53/100|[from] item: Leftovers
|upkeep
|turn|11
|
|t:|1728746928
|switch|p1a: Skarmory|Skarmory, M|100/100
|move|p2a: Blissey|Soft-Boiled|p2a: Blissey
|-heal|p2a: Blissey|100/100
|
|-weather|Sandstorm|[upkeep]
|-damage|p2a: Blissey|94/100|[from] Sandstorm
|-heal|p2a: Blissey|100/100|[from] item: Leftovers
|upkeep
|turn|12
|
|t:|1728746939
|move|p1a: Skarmory|Spikes|p2a: Blissey
|-sidestart|p2: Depres_ionCher_y|Spikes
|move|p2a: Blissey|Thunder Wave|p1a: Skarmory
|-status|p1a: Skarmory|par
|
|-weather|Sandstorm|[upkeep]
|-damage|p2a: Blissey|94/100|[from] Sandstorm
|-heal|p2a: Blissey|100/100|[from] item: Leftovers
|upkeep
|turn|13
|
|t:|1728746942
|move|p2a: Blissey|Seismic Toss|p1a: Skarmory
|-damage|p1a: Skarmory|71/100 par
|move|p1a: Skarmory|Spikes|p2a: Blissey
|-sidestart|p2: Depres_ionCher_y|Spikes
|
|-weather|Sandstorm|[upkeep]
|-damage|p2a: Blissey|94/100|[from] Sandstorm
|-heal|p2a: Blissey|100/100|[from] item: Leftovers
|-heal|p1a: Skarmory|77/100 par|[from] item: Leftovers
|upkeep
|turn|14
|
|t:|1728746954
|move|p2a: Blissey|Seismic Toss|p1a: Skarmory
|-damage|p1a: Skarmory|47/100 par
|move|p1a: Skarmory|Roar|p2a: Blissey
|drag|p2a: Gengar|Gengar, F|100/100
|
|-weather|Sandstorm|[upkeep]
|-damage|p2a: Gengar|95/100|[from] Sandstorm
|-heal|p2a: Gengar|100/100|[from] item: Leftovers
|-heal|p1a: Skarmory|53/100 par|[from] item: Leftovers
|upkeep
|turn|15
|
|t:|1728746968
|switch|p2a: Skarmory|Skarmory, F|100/100
|switch|p1a: Jirachi|Jirachi|100/100
|-damage|p1a: Jirachi|84/100|[from] Spikes
|
|-weather|Sandstorm|[upkeep]
|-heal|p1a: Jirachi|90/100|[from] item: Leftovers
|upkeep
|turn|16
|
|t:|1728746988
|move|p1a: Jirachi|Fire Punch|p2a: Skarmory
|-supereffective|p2a: Skarmory
|-damage|p2a: Skarmory|66/100
|move|p2a: Skarmory|Spikes|p1a: Jirachi
|-sidestart|p1: SKITZ_MONEY|Spikes
|
|-weather|Sandstorm|[upkeep]
|-heal|p1a: Jirachi|96/100|[from] item: Leftovers
|-heal|p2a: Skarmory|72/100|[from] item: Leftovers
|upkeep
|turn|17
|
|t:|1728746992
|switch|p2a: Blissey|Blissey, F|100/100
|-damage|p2a: Blissey|84/100|[from] Spikes
|move|p1a: Jirachi|Fire Punch|p2a: Blissey
|-damage|p2a: Blissey|77/100
|
|-weather|Sandstorm|[upkeep]
|-damage|p2a: Blissey|71/100|[from] Sandstorm
|-heal|p1a: Jirachi|100/100|[from] item: Leftovers
|-heal|p2a: Blissey|77/100|[from] item: Leftovers
|upkeep
|turn|18
|
|t:|1728746995
|move|p1a: Jirachi|Body Slam|p2a: Blissey
|-damage|p2a: Blissey|54/100
|move|p2a: Blissey|Soft-Boiled|p2a: Blissey
|-heal|p2a: Blissey|100/100
|
|-weather|Sandstorm|[upkeep]
|-damage|p2a: Blissey|94/100|[from] Sandstorm
|-heal|p2a: Blissey|100/100|[from] item: Leftovers
|upkeep
|turn|19
|
|t:|1728746998
|move|p1a: Jirachi|Body Slam|p2a: Blissey
|-damage|p2a: Blissey|78/100
|-status|p2a: Blissey|par
|move|p2a: Blissey|Thunder Wave|p1a: Jirachi
|-status|p1a: Jirachi|par
|
|-weather|Sandstorm|[upkeep]
|-damage|p2a: Blissey|72/100 par|[from] Sandstorm
|-heal|p2a: Blissey|78/100 par|[from] item: Leftovers
|upkeep
|turn|20
|
|t:|1728747006
|move|p1a: Jirachi|Wish|p1a: Jirachi
|move|p2a: Blissey|Seismic Toss|p1a: Jirachi
|-damage|p1a: Jirachi|76/100 par
|
|-weather|Sandstorm|[upkeep]
|-damage|p2a: Blissey|72/100 par|[from] Sandstorm
|-heal|p1a: Jirachi|82/100 par|[from] item: Leftovers
|-heal|p2a: Blissey|78/100 par|[from] item: Leftovers
|upkeep
|turn|21
|
|t:|1728747017
|switch|p1a: Skarmory|Skarmory, M|53/100 par
|-curestatus|p2a: Blissey|par|[from] ability: Natural Cure
|switch|p2a: Skarmory|Skarmory, F|72/100
|
|-heal|p1a: Skarmory|100/100 par|[from] move: Wish|[wisher] Jirachi
|-weather|Sandstorm|[upkeep]
|-heal|p2a: Skarmory|78/100|[from] item: Leftovers
|upkeep
|turn|22
|
|t:|1728747023
|switch|p1a: Jirachi|Jirachi|82/100 par
|-damage|p1a: Jirachi|57/100 par|[from] Spikes
|move|p2a: Skarmory|Taunt|p1a: Jirachi
|-start|p1a: Jirachi|move: Taunt
|
|-weather|Sandstorm|[upkeep]
|-heal|p2a: Skarmory|85/100|[from] item: Leftovers
|-heal|p1a: Jirachi|63/100 par|[from] item: Leftovers
|upkeep
|turn|23
|
|t:|1728747027
|switch|p2a: Tyranitar|Tyranitar, F|100/100
|-damage|p2a: Tyranitar|84/100|[from] Spikes
|move|p1a: Jirachi|Body Slam|p2a: Tyranitar
|-resisted|p2a: Tyranitar
|-damage|p2a: Tyranitar|76/100
|-status|p2a: Tyranitar|par
|
|-weather|Sandstorm|[upkeep]
|-heal|p1a: Jirachi|69/100 par|[from] item: Leftovers
|-end|p1a: Jirachi|move: Taunt|[silent]
|-heal|p2a: Tyranitar|82/100 par|[from] item: Leftovers
|upkeep
|turn|24
|
|t:|1728747039
|-singleturn|p2a: Tyranitar|move: Focus Punch
|switch|p1a: Flygon|Flygon, F|100/100
|move|p2a: Tyranitar|Focus Punch|p1a: Flygon
|-damage|p1a: Flygon|56/100
|
|-weather|Sandstorm|[upkeep]
|-heal|p1a: Flygon|62/100|[from] item: Leftovers
|-heal|p2a: Tyranitar|89/100 par|[from] item: Leftovers
|upkeep
|turn|25
|
|t:|1728747047
|switch|p2a: Skarmory|Skarmory, F|85/100
|move|p1a: Flygon|Protect||[still]
|-fail|p1a: Flygon
|
|-weather|Sandstorm|[upkeep]
|-heal|p1a: Flygon|68/100|[from] item: Leftovers
|-heal|p2a: Skarmory|91/100|[from] item: Leftovers
|upkeep
|turn|26
|
|t:|1728747051
|move|p1a: Flygon|Protect|p1a: Flygon
|-singleturn|p1a: Flygon|Protect
|move|p2a: Skarmory|Roar|p1a: Flygon
|-activate|p1a: Flygon|Protect
|
|-weather|Sandstorm|[upkeep]
|-heal|p1a: Flygon|74/100|[from] item: Leftovers
|-heal|p2a: Skarmory|97/100|[from] item: Leftovers
|upkeep
|turn|27
|
|t:|1728747059
|move|p1a: Flygon|Rock Slide|p2a: Skarmory
|-damage|p2a: Skarmory|84/100
|move|p2a: Skarmory|Roar|p1a: Flygon
|drag|p1a: Tyranitar|Tyranitar, F|100/100
|-damage|p1a: Tyranitar|75/100|[from] Spikes
|
|-weather|Sandstorm|[upkeep]
|-heal|p2a: Skarmory|90/100|[from] item: Leftovers
|-heal|p1a: Tyranitar|82/100|[from] item: Leftovers
|upkeep
|turn|28
|
|t:|1728747066
|move|p1a: Tyranitar|Ice Beam|p2a: Skarmory
|-damage|p2a: Skarmory|60/100
|move|p2a: Skarmory|Roar|p1a: Tyranitar
|drag|p1a: Moltres|Moltres|100/100
|
|-weather|Sandstorm|[upkeep]
|-damage|p1a: Moltres|94/100|[from] Sandstorm
|-heal|p1a: Moltres|100/100|[from] item: Leftovers
|-heal|p2a: Skarmory|66/100|[from] item: Leftovers
|upkeep
|turn|29
|inactive|SKITZ_MONEY has 270 seconds left.
|
|t:|1728747099
|switch|p1a: Gengar|Gengar, M|65/100
|switch|p2a: Swampert|Swampert, M|100/100
|-damage|p2a: Swampert|84/100|[from] Spikes
|
|-weather|Sandstorm|[upkeep]
|-damage|p1a: Gengar|59/100|[from] Sandstorm
|-heal|p1a: Gengar|65/100|[from] item: Leftovers
|-heal|p2a: Swampert|90/100|[from] item: Leftovers
|upkeep
|turn|30
|inactive|SKITZ_MONEY has 270 seconds left.
|inactive|SKITZ_MONEY has 240 seconds left.
|
|t:|1728747142
|move|p1a: Gengar|Will-O-Wisp|p2a: Swampert
|-status|p2a: Swampert|brn
|move|p2a: Swampert|Surf|p1a: Gengar
|-damage|p1a: Gengar|34/100
|
|-weather|Sandstorm|[upkeep]
|-damage|p1a: Gengar|28/100|[from] Sandstorm
|-heal|p1a: Gengar|34/100|[from] item: Leftovers
|-heal|p2a: Swampert|96/100 brn|[from] item: Leftovers
|-damage|p2a: Swampert|84/100 brn|[from] brn
|upkeep
|turn|31
|inactive|SKITZ_MONEY has 240 seconds left.
|
|t:|1728747156
|move|p1a: Gengar|Taunt|p2a: Swampert
|-start|p2a: Swampert|move: Taunt
|cant|p2a: Swampert|move: Taunt|Refresh
|
|-weather|Sandstorm|[upkeep]
|-damage|p1a: Gengar|28/100|[from] Sandstorm
|-heal|p1a: Gengar|34/100|[from] item: Leftovers
|-heal|p2a: Swampert|90/100 brn|[from] item: Leftovers
|-damage|p2a: Swampert|78/100 brn|[from] brn
|upkeep
|turn|32
|
|t:|1728747163
|switch|p1a: Jirachi|Jirachi|69/100 par
|-damage|p1a: Jirachi|45/100 par|[from] Spikes
|move|p2a: Swampert|Surf|p1a: Jirachi
|-damage|p1a: Jirachi|25/100 par
|
|-weather|Sandstorm|[upkeep]
|-heal|p2a: Swampert|84/100 brn|[from] item: Leftovers
|-damage|p2a: Swampert|71/100 brn|[from] brn
|-end|p2a: Swampert|move: Taunt|[silent]
|-heal|p1a: Jirachi|31/100 par|[from] item: Leftovers
|upkeep
|turn|33
|
|t:|1728747170
|move|p2a: Swampert|Refresh|p2a: Swampert
|-curestatus|p2a: Swampert|brn|[msg]
|move|p1a: Jirachi|Wish|p1a: Jirachi
|
|-weather|Sandstorm|[upkeep]
|-heal|p2a: Swampert|78/100|[from] item: Leftovers
|-heal|p1a: Jirachi|37/100 par|[from] item: Leftovers
|upkeep
|turn|34
|
|t:|1728747184
|move|p2a: Swampert|Surf|p1a: Jirachi
|-damage|p1a: Jirachi|16/100 par
|move|p1a: Jirachi|Fire Punch|p2a: Swampert
|-resisted|p2a: Swampert
|-damage|p2a: Swampert|70/100
|-status|p2a: Swampert|brn
|
|-heal|p1a: Jirachi|66/100 par|[from] move: Wish|[wisher] Jirachi
|-weather|Sandstorm|[upkeep]
|-heal|p2a: Swampert|76/100 brn|[from] item: Leftovers
|-damage|p2a: Swampert|64/100 brn|[from] brn
|-heal|p1a: Jirachi|72/100 par|[from] item: Leftovers
|upkeep
|turn|35
|
|t:|1728747189
|move|p2a: Swampert|Refresh|p2a: Swampert
|-curestatus|p2a: Swampert|brn|[msg]
|move|p1a: Jirachi|Wish|p1a: Jirachi
|
|-weather|Sandstorm|[upkeep]
|-heal|p2a: Swampert|70/100|[from] item: Leftovers
|-heal|p1a: Jirachi|78/100 par|[from] item: Leftovers
|upkeep
|turn|36
|
|t:|1728747192
|move|p2a: Swampert|Surf|p1a: Jirachi
|-damage|p1a: Jirachi|57/100 par
|move|p1a: Jirachi|Body Slam|p2a: Swampert
|-damage|p2a: Swampert|57/100
|
|-heal|p1a: Jirachi|100/100 par|[from] move: Wish|[wisher] Jirachi
|-weather|Sandstorm|[upkeep]
|-heal|p2a: Swampert|63/100|[from] item: Leftovers
|upkeep
|turn|37
|
|t:|1728747196
|move|p2a: Swampert|Protect|p2a: Swampert
|-singleturn|p2a: Swampert|Protect
|move|p1a: Jirachi|Wish|p1a: Jirachi
|
|-weather|Sandstorm|[upkeep]
|-heal|p2a: Swampert|69/100|[from] item: Leftovers
|upkeep
|turn|38
|inactive|SKITZ_MONEY has 270 seconds left.
|
|t:|1728747230
|switch|p1a: Skarmory|Skarmory, M|100/100 par
|move|p2a: Swampert|Surf|p1a: Skarmory
|-crit|p1a: Skarmory
|-damage|p1a: Skarmory|50/100 par
|
|-heal|p1a: Skarmory|99/100 par|[from] move: Wish|[wisher] Jirachi
|-weather|Sandstorm|[upkeep]
|-heal|p2a: Swampert|75/100|[from] item: Leftovers
|-heal|p1a: Skarmory|100/100 par|[from] item: Leftovers
|upkeep
|turn|39
|
|t:|1728747241
|move|p2a: Swampert|Surf|p1a: Skarmory
|-damage|p1a: Skarmory|72/100 par
|move|p1a: Skarmory|Roar|p2a: Swampert
|drag|p2a: Tyranitar|Tyranitar, F|89/100 par
|-damage|p2a: Tyranitar|72/100 par|[from] Spikes
|
|-weather|Sandstorm|[upkeep]
|-heal|p1a: Skarmory|78/100 par|[from] item: Leftovers
|-heal|p2a: Tyranitar|78/100 par|[from] item: Leftovers
|upkeep
|turn|40
|
|t:|1728747248
|-singleturn|p2a: Tyranitar|move: Focus Punch
|cant|p1a: Skarmory|par
|move|p2a: Tyranitar|Focus Punch|p1a: Skarmory
|-damage|p1a: Skarmory|35/100 par
|
|-weather|Sandstorm|[upkeep]
|-heal|p1a: Skarmory|41/100 par|[from] item: Leftovers
|-heal|p2a: Tyranitar|84/100 par|[from] item: Leftovers
|upkeep
|turn|41
|inactive|SKITZ_MONEY has 270 seconds left.
|
|t:|1728747254
|switch|p1a: Gengar|Gengar, M|34/100
|cant|p2a: Tyranitar|par
|
|-weather|Sandstorm|[upkeep]
|-damage|p1a: Gengar|28/100|[from] Sandstorm
|-heal|p1a: Gengar|34/100|[from] item: Leftovers
|-heal|p2a: Tyranitar|91/100 par|[from] item: Leftovers
|upkeep
|turn|42
|
|t:|1728747261
|move|p1a: Gengar|Thunderbolt|p2a: Tyranitar
|-damage|p2a: Tyranitar|70/100 par
|move|p2a: Tyranitar|Rock Slide|p1a: Gengar
|-damage|p1a: Gengar|0 fnt
|faint|p1a: Gengar
|
|t:|1728747264
|switch|p1a: Flygon|Flygon, F|74/100
|
|-weather|Sandstorm|[upkeep]
|-heal|p1a: Flygon|80/100|[from] item: Leftovers
|-heal|p2a: Tyranitar|76/100 par|[from] item: Leftovers
|upkeep
|turn|43
|
|t:|1728747268
|switch|p2a: Skarmory|Skarmory, F|66/100
|move|p1a: Flygon|Earthquake|p2a: Skarmory
|-immune|p2a: Skarmory
|
|-weather|Sandstorm|[upkeep]
|-heal|p1a: Flygon|86/100|[from] item: Leftovers
|-heal|p2a: Skarmory|72/100|[from] item: Leftovers
|upkeep
|turn|44
|
|t:|1728747271
|move|p1a: Flygon|Rock Slide|p2a: Skarmory
|-damage|p2a: Skarmory|59/100
|move|p2a: Skarmory|Drill Peck|p1a: Flygon
|-damage|p1a: Flygon|68/100
|
|-weather|Sandstorm|[upkeep]
|-heal|p1a: Flygon|74/100|[from] item: Leftovers
|-heal|p2a: Skarmory|65/100|[from] item: Leftovers
|upkeep
|turn|45
|
|t:|1728747277
|switch|p1a: Skarmory|Skarmory, M|41/100 par
|move|p2a: Skarmory|Drill Peck|p1a: Skarmory
|-resisted|p1a: Skarmory
|-damage|p1a: Skarmory|33/100 par
|
|-weather|Sandstorm|[upkeep]
|-heal|p2a: Skarmory|71/100|[from] item: Leftovers
|-heal|p1a: Skarmory|39/100 par|[from] item: Leftovers
|upkeep
|turn|46
|
|t:|1728747280
|move|p2a: Skarmory|Taunt|p1a: Skarmory
|-start|p1a: Skarmory|move: Taunt
|cant|p1a: Skarmory|par
|
|-weather|Sandstorm|[upkeep]
|-heal|p2a: Skarmory|77/100|[from] item: Leftovers
|-heal|p1a: Skarmory|45/100 par|[from] item: Leftovers
|upkeep
|turn|47
|
|t:|1728747284
|switch|p1a: Jirachi|Jirachi|100/100 par
|-damage|p1a: Jirachi|76/100 par|[from] Spikes
|move|p2a: Skarmory|Roar|p1a: Jirachi
|drag|p1a: Flygon|Flygon, F|74/100
|
|-weather|Sandstorm|[upkeep]
|-heal|p1a: Flygon|80/100|[from] item: Leftovers
|-heal|p2a: Skarmory|84/100|[from] item: Leftovers
|upkeep
|turn|48
|
|t:|1728747288
|move|p1a: Flygon|Rock Slide|p2a: Skarmory
|-damage|p2a: Skarmory|70/100
|cant|p2a: Skarmory|flinch
|
|-weather|Sandstorm|[upkeep]
|-heal|p1a: Flygon|86/100|[from] item: Leftovers
|-heal|p2a: Skarmory|77/100|[from] item: Leftovers
|upkeep
|turn|49
|
|t:|1728747291
|move|p1a: Flygon|Rock Slide|p2a: Skarmory
|-damage|p2a: Skarmory|62/100
|move|p2a: Skarmory|Drill Peck|p1a: Flygon
|-damage|p1a: Flygon|69/100
|
|-weather|Sandstorm|[upkeep]
|-heal|p1a: Flygon|75/100|[from] item: Leftovers
|-heal|p2a: Skarmory|68/100|[from] item: Leftovers
|upkeep
|turn|50
|
|t:|1728747295
|move|p1a: Flygon|Rock Slide|p2a: Skarmory
|-damage|p2a: Skarmory|53/100
|cant|p2a: Skarmory|flinch
|
|-weather|Sandstorm|[upkeep]
|-heal|p1a: Flygon|81/100|[from] item: Leftovers
|-heal|p2a: Skarmory|60/100|[from] item: Leftovers
|upkeep
|turn|51
|
|t:|1728747300
|move|p1a: Flygon|Rock Slide|p2a: Skarmory
|-damage|p2a: Skarmory|44/100
|move|p2a: Skarmory|Roar|p1a: Flygon
|drag|p1a: Jirachi|Jirachi|76/100 par
|-damage|p1a: Jirachi|51/100 par|[from] Spikes
|
|-weather|Sandstorm|[upkeep]
|-heal|p2a: Skarmory|50/100|[from] item: Leftovers
|-heal|p1a: Jirachi|57/100 par|[from] item: Leftovers
|upkeep
|turn|52
|
|t:|1728747310
|move|p2a: Skarmory|Taunt|p1a: Jirachi
|-start|p1a: Jirachi|move: Taunt
|cant|p1a: Jirachi|move: Taunt|Wish
|
|-weather|Sandstorm|[upkeep]
|-heal|p2a: Skarmory|57/100|[from] item: Leftovers
|-heal|p1a: Jirachi|63/100 par|[from] item: Leftovers
|upkeep
|turn|53
|
|t:|1728747318
|move|p1a: Jirachi|Body Slam|p2a: Skarmory
|-resisted|p2a: Skarmory
|-damage|p2a: Skarmory|48/100
|move|p2a: Skarmory|Roar|p1a: Jirachi
|drag|p1a: Tyranitar|Tyranitar, F|82/100
|-damage|p1a: Tyranitar|57/100|[from] Spikes
|
|-weather|Sandstorm|[upkeep]
|-heal|p2a: Skarmory|55/100|[from] item: Leftovers
|-heal|p1a: Tyranitar|63/100|[from] item: Leftovers
|upkeep
|turn|54
|
|t:|1728747324
|move|p1a: Tyranitar|Ice Beam|p2a: Skarmory
|-damage|p2a: Skarmory|27/100
|move|p2a: Skarmory|Roar|p1a: Tyranitar
|drag|p1a: Moltres|Moltres|100/100
|
|-weather|Sandstorm|[upkeep]
|-damage|p1a: Moltres|94/100|[from] Sandstorm
|-heal|p1a: Moltres|100/100|[from] item: Leftovers
|-heal|p2a: Skarmory|33/100|[from] item: Leftovers
|upkeep
|turn|55
|
|t:|1728747333
|move|p1a: Moltres|Fire Blast|p2a: Skarmory|[miss]
|-miss|p1a: Moltres|p2a: Skarmory
|move|p2a: Skarmory|Roar|p1a: Moltres
|drag|p1a: Skarmory|Skarmory, M|45/100 par
|
|-weather|Sandstorm|[upkeep]
|-heal|p2a: Skarmory|40/100|[from] item: Leftovers
|-heal|p1a: Skarmory|51/100 par|[from] item: Leftovers
|upkeep
|turn|56
|
|t:|1728747342
|move|p2a: Skarmory|Taunt|p1a: Skarmory
|-start|p1a: Skarmory|move: Taunt
|cant|p1a: Skarmory|move: Taunt|Spikes
|
|-weather|Sandstorm|[upkeep]
|-heal|p2a: Skarmory|46/100|[from] item: Leftovers
|-heal|p1a: Skarmory|57/100 par|[from] item: Leftovers
|upkeep
|turn|57
|
|t:|1728747351
|switch|p2a: Gengar|Gengar, F|100/100
|move|p1a: Skarmory|Struggle|p2a: Gengar
|-damage|p2a: Gengar|86/100
|-damage|p1a: Skarmory|53/100 par|[from] Recoil|[of] p2a: Gengar
|
|-weather|Sandstorm|[upkeep]
|-damage|p2a: Gengar|80/100|[from] Sandstorm
|-heal|p2a: Gengar|86/100|[from] item: Leftovers
|-heal|p1a: Skarmory|59/100 par|[from] item: Leftovers
|-end|p1a: Skarmory|move: Taunt|[silent]
|upkeep
|turn|58
|
|t:|1728747355
|move|p2a: Gengar|Thunderbolt|p1a: Skarmory
|-supereffective|p1a: Skarmory
|-damage|p1a: Skarmory|0 fnt
|faint|p1a: Skarmory
|
|t:|1728747363
|switch|p1a: Tyranitar|Tyranitar, F|63/100
|-damage|p1a: Tyranitar|38/100|[from] Spikes
|
|-weather|Sandstorm|[upkeep]
|-damage|p2a: Gengar|80/100|[from] Sandstorm
|-heal|p2a: Gengar|86/100|[from] item: Leftovers
|-heal|p1a: Tyranitar|44/100|[from] item: Leftovers
|upkeep
|turn|59
|
|t:|1728747374
|move|p2a: Gengar|Explosion|p1a: Tyranitar
|-resisted|p1a: Tyranitar
|-damage|p1a: Tyranitar|16/100
|faint|p2a: Gengar
|
|t:|1728747381
|switch|p2a: Swampert|Swampert, M|75/100
|-damage|p2a: Swampert|59/100|[from] Spikes
|
|-weather|Sandstorm|[upkeep]
|-heal|p2a: Swampert|65/100|[from] item: Leftovers
|-heal|p1a: Tyranitar|22/100|[from] item: Leftovers
|upkeep
|turn|60
|
|t:|1728747387
|switch|p1a: Jirachi|Jirachi|63/100 par
|-damage|p1a: Jirachi|38/100 par|[from] Spikes
|move|p2a: Swampert|Surf|p1a: Jirachi
|-damage|p1a: Jirachi|18/100 par
|
|-weather|Sandstorm|[upkeep]
|-heal|p2a: Swampert|71/100|[from] item: Leftovers
|-heal|p1a: Jirachi|24/100 par|[from] item: Leftovers
|upkeep
|turn|61
|
|t:|1728747395
|move|p2a: Swampert|Surf|p1a: Jirachi
|-damage|p1a: Jirachi|4/100 par
|move|p1a: Jirachi|Wish|p1a: Jirachi
|
|-weather|Sandstorm|[upkeep]
|-heal|p2a: Swampert|77/100|[from] item: Leftovers
|-heal|p1a: Jirachi|10/100 par|[from] item: Leftovers
|upkeep
|turn|62
|
|t:|1728747402
|move|p1a: Jirachi|Protect|p1a: Jirachi
|-singleturn|p1a: Jirachi|Protect
|move|p2a: Swampert|Surf|p1a: Jirachi
|-activate|p1a: Jirachi|Protect
|
|-heal|p1a: Jirachi|60/100 par|[from] move: Wish|[wisher] Jirachi
|-weather|Sandstorm|[upkeep]
|-heal|p2a: Swampert|83/100|[from] item: Leftovers
|-heal|p1a: Jirachi|66/100 par|[from] item: Leftovers
|upkeep
|turn|63
|
|t:|1728747405
|move|p2a: Swampert|Surf|p1a: Jirachi
|-damage|p1a: Jirachi|48/100 par
|move|p1a: Jirachi|Wish|p1a: Jirachi
|
|-weather|Sandstorm|[upkeep]
|-heal|p2a: Swampert|90/100|[from] item: Leftovers
|-heal|p1a: Jirachi|54/100 par|[from] item: Leftovers
|upkeep
|turn|64
|
|t:|1728747412
|move|p2a: Swampert|Refresh||[still]
|-fail|p2a: Swampert
|move|p1a: Jirachi|Body Slam|p2a: Swampert
|-damage|p2a: Swampert|76/100
|
|-heal|p1a: Jirachi|100/100 par|[from] move: Wish|[wisher] Jirachi
|-weather|Sandstorm|[upkeep]
|-heal|p2a: Swampert|82/100|[from] item: Leftovers
|upkeep
|turn|65
|
|t:|1728747422
|move|p2a: Swampert|Protect|p2a: Swampert
|-singleturn|p2a: Swampert|Protect
|move|p1a: Jirachi|Body Slam|p2a: Swampert
|-activate|p2a: Swampert|Protect
|
|-weather|Sandstorm|[upkeep]
|-heal|p2a: Swampert|88/100|[from] item: Leftovers
|upkeep
|turn|66
|
|t:|1728747430
|move|p2a: Swampert|Surf|p1a: Jirachi
|-damage|p1a: Jirachi|79/100 par
|move|p1a: Jirachi|Body Slam|p2a: Swampert
|-damage|p2a: Swampert|73/100
|-status|p2a: Swampert|par
|
|-weather|Sandstorm|[upkeep]
|-heal|p1a: Jirachi|85/100 par|[from] item: Leftovers
|-heal|p2a: Swampert|79/100 par|[from] item: Leftovers
|upkeep
|turn|67
|
|t:|1728747435
|move|p1a: Jirachi|Body Slam|p2a: Swampert
|-damage|p2a: Swampert|65/100 par
|move|p2a: Swampert|Refresh|p2a: Swampert
|-curestatus|p2a: Swampert|par|[msg]
|
|-weather|Sandstorm|[upkeep]
|-heal|p2a: Swampert|71/100|[from] item: Leftovers
|-heal|p1a: Jirachi|91/100 par|[from] item: Leftovers
|upkeep
|turn|68
|
|t:|1728747438
|move|p2a: Swampert|Protect|p2a: Swampert
|-singleturn|p2a: Swampert|Protect
|move|p1a: Jirachi|Body Slam|p2a: Swampert
|-activate|p2a: Swampert|Protect
|
|-weather|Sandstorm|[upkeep]
|-heal|p2a: Swampert|77/100|[from] item: Leftovers
|-heal|p1a: Jirachi|97/100 par|[from] item: Leftovers
|upkeep
|turn|69
|
|t:|1728747442
|switch|p2a: Tyranitar|Tyranitar, F|76/100 par
|-damage|p2a: Tyranitar|59/100 par|[from] Spikes
|move|p1a: Jirachi|Body Slam|p2a: Tyranitar
|-resisted|p2a: Tyranitar
|-damage|p2a: Tyranitar|51/100 par
|
|-weather|Sandstorm|[upkeep]
|-heal|p1a: Jirachi|100/100 par|[from] item: Leftovers
|-heal|p2a: Tyranitar|57/100 par|[from] item: Leftovers
|upkeep
|turn|70
|
|t:|1728747445
|-singleturn|p2a: Tyranitar|move: Focus Punch
|switch|p1a: Tyranitar|Tyranitar, F|22/100
|-damage|p1a: Tyranitar|0 fnt|[from] Spikes
|faint|p1a: Tyranitar
|
|t:|1728747448
|switch|p1a: Flygon|Flygon, F|81/100
|
|-weather|Sandstorm|[upkeep]
|-heal|p1a: Flygon|87/100|[from] item: Leftovers
|-heal|p2a: Tyranitar|64/100 par|[from] item: Leftovers
|upkeep
|turn|71
|
|t:|1728747457
|switch|p1a: Moltres|Moltres|100/100
|switch|p2a: Salamence|Salamence, F|100/100
|-ability|p2a: Salamence|Intimidate|boost
|-unboost|p1a: Moltres|atk|1
|
|-weather|Sandstorm|[upkeep]
|-damage|p1a: Moltres|94/100|[from] Sandstorm
|-damage|p2a: Salamence|94/100|[from] Sandstorm
|-heal|p1a: Moltres|100/100|[from] item: Leftovers
|-heal|p2a: Salamence|100/100|[from] item: Leftovers
|upkeep
|turn|72
|
|t:|1728747470
|move|p1a: Moltres|Will-O-Wisp|p2a: Salamence
|-status|p2a: Salamence|brn
|move|p2a: Salamence|Rock Slide|p1a: Moltres
|-supereffective|p1a: Moltres
|-damage|p1a: Moltres|30/100
|
|-weather|Sandstorm|[upkeep]
|-damage|p1a: Moltres|24/100|[from] Sandstorm
|-damage|p2a: Salamence|94/100 brn|[from] Sandstorm
|-heal|p1a: Moltres|30/100|[from] item: Leftovers
|-heal|p2a: Salamence|100/100 brn|[from] item: Leftovers
|-damage|p2a: Salamence|88/100 brn|[from] brn
|upkeep
|turn|73
|
|t:|1728747482
|move|p1a: Moltres|Protect|p1a: Moltres
|-singleturn|p1a: Moltres|Protect
|move|p2a: Salamence|Hidden Power|p1a: Moltres
|-activate|p1a: Moltres|Protect
|
|-weather|Sandstorm|[upkeep]
|-damage|p1a: Moltres|24/100|[from] Sandstorm
|-damage|p2a: Salamence|82/100 brn|[from] Sandstorm
|-heal|p1a: Moltres|30/100|[from] item: Leftovers
|-heal|p2a: Salamence|88/100 brn|[from] item: Leftovers
|-damage|p2a: Salamence|75/100 brn|[from] brn
|upkeep
|turn|74
|
|t:|1728747489
|switch|p1a: Flygon|Flygon, F|87/100
|switch|p2a: Blissey|Blissey, F|78/100
|-damage|p2a: Blissey|62/100|[from] Spikes
|
|-weather|Sandstorm|[upkeep]
|-damage|p2a: Blissey|56/100|[from] Sandstorm
|-heal|p1a: Flygon|93/100|[from] item: Leftovers
|-heal|p2a: Blissey|62/100|[from] item: Leftovers
|upkeep
|turn|75
|
|t:|1728747502
|move|p1a: Flygon|Earthquake|p2a: Blissey
|-damage|p2a: Blissey|25/100
|move|p2a: Blissey|Ice Beam|p1a: Flygon
|-supereffective|p1a: Flygon
|-damage|p1a: Flygon|0 fnt
|faint|p1a: Flygon
|
|t:|1728747505
|switch|p1a: Moltres|Moltres|30/100
|
|-weather|Sandstorm|[upkeep]
|-damage|p1a: Moltres|24/100|[from] Sandstorm
|-damage|p2a: Blissey|19/100|[from] Sandstorm
|-heal|p1a: Moltres|30/100|[from] item: Leftovers
|-heal|p2a: Blissey|25/100|[from] item: Leftovers
|upkeep
|turn|76
|
|t:|1728747507
|move|p1a: Moltres|Fire Blast|p2a: Blissey
|-damage|p2a: Blissey|2/100
|move|p2a: Blissey|Soft-Boiled|p2a: Blissey
|-heal|p2a: Blissey|52/100
|
|-weather|Sandstorm|[upkeep]
|-damage|p1a: Moltres|24/100|[from] Sandstorm
|-damage|p2a: Blissey|46/100|[from] Sandstorm
|-heal|p1a: Moltres|30/100|[from] item: Leftovers
|-heal|p2a: Blissey|52/100|[from] item: Leftovers
|upkeep
|turn|77
|
|t:|1728747513
|switch|p1a: Jirachi|Jirachi|100/100 par
|-damage|p1a: Jirachi|76/100 par|[from] Spikes
|move|p2a: Blissey|Soft-Boiled|p2a: Blissey
|-heal|p2a: Blissey|100/100
|
|-weather|Sandstorm|[upkeep]
|-damage|p2a: Blissey|94/100|[from] Sandstorm
|-heal|p2a: Blissey|100/100|[from] item: Leftovers
|-heal|p1a: Jirachi|82/100 par|[from] item: Leftovers
|upkeep
|turn|78
|
|t:|1728747520
|switch|p2a: Salamence|Salamence, F|75/100 brn
|-ability|p2a: Salamence|Intimidate|boost
|-unboost|p1a: Jirachi|atk|1
|move|p1a: Jirachi|Wish|p1a: Jirachi
|
|-weather|Sandstorm|[upkeep]
|-damage|p2a: Salamence|69/100 brn|[from] Sandstorm
|-heal|p2a: Salamence|75/100 brn|[from] item: Leftovers
|-damage|p2a: Salamence|63/100 brn|[from] brn
|-heal|p1a: Jirachi|88/100 par|[from] item: Leftovers
|upkeep
|turn|79
|
|t:|1728747529
|move|p2a: Salamence|Rock Slide|p1a: Jirachi
|-resisted|p1a: Jirachi
|-damage|p1a: Jirachi|82/100 par
|cant|p1a: Jirachi|par
|
|-heal|p1a: Jirachi|100/100 par|[from] move: Wish|[wisher] Jirachi
|-weather|Sandstorm|[upkeep]
|-damage|p2a: Salamence|57/100 brn|[from] Sandstorm
|-heal|p2a: Salamence|63/100 brn|[from] item: Leftovers
|-damage|p2a: Salamence|50/100 brn|[from] brn
|upkeep
|turn|80
|
|t:|1728747532
|move|p2a: Salamence|Dragon Dance|p2a: Salamence
|-boost|p2a: Salamence|atk|1
|-boost|p2a: Salamence|spe|1
|move|p1a: Jirachi|Body Slam|p2a: Salamence
|-damage|p2a: Salamence|34/100 brn
|
|-weather|Sandstorm|[upkeep]
|-damage|p2a: Salamence|28/100 brn|[from] Sandstorm
|-heal|p2a: Salamence|34/100 brn|[from] item: Leftovers
|-damage|p2a: Salamence|22/100 brn|[from] brn
|upkeep
|turn|81
|
|t:|1728747545
|move|p1a: Jirachi|Protect|p1a: Jirachi
|-singleturn|p1a: Jirachi|Protect
|move|p2a: Salamence|Earthquake|p1a: Jirachi
|-activate|p1a: Jirachi|Protect
|
|-weather|Sandstorm|[upkeep]
|-damage|p2a: Salamence|16/100 brn|[from] Sandstorm
|-heal|p2a: Salamence|22/100 brn|[from] item: Leftovers
|-damage|p2a: Salamence|9/100 brn|[from] brn
|upkeep
|turn|82
|
|t:|1728747557
|move|p2a: Salamence|Earthquake|p1a: Jirachi
|-supereffective|p1a: Jirachi
|-damage|p1a: Jirachi|52/100 par
|move|p1a: Jirachi|Body Slam|p2a: Salamence
|-damage|p2a: Salamence|0 fnt
|faint|p2a: Salamence
|
|t:|1728747560
|switch|p2a: Tyranitar|Tyranitar, F|64/100 par
|-damage|p2a: Tyranitar|47/100 par|[from] Spikes
|
|-weather|Sandstorm|[upkeep]
|-heal|p1a: Jirachi|58/100 par|[from] item: Leftovers
|-heal|p2a: Tyranitar|53/100 par|[from] item: Leftovers
|upkeep
|turn|83
|
|t:|1728747581
|switch|p1a: Moltres|Moltres|30/100
|move|p2a: Tyranitar|Earthquake|p1a: Moltres
|-immune|p1a: Moltres
|
|-weather|Sandstorm|[upkeep]
|-damage|p1a: Moltres|24/100|[from] Sandstorm
|-heal|p1a: Moltres|30/100|[from] item: Leftovers
|-heal|p2a: Tyranitar|59/100 par|[from] item: Leftovers
|upkeep
|turn|84
|
|t:|1728747592
|move|p1a: Moltres|Hidden Power|p2a: Tyranitar
|-supereffective|p2a: Tyranitar
|-damage|p2a: Tyranitar|22/100 par
|cant|p2a: Tyranitar|par
|
|-weather|Sandstorm|[upkeep]
|-damage|p1a: Moltres|24/100|[from] Sandstorm
|-heal|p1a: Moltres|30/100|[from] item: Leftovers
|-heal|p2a: Tyranitar|28/100 par|[from] item: Leftovers
|upkeep
|turn|85
|
|t:|1728747596
|switch|p2a: Blissey|Blissey, F|100/100
|-damage|p2a: Blissey|84/100|[from] Spikes
|move|p1a: Moltres|Hidden Power|p2a: Blissey
|-damage|p2a: Blissey|73/100
|
|-weather|Sandstorm|[upkeep]
|-damage|p1a: Moltres|24/100|[from] Sandstorm
|-damage|p2a: Blissey|67/100|[from] Sandstorm
|-heal|p1a: Moltres|30/100|[from] item: Leftovers
|-heal|p2a: Blissey|73/100|[from] item: Leftovers
|upkeep
|turn|86
|
|t:|1728747599
|switch|p1a: Jirachi|Jirachi|58/100 par
|-damage|p1a: Jirachi|34/100 par|[from] Spikes
|move|p2a: Blissey|Seismic Toss|p1a: Jirachi
|-damage|p1a: Jirachi|9/100 par
|
|-weather|Sandstorm|[upkeep]
|-damage|p2a: Blissey|67/100|[from] Sandstorm
|-heal|p2a: Blissey|73/100|[from] item: Leftovers
|-heal|p1a: Jirachi|15/100 par|[from] item: Leftovers
|upkeep
|turn|87
|
|t:|1728747609
|move|p2a: Blissey|Seismic Toss|p1a: Jirachi
|-damage|p1a: Jirachi|0 fnt
|faint|p1a: Jirachi
|
|t:|1728747611
|switch|p1a: Moltres|Moltres|30/100
|
|-weather|Sandstorm|[upkeep]
|-damage|p1a: Moltres|24/100|[from] Sandstorm
|-damage|p2a: Blissey|67/100|[from] Sandstorm
|-heal|p1a: Moltres|30/100|[from] item: Leftovers
|-heal|p2a: Blissey|73/100|[from] item: Leftovers
|upkeep
|turn|88
|
|t:|1728747614
|move|p1a: Moltres|Fire Blast|p2a: Blissey
|-damage|p2a: Blissey|49/100
|move|p2a: Blissey|Seismic Toss|p1a: Moltres
|-damage|p1a: Moltres|0 fnt
|faint|p1a: Moltres
|
|win|Depres_ionCher_y
|c|☆Depres_ionCher_y|gg
|c|☆SKITZ_MONEY|gg

</script>
<script type="application/json" class="data" id="replaydata-smogtours-gen3ou-797474">
{"id":"smogtours-gen3ou-797474","format":"[Gen 3] OU","players":["SKITZ_MONEY","Depres_ionCher_y"],"uploadtime":1728747614,"views":147,"formatid":"gen3ou","rating":null,"private":0,"password":null}
</script>

<script defer src="js/replays.js?9d40a366"></script>
