<!DOCTYPE html>
<meta charset="utf-8" />
<meta name="viewport" content="width=device-width" />

<title>[Gen 3] OU: Zpanther vs. Rainer2424 - Replays - Pok&eacute;mon Showdown!</title>

<meta name="description" content="Watch a replay of a Pok&eacute;mon battle between Zpanther and Rainer2424! Format: [Gen 3] OU; Date: Oct 27, 2024" />
<!--

Hey, you! Looking in the source for the replay log?

You can find them in JSON format, just add `.json` at the end of a replay URL.

https://replay.pokemonshowdown.com/gen7randomdoublesbattle-865046831.json

Or, if you only need the log itself, add `.log` instead:

https://replay.pokemonshowdown.com/gen7randomdoublesbattle-865046831.log

-->

<link rel="stylesheet" href="//pokemonshowdown.com/style/global.css?0.023195364461161105" />
<link rel="stylesheet" href="//play.pokemonshowdown.com/style/font-awesome.css?0.13261647063804238" />
<link rel="stylesheet" href="//play.pokemonshowdown.com/style/battle.css?0.8753245789963631" />
<link rel="stylesheet" href="//play.pokemonshowdown.com/style/utilichart.css?0.8627959624976733" />

<!-- Global site tag (gtag.js) - Google Analytics -->
<script async src="https://www.googletagmanager.com/gtag/js?id=UA-26211653-1"></script>
<script>
  window.dataLayer = window.dataLayer || [];
  function gtag(){dataLayer.push(arguments);}
  gtag('js', new Date());

  gtag('config', 'UA-26211653-1');
</script>
<!-- End Google Analytics -->
<!-- Venatus Ad Manager - Install in <HEAD> of page -->
	<script src="https://hb.vntsm.com/v3/live/ad-manager.min.js" type="text/javascript" data-site-id="642aba63ec9a7b11c3c9c1be" data-mode="scan" async></script>
<!-- / Venatus Ad Manager -->

<style>
	@media (max-width:820px) {
		.battle {
			margin: 0 auto;
		}
		.battle-log {
			margin: 7px auto 0;
			max-width: 640px;
			height: 300px;
			position: static;
		}
	}
	.optgroup {
		display: inline-block;
		line-height: 22px;
		font-size: 10pt;
	}
	.optgroup .button {
		height: 25px;
		padding-top: 0;
		padding-bottom: 0;
	}
	.optgroup button.button {
		padding-left: 12px;
		padding-right: 12px;
	}
	.linklist {
		list-style: none;
		margin: 0.5em 0;
		padding: 0;
	}
	.linklist li {
		padding: 2px 0;
	}
	.sidebar {
		float: left;
		width: 320px;
	}
	.bar-wrapper {
		max-width: 1100px;
		margin: 0 auto;
	}
	.bar-wrapper.has-sidebar {
		max-width: 1430px;
	}
	.mainbar {
		margin: 0;
		padding-right: 1px;
	}
	.mainbar.has-sidebar {
		margin-left: 330px;
	}
	@media (min-width: 1511px) {
		.sidebar {
			width: 400px;
		}
		.bar-wrapper.has-sidebar {
			max-width: 1510px;
		}
		.mainbar.has-sidebar {
			margin-left: 410px;
		}
	}
	.section.first-section {
		margin-top: 9px;
	}
	.blocklink small {
		white-space: normal;
	}
	.button {
		vertical-align: middle;
	}
	.replay-controls {
		padding-top: 10px;
	}
	.replay-controls h1 {
		font-size: 16pt;
		font-weight: normal;
		color: #CCC;
	}
	.pagelink {
		text-align: center;
	}
	.pagelink a {
		width: 150px;
	}
	.textbox, .button {
		font-size: 11pt;
		vertical-align: middle;
	}
	@media (max-width: 450px) {
		.button {
			font-size: 9pt;
		}
	}
</style>

<div>

	<header>
		<div class="nav-wrapper"><ul class="nav">
			<li><a class="button nav-first" href="//pokemonshowdown.com/"><img src="//pokemonshowdown.com/images/pokemonshowdownbeta.png" srcset="//pokemonshowdown.com/images/pokemonshowdownbeta.png 1x, //pokemonshowdown.com/images/pokemonshowdownbeta@2x.png 2x" alt="Pok&eacute;mon Showdown" width="146" height="44" /> Home</a></li>
			<li><a class="button" href="//pokemonshowdown.com/dex/">Pok&eacute;dex</a></li>
			<li><a class="button cur" href="/">Replays</a></li>
			<li><a class="button" href="//pokemonshowdown.com/ladder/">Ladder</a></li>
			<li><a class="button nav-last" href="//pokemonshowdown.com/forums/">Forum</a></li>
			<li><a class="button greenbutton nav-first nav-last" href="//play.pokemonshowdown.com/">Play</a></li>
		</ul></div>
	</header>

	<div class="main" id="main">

		<noscript><section class="section">You need to enable JavaScript to use this page; sorry!</section></noscript>

	</div>

</div>

<script defer nomodule src="//play.pokemonshowdown.com/js/lib/ps-polyfill.js"></script>
<script defer src="//play.pokemonshowdown.com/js/lib/preact.min.js"></script>

<script defer src="//play.pokemonshowdown.com/config/config.js?2bddbc15"></script>
<script defer src="//play.pokemonshowdown.com/js/lib/jquery-1.11.0.min.js"></script>
<script defer src="//play.pokemonshowdown.com/js/lib/html-sanitizer-minified.js"></script>
<script defer src="//play.pokemonshowdown.com/js/battle-sound.js"></script>
<script defer src="//play.pokemonshowdown.com/js/battledata.js?0.7209276989879541"></script>
<script defer src="//play.pokemonshowdown.com/data/pokedex-mini.js?0.6111056340867951"></script>
<script defer src="//play.pokemonshowdown.com/data/pokedex-mini-bw.js?0.3532142036491459"></script>
<script defer src="//play.pokemonshowdown.com/data/graphics.js?0.24223875632456182"></script>
<script defer src="//play.pokemonshowdown.com/data/pokedex.js?0.38839984266356864"></script>
<script defer src="//play.pokemonshowdown.com/data/moves.js?0.21866028504024015"></script>
<script defer src="//play.pokemonshowdown.com/data/abilities.js?0.2005157953846628"></script>
<script defer src="//play.pokemonshowdown.com/data/items.js?0.9894211263848525"></script>
<script defer src="//play.pokemonshowdown.com/data/teambuilder-tables.js?0.6008791140282215"></script>
<script defer src="//play.pokemonshowdown.com/js/battle-tooltips.js?0.7580118955022959"></script>
<script defer src="//play.pokemonshowdown.com/js/battle.js?0.6057722274234274"></script>

<script defer src="js/utils.js?e31f9a17"></script>
<script defer src="js/replays-battle.js?7008c182"></script>

<!-- don't scrape this data! just add .json or .log after the URL!
Full API docs: https://github.com/smogon/pokemon-showdown-client/blob/master/WEB-API.md -->
<script type="text/plain" class="log" id="replaylog-smogtours-gen3ou-802818">
|inactive|Battle timer is ON: inactive players will automatically lose when time's up.
|t:|1730066848
|gametype|singles
|player|p1|Zpanther|rose-zerosuit|
|player|p2|Rainer2424|266|
|teamsize|p1|6
|teamsize|p2|6
|gen|3
|tier|[Gen 3] OU
|rule|Sleep Clause Mod: Limit one foe put to sleep
|rule|Switch Priority Clause Mod: Faster Pokémon switch first
|rule|Species Clause: Limit one of each Pokémon
|rule|OHKO Clause: OHKO moves are banned
|rule|Evasion Items Clause: Evasion items are banned
|rule|Evasion Moves Clause: Evasion moves are banned
|rule|Endless Battle Clause: Forcing endless battles is banned
|rule|HP Percentage Mod: HP is shown in percentages
|rule|One Boost Passer Clause: Limit one Baton Passer that has a way to boost its stats
|rule|Freeze Clause Mod: Limit one foe frozen
|
|t:|1730066848
|start
|switch|p1a: Zapdos|Zapdos|100/100
|switch|p2a: Dirt|Tyranitar, F|100/100
|-weather|Sandstorm|[from] ability: Sand Stream|[of] p2a: Dirt
|turn|1
|c|☆Zpanther|hf
|
|t:|1730066872
|move|p1a: Zapdos|Substitute|p1a: Zapdos
|-start|p1a: Zapdos|Substitute
|-damage|p1a: Zapdos|75/100
|move|p2a: Dirt|Crunch|p1a: Zapdos
|-end|p1a: Zapdos|Substitute
|
|-weather|Sandstorm|[upkeep]
|-damage|p1a: Zapdos|69/100|[from] Sandstorm
|-heal|p1a: Zapdos|75/100|[from] item: Leftovers
|upkeep
|turn|2
|
|t:|1730066875
|move|p1a: Zapdos|Baton Pass|p1a: Zapdos
|
|t:|1730066878
|switch|p1a: Suicune|Suicune|100/100|[from] Baton Pass
|move|p2a: Dirt|Crunch|p1a: Suicune
|-crit|p1a: Suicune
|-damage|p1a: Suicune|38/100
|
|-weather|Sandstorm|[upkeep]
|-damage|p1a: Suicune|32/100|[from] Sandstorm
|-heal|p1a: Suicune|38/100|[from] item: Leftovers
|upkeep
|turn|3
|
|t:|1730066886
|switch|p2a: Fun House|Celebi|100/100
|move|p1a: Suicune|Calm Mind|p1a: Suicune
|-boost|p1a: Suicune|spa|1
|-boost|p1a: Suicune|spd|1
|
|-weather|Sandstorm|[upkeep]
|-damage|p1a: Suicune|32/100|[from] Sandstorm
|-damage|p2a: Fun House|94/100|[from] Sandstorm
|-heal|p1a: Suicune|38/100|[from] item: Leftovers
|-heal|p2a: Fun House|100/100|[from] item: Leftovers
|upkeep
|turn|4
|
|t:|1730066889
|move|p1a: Suicune|Ice Beam|p2a: Fun House
|-supereffective|p2a: Fun House
|-damage|p2a: Fun House|33/100
|move|p2a: Fun House|Hidden Power|p1a: Suicune
|-supereffective|p1a: Suicune
|-damage|p1a: Suicune|9/100
|
|-weather|Sandstorm|[upkeep]
|-damage|p1a: Suicune|3/100|[from] Sandstorm
|-damage|p2a: Fun House|27/100|[from] Sandstorm
|-heal|p1a: Suicune|9/100|[from] item: Leftovers
|-heal|p2a: Fun House|33/100|[from] item: Leftovers
|upkeep
|turn|5
|
|t:|1730066907
|switch|p2a: T.V. Eye|Magneton|100/100
|move|p1a: Suicune|Ice Beam|p2a: T.V. Eye
|-resisted|p2a: T.V. Eye
|-damage|p2a: T.V. Eye|63/100
|
|-weather|Sandstorm|[upkeep]
|-damage|p1a: Suicune|3/100|[from] Sandstorm
|-heal|p1a: Suicune|9/100|[from] item: Leftovers
|-heal|p2a: T.V. Eye|69/100|[from] item: Leftovers
|upkeep
|turn|6
|
|t:|1730066909
|move|p1a: Suicune|Hydro Pump|p2a: T.V. Eye
|-damage|p2a: T.V. Eye|0 fnt
|faint|p2a: T.V. Eye
|
|t:|1730066915
|switch|p2a: Down On the Street|Flygon, M|100/100
|
|-weather|Sandstorm|[upkeep]
|-damage|p1a: Suicune|3/100|[from] Sandstorm
|-heal|p1a: Suicune|9/100|[from] item: Leftovers
|upkeep
|turn|7
|
|t:|1730066918
|move|p2a: Down On the Street|Earthquake|p1a: Suicune
|-damage|p1a: Suicune|0 fnt
|faint|p1a: Suicune
|
|t:|1730066921
|switch|p1a: Zapdos|Zapdos|75/100
|
|-weather|Sandstorm|[upkeep]
|-damage|p1a: Zapdos|69/100|[from] Sandstorm
|-heal|p1a: Zapdos|75/100|[from] item: Leftovers
|upkeep
|turn|8
|
|t:|1730066927
|switch|p2a: L.A. Blues|Swampert, M|100/100
|move|p1a: Zapdos|Hidden Power|p2a: L.A. Blues
|-damage|p2a: L.A. Blues|79/100
|
|-weather|Sandstorm|[upkeep]
|-damage|p1a: Zapdos|69/100|[from] Sandstorm
|-heal|p1a: Zapdos|75/100|[from] item: Leftovers
|-heal|p2a: L.A. Blues|85/100|[from] item: Leftovers
|upkeep
|turn|9
|
|t:|1730066931
|move|p1a: Zapdos|Baton Pass|p1a: Zapdos
|
|t:|1730066934
|switch|p1a: Celebi|Celebi|100/100|[from] Baton Pass
|move|p2a: L.A. Blues|Ice Beam|p1a: Celebi
|-supereffective|p1a: Celebi
|-damage|p1a: Celebi|68/100
|-status|p1a: Celebi|frz
|
|-weather|Sandstorm|[upkeep]
|-damage|p1a: Celebi|62/100 frz|[from] Sandstorm
|-heal|p1a: Celebi|68/100 frz|[from] item: Leftovers
|-heal|p2a: L.A. Blues|92/100|[from] item: Leftovers
|upkeep
|turn|10
|
|t:|1730066945
|-curestatus|p1a: Celebi|frz|[from] ability: Natural Cure
|switch|p1a: Metagross|Metagross|100/100
|switch|p2a: Down On the Street|Flygon, M|100/100
|
|-weather|Sandstorm|[upkeep]
|upkeep
|turn|11
|
|t:|1730066950
|switch|p2a: 1970|Skarmory, M|100/100
|move|p1a: Metagross|Psychic|p2a: 1970
|-resisted|p2a: 1970
|-damage|p2a: 1970|80/100
|
|-weather|Sandstorm|[upkeep]
|-heal|p2a: 1970|86/100|[from] item: Leftovers
|upkeep
|turn|12
|
|t:|1730066956
|move|p1a: Metagross|Hidden Power|p2a: 1970
|-supereffective|p2a: 1970
|-damage|p2a: 1970|49/100
|move|p2a: 1970|Spikes|p1a: Metagross
|-sidestart|p1: Zpanther|Spikes
|
|-weather|Sandstorm|[upkeep]
|-heal|p2a: 1970|55/100|[from] item: Leftovers
|upkeep
|turn|13
|
|t:|1730066960
|move|p2a: 1970|Protect|p2a: 1970
|-singleturn|p2a: 1970|Protect
|move|p1a: Metagross|Hidden Power|p2a: 1970
|-activate|p2a: 1970|Protect
|
|-weather|Sandstorm|[upkeep]
|-heal|p2a: 1970|61/100|[from] item: Leftovers
|upkeep
|turn|14
|
|t:|1730066963
|switch|p2a: Dirt|Tyranitar, F|100/100
|move|p1a: Metagross|Hidden Power|p2a: Dirt
|-resisted|p2a: Dirt
|-damage|p2a: Dirt|92/100
|
|-weather|Sandstorm|[upkeep]
|-heal|p2a: Dirt|98/100|[from] item: Leftovers
|upkeep
|turn|15
|
|t:|1730066968
|move|p1a: Metagross|Meteor Mash|p2a: Dirt
|-supereffective|p2a: Dirt
|-damage|p2a: Dirt|30/100
|move|p2a: Dirt|Crunch|p1a: Metagross
|-damage|p1a: Metagross|55/100
|
|-weather|Sandstorm|[upkeep]
|-heal|p1a: Metagross|61/100|[from] item: Leftovers
|-heal|p2a: Dirt|36/100|[from] item: Leftovers
|upkeep
|turn|16
|
|t:|1730066974
|switch|p2a: 1970|Skarmory, M|61/100
|move|p1a: Metagross|Meteor Mash|p2a: 1970
|-resisted|p2a: 1970
|-damage|p2a: 1970|45/100
|
|-weather|Sandstorm|[upkeep]
|-heal|p1a: Metagross|67/100|[from] item: Leftovers
|-heal|p2a: 1970|51/100|[from] item: Leftovers
|upkeep
|turn|17
|
|t:|1730066977
|move|p2a: 1970|Protect|p2a: 1970
|-singleturn|p2a: 1970|Protect
|move|p1a: Metagross|Hidden Power|p2a: 1970
|-activate|p2a: 1970|Protect
|
|-weather|Sandstorm|[upkeep]
|-heal|p1a: Metagross|74/100|[from] item: Leftovers
|-heal|p2a: 1970|57/100|[from] item: Leftovers
|upkeep
|turn|18
|
|t:|1730066981
|move|p1a: Metagross|Hidden Power|p2a: 1970
|-supereffective|p2a: 1970
|-crit|p2a: 1970
|-damage|p2a: 1970|0 fnt
|faint|p2a: 1970
|
|t:|1730066987
|switch|p2a: L.A. Blues|Swampert, M|92/100
|
|-weather|Sandstorm|[upkeep]
|-heal|p1a: Metagross|80/100|[from] item: Leftovers
|-heal|p2a: L.A. Blues|98/100|[from] item: Leftovers
|upkeep
|turn|19
|
|t:|1730067000
|move|p1a: Metagross|Psychic|p2a: L.A. Blues
|-damage|p2a: L.A. Blues|65/100
|-unboost|p2a: L.A. Blues|spd|1
|move|p2a: L.A. Blues|Earthquake|p1a: Metagross
|-supereffective|p1a: Metagross
|-damage|p1a: Metagross|23/100
|
|-weather|Sandstorm|[upkeep]
|-heal|p1a: Metagross|29/100|[from] item: Leftovers
|-heal|p2a: L.A. Blues|71/100|[from] item: Leftovers
|upkeep
|turn|20
|
|t:|1730067004
|switch|p2a: Dirt|Tyranitar, F|36/100
|move|p1a: Metagross|Psychic|p2a: Dirt
|-immune|p2a: Dirt
|
|-weather|Sandstorm|[upkeep]
|-heal|p1a: Metagross|35/100|[from] item: Leftovers
|-heal|p2a: Dirt|42/100|[from] item: Leftovers
|upkeep
|turn|21
|
|t:|1730067007
|move|p1a: Metagross|Meteor Mash|p2a: Dirt
|-supereffective|p2a: Dirt
|-damage|p2a: Dirt|0 fnt
|faint|p2a: Dirt
|
|t:|1730067009
|switch|p2a: L.A. Blues|Swampert, M|71/100
|
|-weather|Sandstorm|[upkeep]
|-heal|p1a: Metagross|41/100|[from] item: Leftovers
|-heal|p2a: L.A. Blues|77/100|[from] item: Leftovers
|upkeep
|turn|22
|
|t:|1730067011
|move|p1a: Metagross|Explosion|p2a: L.A. Blues
|-damage|p2a: L.A. Blues|0 fnt
|faint|p1a: Metagross
|faint|p2a: L.A. Blues
|
|t:|1730067017
|switch|p1a: Zapdos|Zapdos|75/100
|switch|p2a: Down On the Street|Flygon, M|100/100
|
|-weather|Sandstorm|[upkeep]
|-damage|p1a: Zapdos|69/100|[from] Sandstorm
|-heal|p1a: Zapdos|75/100|[from] item: Leftovers
|upkeep
|turn|23
|
|t:|1730067021
|move|p2a: Down On the Street|Rock Slide|p1a: Zapdos
|-supereffective|p1a: Zapdos
|-damage|p1a: Zapdos|29/100
|cant|p1a: Zapdos|flinch
|
|-weather|Sandstorm|[upkeep]
|-damage|p1a: Zapdos|23/100|[from] Sandstorm
|-heal|p1a: Zapdos|29/100|[from] item: Leftovers
|upkeep
|turn|24
|
|t:|1730067032
|move|p2a: Down On the Street|Rock Slide|p1a: Zapdos
|-supereffective|p1a: Zapdos
|-damage|p1a: Zapdos|0 fnt
|faint|p1a: Zapdos
|
|t:|1730067036
|switch|p1a: Celebi|Celebi|68/100
|-damage|p1a: Celebi|56/100|[from] Spikes
|
|-weather|Sandstorm|[upkeep]
|-damage|p1a: Celebi|50/100|[from] Sandstorm
|-heal|p1a: Celebi|56/100|[from] item: Leftovers
|upkeep
|turn|25
|
|t:|1730067041
|move|p2a: Down On the Street|Substitute|p2a: Down On the Street
|-start|p2a: Down On the Street|Substitute
|-damage|p2a: Down On the Street|76/100
|move|p1a: Celebi|Giga Drain|p2a: Down On the Street
|-end|p2a: Down On the Street|Substitute
|-heal|p1a: Celebi|65/100|[from] drain|[of] p2a: Down On the Street
|
|-weather|Sandstorm|[upkeep]
|-damage|p1a: Celebi|59/100|[from] Sandstorm
|-heal|p2a: Down On the Street|82/100|[from] item: Leftovers
|-heal|p1a: Celebi|65/100|[from] item: Leftovers
|upkeep
|turn|26
|
|t:|1730067044
|move|p2a: Down On the Street|Hidden Power|p1a: Celebi
|-supereffective|p1a: Celebi
|-damage|p1a: Celebi|1/100
|move|p1a: Celebi|Giga Drain|p2a: Down On the Street
|-damage|p2a: Down On the Street|47/100
|-heal|p1a: Celebi|14/100|[from] drain|[of] p2a: Down On the Street
|
|-weather|Sandstorm|[upkeep]
|-damage|p1a: Celebi|8/100|[from] Sandstorm
|-heal|p2a: Down On the Street|53/100|[from] item: Leftovers
|-heal|p1a: Celebi|14/100|[from] item: Leftovers
|upkeep
|turn|27
|
|t:|1730067048
|move|p2a: Down On the Street|Hidden Power|p1a: Celebi
|-supereffective|p1a: Celebi
|-damage|p1a: Celebi|0 fnt
|faint|p1a: Celebi
|
|t:|1730067051
|switch|p1a: Tyranitar|Tyranitar, F|100/100
|-damage|p1a: Tyranitar|88/100|[from] Spikes
|
|-weather|Sandstorm|[upkeep]
|-heal|p2a: Down On the Street|59/100|[from] item: Leftovers
|-heal|p1a: Tyranitar|94/100|[from] item: Leftovers
|upkeep
|turn|28
|
|t:|1730067056
|move|p2a: Down On the Street|Earthquake|p1a: Tyranitar
|-supereffective|p1a: Tyranitar
|-damage|p1a: Tyranitar|30/100
|move|p1a: Tyranitar|Double-Edge|p2a: Down On the Street
|-damage|p2a: Down On the Street|0 fnt
|-damage|p1a: Tyranitar|15/100|[from] Recoil|[of] p2a: Down On the Street
|faint|p2a: Down On the Street
|
|t:|1730067059
|switch|p2a: Fun House|Celebi|33/100
|
|-weather|Sandstorm|[upkeep]
|-damage|p2a: Fun House|27/100|[from] Sandstorm
|-heal|p2a: Fun House|33/100|[from] item: Leftovers
|-heal|p1a: Tyranitar|22/100|[from] item: Leftovers
|upkeep
|turn|29
|
|t:|1730067063
|move|p2a: Fun House|Hidden Power|p1a: Tyranitar
|-supereffective|p1a: Tyranitar
|-damage|p1a: Tyranitar|0 fnt
|faint|p1a: Tyranitar
|
|t:|1730067065
|switch|p1a: Dugtrio|Dugtrio, F|100/100
|-damage|p1a: Dugtrio|88/100|[from] Spikes
|
|-weather|Sandstorm|[upkeep]
|-damage|p2a: Fun House|27/100|[from] Sandstorm
|-heal|p2a: Fun House|33/100|[from] item: Leftovers
|upkeep
|turn|30
|
|t:|1730067069
|move|p1a: Dugtrio|Hidden Power|p2a: Fun House
|-supereffective|p2a: Fun House
|-damage|p2a: Fun House|0 fnt
|faint|p2a: Fun House
|
|win|Zpanther
|c|☆Zpanther|ggs
|c|☆Rainer2424|Ggs

</script>
<script type="application/json" class="data" id="replaydata-smogtours-gen3ou-802818">
{"id":"smogtours-gen3ou-802818","format":"[Gen 3] OU","players":["Zpanther","Rainer2424"],"uploadtime":1730067069,"views":100,"formatid":"gen3ou","rating":null,"private":0,"password":null}
</script>

<script defer src="js/replays.js?9d40a366"></script>
