<!DOCTYPE html>
<meta charset="utf-8" />
<meta name="viewport" content="width=device-width" />

<title>[Gen 3] OU: ADV TechSupport vs. tamafuyu - Replays - Pok&eacute;mon Showdown!</title>

<meta name="description" content="Watch a replay of a Pok&eacute;mon battle between ADV TechSupport and tamafuyu! Format: [Gen 3] OU; Date: Oct 23, 2024" />
<!--

Hey, you! Looking in the source for the replay log?

You can find them in JSON format, just add `.json` at the end of a replay URL.

https://replay.pokemonshowdown.com/gen7randomdoublesbattle-865046831.json

Or, if you only need the log itself, add `.log` instead:

https://replay.pokemonshowdown.com/gen7randomdoublesbattle-865046831.log

-->

<link rel="stylesheet" href="//pokemonshowdown.com/style/global.css?0.023195364461161105" />
<link rel="stylesheet" href="//play.pokemonshowdown.com/style/font-awesome.css?0.13261647063804238" />
<link rel="stylesheet" href="//play.pokemonshowdown.com/style/battle.css?0.8753245789963631" />
<link rel="stylesheet" href="//play.pokemonshowdown.com/style/utilichart.css?0.8627959624976733" />

<!-- Global site tag (gtag.js) - Google Analytics -->
<script async src="https://www.googletagmanager.com/gtag/js?id=UA-26211653-1"></script>
<script>
  window.dataLayer = window.dataLayer || [];
  function gtag(){dataLayer.push(arguments);}
  gtag('js', new Date());

  gtag('config', 'UA-26211653-1');
</script>
<!-- End Google Analytics -->
<!-- Venatus Ad Manager - Install in <HEAD> of page -->
	<script src="https://hb.vntsm.com/v3/live/ad-manager.min.js" type="text/javascript" data-site-id="642aba63ec9a7b11c3c9c1be" data-mode="scan" async></script>
<!-- / Venatus Ad Manager -->

<style>
	@media (max-width:820px) {
		.battle {
			margin: 0 auto;
		}
		.battle-log {
			margin: 7px auto 0;
			max-width: 640px;
			height: 300px;
			position: static;
		}
	}
	.optgroup {
		display: inline-block;
		line-height: 22px;
		font-size: 10pt;
	}
	.optgroup .button {
		height: 25px;
		padding-top: 0;
		padding-bottom: 0;
	}
	.optgroup button.button {
		padding-left: 12px;
		padding-right: 12px;
	}
	.linklist {
		list-style: none;
		margin: 0.5em 0;
		padding: 0;
	}
	.linklist li {
		padding: 2px 0;
	}
	.sidebar {
		float: left;
		width: 320px;
	}
	.bar-wrapper {
		max-width: 1100px;
		margin: 0 auto;
	}
	.bar-wrapper.has-sidebar {
		max-width: 1430px;
	}
	.mainbar {
		margin: 0;
		padding-right: 1px;
	}
	.mainbar.has-sidebar {
		margin-left: 330px;
	}
	@media (min-width: 1511px) {
		.sidebar {
			width: 400px;
		}
		.bar-wrapper.has-sidebar {
			max-width: 1510px;
		}
		.mainbar.has-sidebar {
			margin-left: 410px;
		}
	}
	.section.first-section {
		margin-top: 9px;
	}
	.blocklink small {
		white-space: normal;
	}
	.button {
		vertical-align: middle;
	}
	.replay-controls {
		padding-top: 10px;
	}
	.replay-controls h1 {
		font-size: 16pt;
		font-weight: normal;
		color: #CCC;
	}
	.pagelink {
		text-align: center;
	}
	.pagelink a {
		width: 150px;
	}
	.textbox, .button {
		font-size: 11pt;
		vertical-align: middle;
	}
	@media (max-width: 450px) {
		.button {
			font-size: 9pt;
		}
	}
</style>

<div>

	<header>
		<div class="nav-wrapper"><ul class="nav">
			<li><a class="button nav-first" href="//pokemonshowdown.com/"><img src="//pokemonshowdown.com/images/pokemonshowdownbeta.png" srcset="//pokemonshowdown.com/images/pokemonshowdownbeta.png 1x, //pokemonshowdown.com/images/pokemonshowdownbeta@2x.png 2x" alt="Pok&eacute;mon Showdown" width="146" height="44" /> Home</a></li>
			<li><a class="button" href="//pokemonshowdown.com/dex/">Pok&eacute;dex</a></li>
			<li><a class="button cur" href="/">Replays</a></li>
			<li><a class="button" href="//pokemonshowdown.com/ladder/">Ladder</a></li>
			<li><a class="button nav-last" href="//pokemonshowdown.com/forums/">Forum</a></li>
			<li><a class="button greenbutton nav-first nav-last" href="//play.pokemonshowdown.com/">Play</a></li>
		</ul></div>
	</header>

	<div class="main" id="main">

		<noscript><section class="section">You need to enable JavaScript to use this page; sorry!</section></noscript>

	</div>

</div>

<script defer nomodule src="//play.pokemonshowdown.com/js/lib/ps-polyfill.js"></script>
<script defer src="//play.pokemonshowdown.com/js/lib/preact.min.js"></script>

<script defer src="//play.pokemonshowdown.com/config/config.js?2bddbc15"></script>
<script defer src="//play.pokemonshowdown.com/js/lib/jquery-1.11.0.min.js"></script>
<script defer src="//play.pokemonshowdown.com/js/lib/html-sanitizer-minified.js"></script>
<script defer src="//play.pokemonshowdown.com/js/battle-sound.js"></script>
<script defer src="//play.pokemonshowdown.com/js/battledata.js?0.7209276989879541"></script>
<script defer src="//play.pokemonshowdown.com/data/pokedex-mini.js?0.6111056340867951"></script>
<script defer src="//play.pokemonshowdown.com/data/pokedex-mini-bw.js?0.3532142036491459"></script>
<script defer src="//play.pokemonshowdown.com/data/graphics.js?0.24223875632456182"></script>
<script defer src="//play.pokemonshowdown.com/data/pokedex.js?0.38839984266356864"></script>
<script defer src="//play.pokemonshowdown.com/data/moves.js?0.21866028504024015"></script>
<script defer src="//play.pokemonshowdown.com/data/abilities.js?0.2005157953846628"></script>
<script defer src="//play.pokemonshowdown.com/data/items.js?0.9894211263848525"></script>
<script defer src="//play.pokemonshowdown.com/data/teambuilder-tables.js?0.6008791140282215"></script>
<script defer src="//play.pokemonshowdown.com/js/battle-tooltips.js?0.7580118955022959"></script>
<script defer src="//play.pokemonshowdown.com/js/battle.js?0.6057722274234274"></script>

<script defer src="js/utils.js?e31f9a17"></script>
<script defer src="js/replays-battle.js?7008c182"></script>

<!-- don't scrape this data! just add .json or .log after the URL!
Full API docs: https://github.com/smogon/pokemon-showdown-client/blob/master/WEB-API.md -->
<script type="text/plain" class="log" id="replaylog-smogtours-gen3ou-801311">
|inactive|Battle timer is ON: inactive players will automatically lose when time's up.
|t:|1729641659
|gametype|singles
|player|p1|ADV TechSupport|burglar|
|player|p2|tamafuyu|rosa-masters|
|teamsize|p1|6
|teamsize|p2|6
|gen|3
|tier|[Gen 3] OU
|rule|Sleep Clause Mod: Limit one foe put to sleep
|rule|Switch Priority Clause Mod: Faster Pokémon switch first
|rule|Species Clause: Limit one of each Pokémon
|rule|OHKO Clause: OHKO moves are banned
|rule|Evasion Items Clause: Evasion items are banned
|rule|Evasion Moves Clause: Evasion moves are banned
|rule|Endless Battle Clause: Forcing endless battles is banned
|rule|HP Percentage Mod: HP is shown in percentages
|rule|One Boost Passer Clause: Limit one Baton Passer that has a way to boost its stats
|rule|Freeze Clause Mod: Limit one foe frozen
|
|t:|1729641659
|start
|switch|p1a: Salamence|Salamence, F|100/100
|switch|p2a: The Waiter|Zapdos|100/100
|-ability|p1a: Salamence|Intimidate|boost
|-unboost|p2a: The Waiter|atk|1
|turn|1
|inactive|tamafuyu also wants the timer to be on.
|
|t:|1729641669
|switch|p2a: AAAATTATAGG|Swampert, M|100/100
|move|p1a: Salamence|Rock Slide|p2a: AAAATTATAGG
|-resisted|p2a: AAAATTATAGG
|-damage|p2a: AAAATTATAGG|87/100
|
|-heal|p2a: AAAATTATAGG|94/100|[from] item: Leftovers
|upkeep
|turn|2
|
|t:|1729641683
|switch|p1a: Suicune|Suicune|100/100
|move|p2a: AAAATTATAGG|Ice Beam|p1a: Suicune
|-resisted|p1a: Suicune
|-damage|p1a: Suicune|93/100
|
|-heal|p1a: Suicune|99/100|[from] item: Leftovers
|-heal|p2a: AAAATTATAGG|99/100|[from] item: Leftovers
|upkeep
|turn|3
|
|t:|1729641687
|switch|p2a: Celeb111111|Celebi|100/100
|move|p1a: Suicune|Roar|p2a: Celeb111111
|drag|p2a: Tyranocif|Tyranitar, F|100/100
|-weather|Sandstorm|[from] ability: Sand Stream|[of] p2a: Tyranocif
|
|-weather|Sandstorm|[upkeep]
|-damage|p1a: Suicune|93/100|[from] Sandstorm
|-heal|p1a: Suicune|99/100|[from] item: Leftovers
|upkeep
|turn|4
|
|t:|1729641695
|switch|p1a: Jirachi|Jirachi|100/100
|switch|p2a: Celeb111111|Celebi|100/100
|
|-weather|Sandstorm|[upkeep]
|-damage|p2a: Celeb111111|94/100|[from] Sandstorm
|-heal|p2a: Celeb111111|100/100|[from] item: Leftovers
|upkeep
|turn|5
|
|t:|1729641699
|move|p1a: Jirachi|Toxic|p2a: Celeb111111|[miss]
|-miss|p1a: Jirachi|p2a: Celeb111111
|move|p2a: Celeb111111|Baton Pass|p2a: Celeb111111
|
|t:|1729641701
|switch|p2a: The Method|Dugtrio, M|100/100|[from] Baton Pass
|
|-weather|Sandstorm|[upkeep]
|upkeep
|turn|6
|
|t:|1729641704
|move|p2a: The Method|Earthquake|p1a: Jirachi
|-supereffective|p1a: Jirachi
|-damage|p1a: Jirachi|30/100
|move|p1a: Jirachi|Wish|p1a: Jirachi
|
|-weather|Sandstorm|[upkeep]
|-heal|p1a: Jirachi|36/100|[from] item: Leftovers
|upkeep
|turn|7
|
|t:|1729641706
|move|p1a: Jirachi|Protect|p1a: Jirachi
|-singleturn|p1a: Jirachi|Protect
|move|p2a: The Method|Earthquake|p1a: Jirachi
|-activate|p1a: Jirachi|Protect
|
|-heal|p1a: Jirachi|86/100|[from] move: Wish|[wisher] Jirachi
|-weather|Sandstorm|[upkeep]
|-heal|p1a: Jirachi|92/100|[from] item: Leftovers
|upkeep
|turn|8
|
|t:|1729641711
|move|p2a: The Method|Earthquake|p1a: Jirachi
|-supereffective|p1a: Jirachi
|-damage|p1a: Jirachi|17/100
|move|p1a: Jirachi|Fire Punch|p2a: The Method
|-damage|p2a: The Method|67/100
|
|-weather|Sandstorm|[upkeep]
|-heal|p1a: Jirachi|23/100|[from] item: Leftovers
|upkeep
|turn|9
|
|t:|1729641717
|move|p1a: Jirachi|Protect|p1a: Jirachi
|-singleturn|p1a: Jirachi|Protect
|move|p2a: The Method|Earthquake|p1a: Jirachi
|-activate|p1a: Jirachi|Protect
|
|-weather|Sandstorm|[upkeep]
|-heal|p1a: Jirachi|30/100|[from] item: Leftovers
|upkeep
|turn|10
|
|t:|1729641718
|move|p1a: Jirachi|Protect||[still]
|-fail|p1a: Jirachi
|move|p2a: The Method|Earthquake|p1a: Jirachi
|-supereffective|p1a: Jirachi
|-damage|p1a: Jirachi|0 fnt
|faint|p1a: Jirachi
|
|t:|1729641723
|switch|p1a: Salamence|Salamence, F|100/100
|-ability|p1a: Salamence|Intimidate|boost
|-unboost|p2a: The Method|atk|1
|
|-weather|Sandstorm|[upkeep]
|-damage|p1a: Salamence|94/100|[from] Sandstorm
|upkeep
|turn|11
|
|t:|1729641729
|switch|p2a: Tyranocif|Tyranitar, F|100/100
|switch|p1a: Hariyama|Hariyama, F|100/100
|
|-weather|Sandstorm|[upkeep]
|-damage|p1a: Hariyama|94/100|[from] Sandstorm
|-heal|p1a: Hariyama|100/100|[from] item: Leftovers
|upkeep
|turn|12
|
|t:|1729641737
|switch|p2a: Celeb111111|Celebi|100/100
|move|p1a: Hariyama|Knock Off|p2a: Celeb111111
|-supereffective|p2a: Celeb111111
|-damage|p2a: Celeb111111|98/100
|-enditem|p2a: Celeb111111|Leftovers|[from] move: Knock Off|[of] p1a: Hariyama
|-hint|In Gens 3-4, Knock Off only makes the target's item unusable; it cannot obtain a new item.
|
|-weather|Sandstorm|[upkeep]
|-damage|p2a: Celeb111111|91/100|[from] Sandstorm
|-damage|p1a: Hariyama|94/100|[from] Sandstorm
|-heal|p1a: Hariyama|100/100|[from] item: Leftovers
|upkeep
|turn|13
|
|t:|1729641744
|move|p2a: Celeb111111|Psychic|p1a: Hariyama
|-supereffective|p1a: Hariyama
|-damage|p1a: Hariyama|42/100
|move|p1a: Hariyama|Hidden Power|p2a: Celeb111111
|-supereffective|p2a: Celeb111111
|-damage|p2a: Celeb111111|17/100
|
|-weather|Sandstorm|[upkeep]
|-damage|p2a: Celeb111111|11/100|[from] Sandstorm
|-damage|p1a: Hariyama|36/100|[from] Sandstorm
|-heal|p1a: Hariyama|42/100|[from] item: Leftovers
|upkeep
|turn|14
|
|t:|1729641748
|switch|p1a: Blissey|Blissey, F|100/100
|move|p2a: Celeb111111|Leech Seed|p1a: Blissey
|-start|p1a: Blissey|move: Leech Seed
|
|-weather|Sandstorm|[upkeep]
|-damage|p2a: Celeb111111|5/100|[from] Sandstorm
|-damage|p1a: Blissey|94/100|[from] Sandstorm
|-heal|p1a: Blissey|100/100|[from] item: Leftovers
|-damage|p1a: Blissey|88/100|[from] Leech Seed|[of] p2a: Celeb111111
|-heal|p2a: Celeb111111|25/100|[silent]
|upkeep
|turn|15
|
|t:|1729641754
|switch|p1a: Salamence|Salamence, F|94/100
|-ability|p1a: Salamence|Intimidate|boost
|-unboost|p2a: Celeb111111|atk|1
|move|p2a: Celeb111111|Recover|p2a: Celeb111111
|-heal|p2a: Celeb111111|75/100
|
|-weather|Sandstorm|[upkeep]
|-damage|p1a: Salamence|88/100|[from] Sandstorm
|-damage|p2a: Celeb111111|69/100|[from] Sandstorm
|upkeep
|turn|16
|
|t:|1729641760
|switch|p2a: AAAATTATAGG|Swampert, M|99/100
|move|p1a: Salamence|Hidden Power|p2a: AAAATTATAGG
|-damage|p2a: AAAATTATAGG|63/100
|
|-weather|Sandstorm|[upkeep]
|-damage|p1a: Salamence|82/100|[from] Sandstorm
|-heal|p2a: AAAATTATAGG|70/100|[from] item: Leftovers
|upkeep
|turn|17
|
|t:|1729641766
|switch|p1a: Blissey|Blissey, F|88/100
|switch|p2a: The Waiter|Zapdos|100/100
|
|-weather|Sandstorm|[upkeep]
|-damage|p2a: The Waiter|94/100|[from] Sandstorm
|-damage|p1a: Blissey|82/100|[from] Sandstorm
|-heal|p2a: The Waiter|100/100|[from] item: Leftovers
|-heal|p1a: Blissey|88/100|[from] item: Leftovers
|upkeep
|turn|18
|
|t:|1729641770
|move|p2a: The Waiter|Baton Pass|p2a: The Waiter
|
|t:|1729641771
|switch|p2a: Celeb111111|Celebi|69/100|[from] Baton Pass
|move|p1a: Blissey|Ice Beam|p2a: Celeb111111
|-supereffective|p2a: Celeb111111
|-damage|p2a: Celeb111111|34/100
|
|-weather|Sandstorm|[upkeep]
|-damage|p2a: Celeb111111|28/100|[from] Sandstorm
|-damage|p1a: Blissey|82/100|[from] Sandstorm
|-heal|p1a: Blissey|88/100|[from] item: Leftovers
|upkeep
|turn|19
|
|t:|1729641775
|move|p2a: Celeb111111|Recover|p2a: Celeb111111
|-heal|p2a: Celeb111111|78/100
|move|p1a: Blissey|Ice Beam|p2a: Celeb111111
|-supereffective|p2a: Celeb111111
|-damage|p2a: Celeb111111|46/100
|
|-weather|Sandstorm|[upkeep]
|-damage|p2a: Celeb111111|40/100|[from] Sandstorm
|-damage|p1a: Blissey|82/100|[from] Sandstorm
|-heal|p1a: Blissey|88/100|[from] item: Leftovers
|upkeep
|turn|20
|
|t:|1729641780
|move|p2a: Celeb111111|Recover|p2a: Celeb111111
|-heal|p2a: Celeb111111|90/100
|move|p1a: Blissey|Ice Beam|p2a: Celeb111111
|-supereffective|p2a: Celeb111111
|-damage|p2a: Celeb111111|58/100
|-status|p2a: Celeb111111|frz
|
|-weather|Sandstorm|[upkeep]
|-damage|p2a: Celeb111111|52/100 frz|[from] Sandstorm
|-damage|p1a: Blissey|82/100|[from] Sandstorm
|-heal|p1a: Blissey|88/100|[from] item: Leftovers
|upkeep
|turn|21
|
|t:|1729641787
|-curestatus|p2a: Celeb111111|frz|[from] ability: Natural Cure
|switch|p2a: AAAATTATAGG|Swampert, M|70/100
|move|p1a: Blissey|Ice Beam|p2a: AAAATTATAGG
|-damage|p2a: AAAATTATAGG|48/100
|
|-weather|Sandstorm|[upkeep]
|-damage|p1a: Blissey|82/100|[from] Sandstorm
|-heal|p1a: Blissey|88/100|[from] item: Leftovers
|-heal|p2a: AAAATTATAGG|54/100|[from] item: Leftovers
|upkeep
|turn|22
|
|t:|1729641791
|switch|p1a: Suicune|Suicune|99/100
|move|p2a: AAAATTATAGG|Earthquake|p1a: Suicune
|-damage|p1a: Suicune|79/100
|
|-weather|Sandstorm|[upkeep]
|-damage|p1a: Suicune|73/100|[from] Sandstorm
|-heal|p1a: Suicune|79/100|[from] item: Leftovers
|-heal|p2a: AAAATTATAGG|60/100|[from] item: Leftovers
|upkeep
|turn|23
|
|t:|1729641797
|switch|p1a: Salamence|Salamence, F|82/100
|-ability|p1a: Salamence|Intimidate|boost
|-unboost|p2a: AAAATTATAGG|atk|1
|switch|p2a: The Waiter|Zapdos|100/100
|
|-weather|Sandstorm|[upkeep]
|-damage|p2a: The Waiter|94/100|[from] Sandstorm
|-damage|p1a: Salamence|76/100|[from] Sandstorm
|-heal|p2a: The Waiter|100/100|[from] item: Leftovers
|upkeep
|turn|24
|
|t:|1729641803
|switch|p2a: AAAATTATAGG|Swampert, M|60/100
|move|p1a: Salamence|Rock Slide|p2a: AAAATTATAGG
|-resisted|p2a: AAAATTATAGG
|-damage|p2a: AAAATTATAGG|46/100
|
|-weather|Sandstorm|[upkeep]
|-damage|p1a: Salamence|70/100|[from] Sandstorm
|-heal|p2a: AAAATTATAGG|52/100|[from] item: Leftovers
|upkeep
|turn|25
|
|t:|1729641810
|switch|p1a: Claydol|Claydol|100/100
|move|p2a: AAAATTATAGG|Earthquake|p1a: Claydol
|-immune|p1a: Claydol
|
|-weather|Sandstorm|[upkeep]
|-heal|p2a: AAAATTATAGG|59/100|[from] item: Leftovers
|upkeep
|turn|26
|
|t:|1729641816
|switch|p1a: Suicune|Suicune|79/100
|move|p2a: AAAATTATAGG|Hydro Pump|p1a: Suicune|[miss]
|-miss|p2a: AAAATTATAGG|p1a: Suicune
|
|-weather|Sandstorm|[upkeep]
|-damage|p1a: Suicune|73/100|[from] Sandstorm
|-heal|p1a: Suicune|79/100|[from] item: Leftovers
|-heal|p2a: AAAATTATAGG|65/100|[from] item: Leftovers
|upkeep
|turn|27
|
|t:|1729641828
|switch|p1a: Salamence|Salamence, F|70/100
|-ability|p1a: Salamence|Intimidate|boost
|-unboost|p2a: AAAATTATAGG|atk|1
|switch|p2a: The Waiter|Zapdos|100/100
|
|-weather|Sandstorm|[upkeep]
|-damage|p1a: Salamence|64/100|[from] Sandstorm
|-damage|p2a: The Waiter|94/100|[from] Sandstorm
|-heal|p2a: The Waiter|100/100|[from] item: Leftovers
|upkeep
|turn|28
|
|t:|1729641833
|switch|p2a: Tyranocif|Tyranitar, F|100/100
|move|p1a: Salamence|Rock Slide|p2a: Tyranocif
|-damage|p2a: Tyranocif|69/100
|
|-weather|Sandstorm|[upkeep]
|-damage|p1a: Salamence|58/100|[from] Sandstorm
|-heal|p2a: Tyranocif|75/100|[from] item: Leftovers
|upkeep
|turn|29
|
|t:|1729641838
|switch|p1a: Claydol|Claydol|100/100
|move|p2a: Tyranocif|Hidden Power|p1a: Claydol
|-supereffective|p1a: Claydol
|-damage|p1a: Claydol|35/100
|
|-weather|Sandstorm|[upkeep]
|-heal|p1a: Claydol|41/100|[from] item: Leftovers
|-heal|p2a: Tyranocif|81/100|[from] item: Leftovers
|upkeep
|turn|30
|
|t:|1729641843
|move|p1a: Claydol|Explosion|p2a: Tyranocif
|-resisted|p2a: Tyranocif
|-damage|p2a: Tyranocif|31/100
|faint|p1a: Claydol
|
|t:|1729641864
|switch|p1a: Suicune|Suicune|79/100
|
|-weather|Sandstorm|[upkeep]
|-damage|p1a: Suicune|73/100|[from] Sandstorm
|-heal|p1a: Suicune|79/100|[from] item: Leftovers
|-heal|p2a: Tyranocif|37/100|[from] item: Leftovers
|upkeep
|turn|31
|
|t:|1729641868
|switch|p2a: The Waiter|Zapdos|100/100
|move|p1a: Suicune|Calm Mind|p1a: Suicune
|-boost|p1a: Suicune|spa|1
|-boost|p1a: Suicune|spd|1
|
|-weather|Sandstorm|[upkeep]
|-damage|p2a: The Waiter|94/100|[from] Sandstorm
|-damage|p1a: Suicune|73/100|[from] Sandstorm
|-heal|p2a: The Waiter|100/100|[from] item: Leftovers
|-heal|p1a: Suicune|79/100|[from] item: Leftovers
|upkeep
|turn|32
|
|t:|1729641871
|move|p2a: The Waiter|Thunderbolt|p1a: Suicune
|-supereffective|p1a: Suicune
|-damage|p1a: Suicune|28/100
|-status|p1a: Suicune|par
|cant|p1a: Suicune|par
|
|-weather|Sandstorm|[upkeep]
|-damage|p2a: The Waiter|94/100|[from] Sandstorm
|-damage|p1a: Suicune|22/100 par|[from] Sandstorm
|-heal|p2a: The Waiter|100/100|[from] item: Leftovers
|-heal|p1a: Suicune|28/100 par|[from] item: Leftovers
|upkeep
|turn|33
|
|t:|1729641875
|switch|p1a: Blissey|Blissey, F|88/100
|move|p2a: The Waiter|Thunderbolt|p1a: Blissey
|-damage|p1a: Blissey|70/100
|
|-weather|Sandstorm|[upkeep]
|-damage|p2a: The Waiter|94/100|[from] Sandstorm
|-damage|p1a: Blissey|64/100|[from] Sandstorm
|-heal|p2a: The Waiter|100/100|[from] item: Leftovers
|-heal|p1a: Blissey|70/100|[from] item: Leftovers
|upkeep
|turn|34
|
|t:|1729641887
|switch|p2a: Celeb111111|Celebi|52/100
|move|p1a: Blissey|Aromatherapy|p1a: Blissey
|-cureteam|p1a: Blissey|[from] move: Aromatherapy
|
|-weather|Sandstorm|[upkeep]
|-damage|p2a: Celeb111111|46/100|[from] Sandstorm
|-damage|p1a: Blissey|64/100|[from] Sandstorm
|-heal|p1a: Blissey|70/100|[from] item: Leftovers
|upkeep
|turn|35
|
|t:|1729641890
|move|p2a: Celeb111111|Recover|p2a: Celeb111111
|-heal|p2a: Celeb111111|96/100
|move|p1a: Blissey|Ice Beam|p2a: Celeb111111
|-supereffective|p2a: Celeb111111
|-damage|p2a: Celeb111111|62/100
|
|-weather|Sandstorm|[upkeep]
|-damage|p2a: Celeb111111|55/100|[from] Sandstorm
|-damage|p1a: Blissey|64/100|[from] Sandstorm
|-heal|p1a: Blissey|70/100|[from] item: Leftovers
|upkeep
|turn|36
|
|t:|1729641892
|move|p2a: Celeb111111|Leech Seed|p1a: Blissey
|-start|p1a: Blissey|move: Leech Seed
|move|p1a: Blissey|Ice Beam|p2a: Celeb111111
|-supereffective|p2a: Celeb111111
|-damage|p2a: Celeb111111|24/100
|
|-weather|Sandstorm|[upkeep]
|-damage|p2a: Celeb111111|18/100|[from] Sandstorm
|-damage|p1a: Blissey|64/100|[from] Sandstorm
|-heal|p1a: Blissey|70/100|[from] item: Leftovers
|-damage|p1a: Blissey|57/100|[from] Leech Seed|[of] p2a: Celeb111111
|-heal|p2a: Celeb111111|38/100|[silent]
|upkeep
|turn|37
|
|t:|1729641897
|switch|p1a: Suicune|Suicune|28/100
|move|p2a: Celeb111111|Baton Pass|p2a: Celeb111111
|
|t:|1729641899
|switch|p2a: The Waiter|Zapdos|100/100|[from] Baton Pass
|
|-weather|Sandstorm|[upkeep]
|-damage|p2a: The Waiter|94/100|[from] Sandstorm
|-damage|p1a: Suicune|22/100|[from] Sandstorm
|-heal|p2a: The Waiter|100/100|[from] item: Leftovers
|-heal|p1a: Suicune|28/100|[from] item: Leftovers
|upkeep
|turn|38
|
|t:|1729641901
|switch|p1a: Blissey|Blissey, F|57/100
|move|p2a: The Waiter|Thunderbolt|p1a: Blissey
|-damage|p1a: Blissey|39/100
|
|-weather|Sandstorm|[upkeep]
|-damage|p2a: The Waiter|94/100|[from] Sandstorm
|-damage|p1a: Blissey|33/100|[from] Sandstorm
|-heal|p2a: The Waiter|100/100|[from] item: Leftovers
|-heal|p1a: Blissey|39/100|[from] item: Leftovers
|upkeep
|turn|39
|
|t:|1729641907
|move|p2a: The Waiter|Baton Pass|p2a: The Waiter
|
|t:|1729641909
|switch|p2a: Celeb111111|Celebi|38/100|[from] Baton Pass
|move|p1a: Blissey|Soft-Boiled|p1a: Blissey
|-heal|p1a: Blissey|89/100
|
|-weather|Sandstorm|[upkeep]
|-damage|p2a: Celeb111111|32/100|[from] Sandstorm
|-damage|p1a: Blissey|83/100|[from] Sandstorm
|-heal|p1a: Blissey|89/100|[from] item: Leftovers
|upkeep
|turn|40
|
|t:|1729641913
|switch|p1a: Suicune|Suicune|28/100
|move|p2a: Celeb111111|Recover|p2a: Celeb111111
|-heal|p2a: Celeb111111|82/100
|
|-weather|Sandstorm|[upkeep]
|-damage|p2a: Celeb111111|75/100|[from] Sandstorm
|-damage|p1a: Suicune|22/100|[from] Sandstorm
|-heal|p1a: Suicune|28/100|[from] item: Leftovers
|upkeep
|turn|41
|
|t:|1729641915
|move|p2a: Celeb111111|Leech Seed|p1a: Suicune
|-start|p1a: Suicune|move: Leech Seed
|move|p1a: Suicune|Rest|p1a: Suicune
|-status|p1a: Suicune|slp|[from] move: Rest
|-heal|p1a: Suicune|100/100 slp|[silent]
|
|-weather|Sandstorm|[upkeep]
|-damage|p2a: Celeb111111|69/100|[from] Sandstorm
|-damage|p1a: Suicune|94/100 slp|[from] Sandstorm
|-heal|p1a: Suicune|100/100 slp|[from] item: Leftovers
|-damage|p1a: Suicune|88/100 slp|[from] Leech Seed|[of] p2a: Celeb111111
|-heal|p2a: Celeb111111|82/100|[silent]
|upkeep
|turn|42
|
|t:|1729641918
|switch|p1a: Blissey|Blissey, F|89/100
|move|p2a: Celeb111111|Baton Pass|p2a: Celeb111111
|
|t:|1729641923
|switch|p2a: The Method|Dugtrio, M|67/100|[from] Baton Pass
|
|-weather|Sandstorm|[upkeep]
|-damage|p1a: Blissey|83/100|[from] Sandstorm
|-heal|p1a: Blissey|89/100|[from] item: Leftovers
|upkeep
|turn|43
|
|t:|1729641934
|move|p2a: The Method|Earthquake|p1a: Blissey
|-damage|p1a: Blissey|32/100
|move|p1a: Blissey|Ice Beam|p2a: The Method
|-supereffective|p2a: The Method
|-damage|p2a: The Method|0 fnt
|faint|p2a: The Method
|
|t:|1729641936
|switch|p2a: Tyranocif|Tyranitar, F|37/100
|
|-weather|Sandstorm|[upkeep]
|-damage|p1a: Blissey|26/100|[from] Sandstorm
|-heal|p2a: Tyranocif|43/100|[from] item: Leftovers
|-heal|p1a: Blissey|32/100|[from] item: Leftovers
|upkeep
|turn|44
|
|t:|1729641942
|-singleturn|p2a: Tyranocif|move: Focus Punch
|switch|p1a: Hariyama|Hariyama, F|42/100
|move|p2a: Tyranocif|Focus Punch|p1a: Hariyama
|-damage|p1a: Hariyama|0 fnt
|faint|p1a: Hariyama
|
|t:|1729641949
|switch|p1a: Salamence|Salamence, F|58/100
|-ability|p1a: Salamence|Intimidate|boost
|-unboost|p2a: Tyranocif|atk|1
|
|-weather|Sandstorm|[upkeep]
|-damage|p1a: Salamence|52/100|[from] Sandstorm
|-heal|p2a: Tyranocif|49/100|[from] item: Leftovers
|upkeep
|turn|45
|
|t:|1729641957
|switch|p1a: Blissey|Blissey, F|32/100
|switch|p2a: AAAATTATAGG|Swampert, M|65/100
|
|-weather|Sandstorm|[upkeep]
|-damage|p1a: Blissey|26/100|[from] Sandstorm
|-heal|p1a: Blissey|32/100|[from] item: Leftovers
|-heal|p2a: AAAATTATAGG|71/100|[from] item: Leftovers
|upkeep
|turn|46
|
|t:|1729641962
|switch|p1a: Suicune|Suicune|88/100 slp
|move|p2a: AAAATTATAGG|Earthquake|p1a: Suicune
|-damage|p1a: Suicune|65/100 slp
|
|-weather|Sandstorm|[upkeep]
|-damage|p1a: Suicune|59/100 slp|[from] Sandstorm
|-heal|p1a: Suicune|65/100 slp|[from] item: Leftovers
|-heal|p2a: AAAATTATAGG|77/100|[from] item: Leftovers
|upkeep
|turn|47
|
|t:|1729641965
|switch|p2a: The Waiter|Zapdos|100/100
|cant|p1a: Suicune|slp
|
|-weather|Sandstorm|[upkeep]
|-damage|p2a: The Waiter|94/100|[from] Sandstorm
|-damage|p1a: Suicune|59/100 slp|[from] Sandstorm
|-heal|p2a: The Waiter|100/100|[from] item: Leftovers
|-heal|p1a: Suicune|65/100 slp|[from] item: Leftovers
|upkeep
|turn|48
|
|t:|1729641968
|switch|p1a: Blissey|Blissey, F|32/100
|move|p2a: The Waiter|Thunderbolt|p1a: Blissey
|-damage|p1a: Blissey|12/100
|-status|p1a: Blissey|par
|
|-weather|Sandstorm|[upkeep]
|-damage|p2a: The Waiter|94/100|[from] Sandstorm
|-damage|p1a: Blissey|6/100 par|[from] Sandstorm
|-heal|p2a: The Waiter|100/100|[from] item: Leftovers
|-heal|p1a: Blissey|12/100 par|[from] item: Leftovers
|upkeep
|turn|49
|c|☆ADV TechSupport|gg
|c|☆ADV TechSupport|iom very bad
|-message|ADV TechSupport forfeited.
|
|win|tamafuyu
|c|☆tamafuyu|i haxed a bit so my bad
|c|☆tamafuyu|gg
|c|☆ADV TechSupport|good luck
|c|☆tamafuyu|ty

</script>
<script type="application/json" class="data" id="replaydata-smogtours-gen3ou-801311">
{"id":"smogtours-gen3ou-801311","format":"[Gen 3] OU","players":["ADV TechSupport","tamafuyu"],"uploadtime":1729641981,"views":84,"formatid":"gen3ou","rating":null,"private":0,"password":null}
</script>

<script defer src="js/replays.js?9d40a366"></script>
