<!DOCTYPE html>
<meta charset="utf-8" />
<meta name="viewport" content="width=device-width" />

<title>[Gen 3] OU: thestonewallsmith vs. Msousagamer - Replays - Pok&eacute;mon Showdown!</title>

<meta name="description" content="Watch a replay of a Pok&eacute;mon battle between thestonewallsmith and Msousagamer! Format: [Gen 3] OU; Date: Oct 5, 2024" />
<!--

Hey, you! Looking in the source for the replay log?

You can find them in JSON format, just add `.json` at the end of a replay URL.

https://replay.pokemonshowdown.com/gen7randomdoublesbattle-865046831.json

Or, if you only need the log itself, add `.log` instead:

https://replay.pokemonshowdown.com/gen7randomdoublesbattle-865046831.log

-->

<link rel="stylesheet" href="//pokemonshowdown.com/style/global.css?0.023195364461161105" />
<link rel="stylesheet" href="//play.pokemonshowdown.com/style/font-awesome.css?0.13261647063804238" />
<link rel="stylesheet" href="//play.pokemonshowdown.com/style/battle.css?0.8753245789963631" />
<link rel="stylesheet" href="//play.pokemonshowdown.com/style/utilichart.css?0.8627959624976733" />

<!-- Global site tag (gtag.js) - Google Analytics -->
<script async src="https://www.googletagmanager.com/gtag/js?id=UA-26211653-1"></script>
<script>
  window.dataLayer = window.dataLayer || [];
  function gtag(){dataLayer.push(arguments);}
  gtag('js', new Date());

  gtag('config', 'UA-26211653-1');
</script>
<!-- End Google Analytics -->
<!-- Venatus Ad Manager - Install in <HEAD> of page -->
	<script src="https://hb.vntsm.com/v3/live/ad-manager.min.js" type="text/javascript" data-site-id="642aba63ec9a7b11c3c9c1be" data-mode="scan" async></script>
<!-- / Venatus Ad Manager -->

<style>
	@media (max-width:820px) {
		.battle {
			margin: 0 auto;
		}
		.battle-log {
			margin: 7px auto 0;
			max-width: 640px;
			height: 300px;
			position: static;
		}
	}
	.optgroup {
		display: inline-block;
		line-height: 22px;
		font-size: 10pt;
	}
	.optgroup .button {
		height: 25px;
		padding-top: 0;
		padding-bottom: 0;
	}
	.optgroup button.button {
		padding-left: 12px;
		padding-right: 12px;
	}
	.linklist {
		list-style: none;
		margin: 0.5em 0;
		padding: 0;
	}
	.linklist li {
		padding: 2px 0;
	}
	.sidebar {
		float: left;
		width: 320px;
	}
	.bar-wrapper {
		max-width: 1100px;
		margin: 0 auto;
	}
	.bar-wrapper.has-sidebar {
		max-width: 1430px;
	}
	.mainbar {
		margin: 0;
		padding-right: 1px;
	}
	.mainbar.has-sidebar {
		margin-left: 330px;
	}
	@media (min-width: 1511px) {
		.sidebar {
			width: 400px;
		}
		.bar-wrapper.has-sidebar {
			max-width: 1510px;
		}
		.mainbar.has-sidebar {
			margin-left: 410px;
		}
	}
	.section.first-section {
		margin-top: 9px;
	}
	.blocklink small {
		white-space: normal;
	}
	.button {
		vertical-align: middle;
	}
	.replay-controls {
		padding-top: 10px;
	}
	.replay-controls h1 {
		font-size: 16pt;
		font-weight: normal;
		color: #CCC;
	}
	.pagelink {
		text-align: center;
	}
	.pagelink a {
		width: 150px;
	}
	.textbox, .button {
		font-size: 11pt;
		vertical-align: middle;
	}
	@media (max-width: 450px) {
		.button {
			font-size: 9pt;
		}
	}
</style>

<div>

	<header>
		<div class="nav-wrapper"><ul class="nav">
			<li><a class="button nav-first" href="//pokemonshowdown.com/"><img src="//pokemonshowdown.com/images/pokemonshowdownbeta.png" srcset="//pokemonshowdown.com/images/pokemonshowdownbeta.png 1x, //pokemonshowdown.com/images/pokemonshowdownbeta@2x.png 2x" alt="Pok&eacute;mon Showdown" width="146" height="44" /> Home</a></li>
			<li><a class="button" href="//pokemonshowdown.com/dex/">Pok&eacute;dex</a></li>
			<li><a class="button cur" href="/">Replays</a></li>
			<li><a class="button" href="//pokemonshowdown.com/ladder/">Ladder</a></li>
			<li><a class="button nav-last" href="//pokemonshowdown.com/forums/">Forum</a></li>
			<li><a class="button greenbutton nav-first nav-last" href="//play.pokemonshowdown.com/">Play</a></li>
		</ul></div>
	</header>

	<div class="main" id="main">

		<noscript><section class="section">You need to enable JavaScript to use this page; sorry!</section></noscript>

	</div>

</div>

<script defer nomodule src="//play.pokemonshowdown.com/js/lib/ps-polyfill.js"></script>
<script defer src="//play.pokemonshowdown.com/js/lib/preact.min.js"></script>

<script defer src="//play.pokemonshowdown.com/config/config.js?2bddbc15"></script>
<script defer src="//play.pokemonshowdown.com/js/lib/jquery-1.11.0.min.js"></script>
<script defer src="//play.pokemonshowdown.com/js/lib/html-sanitizer-minified.js"></script>
<script defer src="//play.pokemonshowdown.com/js/battle-sound.js"></script>
<script defer src="//play.pokemonshowdown.com/js/battledata.js?0.7209276989879541"></script>
<script defer src="//play.pokemonshowdown.com/data/pokedex-mini.js?0.6111056340867951"></script>
<script defer src="//play.pokemonshowdown.com/data/pokedex-mini-bw.js?0.3532142036491459"></script>
<script defer src="//play.pokemonshowdown.com/data/graphics.js?0.24223875632456182"></script>
<script defer src="//play.pokemonshowdown.com/data/pokedex.js?0.38839984266356864"></script>
<script defer src="//play.pokemonshowdown.com/data/moves.js?0.21866028504024015"></script>
<script defer src="//play.pokemonshowdown.com/data/abilities.js?0.2005157953846628"></script>
<script defer src="//play.pokemonshowdown.com/data/items.js?0.9894211263848525"></script>
<script defer src="//play.pokemonshowdown.com/data/teambuilder-tables.js?0.6008791140282215"></script>
<script defer src="//play.pokemonshowdown.com/js/battle-tooltips.js?0.7580118955022959"></script>
<script defer src="//play.pokemonshowdown.com/js/battle.js?0.6057722274234274"></script>

<script defer src="js/utils.js?e31f9a17"></script>
<script defer src="js/replays-battle.js?7008c182"></script>

<!-- don't scrape this data! just add .json or .log after the URL!
Full API docs: https://github.com/smogon/pokemon-showdown-client/blob/master/WEB-API.md -->
<script type="text/plain" class="log" id="replaylog-smogtours-gen3ou-794914">
|inactive|Battle timer is ON: inactive players will automatically lose when time's up.
|t:|1728135395
|gametype|singles
|player|p1|thestonewallsmith|169|
|player|p2|Msousagamer|veteran|
|teamsize|p1|6
|teamsize|p2|6
|gen|3
|tier|[Gen 3] OU
|rule|Sleep Clause Mod: Limit one foe put to sleep
|rule|Switch Priority Clause Mod: Faster Pokémon switch first
|rule|Species Clause: Limit one of each Pokémon
|rule|OHKO Clause: OHKO moves are banned
|rule|Evasion Items Clause: Evasion items are banned
|rule|Evasion Moves Clause: Evasion moves are banned
|rule|Endless Battle Clause: Forcing endless battles is banned
|rule|HP Percentage Mod: HP is shown in percentages
|rule|One Boost Passer Clause: Limit one Baton Passer that has a way to boost its stats
|rule|Freeze Clause Mod: Limit one foe frozen
|
|t:|1728135395
|start
|switch|p1a: Skarmory|Skarmory, F|100/100
|switch|p2a: Green Lizard|Tyranitar, F|100/100
|-weather|Sandstorm|[from] ability: Sand Stream|[of] p2a: Green Lizard
|turn|1
|c|☆Msousagamer|Gl hf
|c|☆thestonewallsmith|good luck
|
|t:|1728135408
|switch|p2a: Coalescipede|Magneton|100/100
|move|p1a: Skarmory|Spikes|p2a: Coalescipede
|-sidestart|p2: Msousagamer|Spikes
|
|-weather|Sandstorm|[upkeep]
|upkeep
|turn|2
|
|t:|1728135414
|move|p2a: Coalescipede|Thunderbolt|p1a: Skarmory
|-supereffective|p1a: Skarmory
|-damage|p1a: Skarmory|0 fnt
|faint|p1a: Skarmory
|
|t:|1728135423
|switch|p1a: Tyranitar|Tyranitar, F|100/100
|
|-weather|Sandstorm|[upkeep]
|upkeep
|turn|3
|inactive|Msousagamer has 270 seconds left.
|
|t:|1728135460
|switch|p2a: Blue Lizard|Swampert, F|100/100
|-damage|p2a: Blue Lizard|88/100|[from] Spikes
|move|p1a: Tyranitar|Thunder Wave|p2a: Blue Lizard
|-immune|p2a: Blue Lizard
|
|-weather|Sandstorm|[upkeep]
|-heal|p2a: Blue Lizard|94/100|[from] item: Leftovers
|upkeep
|turn|4
|inactive|Msousagamer has 270 seconds left.
|
|t:|1728135487
|switch|p1a: Gengar|Gengar, F|100/100
|move|p2a: Blue Lizard|Earthquake|p1a: Gengar
|-immune|p1a: Gengar
|
|-weather|Sandstorm|[upkeep]
|-damage|p1a: Gengar|94/100|[from] Sandstorm
|-heal|p1a: Gengar|100/100|[from] item: Leftovers
|-heal|p2a: Blue Lizard|100/100|[from] item: Leftovers
|upkeep
|turn|5
|inactive|Msousagamer has 240 seconds left.
|
|t:|1728135511
|switch|p2a: Coalescipede|Magneton|100/100
|-damage|p2a: Coalescipede|88/100|[from] Spikes
|move|p1a: Gengar|Hidden Power|p2a: Coalescipede
|-resisted|p2a: Coalescipede
|-damage|p2a: Coalescipede|71/100
|
|-weather|Sandstorm|[upkeep]
|-damage|p1a: Gengar|94/100|[from] Sandstorm
|-heal|p1a: Gengar|100/100|[from] item: Leftovers
|upkeep
|turn|6
|inactive|Msousagamer has 240 seconds left.
|inactive|thestonewallsmith has 270 seconds left.
|
|t:|1728135537
|move|p1a: Gengar|Fire Punch|p2a: Coalescipede
|-supereffective|p2a: Coalescipede
|-damage|p2a: Coalescipede|0 fnt
|faint|p2a: Coalescipede
|inactive|Msousagamer has 240 seconds left.
|inactive|Msousagamer has 210 seconds left.
|inactive|Msousagamer has 180 seconds left.
|
|t:|1728135610
|switch|p2a: Yeek|Celebi|100/100
|-damage|p2a: Yeek|88/100|[from] Spikes
|
|-weather|Sandstorm|[upkeep]
|-damage|p1a: Gengar|94/100|[from] Sandstorm
|-damage|p2a: Yeek|82/100|[from] Sandstorm
|-heal|p1a: Gengar|100/100|[from] item: Leftovers
|-heal|p2a: Yeek|88/100|[from] item: Leftovers
|upkeep
|turn|7
|inactive|Msousagamer has 180 seconds left.
|inactive|thestonewallsmith has 270 seconds left.
|
|t:|1728135637
|move|p1a: Gengar|Fire Punch|p2a: Yeek
|-supereffective|p2a: Yeek
|-damage|p2a: Yeek|55/100
|-status|p2a: Yeek|brn
|move|p2a: Yeek|Psychic|p1a: Gengar
|-supereffective|p1a: Gengar
|-damage|p1a: Gengar|25/100
|
|-weather|Sandstorm|[upkeep]
|-damage|p1a: Gengar|19/100|[from] Sandstorm
|-damage|p2a: Yeek|49/100 brn|[from] Sandstorm
|-heal|p1a: Gengar|25/100|[from] item: Leftovers
|-heal|p2a: Yeek|55/100 brn|[from] item: Leftovers
|-damage|p2a: Yeek|43/100 brn|[from] brn
|upkeep
|turn|8
|
|t:|1728135647
|switch|p1a: Starmie|Starmie|100/100
|move|p2a: Yeek|Recover|p2a: Yeek
|-heal|p2a: Yeek|93/100 brn
|
|-weather|Sandstorm|[upkeep]
|-damage|p1a: Starmie|94/100|[from] Sandstorm
|-damage|p2a: Yeek|87/100 brn|[from] Sandstorm
|-heal|p1a: Starmie|100/100|[from] item: Leftovers
|-heal|p2a: Yeek|93/100 brn|[from] item: Leftovers
|-damage|p2a: Yeek|81/100 brn|[from] brn
|upkeep
|turn|9
|inactive|thestonewallsmith has 270 seconds left.
|inactive|Msousagamer has 180 seconds left.
|
|t:|1728135665
|move|p1a: Starmie|Ice Beam|p2a: Yeek
|-supereffective|p2a: Yeek
|-damage|p2a: Yeek|40/100 brn
|move|p2a: Yeek|Recover|p2a: Yeek
|-heal|p2a: Yeek|90/100 brn
|
|-weather|Sandstorm|[upkeep]
|-damage|p1a: Starmie|94/100|[from] Sandstorm
|-damage|p2a: Yeek|84/100 brn|[from] Sandstorm
|-heal|p1a: Starmie|100/100|[from] item: Leftovers
|-heal|p2a: Yeek|90/100 brn|[from] item: Leftovers
|-damage|p2a: Yeek|78/100 brn|[from] brn
|upkeep
|turn|10
|inactive|Msousagamer has 180 seconds left.
|
|t:|1728135699
|-curestatus|p2a: Yeek|brn|[from] ability: Natural Cure
|switch|p2a: Blue Lizard|Swampert, F|100/100
|-damage|p2a: Blue Lizard|88/100|[from] Spikes
|move|p1a: Starmie|Ice Beam|p2a: Blue Lizard
|-damage|p2a: Blue Lizard|65/100
|
|-weather|Sandstorm|[upkeep]
|-damage|p1a: Starmie|94/100|[from] Sandstorm
|-heal|p1a: Starmie|100/100|[from] item: Leftovers
|-heal|p2a: Blue Lizard|71/100|[from] item: Leftovers
|upkeep
|turn|11
|
|t:|1728135703
|move|p1a: Starmie|Hydro Pump|p2a: Blue Lizard|[miss]
|-miss|p1a: Starmie|p2a: Blue Lizard
|move|p2a: Blue Lizard|Earthquake|p1a: Starmie
|-damage|p1a: Starmie|45/100
|
|-weather|Sandstorm|[upkeep]
|-damage|p1a: Starmie|38/100|[from] Sandstorm
|-heal|p1a: Starmie|45/100|[from] item: Leftovers
|-heal|p2a: Blue Lizard|78/100|[from] item: Leftovers
|upkeep
|turn|12
|
|t:|1728135712
|move|p1a: Starmie|Hydro Pump|p2a: Blue Lizard
|-damage|p2a: Blue Lizard|30/100
|move|p2a: Blue Lizard|Earthquake|p1a: Starmie
|-damage|p1a: Starmie|0 fnt
|faint|p1a: Starmie
|
|t:|1728135718
|switch|p1a: Gengar|Gengar, F|25/100
|
|-weather|Sandstorm|[upkeep]
|-damage|p1a: Gengar|19/100|[from] Sandstorm
|-heal|p1a: Gengar|25/100|[from] item: Leftovers
|-heal|p2a: Blue Lizard|36/100|[from] item: Leftovers
|upkeep
|turn|13
|
|t:|1728135727
|move|p2a: Blue Lizard|Protect|p2a: Blue Lizard
|-singleturn|p2a: Blue Lizard|Protect
|move|p1a: Gengar|Will-O-Wisp|p2a: Blue Lizard
|-activate|p2a: Blue Lizard|Protect
|
|-weather|Sandstorm|[upkeep]
|-damage|p1a: Gengar|19/100|[from] Sandstorm
|-heal|p1a: Gengar|25/100|[from] item: Leftovers
|-heal|p2a: Blue Lizard|42/100|[from] item: Leftovers
|upkeep
|turn|14
|inactive|Msousagamer has 180 seconds left.
|inactive|Msousagamer has 150 seconds left.
|
|t:|1728135790
|switch|p2a: Green Lizard|Tyranitar, F|100/100
|-damage|p2a: Green Lizard|88/100|[from] Spikes
|move|p1a: Gengar|Hidden Power|p2a: Green Lizard
|-supereffective|p2a: Green Lizard
|-crit|p2a: Green Lizard
|-damage|p2a: Green Lizard|23/100
|
|-weather|Sandstorm|[upkeep]
|-damage|p1a: Gengar|19/100|[from] Sandstorm
|-heal|p1a: Gengar|25/100|[from] item: Leftovers
|-heal|p2a: Green Lizard|29/100|[from] item: Leftovers
|upkeep
|turn|15
|
|t:|1728135798
|move|p1a: Gengar|Hidden Power|p2a: Green Lizard
|-supereffective|p2a: Green Lizard
|-damage|p2a: Green Lizard|0 fnt
|faint|p2a: Green Lizard
|inactive|Msousagamer has 120 seconds left.
|
|t:|1728135840
|switch|p2a: Vulture|Salamence, F|100/100
|-ability|p2a: Vulture|Intimidate|boost
|-unboost|p1a: Gengar|atk|1
|
|-weather|Sandstorm|[upkeep]
|-damage|p1a: Gengar|19/100|[from] Sandstorm
|-damage|p2a: Vulture|94/100|[from] Sandstorm
|-heal|p1a: Gengar|25/100|[from] item: Leftovers
|-heal|p2a: Vulture|100/100|[from] item: Leftovers
|upkeep
|turn|16
|
|t:|1728135849
|switch|p1a: Metagross|Metagross|100/100
|move|p2a: Vulture|Dragon Dance|p2a: Vulture
|-boost|p2a: Vulture|atk|1
|-boost|p2a: Vulture|spe|1
|
|-weather|Sandstorm|[upkeep]
|-damage|p2a: Vulture|94/100|[from] Sandstorm
|-heal|p2a: Vulture|100/100|[from] item: Leftovers
|upkeep
|turn|17
|inactive|Msousagamer has 120 seconds left.
|
|t:|1728135864
|move|p2a: Vulture|Earthquake|p1a: Metagross
|-supereffective|p1a: Metagross
|-damage|p1a: Metagross|16/100
|move|p1a: Metagross|Explosion|p2a: Vulture
|-damage|p2a: Vulture|0 fnt
|faint|p1a: Metagross
|faint|p2a: Vulture
|inactive|Msousagamer has 120 seconds left.
|
|t:|1728135874
|switch|p2a: King Vulture|Aerodactyl, M|100/100
|switch|p1a: Tyranitar|Tyranitar, F|100/100
|
|-weather|Sandstorm|[upkeep]
|upkeep
|turn|18
|inactive|Msousagamer has 120 seconds left.
|
|t:|1728135889
|-singleturn|p1a: Tyranitar|move: Focus Punch
|move|p2a: King Vulture|Rock Slide|p1a: Tyranitar
|-damage|p1a: Tyranitar|62/100
|move|p1a: Tyranitar|Focus Punch||[still]
|cant|p1a: Tyranitar|Focus Punch|Focus Punch
|
|-weather|Sandstorm|[upkeep]
|upkeep
|turn|19
|
|t:|1728135894
|move|p2a: King Vulture|Rock Slide|p1a: Tyranitar
|-damage|p1a: Tyranitar|20/100
|move|p1a: Tyranitar|Rock Slide|p2a: King Vulture
|-supereffective|p2a: King Vulture
|-damage|p2a: King Vulture|0 fnt
|faint|p2a: King Vulture
|
|t:|1728135899
|switch|p2a: Yeek|Celebi|78/100
|-damage|p2a: Yeek|65/100|[from] Spikes
|
|-weather|Sandstorm|[upkeep]
|-damage|p2a: Yeek|59/100|[from] Sandstorm
|-heal|p2a: Yeek|65/100|[from] item: Leftovers
|upkeep
|turn|20
|
|t:|1728135905
|move|p2a: Yeek|Hidden Power|p1a: Tyranitar
|-supereffective|p1a: Tyranitar
|-damage|p1a: Tyranitar|0 fnt
|faint|p1a: Tyranitar
|
|t:|1728135913
|switch|p1a: Jolteon|Jolteon, M|100/100
|
|-weather|Sandstorm|[upkeep]
|-damage|p1a: Jolteon|95/100|[from] Sandstorm
|-damage|p2a: Yeek|59/100|[from] Sandstorm
|-heal|p1a: Jolteon|100/100|[from] item: Leftovers
|-heal|p2a: Yeek|65/100|[from] item: Leftovers
|upkeep
|turn|21
|inactive|Msousagamer has 150 seconds left.
|inactive|Msousagamer has 120 seconds left.
|
|t:|1728135954
|move|p1a: Jolteon|Hidden Power|p2a: Yeek
|-supereffective|p2a: Yeek
|-damage|p2a: Yeek|30/100
|move|p2a: Yeek|Recover|p2a: Yeek
|-heal|p2a: Yeek|80/100
|
|-weather|Sandstorm|[upkeep]
|-damage|p1a: Jolteon|95/100|[from] Sandstorm
|-damage|p2a: Yeek|74/100|[from] Sandstorm
|-heal|p1a: Jolteon|100/100|[from] item: Leftovers
|-heal|p2a: Yeek|80/100|[from] item: Leftovers
|upkeep
|turn|22
|
|t:|1728135962
|move|p1a: Jolteon|Thunder Wave|p2a: Yeek
|-status|p2a: Yeek|par
|move|p2a: Yeek|Leech Seed|p1a: Jolteon
|-start|p1a: Jolteon|move: Leech Seed
|
|-weather|Sandstorm|[upkeep]
|-damage|p1a: Jolteon|95/100|[from] Sandstorm
|-damage|p2a: Yeek|74/100 par|[from] Sandstorm
|-heal|p1a: Jolteon|100/100|[from] item: Leftovers
|-damage|p1a: Jolteon|88/100|[from] Leech Seed|[of] p2a: Yeek
|-heal|p2a: Yeek|82/100 par|[silent]
|-heal|p2a: Yeek|88/100 par|[from] item: Leftovers
|upkeep
|turn|23
|
|t:|1728135970
|move|p1a: Jolteon|Hidden Power|p2a: Yeek
|-supereffective|p2a: Yeek
|-damage|p2a: Yeek|55/100 par
|move|p2a: Yeek|Psychic|p1a: Jolteon
|-damage|p1a: Jolteon|46/100
|
|-weather|Sandstorm|[upkeep]
|-damage|p1a: Jolteon|40/100|[from] Sandstorm
|-damage|p2a: Yeek|49/100 par|[from] Sandstorm
|-heal|p1a: Jolteon|46/100|[from] item: Leftovers
|-damage|p1a: Jolteon|34/100|[from] Leech Seed|[of] p2a: Yeek
|-heal|p2a: Yeek|57/100 par|[silent]
|-heal|p2a: Yeek|63/100 par|[from] item: Leftovers
|upkeep
|turn|24
|
|t:|1728135985
|-curestatus|p2a: Yeek|par|[from] ability: Natural Cure
|switch|p2a: Blue Lizard|Swampert, F|42/100
|-damage|p2a: Blue Lizard|30/100|[from] Spikes
|move|p1a: Jolteon|Hidden Power|p2a: Blue Lizard
|-damage|p2a: Blue Lizard|10/100
|
|-weather|Sandstorm|[upkeep]
|-damage|p1a: Jolteon|28/100|[from] Sandstorm
|-heal|p1a: Jolteon|34/100|[from] item: Leftovers
|-damage|p1a: Jolteon|22/100|[from] Leech Seed|[of] p2a: Blue Lizard
|-heal|p2a: Blue Lizard|18/100|[silent]
|-heal|p2a: Blue Lizard|24/100|[from] item: Leftovers
|upkeep
|turn|25
|
|t:|1728135999
|move|p1a: Jolteon|Hidden Power|p2a: Blue Lizard
|-damage|p2a: Blue Lizard|6/100
|move|p2a: Blue Lizard|Ice Beam|p1a: Jolteon
|-damage|p1a: Jolteon|0 fnt
|faint|p1a: Jolteon
|
|t:|1728136002
|switch|p1a: Gengar|Gengar, F|25/100
|
|-weather|Sandstorm|[upkeep]
|-damage|p1a: Gengar|19/100|[from] Sandstorm
|-heal|p1a: Gengar|25/100|[from] item: Leftovers
|-heal|p2a: Blue Lizard|12/100|[from] item: Leftovers
|upkeep
|turn|26
|
|t:|1728136013
|move|p1a: Gengar|Hidden Power|p2a: Blue Lizard
|-supereffective|p2a: Blue Lizard
|-damage|p2a: Blue Lizard|0 fnt
|faint|p2a: Blue Lizard
|
|t:|1728136016
|switch|p2a: Yeek|Celebi|63/100
|-damage|p2a: Yeek|51/100|[from] Spikes
|
|-weather|Sandstorm|[upkeep]
|-damage|p1a: Gengar|19/100|[from] Sandstorm
|-damage|p2a: Yeek|45/100|[from] Sandstorm
|-heal|p1a: Gengar|25/100|[from] item: Leftovers
|-heal|p2a: Yeek|51/100|[from] item: Leftovers
|upkeep
|turn|27
|
|t:|1728136028
|move|p1a: Gengar|Explosion|p2a: Yeek
|-damage|p2a: Yeek|0 fnt
|faint|p1a: Gengar
|faint|p2a: Yeek
|
|tie
|c|☆Msousagamer|Getsthe roll too
|c|☆Msousagamer|Aaaa
|c|☆Msousagamer|Lol
|c|☆Msousagamer|Gg
|c|☆thestonewallsmith|gg
|c|☆Msousagamer|Frick my luck tho xd
|c|☆thestonewallsmith|wasnt great that game lol
|c|☆thestonewallsmith|thats just a warm up
|player|p1|
|c|☆Msousagamer|Yeee
|c|☆Msousagamer|Just don't wanna get a G4 team
|c|☆Msousagamer|My jirachi dying to boom too oof
|c|☆Msousagamer|Chall whenever
|player|p2|
|player|p2|Msousagamer|veteran|
|player|p2|
|player|p1|thestonewallsmith|169|

</script>
<script type="application/json" class="data" id="replaydata-smogtours-gen3ou-794914">
{"id":"smogtours-gen3ou-794914","format":"[Gen 3] OU","players":["thestonewallsmith","Msousagamer"],"uploadtime":1728136028,"views":80,"formatid":"gen3ou","rating":null,"private":0,"password":null}
</script>

<script defer src="js/replays.js?9d40a366"></script>
