<!DOCTYPE html>
<meta charset="utf-8" />
<meta name="viewport" content="width=device-width" />

<title>[Gen 3] OU: rajime(real) vs. fayestra - Replays - Pok&eacute;mon Showdown!</title>

<meta name="description" content="Watch a replay of a Pok&eacute;mon battle between rajime(real) and fayestra! Format: [Gen 3] OU; Date: Oct 10, 2024" />
<!--

Hey, you! Looking in the source for the replay log?

You can find them in JSON format, just add `.json` at the end of a replay URL.

https://replay.pokemonshowdown.com/gen7randomdoublesbattle-865046831.json

Or, if you only need the log itself, add `.log` instead:

https://replay.pokemonshowdown.com/gen7randomdoublesbattle-865046831.log

-->

<link rel="stylesheet" href="//pokemonshowdown.com/style/global.css?0.023195364461161105" />
<link rel="stylesheet" href="//play.pokemonshowdown.com/style/font-awesome.css?0.13261647063804238" />
<link rel="stylesheet" href="//play.pokemonshowdown.com/style/battle.css?0.8753245789963631" />
<link rel="stylesheet" href="//play.pokemonshowdown.com/style/utilichart.css?0.8627959624976733" />

<!-- Global site tag (gtag.js) - Google Analytics -->
<script async src="https://www.googletagmanager.com/gtag/js?id=UA-26211653-1"></script>
<script>
  window.dataLayer = window.dataLayer || [];
  function gtag(){dataLayer.push(arguments);}
  gtag('js', new Date());

  gtag('config', 'UA-26211653-1');
</script>
<!-- End Google Analytics -->
<!-- Venatus Ad Manager - Install in <HEAD> of page -->
	<script src="https://hb.vntsm.com/v3/live/ad-manager.min.js" type="text/javascript" data-site-id="642aba63ec9a7b11c3c9c1be" data-mode="scan" async></script>
<!-- / Venatus Ad Manager -->

<style>
	@media (max-width:820px) {
		.battle {
			margin: 0 auto;
		}
		.battle-log {
			margin: 7px auto 0;
			max-width: 640px;
			height: 300px;
			position: static;
		}
	}
	.optgroup {
		display: inline-block;
		line-height: 22px;
		font-size: 10pt;
	}
	.optgroup .button {
		height: 25px;
		padding-top: 0;
		padding-bottom: 0;
	}
	.optgroup button.button {
		padding-left: 12px;
		padding-right: 12px;
	}
	.linklist {
		list-style: none;
		margin: 0.5em 0;
		padding: 0;
	}
	.linklist li {
		padding: 2px 0;
	}
	.sidebar {
		float: left;
		width: 320px;
	}
	.bar-wrapper {
		max-width: 1100px;
		margin: 0 auto;
	}
	.bar-wrapper.has-sidebar {
		max-width: 1430px;
	}
	.mainbar {
		margin: 0;
		padding-right: 1px;
	}
	.mainbar.has-sidebar {
		margin-left: 330px;
	}
	@media (min-width: 1511px) {
		.sidebar {
			width: 400px;
		}
		.bar-wrapper.has-sidebar {
			max-width: 1510px;
		}
		.mainbar.has-sidebar {
			margin-left: 410px;
		}
	}
	.section.first-section {
		margin-top: 9px;
	}
	.blocklink small {
		white-space: normal;
	}
	.button {
		vertical-align: middle;
	}
	.replay-controls {
		padding-top: 10px;
	}
	.replay-controls h1 {
		font-size: 16pt;
		font-weight: normal;
		color: #CCC;
	}
	.pagelink {
		text-align: center;
	}
	.pagelink a {
		width: 150px;
	}
	.textbox, .button {
		font-size: 11pt;
		vertical-align: middle;
	}
	@media (max-width: 450px) {
		.button {
			font-size: 9pt;
		}
	}
</style>

<div>

	<header>
		<div class="nav-wrapper"><ul class="nav">
			<li><a class="button nav-first" href="//pokemonshowdown.com/"><img src="//pokemonshowdown.com/images/pokemonshowdownbeta.png" srcset="//pokemonshowdown.com/images/pokemonshowdownbeta.png 1x, //pokemonshowdown.com/images/pokemonshowdownbeta@2x.png 2x" alt="Pok&eacute;mon Showdown" width="146" height="44" /> Home</a></li>
			<li><a class="button" href="//pokemonshowdown.com/dex/">Pok&eacute;dex</a></li>
			<li><a class="button cur" href="/">Replays</a></li>
			<li><a class="button" href="//pokemonshowdown.com/ladder/">Ladder</a></li>
			<li><a class="button nav-last" href="//pokemonshowdown.com/forums/">Forum</a></li>
			<li><a class="button greenbutton nav-first nav-last" href="//play.pokemonshowdown.com/">Play</a></li>
		</ul></div>
	</header>

	<div class="main" id="main">

		<noscript><section class="section">You need to enable JavaScript to use this page; sorry!</section></noscript>

	</div>

</div>

<script defer nomodule src="//play.pokemonshowdown.com/js/lib/ps-polyfill.js"></script>
<script defer src="//play.pokemonshowdown.com/js/lib/preact.min.js"></script>

<script defer src="//play.pokemonshowdown.com/config/config.js?2bddbc15"></script>
<script defer src="//play.pokemonshowdown.com/js/lib/jquery-1.11.0.min.js"></script>
<script defer src="//play.pokemonshowdown.com/js/lib/html-sanitizer-minified.js"></script>
<script defer src="//play.pokemonshowdown.com/js/battle-sound.js"></script>
<script defer src="//play.pokemonshowdown.com/js/battledata.js?0.7209276989879541"></script>
<script defer src="//play.pokemonshowdown.com/data/pokedex-mini.js?0.6111056340867951"></script>
<script defer src="//play.pokemonshowdown.com/data/pokedex-mini-bw.js?0.3532142036491459"></script>
<script defer src="//play.pokemonshowdown.com/data/graphics.js?0.24223875632456182"></script>
<script defer src="//play.pokemonshowdown.com/data/pokedex.js?0.38839984266356864"></script>
<script defer src="//play.pokemonshowdown.com/data/moves.js?0.21866028504024015"></script>
<script defer src="//play.pokemonshowdown.com/data/abilities.js?0.2005157953846628"></script>
<script defer src="//play.pokemonshowdown.com/data/items.js?0.9894211263848525"></script>
<script defer src="//play.pokemonshowdown.com/data/teambuilder-tables.js?0.6008791140282215"></script>
<script defer src="//play.pokemonshowdown.com/js/battle-tooltips.js?0.7580118955022959"></script>
<script defer src="//play.pokemonshowdown.com/js/battle.js?0.6057722274234274"></script>

<script defer src="js/utils.js?e31f9a17"></script>
<script defer src="js/replays-battle.js?7008c182"></script>

<!-- don't scrape this data! just add .json or .log after the URL!
Full API docs: https://github.com/smogon/pokemon-showdown-client/blob/master/WEB-API.md -->
<script type="text/plain" class="log" id="replaylog-smogtours-gen3ou-796986">
|inactive|Battle timer is ON: inactive players will automatically lose when time's up.
|t:|1728588350
|gametype|singles
|player|p1|rajime(real)|2|
|player|p2|fayestra|169|
|teamsize|p1|6
|teamsize|p2|6
|gen|3
|tier|[Gen 3] OU
|rule|Sleep Clause Mod: Limit one foe put to sleep
|rule|Switch Priority Clause Mod: Faster Pokémon switch first
|rule|Species Clause: Limit one of each Pokémon
|rule|OHKO Clause: OHKO moves are banned
|rule|Evasion Items Clause: Evasion items are banned
|rule|Evasion Moves Clause: Evasion moves are banned
|rule|Endless Battle Clause: Forcing endless battles is banned
|rule|HP Percentage Mod: HP is shown in percentages
|rule|One Boost Passer Clause: Limit one Baton Passer that has a way to boost its stats
|rule|Freeze Clause Mod: Limit one foe frozen
|
|t:|1728588350
|start
|switch|p1a: Zapdos|Zapdos|100/100
|switch|p2a: Salamence|Salamence, F|100/100
|-ability|p2a: Salamence|Intimidate|boost
|-unboost|p1a: Zapdos|atk|1
|turn|1
|
|t:|1728588362
|switch|p2a: Snorlax|Snorlax, M|100/100
|move|p1a: Zapdos|Thunder Wave|p2a: Snorlax
|-status|p2a: Snorlax|par
|
|upkeep
|turn|2
|
|t:|1728588368
|switch|p1a: Celebi|Celebi|100/100
|move|p2a: Snorlax|Curse|p2a: Snorlax
|-unboost|p2a: Snorlax|spe|1
|-boost|p2a: Snorlax|atk|1
|-boost|p2a: Snorlax|def|1
|
|upkeep
|turn|3
|
|t:|1728588373
|move|p1a: Celebi|Leech Seed|p2a: Snorlax
|-start|p2a: Snorlax|move: Leech Seed
|move|p2a: Snorlax|Return|p1a: Celebi
|-damage|p1a: Celebi|49/100
|
|-heal|p1a: Celebi|55/100|[from] item: Leftovers
|-damage|p2a: Snorlax|88/100 par|[from] Leech Seed|[of] p1a: Celebi
|-heal|p1a: Celebi|70/100|[silent]
|upkeep
|turn|4
|
|t:|1728588382
|switch|p1a: Tyranitar|Tyranitar, F|100/100
|-weather|Sandstorm|[from] ability: Sand Stream|[of] p1a: Tyranitar
|switch|p2a: Forretress|Forretress, F|100/100
|
|-weather|Sandstorm|[upkeep]
|upkeep
|turn|5
|
|t:|1728588390
|-singleturn|p1a: Tyranitar|move: Focus Punch
|move|p2a: Forretress|Spikes|p1a: Tyranitar
|-sidestart|p1: rajime(real)|Spikes
|move|p1a: Tyranitar|Focus Punch|p2a: Forretress
|-crit|p2a: Forretress
|-damage|p2a: Forretress|20/100
|
|-weather|Sandstorm|[upkeep]
|-heal|p2a: Forretress|26/100|[from] item: Leftovers
|upkeep
|turn|6
|
|t:|1728588400
|move|p1a: Tyranitar|Rock Slide|p2a: Forretress
|-damage|p2a: Forretress|0 fnt
|faint|p2a: Forretress
|
|t:|1728588406
|switch|p2a: Swampert|Swampert, M|100/100
|
|-weather|Sandstorm|[upkeep]
|upkeep
|turn|7
|
|t:|1728588412
|switch|p1a: Celebi|Celebi|70/100
|-damage|p1a: Celebi|58/100|[from] Spikes
|move|p2a: Swampert|Surf|p1a: Celebi
|-resisted|p1a: Celebi
|-damage|p1a: Celebi|49/100
|
|-weather|Sandstorm|[upkeep]
|-damage|p1a: Celebi|43/100|[from] Sandstorm
|-heal|p1a: Celebi|49/100|[from] item: Leftovers
|upkeep
|turn|8
|
|t:|1728588417
|switch|p2a: Celebi|Celebi|100/100
|move|p1a: Celebi|Leech Seed|p2a: Celebi
|-immune|p2a: Celebi
|
|-weather|Sandstorm|[upkeep]
|-damage|p2a: Celebi|94/100|[from] Sandstorm
|-damage|p1a: Celebi|43/100|[from] Sandstorm
|-heal|p2a: Celebi|100/100|[from] item: Leftovers
|-heal|p1a: Celebi|49/100|[from] item: Leftovers
|upkeep
|turn|9
|
|t:|1728588425
|switch|p2a: Salamence|Salamence, F|100/100
|-ability|p2a: Salamence|Intimidate|boost
|-unboost|p1a: Celebi|atk|1
|move|p1a: Celebi|Recover|p1a: Celebi
|-heal|p1a: Celebi|99/100
|
|-weather|Sandstorm|[upkeep]
|-damage|p2a: Salamence|94/100|[from] Sandstorm
|-damage|p1a: Celebi|93/100|[from] Sandstorm
|-heal|p2a: Salamence|100/100|[from] item: Leftovers
|-heal|p1a: Celebi|99/100|[from] item: Leftovers
|upkeep
|turn|10
|
|t:|1728588435
|move|p2a: Salamence|Flamethrower|p1a: Celebi
|-supereffective|p1a: Celebi
|-damage|p1a: Celebi|71/100
|move|p1a: Celebi|Leech Seed|p2a: Salamence
|-start|p2a: Salamence|move: Leech Seed
|
|-weather|Sandstorm|[upkeep]
|-damage|p2a: Salamence|94/100|[from] Sandstorm
|-damage|p1a: Celebi|64/100|[from] Sandstorm
|-heal|p2a: Salamence|100/100|[from] item: Leftovers
|-damage|p2a: Salamence|88/100|[from] Leech Seed|[of] p1a: Celebi
|-heal|p1a: Celebi|75/100|[silent]
|-heal|p1a: Celebi|82/100|[from] item: Leftovers
|upkeep
|turn|11
|
|t:|1728588443
|switch|p2a: Umbreon|Umbreon, M|100/100
|move|p1a: Celebi|Psychic|p2a: Umbreon
|-immune|p2a: Umbreon
|
|-weather|Sandstorm|[upkeep]
|-damage|p1a: Celebi|75/100|[from] Sandstorm
|-damage|p2a: Umbreon|94/100|[from] Sandstorm
|-heal|p1a: Celebi|82/100|[from] item: Leftovers
|-heal|p2a: Umbreon|100/100|[from] item: Leftovers
|upkeep
|turn|12
|
|t:|1728588448
|move|p1a: Celebi|Leech Seed|p2a: Umbreon|[miss]
|-miss|p1a: Celebi|p2a: Umbreon
|move|p2a: Umbreon|Toxic|p1a: Celebi
|-status|p1a: Celebi|tox
|
|-weather|Sandstorm|[upkeep]
|-damage|p1a: Celebi|75/100 tox|[from] Sandstorm
|-damage|p2a: Umbreon|94/100|[from] Sandstorm
|-heal|p1a: Celebi|82/100 tox|[from] item: Leftovers
|-damage|p1a: Celebi|75/100 tox|[from] psn
|-heal|p2a: Umbreon|100/100|[from] item: Leftovers
|upkeep
|turn|13
|
|t:|1728588456
|-activate|p1a: Celebi|move: Pursuit
|move|p2a: Umbreon|Pursuit|p1a: Celebi|[from]Pursuit
|-supereffective|p1a: Celebi
|-damage|p1a: Celebi|42/100 tox
|-curestatus|p1a: Celebi|tox|[from] ability: Natural Cure
|switch|p1a: Dugtrio|Dugtrio, F|100/100
|-damage|p1a: Dugtrio|88/100|[from] Spikes
|
|-weather|Sandstorm|[upkeep]
|-damage|p2a: Umbreon|94/100|[from] Sandstorm
|-heal|p2a: Umbreon|100/100|[from] item: Leftovers
|upkeep
|turn|14
|
|t:|1728588465
|move|p1a: Dugtrio|Hidden Power|p2a: Umbreon
|-supereffective|p2a: Umbreon
|-damage|p2a: Umbreon|59/100
|move|p2a: Umbreon|Wish|p2a: Umbreon
|
|-weather|Sandstorm|[upkeep]
|-damage|p2a: Umbreon|53/100|[from] Sandstorm
|-heal|p2a: Umbreon|59/100|[from] item: Leftovers
|upkeep
|turn|15
|
|t:|1728588472
|switch|p1a: Tyranitar|Tyranitar, F|100/100
|-damage|p1a: Tyranitar|88/100|[from] Spikes
|move|p2a: Umbreon|Toxic|p1a: Tyranitar
|-status|p1a: Tyranitar|tox
|
|-heal|p2a: Umbreon|100/100|[from] move: Wish|[wisher] Umbreon
|-weather|Sandstorm|[upkeep]
|-damage|p2a: Umbreon|94/100|[from] Sandstorm
|-heal|p2a: Umbreon|100/100|[from] item: Leftovers
|-heal|p1a: Tyranitar|94/100 tox|[from] item: Leftovers
|-damage|p1a: Tyranitar|88/100 tox|[from] psn
|upkeep
|turn|16
|
|t:|1728588487
|switch|p2a: Swampert|Swampert, M|100/100
|move|p1a: Tyranitar|Rock Slide|p2a: Swampert
|-resisted|p2a: Swampert
|-damage|p2a: Swampert|87/100
|
|-weather|Sandstorm|[upkeep]
|-heal|p2a: Swampert|93/100|[from] item: Leftovers
|-heal|p1a: Tyranitar|94/100 tox|[from] item: Leftovers
|-damage|p1a: Tyranitar|82/100 tox|[from] psn
|upkeep
|turn|17
|
|t:|1728588494
|switch|p1a: Zapdos|Zapdos|100/100
|move|p2a: Swampert|Toxic|p1a: Zapdos
|-status|p1a: Zapdos|tox
|
|-weather|Sandstorm|[upkeep]
|-damage|p1a: Zapdos|94/100 tox|[from] Sandstorm
|-heal|p1a: Zapdos|100/100 tox|[from] item: Leftovers
|-damage|p1a: Zapdos|94/100 tox|[from] psn
|-heal|p2a: Swampert|99/100|[from] item: Leftovers
|upkeep
|turn|18
|
|t:|1728588501
|switch|p2a: Celebi|Celebi|100/100
|move|p1a: Zapdos|Hidden Power|p2a: Celebi
|-resisted|p2a: Celebi
|-damage|p2a: Celebi|92/100
|
|-weather|Sandstorm|[upkeep]
|-damage|p1a: Zapdos|88/100 tox|[from] Sandstorm
|-damage|p2a: Celebi|86/100|[from] Sandstorm
|-heal|p1a: Zapdos|94/100 tox|[from] item: Leftovers
|-damage|p1a: Zapdos|82/100 tox|[from] psn
|-heal|p2a: Celebi|92/100|[from] item: Leftovers
|upkeep
|turn|19
|
|t:|1728588508
|switch|p2a: Snorlax|Snorlax, M|88/100 par
|move|p1a: Zapdos|Baton Pass|p1a: Zapdos
|
|t:|1728588511
|switch|p1a: Tyranitar|Tyranitar, F|82/100 tox|[from] Baton Pass
|-damage|p1a: Tyranitar|69/100 tox|[from] Spikes
|
|-weather|Sandstorm|[upkeep]
|-damage|p2a: Snorlax|82/100 par|[from] Sandstorm
|-heal|p1a: Tyranitar|76/100 tox|[from] item: Leftovers
|-damage|p1a: Tyranitar|69/100 tox|[from] psn
|-heal|p2a: Snorlax|88/100 par|[from] item: Leftovers
|upkeep
|turn|20
|
|t:|1728588524
|-singleturn|p1a: Tyranitar|move: Focus Punch
|move|p2a: Snorlax|Earthquake|p1a: Tyranitar
|-supereffective|p1a: Tyranitar
|-damage|p1a: Tyranitar|26/100 tox
|move|p1a: Tyranitar|Focus Punch||[still]
|cant|p1a: Tyranitar|Focus Punch|Focus Punch
|
|-weather|Sandstorm|[upkeep]
|-damage|p2a: Snorlax|82/100 par|[from] Sandstorm
|-heal|p1a: Tyranitar|33/100 tox|[from] item: Leftovers
|-damage|p1a: Tyranitar|20/100 tox|[from] psn
|-heal|p2a: Snorlax|88/100 par|[from] item: Leftovers
|upkeep
|turn|21
|
|t:|1728588534
|move|p1a: Tyranitar|Rock Slide|p2a: Snorlax
|-damage|p2a: Snorlax|49/100 par
|move|p2a: Snorlax|Curse|p2a: Snorlax
|-unboost|p2a: Snorlax|spe|1
|-boost|p2a: Snorlax|atk|1
|-boost|p2a: Snorlax|def|1
|
|-weather|Sandstorm|[upkeep]
|-damage|p2a: Snorlax|43/100 par|[from] Sandstorm
|-heal|p1a: Tyranitar|26/100 tox|[from] item: Leftovers
|-damage|p1a: Tyranitar|8/100 tox|[from] psn
|-heal|p2a: Snorlax|49/100 par|[from] item: Leftovers
|upkeep
|turn|22
|
|t:|1728588543
|-singleturn|p1a: Tyranitar|move: Focus Punch
|move|p2a: Snorlax|Rest|p2a: Snorlax
|-status|p2a: Snorlax|slp|[from] move: Rest
|-heal|p2a: Snorlax|100/100 slp|[silent]
|move|p1a: Tyranitar|Focus Punch|p2a: Snorlax
|-supereffective|p2a: Snorlax
|-damage|p2a: Snorlax|35/100 slp
|
|-weather|Sandstorm|[upkeep]
|-damage|p2a: Snorlax|29/100 slp|[from] Sandstorm
|-heal|p1a: Tyranitar|14/100 tox|[from] item: Leftovers
|-damage|p1a: Tyranitar|0 fnt|[from] psn
|faint|p1a: Tyranitar
|-heal|p2a: Snorlax|35/100 slp|[from] item: Leftovers
|upkeep
|
|t:|1728588554
|switch|p1a: Celebi|Celebi|42/100
|-damage|p1a: Celebi|29/100|[from] Spikes
|turn|23
|
|t:|1728588559
|switch|p2a: Celebi|Celebi|92/100
|move|p1a: Celebi|Recover|p1a: Celebi
|-heal|p1a: Celebi|79/100
|
|-weather|Sandstorm|[upkeep]
|-damage|p2a: Celebi|86/100|[from] Sandstorm
|-damage|p1a: Celebi|73/100|[from] Sandstorm
|-heal|p2a: Celebi|92/100|[from] item: Leftovers
|-heal|p1a: Celebi|79/100|[from] item: Leftovers
|upkeep
|turn|24
|
|t:|1728588563
|switch|p1a: Dugtrio|Dugtrio, F|88/100
|-damage|p1a: Dugtrio|76/100|[from] Spikes
|move|p2a: Celebi|Heal Bell|p2a: Celebi
|-activate|p2a: Celebi|move: Heal Bell
|-curestatus|p2: Snorlax|slp|[silent]
|
|-weather|Sandstorm|[upkeep]
|-damage|p2a: Celebi|86/100|[from] Sandstorm
|-heal|p2a: Celebi|92/100|[from] item: Leftovers
|upkeep
|turn|25
|
|t:|1728588570
|move|p1a: Dugtrio|Hidden Power|p2a: Celebi
|-supereffective|p2a: Celebi
|-damage|p2a: Celebi|16/100
|move|p2a: Celebi|Hidden Power|p1a: Dugtrio
|-supereffective|p1a: Dugtrio
|-damage|p1a: Dugtrio|0 fnt
|faint|p1a: Dugtrio
|
|t:|1728588574
|switch|p1a: Starmie|Starmie|100/100
|-damage|p1a: Starmie|88/100|[from] Spikes
|
|-weather|Sandstorm|[upkeep]
|-damage|p1a: Starmie|82/100|[from] Sandstorm
|-damage|p2a: Celebi|10/100|[from] Sandstorm
|-heal|p1a: Starmie|88/100|[from] item: Leftovers
|-heal|p2a: Celebi|16/100|[from] item: Leftovers
|upkeep
|turn|26
|
|t:|1728588581
|move|p1a: Starmie|Rapid Spin|p2a: Celebi
|-damage|p2a: Celebi|14/100
|-sideend|p1: rajime(real)|Spikes|[from] move: Rapid Spin|[of] p1a: Starmie
|move|p2a: Celebi|Recover|p2a: Celebi
|-heal|p2a: Celebi|64/100
|
|-weather|Sandstorm|[upkeep]
|-damage|p1a: Starmie|82/100|[from] Sandstorm
|-damage|p2a: Celebi|57/100|[from] Sandstorm
|-heal|p1a: Starmie|88/100|[from] item: Leftovers
|-heal|p2a: Celebi|64/100|[from] item: Leftovers
|upkeep
|turn|27
|
|t:|1728588589
|move|p1a: Starmie|Ice Beam|p2a: Celebi
|-supereffective|p2a: Celebi
|-damage|p2a: Celebi|23/100
|-status|p2a: Celebi|frz
|-curestatus|p2a: Celebi|frz|[msg]
|move|p2a: Celebi|Recover|p2a: Celebi
|-heal|p2a: Celebi|73/100
|
|-weather|Sandstorm|[upkeep]
|-damage|p1a: Starmie|82/100|[from] Sandstorm
|-damage|p2a: Celebi|66/100|[from] Sandstorm
|-heal|p1a: Starmie|88/100|[from] item: Leftovers
|-heal|p2a: Celebi|73/100|[from] item: Leftovers
|upkeep
|turn|28
|
|t:|1728588595
|switch|p2a: Umbreon|Umbreon, M|100/100
|move|p1a: Starmie|Ice Beam|p2a: Umbreon
|-damage|p2a: Umbreon|85/100
|-status|p2a: Umbreon|frz
|
|-weather|Sandstorm|[upkeep]
|-damage|p1a: Starmie|82/100|[from] Sandstorm
|-damage|p2a: Umbreon|78/100 frz|[from] Sandstorm
|-heal|p1a: Starmie|88/100|[from] item: Leftovers
|-heal|p2a: Umbreon|85/100 frz|[from] item: Leftovers
|upkeep
|turn|29
|
|t:|1728588608
|switch|p2a: Snorlax|Snorlax, M|35/100
|move|p1a: Starmie|Hydro Pump|p2a: Snorlax|[miss]
|-miss|p1a: Starmie|p2a: Snorlax
|
|-weather|Sandstorm|[upkeep]
|-damage|p1a: Starmie|82/100|[from] Sandstorm
|-damage|p2a: Snorlax|29/100|[from] Sandstorm
|-heal|p1a: Starmie|88/100|[from] item: Leftovers
|-heal|p2a: Snorlax|35/100|[from] item: Leftovers
|upkeep
|turn|30
|
|t:|1728588614
|move|p1a: Starmie|Hydro Pump|p2a: Snorlax|[miss]
|-miss|p1a: Starmie|p2a: Snorlax
|move|p2a: Snorlax|Rest|p2a: Snorlax
|-status|p2a: Snorlax|slp|[from] move: Rest
|-heal|p2a: Snorlax|100/100 slp|[silent]
|
|-weather|Sandstorm|[upkeep]
|-damage|p1a: Starmie|82/100|[from] Sandstorm
|-damage|p2a: Snorlax|94/100 slp|[from] Sandstorm
|-heal|p1a: Starmie|88/100|[from] item: Leftovers
|-heal|p2a: Snorlax|100/100 slp|[from] item: Leftovers
|upkeep
|turn|31
|
|t:|1728588620
|switch|p1a: Swampert|Swampert, F|100/100
|cant|p2a: Snorlax|slp
|
|-weather|Sandstorm|[upkeep]
|-damage|p2a: Snorlax|94/100 slp|[from] Sandstorm
|-heal|p2a: Snorlax|100/100 slp|[from] item: Leftovers
|upkeep
|turn|32
|
|t:|1728588626
|switch|p1a: Celebi|Celebi|79/100
|switch|p2a: Celebi|Celebi|73/100
|
|-weather|Sandstorm|[upkeep]
|-damage|p2a: Celebi|66/100|[from] Sandstorm
|-damage|p1a: Celebi|73/100|[from] Sandstorm
|-heal|p2a: Celebi|73/100|[from] item: Leftovers
|-heal|p1a: Celebi|79/100|[from] item: Leftovers
|upkeep
|turn|33
|
|t:|1728588630
|switch|p1a: Starmie|Starmie|88/100
|move|p2a: Celebi|Recover|p2a: Celebi
|-heal|p2a: Celebi|100/100
|
|-weather|Sandstorm|[upkeep]
|-damage|p1a: Starmie|82/100|[from] Sandstorm
|-damage|p2a: Celebi|94/100|[from] Sandstorm
|-heal|p1a: Starmie|88/100|[from] item: Leftovers
|-heal|p2a: Celebi|100/100|[from] item: Leftovers
|upkeep
|turn|34
|
|t:|1728588636
|move|p1a: Starmie|Ice Beam|p2a: Celebi
|-supereffective|p2a: Celebi
|-damage|p2a: Celebi|54/100
|-message|Freeze Clause activated.
|move|p2a: Celebi|Leech Seed|p1a: Starmie
|-start|p1a: Starmie|move: Leech Seed
|
|-weather|Sandstorm|[upkeep]
|-damage|p1a: Starmie|82/100|[from] Sandstorm
|-damage|p2a: Celebi|48/100|[from] Sandstorm
|-heal|p1a: Starmie|88/100|[from] item: Leftovers
|-damage|p1a: Starmie|76/100|[from] Leech Seed|[of] p2a: Celebi
|-heal|p2a: Celebi|56/100|[silent]
|-heal|p2a: Celebi|62/100|[from] item: Leftovers
|upkeep
|turn|35
|
|t:|1728588648
|switch|p1a: Zapdos|Zapdos|82/100 tox
|move|p2a: Celebi|Recover|p2a: Celebi
|-heal|p2a: Celebi|100/100
|
|-weather|Sandstorm|[upkeep]
|-damage|p1a: Zapdos|76/100 tox|[from] Sandstorm
|-damage|p2a: Celebi|94/100|[from] Sandstorm
|-heal|p1a: Zapdos|82/100 tox|[from] item: Leftovers
|-damage|p1a: Zapdos|76/100 tox|[from] psn
|-heal|p2a: Celebi|100/100|[from] item: Leftovers
|upkeep
|turn|36
|
|t:|1728588652
|switch|p1a: Swampert|Swampert, F|100/100
|move|p2a: Celebi|Leech Seed|p1a: Swampert
|-start|p1a: Swampert|move: Leech Seed
|
|-weather|Sandstorm|[upkeep]
|-damage|p2a: Celebi|94/100|[from] Sandstorm
|-heal|p2a: Celebi|100/100|[from] item: Leftovers
|-damage|p1a: Swampert|88/100|[from] Leech Seed|[of] p2a: Celebi
|upkeep
|turn|37
|
|t:|1728588659
|move|p2a: Celebi|Heal Bell|p2a: Celebi
|-activate|p2a: Celebi|move: Heal Bell
|-curestatus|p2: Umbreon|frz|[silent]
|-curestatus|p2: Snorlax|slp|[silent]
|move|p1a: Swampert|Ice Beam|p2a: Celebi
|-supereffective|p2a: Celebi
|-damage|p2a: Celebi|71/100
|
|-weather|Sandstorm|[upkeep]
|-damage|p2a: Celebi|64/100|[from] Sandstorm
|-heal|p2a: Celebi|71/100|[from] item: Leftovers
|-heal|p1a: Swampert|94/100|[from] item: Leftovers
|-damage|p1a: Swampert|82/100|[from] Leech Seed|[of] p2a: Celebi
|-heal|p2a: Celebi|83/100|[silent]
|upkeep
|turn|38
|
|t:|1728588672
|switch|p1a: Celebi|Celebi|79/100
|move|p2a: Celebi|Hidden Power|p1a: Celebi
|-resisted|p1a: Celebi
|-damage|p1a: Celebi|71/100
|
|-weather|Sandstorm|[upkeep]
|-damage|p2a: Celebi|77/100|[from] Sandstorm
|-damage|p1a: Celebi|65/100|[from] Sandstorm
|-heal|p2a: Celebi|83/100|[from] item: Leftovers
|-heal|p1a: Celebi|71/100|[from] item: Leftovers
|upkeep
|turn|39
|
|t:|1728588680
|switch|p2a: Umbreon|Umbreon, M|85/100
|switch|p1a: Zapdos|Zapdos|76/100 tox
|
|-weather|Sandstorm|[upkeep]
|-damage|p1a: Zapdos|69/100 tox|[from] Sandstorm
|-damage|p2a: Umbreon|78/100|[from] Sandstorm
|-heal|p1a: Zapdos|76/100 tox|[from] item: Leftovers
|-damage|p1a: Zapdos|69/100 tox|[from] psn
|-heal|p2a: Umbreon|85/100|[from] item: Leftovers
|upkeep
|turn|40
|
|t:|1728588687
|move|p1a: Zapdos|Hidden Power|p2a: Umbreon
|-crit|p2a: Umbreon
|-damage|p2a: Umbreon|54/100
|move|p2a: Umbreon|Wish|p2a: Umbreon
|
|-weather|Sandstorm|[upkeep]
|-damage|p1a: Zapdos|63/100 tox|[from] Sandstorm
|-damage|p2a: Umbreon|48/100|[from] Sandstorm
|-heal|p1a: Zapdos|69/100 tox|[from] item: Leftovers
|-damage|p1a: Zapdos|57/100 tox|[from] psn
|-heal|p2a: Umbreon|54/100|[from] item: Leftovers
|upkeep
|turn|41
|
|t:|1728588697
|move|p1a: Zapdos|Thunder Wave|p2a: Umbreon
|-status|p2a: Umbreon|par
|move|p2a: Umbreon|Pursuit|p1a: Zapdos
|-damage|p1a: Zapdos|44/100 tox
|
|-heal|p2a: Umbreon|100/100 par|[from] move: Wish|[wisher] Umbreon
|-weather|Sandstorm|[upkeep]
|-damage|p1a: Zapdos|38/100 tox|[from] Sandstorm
|-damage|p2a: Umbreon|94/100 par|[from] Sandstorm
|-heal|p1a: Zapdos|44/100 tox|[from] item: Leftovers
|-damage|p1a: Zapdos|25/100 tox|[from] psn
|-heal|p2a: Umbreon|100/100 par|[from] item: Leftovers
|upkeep
|turn|42
|
|t:|1728588709
|switch|p1a: Celebi|Celebi|71/100
|move|p2a: Umbreon|Wish|p2a: Umbreon
|
|-weather|Sandstorm|[upkeep]
|-damage|p1a: Celebi|65/100|[from] Sandstorm
|-damage|p2a: Umbreon|94/100 par|[from] Sandstorm
|-heal|p1a: Celebi|71/100|[from] item: Leftovers
|-heal|p2a: Umbreon|100/100 par|[from] item: Leftovers
|upkeep
|turn|43
|
|t:|1728588719
|move|p1a: Celebi|Leech Seed|p2a: Umbreon|[miss]
|-miss|p1a: Celebi|p2a: Umbreon
|move|p2a: Umbreon|Pursuit|p1a: Celebi
|-supereffective|p1a: Celebi
|-damage|p1a: Celebi|53/100
|
|-weather|Sandstorm|[upkeep]
|-damage|p1a: Celebi|47/100|[from] Sandstorm
|-damage|p2a: Umbreon|94/100 par|[from] Sandstorm
|-heal|p1a: Celebi|53/100|[from] item: Leftovers
|-heal|p2a: Umbreon|100/100 par|[from] item: Leftovers
|upkeep
|turn|44
|
|t:|1728588728
|move|p1a: Celebi|Leech Seed|p2a: Umbreon
|-start|p2a: Umbreon|move: Leech Seed
|cant|p2a: Umbreon|par
|
|-weather|Sandstorm|[upkeep]
|-damage|p1a: Celebi|47/100|[from] Sandstorm
|-damage|p2a: Umbreon|94/100 par|[from] Sandstorm
|-heal|p1a: Celebi|53/100|[from] item: Leftovers
|-heal|p2a: Umbreon|100/100 par|[from] item: Leftovers
|-damage|p2a: Umbreon|88/100 par|[from] Leech Seed|[of] p1a: Celebi
|-heal|p1a: Celebi|65/100|[silent]
|upkeep
|turn|45
|
|t:|1728588733
|move|p1a: Celebi|Recover|p1a: Celebi
|-heal|p1a: Celebi|100/100
|move|p2a: Umbreon|Toxic|p1a: Celebi
|-status|p1a: Celebi|tox
|
|-weather|Sandstorm|[upkeep]
|-damage|p1a: Celebi|94/100 tox|[from] Sandstorm
|-damage|p2a: Umbreon|82/100 par|[from] Sandstorm
|-heal|p1a: Celebi|100/100 tox|[from] item: Leftovers
|-damage|p1a: Celebi|94/100 tox|[from] psn
|-heal|p2a: Umbreon|88/100 par|[from] item: Leftovers
|-damage|p2a: Umbreon|76/100 par|[from] Leech Seed|[of] p1a: Celebi
|-heal|p1a: Celebi|100/100 tox|[silent]
|upkeep
|turn|46
|
|t:|1728588738
|-curestatus|p1a: Celebi|tox|[from] ability: Natural Cure
|switch|p1a: Starmie|Starmie|76/100
|move|p2a: Umbreon|Wish|p2a: Umbreon
|
|-weather|Sandstorm|[upkeep]
|-damage|p1a: Starmie|70/100|[from] Sandstorm
|-damage|p2a: Umbreon|70/100 par|[from] Sandstorm
|-heal|p1a: Starmie|76/100|[from] item: Leftovers
|-heal|p2a: Umbreon|76/100 par|[from] item: Leftovers
|-damage|p2a: Umbreon|63/100 par|[from] Leech Seed|[of] p1a: Starmie
|-heal|p1a: Starmie|95/100|[silent]
|upkeep
|turn|47
|
|t:|1728588743
|switch|p2a: Snorlax|Snorlax, M|100/100
|move|p1a: Starmie|Hydro Pump|p2a: Snorlax
|-damage|p2a: Snorlax|75/100
|
|-heal|p2a: Snorlax|100/100|[from] move: Wish|[wisher] Umbreon
|-weather|Sandstorm|[upkeep]
|-damage|p1a: Starmie|89/100|[from] Sandstorm
|-damage|p2a: Snorlax|94/100|[from] Sandstorm
|-heal|p1a: Starmie|95/100|[from] item: Leftovers
|-heal|p2a: Snorlax|100/100|[from] item: Leftovers
|upkeep
|turn|48
|
|t:|1728588750
|switch|p1a: Celebi|Celebi|100/100
|move|p2a: Snorlax|Curse|p2a: Snorlax
|-unboost|p2a: Snorlax|spe|1
|-boost|p2a: Snorlax|atk|1
|-boost|p2a: Snorlax|def|1
|
|-weather|Sandstorm|[upkeep]
|-damage|p1a: Celebi|94/100|[from] Sandstorm
|-damage|p2a: Snorlax|94/100|[from] Sandstorm
|-heal|p1a: Celebi|100/100|[from] item: Leftovers
|-heal|p2a: Snorlax|100/100|[from] item: Leftovers
|upkeep
|turn|49
|
|t:|1728588754
|move|p1a: Celebi|Leech Seed|p2a: Snorlax
|-start|p2a: Snorlax|move: Leech Seed
|move|p2a: Snorlax|Curse|p2a: Snorlax
|-unboost|p2a: Snorlax|spe|1
|-boost|p2a: Snorlax|atk|1
|-boost|p2a: Snorlax|def|1
|
|-weather|Sandstorm|[upkeep]
|-damage|p1a: Celebi|94/100|[from] Sandstorm
|-damage|p2a: Snorlax|94/100|[from] Sandstorm
|-heal|p1a: Celebi|100/100|[from] item: Leftovers
|-heal|p2a: Snorlax|100/100|[from] item: Leftovers
|-damage|p2a: Snorlax|88/100|[from] Leech Seed|[of] p1a: Celebi
|upkeep
|turn|50
|
|t:|1728588760
|switch|p1a: Zapdos|Zapdos|25/100 tox
|move|p2a: Snorlax|Curse|p2a: Snorlax
|-unboost|p2a: Snorlax|spe|1
|-boost|p2a: Snorlax|atk|1
|-boost|p2a: Snorlax|def|1
|
|-weather|Sandstorm|[upkeep]
|-damage|p1a: Zapdos|19/100 tox|[from] Sandstorm
|-damage|p2a: Snorlax|82/100|[from] Sandstorm
|-heal|p1a: Zapdos|25/100 tox|[from] item: Leftovers
|-damage|p1a: Zapdos|19/100 tox|[from] psn
|-heal|p2a: Snorlax|88/100|[from] item: Leftovers
|-damage|p2a: Snorlax|76/100|[from] Leech Seed|[of] p1a: Zapdos
|-heal|p1a: Zapdos|38/100 tox|[silent]
|upkeep
|turn|51
|
|t:|1728588766
|move|p1a: Zapdos|Thunder Wave|p2a: Snorlax
|-status|p2a: Snorlax|par
|cant|p2a: Snorlax|par
|
|-weather|Sandstorm|[upkeep]
|-damage|p1a: Zapdos|32/100 tox|[from] Sandstorm
|-damage|p2a: Snorlax|69/100 par|[from] Sandstorm
|-heal|p1a: Zapdos|38/100 tox|[from] item: Leftovers
|-damage|p1a: Zapdos|26/100 tox|[from] psn
|-heal|p2a: Snorlax|76/100 par|[from] item: Leftovers
|-damage|p2a: Snorlax|63/100 par|[from] Leech Seed|[of] p1a: Zapdos
|-heal|p1a: Zapdos|45/100 tox|[silent]
|upkeep
|turn|52
|
|t:|1728588772
|switch|p1a: Swampert|Swampert, F|82/100
|cant|p2a: Snorlax|par
|
|-weather|Sandstorm|[upkeep]
|-damage|p2a: Snorlax|57/100 par|[from] Sandstorm
|-heal|p1a: Swampert|88/100|[from] item: Leftovers
|-heal|p2a: Snorlax|63/100 par|[from] item: Leftovers
|-damage|p2a: Snorlax|51/100 par|[from] Leech Seed|[of] p1a: Swampert
|-heal|p1a: Swampert|100/100|[silent]
|upkeep
|turn|53
|
|t:|1728588778
|move|p1a: Swampert|Earthquake|p2a: Snorlax
|-damage|p2a: Snorlax|39/100 par
|cant|p2a: Snorlax|par
|
|-weather|Sandstorm|[upkeep]
|-damage|p2a: Snorlax|32/100 par|[from] Sandstorm
|-heal|p2a: Snorlax|39/100 par|[from] item: Leftovers
|-damage|p2a: Snorlax|26/100 par|[from] Leech Seed|[of] p1a: Swampert
|upkeep
|turn|54
|
|t:|1728588785
|move|p1a: Swampert|Protect|p1a: Swampert
|-singleturn|p1a: Swampert|Protect
|move|p2a: Snorlax|Rest|p2a: Snorlax
|-status|p2a: Snorlax|slp|[from] move: Rest
|-heal|p2a: Snorlax|100/100 slp|[silent]
|
|-weather|Sandstorm|[upkeep]
|-damage|p2a: Snorlax|94/100 slp|[from] Sandstorm
|-heal|p2a: Snorlax|100/100 slp|[from] item: Leftovers
|-damage|p2a: Snorlax|88/100 slp|[from] Leech Seed|[of] p1a: Swampert
|upkeep
|turn|55
|
|t:|1728588791
|switch|p2a: Celebi|Celebi|83/100
|move|p1a: Swampert|Earthquake|p2a: Celebi
|-resisted|p2a: Celebi
|-damage|p2a: Celebi|71/100
|
|-weather|Sandstorm|[upkeep]
|-damage|p2a: Celebi|65/100|[from] Sandstorm
|-heal|p2a: Celebi|71/100|[from] item: Leftovers
|upkeep
|turn|56
|
|t:|1728588797
|switch|p1a: Celebi|Celebi|100/100
|move|p2a: Celebi|Heal Bell|p2a: Celebi
|-activate|p2a: Celebi|move: Heal Bell
|-curestatus|p2: Snorlax|slp|[silent]
|-curestatus|p2: Umbreon|par|[silent]
|
|-weather|Sandstorm|[upkeep]
|-damage|p2a: Celebi|65/100|[from] Sandstorm
|-damage|p1a: Celebi|94/100|[from] Sandstorm
|-heal|p2a: Celebi|71/100|[from] item: Leftovers
|-heal|p1a: Celebi|100/100|[from] item: Leftovers
|upkeep
|turn|57
|
|t:|1728588804
|switch|p1a: Zapdos|Zapdos|45/100 tox
|move|p2a: Celebi|Recover|p2a: Celebi
|-heal|p2a: Celebi|100/100
|
|-weather|Sandstorm|[upkeep]
|-damage|p1a: Zapdos|39/100 tox|[from] Sandstorm
|-damage|p2a: Celebi|94/100|[from] Sandstorm
|-heal|p1a: Zapdos|45/100 tox|[from] item: Leftovers
|-damage|p1a: Zapdos|39/100 tox|[from] psn
|-heal|p2a: Celebi|100/100|[from] item: Leftovers
|upkeep
|turn|58
|
|t:|1728588810
|move|p1a: Zapdos|Thunder Wave|p2a: Celebi
|-status|p2a: Celebi|par
|move|p2a: Celebi|Leech Seed|p1a: Zapdos
|-start|p1a: Zapdos|move: Leech Seed
|
|-weather|Sandstorm|[upkeep]
|-damage|p1a: Zapdos|33/100 tox|[from] Sandstorm
|-damage|p2a: Celebi|94/100 par|[from] Sandstorm
|-heal|p1a: Zapdos|39/100 tox|[from] item: Leftovers
|-damage|p1a: Zapdos|27/100 tox|[from] Leech Seed|[of] p2a: Celebi
|-heal|p2a: Celebi|100/100 par|[silent]
|-damage|p1a: Zapdos|14/100 tox|[from] psn
|upkeep
|turn|59
|
|t:|1728588819
|switch|p1a: Swampert|Swampert, F|100/100
|-curestatus|p2a: Celebi|par|[from] ability: Natural Cure
|switch|p2a: Umbreon|Umbreon, M|63/100
|
|-weather|Sandstorm|[upkeep]
|-damage|p2a: Umbreon|57/100|[from] Sandstorm
|-heal|p2a: Umbreon|63/100|[from] item: Leftovers
|upkeep
|turn|60
|
|t:|1728588824
|move|p2a: Umbreon|Toxic|p1a: Swampert
|-status|p1a: Swampert|tox
|move|p1a: Swampert|Hydro Pump|p2a: Umbreon|[miss]
|-miss|p1a: Swampert|p2a: Umbreon
|
|-weather|Sandstorm|[upkeep]
|-damage|p2a: Umbreon|57/100|[from] Sandstorm
|-heal|p2a: Umbreon|63/100|[from] item: Leftovers
|-damage|p1a: Swampert|94/100 tox|[from] psn
|upkeep
|turn|61
|
|t:|1728588830
|move|p2a: Umbreon|Wish|p2a: Umbreon
|move|p1a: Swampert|Hydro Pump|p2a: Umbreon|[miss]
|-miss|p1a: Swampert|p2a: Umbreon
|
|-weather|Sandstorm|[upkeep]
|-damage|p2a: Umbreon|57/100|[from] Sandstorm
|-heal|p2a: Umbreon|63/100|[from] item: Leftovers
|-heal|p1a: Swampert|100/100 tox|[from] item: Leftovers
|-damage|p1a: Swampert|88/100 tox|[from] psn
|upkeep
|turn|62
|
|t:|1728588836
|move|p2a: Umbreon|Protect|p2a: Umbreon
|-singleturn|p2a: Umbreon|Protect
|move|p1a: Swampert|Hydro Pump|p2a: Umbreon
|-activate|p2a: Umbreon|Protect
|
|-heal|p2a: Umbreon|100/100|[from] move: Wish|[wisher] Umbreon
|-weather|Sandstorm|[upkeep]
|-damage|p2a: Umbreon|94/100|[from] Sandstorm
|-heal|p2a: Umbreon|100/100|[from] item: Leftovers
|-heal|p1a: Swampert|94/100 tox|[from] item: Leftovers
|-damage|p1a: Swampert|76/100 tox|[from] psn
|upkeep
|turn|63
|
|t:|1728588842
|switch|p1a: Starmie|Starmie|95/100
|move|p2a: Umbreon|Wish|p2a: Umbreon
|
|-weather|Sandstorm|[upkeep]
|-damage|p1a: Starmie|89/100|[from] Sandstorm
|-damage|p2a: Umbreon|94/100|[from] Sandstorm
|-heal|p1a: Starmie|95/100|[from] item: Leftovers
|-heal|p2a: Umbreon|100/100|[from] item: Leftovers
|upkeep
|turn|64
|
|t:|1728588847
|move|p1a: Starmie|Hydro Pump|p2a: Umbreon
|-damage|p2a: Umbreon|68/100
|move|p2a: Umbreon|Toxic|p1a: Starmie
|-status|p1a: Starmie|tox
|
|-heal|p2a: Umbreon|100/100|[from] move: Wish|[wisher] Umbreon
|-weather|Sandstorm|[upkeep]
|-damage|p1a: Starmie|89/100 tox|[from] Sandstorm
|-damage|p2a: Umbreon|94/100|[from] Sandstorm
|-heal|p1a: Starmie|95/100 tox|[from] item: Leftovers
|-damage|p1a: Starmie|89/100 tox|[from] psn
|-heal|p2a: Umbreon|100/100|[from] item: Leftovers
|upkeep
|turn|65
|
|t:|1728588853
|move|p1a: Starmie|Hydro Pump|p2a: Umbreon
|-damage|p2a: Umbreon|67/100
|move|p2a: Umbreon|Pursuit|p1a: Starmie
|-supereffective|p1a: Starmie
|-crit|p1a: Starmie
|-damage|p1a: Starmie|19/100 tox
|
|-weather|Sandstorm|[upkeep]
|-damage|p1a: Starmie|13/100 tox|[from] Sandstorm
|-damage|p2a: Umbreon|61/100|[from] Sandstorm
|-heal|p1a: Starmie|19/100 tox|[from] item: Leftovers
|-damage|p1a: Starmie|7/100 tox|[from] psn
|-heal|p2a: Umbreon|67/100|[from] item: Leftovers
|upkeep
|turn|66
|
|t:|1728588860
|move|p1a: Starmie|Hydro Pump|p2a: Umbreon
|-crit|p2a: Umbreon
|-damage|p2a: Umbreon|0 fnt
|faint|p2a: Umbreon
|
|t:|1728588868
|switch|p2a: Swampert|Swampert, M|99/100
|
|-weather|Sandstorm|[upkeep]
|-damage|p1a: Starmie|1/100 tox|[from] Sandstorm
|-heal|p1a: Starmie|7/100 tox|[from] item: Leftovers
|-damage|p1a: Starmie|0 fnt|[from] psn
|faint|p1a: Starmie
|-heal|p2a: Swampert|100/100|[from] item: Leftovers
|upkeep
|
|t:|1728588870
|switch|p1a: Zapdos|Zapdos|14/100 tox
|turn|67
|
|t:|1728588877
|move|p2a: Swampert|Protect|p2a: Swampert
|-singleturn|p2a: Swampert|Protect
|move|p1a: Zapdos|Hidden Power|p2a: Swampert
|-activate|p2a: Swampert|Protect
|
|-weather|Sandstorm|[upkeep]
|-damage|p1a: Zapdos|8/100 tox|[from] Sandstorm
|-heal|p1a: Zapdos|14/100 tox|[from] item: Leftovers
|-damage|p1a: Zapdos|8/100 tox|[from] psn
|upkeep
|turn|68
|
|t:|1728588886
|switch|p2a: Celebi|Celebi|100/100
|move|p1a: Zapdos|Hidden Power|p2a: Celebi
|-resisted|p2a: Celebi
|-damage|p2a: Celebi|92/100
|
|-weather|Sandstorm|[upkeep]
|-damage|p1a: Zapdos|2/100 tox|[from] Sandstorm
|-damage|p2a: Celebi|85/100|[from] Sandstorm
|-heal|p1a: Zapdos|8/100 tox|[from] item: Leftovers
|-damage|p1a: Zapdos|0 fnt|[from] psn
|faint|p1a: Zapdos
|-heal|p2a: Celebi|92/100|[from] item: Leftovers
|upkeep
|
|t:|1728588888
|switch|p1a: Celebi|Celebi|100/100
|turn|69
|
|t:|1728588893
|switch|p2a: Snorlax|Snorlax, M|88/100
|switch|p1a: Swampert|Swampert, F|76/100 tox
|
|-weather|Sandstorm|[upkeep]
|-damage|p2a: Snorlax|82/100|[from] Sandstorm
|-heal|p1a: Swampert|82/100 tox|[from] item: Leftovers
|-damage|p1a: Swampert|76/100 tox|[from] psn
|-heal|p2a: Snorlax|88/100|[from] item: Leftovers
|upkeep
|turn|70
|
|t:|1728588902
|move|p1a: Swampert|Hydro Pump|p2a: Snorlax
|-crit|p2a: Snorlax
|-damage|p2a: Snorlax|49/100
|move|p2a: Snorlax|Curse|p2a: Snorlax
|-unboost|p2a: Snorlax|spe|1
|-boost|p2a: Snorlax|atk|1
|-boost|p2a: Snorlax|def|1
|
|-weather|Sandstorm|[upkeep]
|-damage|p2a: Snorlax|42/100|[from] Sandstorm
|-heal|p1a: Swampert|82/100 tox|[from] item: Leftovers
|-damage|p1a: Swampert|70/100 tox|[from] psn
|-heal|p2a: Snorlax|49/100|[from] item: Leftovers
|upkeep
|turn|71
|
|t:|1728588907
|move|p1a: Swampert|Hydro Pump|p2a: Snorlax
|-damage|p2a: Snorlax|29/100
|move|p2a: Snorlax|Return|p1a: Swampert
|-damage|p1a: Swampert|30/100 tox
|
|-weather|Sandstorm|[upkeep]
|-damage|p2a: Snorlax|23/100|[from] Sandstorm
|-heal|p1a: Swampert|36/100 tox|[from] item: Leftovers
|-damage|p1a: Swampert|18/100 tox|[from] psn
|-heal|p2a: Snorlax|29/100|[from] item: Leftovers
|upkeep
|turn|72
|
|t:|1728588912
|move|p1a: Swampert|Hydro Pump|p2a: Snorlax
|-damage|p2a: Snorlax|1/100
|move|p2a: Snorlax|Rest|p2a: Snorlax
|-status|p2a: Snorlax|slp|[from] move: Rest
|-heal|p2a: Snorlax|100/100 slp|[silent]
|
|-weather|Sandstorm|[upkeep]
|-damage|p2a: Snorlax|94/100 slp|[from] Sandstorm
|-heal|p1a: Swampert|24/100 tox|[from] item: Leftovers
|-damage|p1a: Swampert|0 fnt|[from] psn
|faint|p1a: Swampert
|-heal|p2a: Snorlax|100/100 slp|[from] item: Leftovers
|upkeep
|
|t:|1728588917
|switch|p1a: Celebi|Celebi|100/100
|turn|73
|
|t:|1728588922
|switch|p2a: Celebi|Celebi|92/100
|move|p1a: Celebi|Leech Seed|p2a: Celebi
|-immune|p2a: Celebi
|
|-weather|Sandstorm|[upkeep]
|-damage|p2a: Celebi|85/100|[from] Sandstorm
|-damage|p1a: Celebi|94/100|[from] Sandstorm
|-heal|p2a: Celebi|92/100|[from] item: Leftovers
|-heal|p1a: Celebi|100/100|[from] item: Leftovers
|upkeep
|turn|74
|
|t:|1728588927
|move|p2a: Celebi|Heal Bell|p2a: Celebi
|-activate|p2a: Celebi|move: Heal Bell
|-curestatus|p2: Snorlax|slp|[silent]
|move|p1a: Celebi|Psychic|p2a: Celebi
|-resisted|p2a: Celebi
|-damage|p2a: Celebi|78/100
|-unboost|p2a: Celebi|spd|1
|
|-weather|Sandstorm|[upkeep]
|-damage|p2a: Celebi|72/100|[from] Sandstorm
|-damage|p1a: Celebi|94/100|[from] Sandstorm
|-heal|p2a: Celebi|78/100|[from] item: Leftovers
|-heal|p1a: Celebi|100/100|[from] item: Leftovers
|upkeep
|turn|75
|c|☆rajime(real)|gg
|
|t:|1728588935
|move|p2a: Celebi|Recover|p2a: Celebi
|-heal|p2a: Celebi|100/100
|move|p1a: Celebi|Psychic|p2a: Celebi
|-resisted|p2a: Celebi
|-damage|p2a: Celebi|81/100
|
|-weather|Sandstorm|[upkeep]
|-damage|p2a: Celebi|75/100|[from] Sandstorm
|-damage|p1a: Celebi|94/100|[from] Sandstorm
|-heal|p2a: Celebi|81/100|[from] item: Leftovers
|-heal|p1a: Celebi|100/100|[from] item: Leftovers
|upkeep
|turn|76
|
|t:|1728588939
|switch|p2a: Snorlax|Snorlax, M|100/100
|move|p1a: Celebi|Psychic|p2a: Snorlax
|-damage|p2a: Snorlax|84/100
|
|-weather|Sandstorm|[upkeep]
|-damage|p1a: Celebi|94/100|[from] Sandstorm
|-damage|p2a: Snorlax|78/100|[from] Sandstorm
|-heal|p1a: Celebi|100/100|[from] item: Leftovers
|-heal|p2a: Snorlax|84/100|[from] item: Leftovers
|upkeep
|turn|77
|
|t:|1728588945
|move|p1a: Celebi|Psychic|p2a: Snorlax
|-damage|p2a: Snorlax|68/100
|move|p2a: Snorlax|Curse|p2a: Snorlax
|-unboost|p2a: Snorlax|spe|1
|-boost|p2a: Snorlax|atk|1
|-boost|p2a: Snorlax|def|1
|
|-weather|Sandstorm|[upkeep]
|-damage|p1a: Celebi|94/100|[from] Sandstorm
|-damage|p2a: Snorlax|62/100|[from] Sandstorm
|-heal|p1a: Celebi|100/100|[from] item: Leftovers
|-heal|p2a: Snorlax|68/100|[from] item: Leftovers
|upkeep
|turn|78
|
|t:|1728588949
|move|p1a: Celebi|Leech Seed|p2a: Snorlax
|-start|p2a: Snorlax|move: Leech Seed
|move|p2a: Snorlax|Curse|p2a: Snorlax
|-unboost|p2a: Snorlax|spe|1
|-boost|p2a: Snorlax|atk|1
|-boost|p2a: Snorlax|def|1
|
|-weather|Sandstorm|[upkeep]
|-damage|p1a: Celebi|94/100|[from] Sandstorm
|-damage|p2a: Snorlax|62/100|[from] Sandstorm
|-heal|p1a: Celebi|100/100|[from] item: Leftovers
|-heal|p2a: Snorlax|68/100|[from] item: Leftovers
|-damage|p2a: Snorlax|56/100|[from] Leech Seed|[of] p1a: Celebi
|upkeep
|turn|79
|
|t:|1728588954
|move|p1a: Celebi|Recover||[still]
|-fail|p1a: Celebi|heal
|move|p2a: Snorlax|Return|p1a: Celebi
|-damage|p1a: Celebi|32/100
|
|-weather|Sandstorm|[upkeep]
|-damage|p1a: Celebi|26/100|[from] Sandstorm
|-damage|p2a: Snorlax|49/100|[from] Sandstorm
|-heal|p1a: Celebi|32/100|[from] item: Leftovers
|-heal|p2a: Snorlax|56/100|[from] item: Leftovers
|-damage|p2a: Snorlax|43/100|[from] Leech Seed|[of] p1a: Celebi
|-heal|p1a: Celebi|48/100|[silent]
|upkeep
|turn|80
|
|t:|1728588963
|move|p1a: Celebi|Psychic|p2a: Snorlax
|-damage|p2a: Snorlax|26/100
|move|p2a: Snorlax|Curse|p2a: Snorlax
|-unboost|p2a: Snorlax|spe|1
|-boost|p2a: Snorlax|atk|1
|-boost|p2a: Snorlax|def|1
|
|-weather|Sandstorm|[upkeep]
|-damage|p1a: Celebi|41/100|[from] Sandstorm
|-damage|p2a: Snorlax|20/100|[from] Sandstorm
|-heal|p1a: Celebi|48/100|[from] item: Leftovers
|-heal|p2a: Snorlax|26/100|[from] item: Leftovers
|-damage|p2a: Snorlax|14/100|[from] Leech Seed|[of] p1a: Celebi
|-heal|p1a: Celebi|63/100|[silent]
|upkeep
|turn|81
|
|t:|1728588968
|move|p1a: Celebi|Psychic|p2a: Snorlax
|-damage|p2a: Snorlax|0 fnt
|faint|p2a: Snorlax
|
|t:|1728588974
|switch|p2a: Salamence|Salamence, F|88/100
|-ability|p2a: Salamence|Intimidate|boost
|-unboost|p1a: Celebi|atk|1
|
|-weather|Sandstorm|[upkeep]
|-damage|p2a: Salamence|82/100|[from] Sandstorm
|-damage|p1a: Celebi|57/100|[from] Sandstorm
|-heal|p2a: Salamence|88/100|[from] item: Leftovers
|-heal|p1a: Celebi|63/100|[from] item: Leftovers
|upkeep
|turn|82
|
|t:|1728588984
|move|p2a: Salamence|Hidden Power|p1a: Celebi
|-supereffective|p1a: Celebi
|-damage|p1a: Celebi|2/100
|move|p1a: Celebi|Psychic|p2a: Salamence
|-damage|p2a: Salamence|50/100
|
|-weather|Sandstorm|[upkeep]
|-damage|p2a: Salamence|44/100|[from] Sandstorm
|-damage|p1a: Celebi|0 fnt|[from] Sandstorm
|faint|p1a: Celebi
|
|win|fayestra
|upkeep
|c|☆fayestra|gg

</script>
<script type="application/json" class="data" id="replaydata-smogtours-gen3ou-796986">
{"id":"smogtours-gen3ou-796986","format":"[Gen 3] OU","players":["rajime(real)","fayestra"],"uploadtime":1728588984,"views":92,"formatid":"gen3ou","rating":null,"private":0,"password":null}
</script>

<script defer src="js/replays.js?9d40a366"></script>
