<!DOCTYPE html>
<meta charset="utf-8" />
<meta name="viewport" content="width=device-width" />

<title>[Gen 3] OU: AverageWalrus vs. ShellyYGO - Replays - Pok&eacute;mon Showdown!</title>

<meta name="description" content="Watch a replay of a Pok&eacute;mon battle between AverageWalrus and ShellyYGO! Format: [Gen 3] OU; Date: Oct 7, 2024" />
<!--

Hey, you! Looking in the source for the replay log?

You can find them in JSON format, just add `.json` at the end of a replay URL.

https://replay.pokemonshowdown.com/gen7randomdoublesbattle-865046831.json

Or, if you only need the log itself, add `.log` instead:

https://replay.pokemonshowdown.com/gen7randomdoublesbattle-865046831.log

-->

<link rel="stylesheet" href="//pokemonshowdown.com/style/global.css?0.023195364461161105" />
<link rel="stylesheet" href="//play.pokemonshowdown.com/style/font-awesome.css?0.13261647063804238" />
<link rel="stylesheet" href="//play.pokemonshowdown.com/style/battle.css?0.8753245789963631" />
<link rel="stylesheet" href="//play.pokemonshowdown.com/style/utilichart.css?0.8627959624976733" />

<!-- Global site tag (gtag.js) - Google Analytics -->
<script async src="https://www.googletagmanager.com/gtag/js?id=UA-26211653-1"></script>
<script>
  window.dataLayer = window.dataLayer || [];
  function gtag(){dataLayer.push(arguments);}
  gtag('js', new Date());

  gtag('config', 'UA-26211653-1');
</script>
<!-- End Google Analytics -->
<!-- Venatus Ad Manager - Install in <HEAD> of page -->
	<script src="https://hb.vntsm.com/v3/live/ad-manager.min.js" type="text/javascript" data-site-id="642aba63ec9a7b11c3c9c1be" data-mode="scan" async></script>
<!-- / Venatus Ad Manager -->

<style>
	@media (max-width:820px) {
		.battle {
			margin: 0 auto;
		}
		.battle-log {
			margin: 7px auto 0;
			max-width: 640px;
			height: 300px;
			position: static;
		}
	}
	.optgroup {
		display: inline-block;
		line-height: 22px;
		font-size: 10pt;
	}
	.optgroup .button {
		height: 25px;
		padding-top: 0;
		padding-bottom: 0;
	}
	.optgroup button.button {
		padding-left: 12px;
		padding-right: 12px;
	}
	.linklist {
		list-style: none;
		margin: 0.5em 0;
		padding: 0;
	}
	.linklist li {
		padding: 2px 0;
	}
	.sidebar {
		float: left;
		width: 320px;
	}
	.bar-wrapper {
		max-width: 1100px;
		margin: 0 auto;
	}
	.bar-wrapper.has-sidebar {
		max-width: 1430px;
	}
	.mainbar {
		margin: 0;
		padding-right: 1px;
	}
	.mainbar.has-sidebar {
		margin-left: 330px;
	}
	@media (min-width: 1511px) {
		.sidebar {
			width: 400px;
		}
		.bar-wrapper.has-sidebar {
			max-width: 1510px;
		}
		.mainbar.has-sidebar {
			margin-left: 410px;
		}
	}
	.section.first-section {
		margin-top: 9px;
	}
	.blocklink small {
		white-space: normal;
	}
	.button {
		vertical-align: middle;
	}
	.replay-controls {
		padding-top: 10px;
	}
	.replay-controls h1 {
		font-size: 16pt;
		font-weight: normal;
		color: #CCC;
	}
	.pagelink {
		text-align: center;
	}
	.pagelink a {
		width: 150px;
	}
	.textbox, .button {
		font-size: 11pt;
		vertical-align: middle;
	}
	@media (max-width: 450px) {
		.button {
			font-size: 9pt;
		}
	}
</style>

<div>

	<header>
		<div class="nav-wrapper"><ul class="nav">
			<li><a class="button nav-first" href="//pokemonshowdown.com/"><img src="//pokemonshowdown.com/images/pokemonshowdownbeta.png" srcset="//pokemonshowdown.com/images/pokemonshowdownbeta.png 1x, //pokemonshowdown.com/images/pokemonshowdownbeta@2x.png 2x" alt="Pok&eacute;mon Showdown" width="146" height="44" /> Home</a></li>
			<li><a class="button" href="//pokemonshowdown.com/dex/">Pok&eacute;dex</a></li>
			<li><a class="button cur" href="/">Replays</a></li>
			<li><a class="button" href="//pokemonshowdown.com/ladder/">Ladder</a></li>
			<li><a class="button nav-last" href="//pokemonshowdown.com/forums/">Forum</a></li>
			<li><a class="button greenbutton nav-first nav-last" href="//play.pokemonshowdown.com/">Play</a></li>
		</ul></div>
	</header>

	<div class="main" id="main">

		<noscript><section class="section">You need to enable JavaScript to use this page; sorry!</section></noscript>

	</div>

</div>

<script defer nomodule src="//play.pokemonshowdown.com/js/lib/ps-polyfill.js"></script>
<script defer src="//play.pokemonshowdown.com/js/lib/preact.min.js"></script>

<script defer src="//play.pokemonshowdown.com/config/config.js?2bddbc15"></script>
<script defer src="//play.pokemonshowdown.com/js/lib/jquery-1.11.0.min.js"></script>
<script defer src="//play.pokemonshowdown.com/js/lib/html-sanitizer-minified.js"></script>
<script defer src="//play.pokemonshowdown.com/js/battle-sound.js"></script>
<script defer src="//play.pokemonshowdown.com/js/battledata.js?0.7209276989879541"></script>
<script defer src="//play.pokemonshowdown.com/data/pokedex-mini.js?0.6111056340867951"></script>
<script defer src="//play.pokemonshowdown.com/data/pokedex-mini-bw.js?0.3532142036491459"></script>
<script defer src="//play.pokemonshowdown.com/data/graphics.js?0.24223875632456182"></script>
<script defer src="//play.pokemonshowdown.com/data/pokedex.js?0.38839984266356864"></script>
<script defer src="//play.pokemonshowdown.com/data/moves.js?0.21866028504024015"></script>
<script defer src="//play.pokemonshowdown.com/data/abilities.js?0.2005157953846628"></script>
<script defer src="//play.pokemonshowdown.com/data/items.js?0.9894211263848525"></script>
<script defer src="//play.pokemonshowdown.com/data/teambuilder-tables.js?0.6008791140282215"></script>
<script defer src="//play.pokemonshowdown.com/js/battle-tooltips.js?0.7580118955022959"></script>
<script defer src="//play.pokemonshowdown.com/js/battle.js?0.6057722274234274"></script>

<script defer src="js/utils.js?e31f9a17"></script>
<script defer src="js/replays-battle.js?7008c182"></script>

<!-- don't scrape this data! just add .json or .log after the URL!
Full API docs: https://github.com/smogon/pokemon-showdown-client/blob/master/WEB-API.md -->
<script type="text/plain" class="log" id="replaylog-smogtours-gen3ou-796088">
|inactive|Battle timer is ON: inactive players will automatically lose when time's up.
|t:|1728260100
|gametype|singles
|player|p1|AverageWalrus|bugsy|
|player|p2|ShellyYGO|hugh|
|teamsize|p1|6
|teamsize|p2|6
|gen|3
|tier|[Gen 3] OU
|rule|Sleep Clause Mod: Limit one foe put to sleep
|rule|Switch Priority Clause Mod: Faster Pokémon switch first
|rule|Species Clause: Limit one of each Pokémon
|rule|OHKO Clause: OHKO moves are banned
|rule|Evasion Items Clause: Evasion items are banned
|rule|Evasion Moves Clause: Evasion moves are banned
|rule|Endless Battle Clause: Forcing endless battles is banned
|rule|HP Percentage Mod: HP is shown in percentages
|rule|One Boost Passer Clause: Limit one Baton Passer that has a way to boost its stats
|rule|Freeze Clause Mod: Limit one foe frozen
|
|t:|1728260100
|start
|switch|p1a: Tyranitar|Tyranitar, F|100/100
|switch|p2a: NeverBackDown|Zapdos|100/100
|-weather|Sandstorm|[from] ability: Sand Stream|[of] p1a: Tyranitar
|turn|1
|c|☆ShellyYGO|Glhf
|
|t:|1728260118
|switch|p2a: The SwampMonster|Swampert, M|100/100
|move|p1a: Tyranitar|Rock Slide|p2a: The SwampMonster
|-resisted|p2a: The SwampMonster
|-damage|p2a: The SwampMonster|80/100
|
|-weather|Sandstorm|[upkeep]
|-heal|p2a: The SwampMonster|86/100|[from] item: Leftovers
|upkeep
|turn|2
|
|t:|1728260127
|switch|p1a: Zapdos|Zapdos|100/100
|move|p2a: The SwampMonster|Hydro Pump|p1a: Zapdos
|-damage|p1a: Zapdos|57/100
|
|-weather|Sandstorm|[upkeep]
|-damage|p1a: Zapdos|51/100|[from] Sandstorm
|-heal|p1a: Zapdos|57/100|[from] item: Leftovers
|-heal|p2a: The SwampMonster|92/100|[from] item: Leftovers
|upkeep
|turn|3
|
|t:|1728260137
|switch|p2a: The Tank|Blissey, F|100/100
|move|p1a: Zapdos|Hidden Power|p2a: The Tank
|-damage|p2a: The Tank|90/100
|
|-weather|Sandstorm|[upkeep]
|-damage|p1a: Zapdos|51/100|[from] Sandstorm
|-damage|p2a: The Tank|83/100|[from] Sandstorm
|-heal|p1a: Zapdos|57/100|[from] item: Leftovers
|-heal|p2a: The Tank|90/100|[from] item: Leftovers
|upkeep
|turn|4
|
|t:|1728260142
|switch|p1a: Blissey|Blissey, F|100/100
|move|p2a: The Tank|Ice Beam|p1a: Blissey
|-damage|p1a: Blissey|91/100
|
|-weather|Sandstorm|[upkeep]
|-damage|p2a: The Tank|83/100|[from] Sandstorm
|-damage|p1a: Blissey|84/100|[from] Sandstorm
|-heal|p2a: The Tank|90/100|[from] item: Leftovers
|-heal|p1a: Blissey|91/100|[from] item: Leftovers
|upkeep
|turn|5
|
|t:|1728260152
|switch|p1a: Skarmory|Skarmory, F|100/100
|switch|p2a: Pipe Cleaner|Forretress, M, shiny|100/100
|
|-weather|Sandstorm|[upkeep]
|upkeep
|turn|6
|
|t:|1728260156
|move|p1a: Skarmory|Taunt|p2a: Pipe Cleaner
|-start|p2a: Pipe Cleaner|move: Taunt
|cant|p2a: Pipe Cleaner|move: Taunt|Spikes
|
|-weather|Sandstorm|[upkeep]
|upkeep
|turn|7
|
|t:|1728260167
|switch|p1a: Blissey|Blissey, F|91/100
|switch|p2a: NeverBackDown|Zapdos|100/100
|
|-weather|Sandstorm|[upkeep]
|-damage|p2a: NeverBackDown|94/100|[from] Sandstorm
|-damage|p1a: Blissey|84/100|[from] Sandstorm
|-heal|p2a: NeverBackDown|100/100|[from] item: Leftovers
|-heal|p1a: Blissey|91/100|[from] item: Leftovers
|upkeep
|turn|8
|
|t:|1728260171
|switch|p2a: Pipe Cleaner|Forretress, M, shiny|100/100
|move|p1a: Blissey|Ice Beam|p2a: Pipe Cleaner
|-resisted|p2a: Pipe Cleaner
|-damage|p2a: Pipe Cleaner|88/100
|
|-weather|Sandstorm|[upkeep]
|-damage|p1a: Blissey|84/100|[from] Sandstorm
|-heal|p1a: Blissey|91/100|[from] item: Leftovers
|-heal|p2a: Pipe Cleaner|94/100|[from] item: Leftovers
|upkeep
|turn|9
|
|t:|1728260178
|move|p1a: Blissey|Flamethrower|p2a: Pipe Cleaner
|-supereffective|p2a: Pipe Cleaner
|-damage|p2a: Pipe Cleaner|0 fnt
|faint|p2a: Pipe Cleaner
|
|t:|1728260193
|switch|p2a: The SwampMonster|Swampert, M|92/100
|
|-weather|Sandstorm|[upkeep]
|-damage|p1a: Blissey|84/100|[from] Sandstorm
|-heal|p1a: Blissey|91/100|[from] item: Leftovers
|-heal|p2a: The SwampMonster|98/100|[from] item: Leftovers
|upkeep
|turn|10
|
|t:|1728260195
|move|p1a: Blissey|Toxic|p2a: The SwampMonster|[miss]
|-miss|p1a: Blissey|p2a: The SwampMonster
|move|p2a: The SwampMonster|Ice Beam|p1a: Blissey
|-damage|p1a: Blissey|83/100
|
|-weather|Sandstorm|[upkeep]
|-damage|p1a: Blissey|77/100|[from] Sandstorm
|-heal|p1a: Blissey|83/100|[from] item: Leftovers
|-heal|p2a: The SwampMonster|100/100|[from] item: Leftovers
|upkeep
|turn|11
|
|t:|1728260202
|switch|p1a: Skarmory|Skarmory, F|100/100
|move|p2a: The SwampMonster|Protect||[still]
|-fail|p2a: The SwampMonster
|
|-weather|Sandstorm|[upkeep]
|upkeep
|turn|12
|
|t:|1728260205
|switch|p2a: NeverBackDown|Zapdos|100/100
|move|p1a: Skarmory|Spikes|p2a: NeverBackDown
|-sidestart|p2: ShellyYGO|Spikes
|
|-weather|Sandstorm|[upkeep]
|-damage|p2a: NeverBackDown|94/100|[from] Sandstorm
|-heal|p2a: NeverBackDown|100/100|[from] item: Leftovers
|upkeep
|turn|13
|
|t:|1728260210
|switch|p1a: Flygon|Flygon, M|100/100
|move|p2a: NeverBackDown|Thunderbolt|p1a: Flygon
|-immune|p1a: Flygon
|
|-weather|Sandstorm|[upkeep]
|-damage|p2a: NeverBackDown|94/100|[from] Sandstorm
|-heal|p2a: NeverBackDown|100/100|[from] item: Leftovers
|upkeep
|turn|14
|
|t:|1728260213
|switch|p2a: The SwampMonster|Swampert, M|100/100
|-damage|p2a: The SwampMonster|88/100|[from] Spikes
|move|p1a: Flygon|Protect||[still]
|-fail|p1a: Flygon
|
|-weather|Sandstorm|[upkeep]
|-heal|p2a: The SwampMonster|94/100|[from] item: Leftovers
|upkeep
|turn|15
|
|t:|1728260223
|switch|p1a: Skarmory|Skarmory, F|100/100
|move|p2a: The SwampMonster|Ice Beam|p1a: Skarmory
|-crit|p1a: Skarmory
|-damage|p1a: Skarmory|67/100
|
|-weather|Sandstorm|[upkeep]
|-heal|p1a: Skarmory|73/100|[from] item: Leftovers
|-heal|p2a: The SwampMonster|100/100|[from] item: Leftovers
|upkeep
|turn|16
|
|t:|1728260228
|move|p1a: Skarmory|Spikes|p2a: The SwampMonster
|-sidestart|p2: ShellyYGO|Spikes
|move|p2a: The SwampMonster|Hydro Pump|p1a: Skarmory
|-damage|p1a: Skarmory|42/100
|
|-weather|Sandstorm|[upkeep]
|-heal|p1a: Skarmory|48/100|[from] item: Leftovers
|upkeep
|turn|17
|
|t:|1728260235
|switch|p1a: Blissey|Blissey, F|83/100
|switch|p2a: NeverBackDown|Zapdos|100/100
|
|-weather|Sandstorm|[upkeep]
|-damage|p2a: NeverBackDown|94/100|[from] Sandstorm
|-damage|p1a: Blissey|77/100|[from] Sandstorm
|-heal|p2a: NeverBackDown|100/100|[from] item: Leftovers
|-heal|p1a: Blissey|83/100|[from] item: Leftovers
|upkeep
|turn|18
|
|t:|1728260241
|move|p1a: Blissey|Ice Beam|p2a: NeverBackDown
|-supereffective|p2a: NeverBackDown
|-damage|p2a: NeverBackDown|46/100
|-status|p2a: NeverBackDown|frz
|cant|p2a: NeverBackDown|frz
|
|-weather|Sandstorm|[upkeep]
|-damage|p2a: NeverBackDown|40/100 frz|[from] Sandstorm
|-damage|p1a: Blissey|77/100|[from] Sandstorm
|-heal|p2a: NeverBackDown|46/100 frz|[from] item: Leftovers
|-heal|p1a: Blissey|83/100|[from] item: Leftovers
|upkeep
|turn|19
|
|t:|1728260252
|switch|p2a: The Tank|Blissey, F|90/100
|-damage|p2a: The Tank|73/100|[from] Spikes
|move|p1a: Blissey|Ice Beam|p2a: The Tank
|-crit|p2a: The Tank
|-damage|p2a: The Tank|52/100
|
|-weather|Sandstorm|[upkeep]
|-damage|p1a: Blissey|77/100|[from] Sandstorm
|-damage|p2a: The Tank|46/100|[from] Sandstorm
|-heal|p2a: The Tank|52/100|[from] item: Leftovers
|-heal|p1a: Blissey|83/100|[from] item: Leftovers
|upkeep
|turn|20
|
|t:|1728260258
|move|p1a: Blissey|Toxic|p2a: The Tank
|-status|p2a: The Tank|tox
|move|p2a: The Tank|Soft-Boiled|p2a: The Tank
|-heal|p2a: The Tank|100/100 tox
|
|-weather|Sandstorm|[upkeep]
|-damage|p1a: Blissey|77/100|[from] Sandstorm
|-damage|p2a: The Tank|94/100 tox|[from] Sandstorm
|-heal|p1a: Blissey|83/100|[from] item: Leftovers
|-heal|p2a: The Tank|100/100 tox|[from] item: Leftovers
|-damage|p2a: The Tank|94/100 tox|[from] psn
|upkeep
|turn|21
|
|t:|1728260266
|-curestatus|p2a: The Tank|tox|[from] ability: Natural Cure
|switch|p2a: The SwampMonster|Swampert, M|100/100
|-damage|p2a: The SwampMonster|84/100|[from] Spikes
|move|p1a: Blissey|Ice Beam|p2a: The SwampMonster
|-damage|p2a: The SwampMonster|61/100
|
|-weather|Sandstorm|[upkeep]
|-damage|p1a: Blissey|77/100|[from] Sandstorm
|-heal|p1a: Blissey|83/100|[from] item: Leftovers
|-heal|p2a: The SwampMonster|67/100|[from] item: Leftovers
|upkeep
|turn|22
|
|t:|1728260276
|move|p1a: Blissey|Toxic|p2a: The SwampMonster
|-status|p2a: The SwampMonster|tox
|move|p2a: The SwampMonster|Earthquake|p1a: Blissey
|-damage|p1a: Blissey|43/100
|
|-weather|Sandstorm|[upkeep]
|-damage|p1a: Blissey|37/100|[from] Sandstorm
|-heal|p1a: Blissey|43/100|[from] item: Leftovers
|-heal|p2a: The SwampMonster|73/100 tox|[from] item: Leftovers
|-damage|p2a: The SwampMonster|67/100 tox|[from] psn
|upkeep
|turn|23
|
|t:|1728260282
|switch|p1a: Zapdos|Zapdos|57/100
|move|p2a: The SwampMonster|Earthquake|p1a: Zapdos
|-immune|p1a: Zapdos
|
|-weather|Sandstorm|[upkeep]
|-damage|p1a: Zapdos|51/100|[from] Sandstorm
|-heal|p1a: Zapdos|57/100|[from] item: Leftovers
|-heal|p2a: The SwampMonster|73/100 tox|[from] item: Leftovers
|-damage|p2a: The SwampMonster|61/100 tox|[from] psn
|upkeep
|turn|24
|
|t:|1728260284
|move|p1a: Zapdos|Hidden Power|p2a: The SwampMonster
|-supereffective|p2a: The SwampMonster
|-damage|p2a: The SwampMonster|0 fnt
|faint|p2a: The SwampMonster
|
|t:|1728260286
|switch|p2a: BoogieWoogie|Charizard, M|100/100
|
|-weather|Sandstorm|[upkeep]
|-damage|p2a: BoogieWoogie|94/100|[from] Sandstorm
|-damage|p1a: Zapdos|51/100|[from] Sandstorm
|-heal|p2a: BoogieWoogie|100/100|[from] item: Leftovers
|-heal|p1a: Zapdos|57/100|[from] item: Leftovers
|upkeep
|turn|25
|
|t:|1728260289
|move|p2a: BoogieWoogie|Fire Blast|p1a: Zapdos
|-damage|p1a: Zapdos|0 fnt
|faint|p1a: Zapdos
|
|t:|1728260293
|switch|p1a: Aerodactyl|Aerodactyl, F, shiny|100/100
|
|-weather|Sandstorm|[upkeep]
|-damage|p2a: BoogieWoogie|94/100|[from] Sandstorm
|-heal|p2a: BoogieWoogie|100/100|[from] item: Leftovers
|upkeep
|turn|26
|
|t:|1728260297
|switch|p2a: NeverBackDown|Zapdos|46/100 frz
|move|p1a: Aerodactyl|Rock Slide|p2a: NeverBackDown|[miss]
|-miss|p1a: Aerodactyl|p2a: NeverBackDown
|
|-weather|Sandstorm|[upkeep]
|-damage|p2a: NeverBackDown|40/100 frz|[from] Sandstorm
|-heal|p2a: NeverBackDown|46/100 frz|[from] item: Leftovers
|upkeep
|turn|27
|inactive|AverageWalrus has 270 seconds left.
|
|t:|1728260328
|move|p1a: Aerodactyl|Rock Slide|p2a: NeverBackDown
|-supereffective|p2a: NeverBackDown
|-damage|p2a: NeverBackDown|0 fnt
|faint|p2a: NeverBackDown
|
|t:|1728260337
|switch|p2a: The Tank|Blissey, F|94/100
|-damage|p2a: The Tank|78/100|[from] Spikes
|
|-weather|Sandstorm|[upkeep]
|-damage|p2a: The Tank|72/100|[from] Sandstorm
|-heal|p2a: The Tank|78/100|[from] item: Leftovers
|upkeep
|turn|28
|
|t:|1728260340
|move|p1a: Aerodactyl|Rock Slide|p2a: The Tank
|-damage|p2a: The Tank|21/100
|move|p2a: The Tank|Ice Beam|p1a: Aerodactyl
|-supereffective|p1a: Aerodactyl
|-crit|p1a: Aerodactyl
|-damage|p1a: Aerodactyl|0 fnt
|faint|p1a: Aerodactyl
|
|t:|1728260349
|switch|p1a: Tyranitar|Tyranitar, F|100/100
|
|-weather|Sandstorm|[upkeep]
|-damage|p2a: The Tank|15/100|[from] Sandstorm
|-heal|p2a: The Tank|21/100|[from] item: Leftovers
|upkeep
|turn|29
|
|t:|1728260354
|move|p1a: Tyranitar|Rock Slide|p2a: The Tank
|-damage|p2a: The Tank|0 fnt
|faint|p2a: The Tank
|
|t:|1728260358
|switch|p2a: DivergentLeafBlade|Sceptile, M|100/100
|-damage|p2a: DivergentLeafBlade|84/100|[from] Spikes
|
|-weather|Sandstorm|[upkeep]
|-damage|p2a: DivergentLeafBlade|78/100|[from] Sandstorm
|-heal|p2a: DivergentLeafBlade|84/100|[from] item: Leftovers
|upkeep
|turn|30
|
|t:|1728260381
|switch|p1a: Blissey|Blissey, F|43/100
|move|p2a: DivergentLeafBlade|Substitute|p2a: DivergentLeafBlade
|-start|p2a: DivergentLeafBlade|Substitute
|-damage|p2a: DivergentLeafBlade|59/100
|
|-weather|Sandstorm|[upkeep]
|-damage|p2a: DivergentLeafBlade|53/100|[from] Sandstorm
|-damage|p1a: Blissey|37/100|[from] Sandstorm
|-heal|p2a: DivergentLeafBlade|59/100|[from] item: Leftovers
|-heal|p1a: Blissey|43/100|[from] item: Leftovers
|upkeep
|turn|31
|
|t:|1728260385
|move|p2a: DivergentLeafBlade|Leech Seed|p1a: Blissey
|-start|p1a: Blissey|move: Leech Seed
|move|p1a: Blissey|Ice Beam|p2a: DivergentLeafBlade
|-supereffective|p2a: DivergentLeafBlade
|-end|p2a: DivergentLeafBlade|Substitute
|
|-weather|Sandstorm|[upkeep]
|-damage|p2a: DivergentLeafBlade|53/100|[from] Sandstorm
|-damage|p1a: Blissey|37/100|[from] Sandstorm
|-heal|p2a: DivergentLeafBlade|59/100|[from] item: Leftovers
|-heal|p1a: Blissey|43/100|[from] item: Leftovers
|-damage|p1a: Blissey|31/100|[from] Leech Seed|[of] p2a: DivergentLeafBlade
|-heal|p2a: DivergentLeafBlade|88/100|[silent]
|upkeep
|turn|32
|
|t:|1728260397
|switch|p1a: Skarmory|Skarmory, F|48/100
|move|p2a: DivergentLeafBlade|Substitute|p2a: DivergentLeafBlade
|-start|p2a: DivergentLeafBlade|Substitute
|-damage|p2a: DivergentLeafBlade|63/100
|
|-weather|Sandstorm|[upkeep]
|-damage|p2a: DivergentLeafBlade|57/100|[from] Sandstorm
|-heal|p2a: DivergentLeafBlade|63/100|[from] item: Leftovers
|-heal|p1a: Skarmory|54/100|[from] item: Leftovers
|upkeep
|turn|33
|
|t:|1728260403
|move|p2a: DivergentLeafBlade|Leech Seed|p1a: Skarmory
|-start|p1a: Skarmory|move: Leech Seed
|move|p1a: Skarmory|Roar|p2a: DivergentLeafBlade
|drag|p2a: BoogieWoogie|Charizard, M|100/100
|
|-weather|Sandstorm|[upkeep]
|-damage|p2a: BoogieWoogie|94/100|[from] Sandstorm
|-heal|p2a: BoogieWoogie|100/100|[from] item: Leftovers
|-heal|p1a: Skarmory|60/100|[from] item: Leftovers
|-damage|p1a: Skarmory|48/100|[from] Leech Seed|[of] p2a: BoogieWoogie
|upkeep
|turn|34
|
|t:|1728260412
|switch|p1a: Flygon|Flygon, M|100/100
|move|p2a: BoogieWoogie|Substitute|p2a: BoogieWoogie
|-start|p2a: BoogieWoogie|Substitute
|-damage|p2a: BoogieWoogie|76/100
|
|-weather|Sandstorm|[upkeep]
|-damage|p2a: BoogieWoogie|70/100|[from] Sandstorm
|-heal|p2a: BoogieWoogie|76/100|[from] item: Leftovers
|upkeep
|turn|35
|
|t:|1728260418
|move|p2a: BoogieWoogie|Fire Blast|p1a: Flygon
|-resisted|p1a: Flygon
|-damage|p1a: Flygon|68/100
|move|p1a: Flygon|Rock Slide|p2a: BoogieWoogie
|-supereffective|p2a: BoogieWoogie
|-end|p2a: BoogieWoogie|Substitute
|
|-weather|Sandstorm|[upkeep]
|-damage|p2a: BoogieWoogie|70/100|[from] Sandstorm
|-heal|p2a: BoogieWoogie|76/100|[from] item: Leftovers
|-heal|p1a: Flygon|74/100|[from] item: Leftovers
|upkeep
|turn|36
|
|t:|1728260425
|move|p2a: BoogieWoogie|Substitute|p2a: BoogieWoogie
|-start|p2a: BoogieWoogie|Substitute
|-damage|p2a: BoogieWoogie|51/100
|move|p1a: Flygon|Toxic||[still]
|-fail|p1a: Flygon
|
|-weather|Sandstorm|[upkeep]
|-damage|p2a: BoogieWoogie|45/100|[from] Sandstorm
|-heal|p2a: BoogieWoogie|51/100|[from] item: Leftovers
|-heal|p1a: Flygon|80/100|[from] item: Leftovers
|upkeep
|turn|37
|
|t:|1728260431
|-singleturn|p2a: BoogieWoogie|move: Focus Punch
|move|p1a: Flygon|Protect|p1a: Flygon
|-singleturn|p1a: Flygon|Protect
|move|p2a: BoogieWoogie|Focus Punch|p1a: Flygon
|-activate|p1a: Flygon|Protect
|
|-weather|Sandstorm|[upkeep]
|-damage|p2a: BoogieWoogie|45/100|[from] Sandstorm
|-heal|p2a: BoogieWoogie|51/100|[from] item: Leftovers
|-heal|p1a: Flygon|86/100|[from] item: Leftovers
|upkeep
|turn|38
|
|t:|1728260438
|-singleturn|p2a: BoogieWoogie|move: Focus Punch
|move|p1a: Flygon|Rock Slide|p2a: BoogieWoogie
|-supereffective|p2a: BoogieWoogie
|-end|p2a: BoogieWoogie|Substitute
|move|p2a: BoogieWoogie|Focus Punch|p1a: Flygon
|-damage|p1a: Flygon|60/100
|
|-weather|Sandstorm|[upkeep]
|-damage|p2a: BoogieWoogie|45/100|[from] Sandstorm
|-heal|p2a: BoogieWoogie|51/100|[from] item: Leftovers
|-heal|p1a: Flygon|66/100|[from] item: Leftovers
|upkeep
|turn|39
|
|t:|1728260449
|move|p2a: BoogieWoogie|Fire Blast|p1a: Flygon
|-resisted|p1a: Flygon
|-damage|p1a: Flygon|33/100
|-status|p1a: Flygon|brn
|move|p1a: Flygon|Rock Slide|p2a: BoogieWoogie
|-supereffective|p2a: BoogieWoogie
|-crit|p2a: BoogieWoogie
|-damage|p2a: BoogieWoogie|0 fnt
|faint|p2a: BoogieWoogie
|inactive|ShellyYGO has 270 seconds left.
|c|☆ShellyYGO|Boogie Woogie... is dead
|
|t:|1728260479
|switch|p2a: DivergentLeafBlade|Sceptile, M|63/100
|-damage|p2a: DivergentLeafBlade|47/100|[from] Spikes
|
|-weather|Sandstorm|[upkeep]
|-damage|p2a: DivergentLeafBlade|41/100|[from] Sandstorm
|-heal|p2a: DivergentLeafBlade|47/100|[from] item: Leftovers
|-heal|p1a: Flygon|40/100 brn|[from] item: Leftovers
|-damage|p1a: Flygon|27/100 brn|[from] brn
|upkeep
|turn|40
|
|t:|1728260484
|move|p2a: DivergentLeafBlade|Hidden Power|p1a: Flygon
|-supereffective|p1a: Flygon
|-damage|p1a: Flygon|0 fnt
|faint|p1a: Flygon
|
|t:|1728260487
|switch|p1a: Skarmory|Skarmory, F|48/100
|
|-weather|Sandstorm|[upkeep]
|-damage|p2a: DivergentLeafBlade|41/100|[from] Sandstorm
|-heal|p2a: DivergentLeafBlade|47/100|[from] item: Leftovers
|-heal|p1a: Skarmory|53/100|[from] item: Leftovers
|upkeep
|turn|41
|
|t:|1728260492
|move|p2a: DivergentLeafBlade|Substitute|p2a: DivergentLeafBlade
|-start|p2a: DivergentLeafBlade|Substitute
|-damage|p2a: DivergentLeafBlade|22/100
|move|p1a: Skarmory|Drill Peck|p2a: DivergentLeafBlade
|-supereffective|p2a: DivergentLeafBlade
|-end|p2a: DivergentLeafBlade|Substitute
|
|-weather|Sandstorm|[upkeep]
|-damage|p2a: DivergentLeafBlade|16/100|[from] Sandstorm
|-heal|p2a: DivergentLeafBlade|22/100|[from] item: Leftovers
|-heal|p1a: Skarmory|59/100|[from] item: Leftovers
|upkeep
|turn|42
|
|t:|1728260500
|move|p2a: DivergentLeafBlade|Leaf Blade|p1a: Skarmory
|-resisted|p1a: Skarmory
|-damage|p1a: Skarmory|48/100
|move|p1a: Skarmory|Drill Peck|p2a: DivergentLeafBlade
|-supereffective|p2a: DivergentLeafBlade
|-crit|p2a: DivergentLeafBlade
|-damage|p2a: DivergentLeafBlade|0 fnt
|faint|p2a: DivergentLeafBlade
|
|win|AverageWalrus
|c|☆AverageWalrus|gg
|c|☆ShellyYGO|gg
|player|p1|
|player|p1|AverageWalrus|bugsy|

</script>
<script type="application/json" class="data" id="replaydata-smogtours-gen3ou-796088">
{"id":"smogtours-gen3ou-796088","format":"[Gen 3] OU","players":["AverageWalrus","ShellyYGO"],"uploadtime":1728260500,"views":80,"formatid":"gen3ou","rating":null,"private":0,"password":null}
</script>

<script defer src="js/replays.js?9d40a366"></script>
