<!DOCTYPE html>
<meta charset="utf-8" />
<meta name="viewport" content="width=device-width" />

<title>[Gen 3] OU: Big_Squatto vs. knexhawk2 - Replays - Pok&eacute;mon Showdown!</title>

<meta name="description" content="Watch a replay of a Pok&eacute;mon battle between Big_Squatto and knexhawk2! Format: [Gen 3] OU; Date: Oct 26, 2024" />
<!--

Hey, you! Looking in the source for the replay log?

You can find them in JSON format, just add `.json` at the end of a replay URL.

https://replay.pokemonshowdown.com/gen7randomdoublesbattle-865046831.json

Or, if you only need the log itself, add `.log` instead:

https://replay.pokemonshowdown.com/gen7randomdoublesbattle-865046831.log

-->

<link rel="stylesheet" href="//pokemonshowdown.com/style/global.css?0.023195364461161105" />
<link rel="stylesheet" href="//play.pokemonshowdown.com/style/font-awesome.css?0.13261647063804238" />
<link rel="stylesheet" href="//play.pokemonshowdown.com/style/battle.css?0.8753245789963631" />
<link rel="stylesheet" href="//play.pokemonshowdown.com/style/utilichart.css?0.8627959624976733" />

<!-- Global site tag (gtag.js) - Google Analytics -->
<script async src="https://www.googletagmanager.com/gtag/js?id=UA-26211653-1"></script>
<script>
  window.dataLayer = window.dataLayer || [];
  function gtag(){dataLayer.push(arguments);}
  gtag('js', new Date());

  gtag('config', 'UA-26211653-1');
</script>
<!-- End Google Analytics -->
<!-- Venatus Ad Manager - Install in <HEAD> of page -->
	<script src="https://hb.vntsm.com/v3/live/ad-manager.min.js" type="text/javascript" data-site-id="642aba63ec9a7b11c3c9c1be" data-mode="scan" async></script>
<!-- / Venatus Ad Manager -->

<style>
	@media (max-width:820px) {
		.battle {
			margin: 0 auto;
		}
		.battle-log {
			margin: 7px auto 0;
			max-width: 640px;
			height: 300px;
			position: static;
		}
	}
	.optgroup {
		display: inline-block;
		line-height: 22px;
		font-size: 10pt;
	}
	.optgroup .button {
		height: 25px;
		padding-top: 0;
		padding-bottom: 0;
	}
	.optgroup button.button {
		padding-left: 12px;
		padding-right: 12px;
	}
	.linklist {
		list-style: none;
		margin: 0.5em 0;
		padding: 0;
	}
	.linklist li {
		padding: 2px 0;
	}
	.sidebar {
		float: left;
		width: 320px;
	}
	.bar-wrapper {
		max-width: 1100px;
		margin: 0 auto;
	}
	.bar-wrapper.has-sidebar {
		max-width: 1430px;
	}
	.mainbar {
		margin: 0;
		padding-right: 1px;
	}
	.mainbar.has-sidebar {
		margin-left: 330px;
	}
	@media (min-width: 1511px) {
		.sidebar {
			width: 400px;
		}
		.bar-wrapper.has-sidebar {
			max-width: 1510px;
		}
		.mainbar.has-sidebar {
			margin-left: 410px;
		}
	}
	.section.first-section {
		margin-top: 9px;
	}
	.blocklink small {
		white-space: normal;
	}
	.button {
		vertical-align: middle;
	}
	.replay-controls {
		padding-top: 10px;
	}
	.replay-controls h1 {
		font-size: 16pt;
		font-weight: normal;
		color: #CCC;
	}
	.pagelink {
		text-align: center;
	}
	.pagelink a {
		width: 150px;
	}
	.textbox, .button {
		font-size: 11pt;
		vertical-align: middle;
	}
	@media (max-width: 450px) {
		.button {
			font-size: 9pt;
		}
	}
</style>

<div>

	<header>
		<div class="nav-wrapper"><ul class="nav">
			<li><a class="button nav-first" href="//pokemonshowdown.com/"><img src="//pokemonshowdown.com/images/pokemonshowdownbeta.png" srcset="//pokemonshowdown.com/images/pokemonshowdownbeta.png 1x, //pokemonshowdown.com/images/pokemonshowdownbeta@2x.png 2x" alt="Pok&eacute;mon Showdown" width="146" height="44" /> Home</a></li>
			<li><a class="button" href="//pokemonshowdown.com/dex/">Pok&eacute;dex</a></li>
			<li><a class="button cur" href="/">Replays</a></li>
			<li><a class="button" href="//pokemonshowdown.com/ladder/">Ladder</a></li>
			<li><a class="button nav-last" href="//pokemonshowdown.com/forums/">Forum</a></li>
			<li><a class="button greenbutton nav-first nav-last" href="//play.pokemonshowdown.com/">Play</a></li>
		</ul></div>
	</header>

	<div class="main" id="main">

		<noscript><section class="section">You need to enable JavaScript to use this page; sorry!</section></noscript>

	</div>

</div>

<script defer nomodule src="//play.pokemonshowdown.com/js/lib/ps-polyfill.js"></script>
<script defer src="//play.pokemonshowdown.com/js/lib/preact.min.js"></script>

<script defer src="//play.pokemonshowdown.com/config/config.js?2bddbc15"></script>
<script defer src="//play.pokemonshowdown.com/js/lib/jquery-1.11.0.min.js"></script>
<script defer src="//play.pokemonshowdown.com/js/lib/html-sanitizer-minified.js"></script>
<script defer src="//play.pokemonshowdown.com/js/battle-sound.js"></script>
<script defer src="//play.pokemonshowdown.com/js/battledata.js?0.7209276989879541"></script>
<script defer src="//play.pokemonshowdown.com/data/pokedex-mini.js?0.6111056340867951"></script>
<script defer src="//play.pokemonshowdown.com/data/pokedex-mini-bw.js?0.3532142036491459"></script>
<script defer src="//play.pokemonshowdown.com/data/graphics.js?0.24223875632456182"></script>
<script defer src="//play.pokemonshowdown.com/data/pokedex.js?0.38839984266356864"></script>
<script defer src="//play.pokemonshowdown.com/data/moves.js?0.21866028504024015"></script>
<script defer src="//play.pokemonshowdown.com/data/abilities.js?0.2005157953846628"></script>
<script defer src="//play.pokemonshowdown.com/data/items.js?0.9894211263848525"></script>
<script defer src="//play.pokemonshowdown.com/data/teambuilder-tables.js?0.6008791140282215"></script>
<script defer src="//play.pokemonshowdown.com/js/battle-tooltips.js?0.7580118955022959"></script>
<script defer src="//play.pokemonshowdown.com/js/battle.js?0.6057722274234274"></script>

<script defer src="js/utils.js?e31f9a17"></script>
<script defer src="js/replays-battle.js?7008c182"></script>

<!-- don't scrape this data! just add .json or .log after the URL!
Full API docs: https://github.com/smogon/pokemon-showdown-client/blob/master/WEB-API.md -->
<script type="text/plain" class="log" id="replaylog-smogtours-gen3ou-802002">
|inactive|Battle timer is ON: inactive players will automatically lose when time's up.
|badge|p2|silver|gen9ou|30-3
|uhtml|medal-msg|<div class="broadcast-blue">Curious what those medals under the avatar are? PS now has Ladder Seasons! For more information, check out the <a href="https://www.smogon.com/forums/threads/3740067/">thread on Smogon.<\/a><\/div>
|t:|1729901742
|gametype|singles
|player|p1|Big_Squatto|barry|
|player|p2|knexhawk2|benga|
|teamsize|p1|6
|teamsize|p2|6
|gen|3
|tier|[Gen 3] OU
|rule|Sleep Clause Mod: Limit one foe put to sleep
|rule|Switch Priority Clause Mod: Faster Pokémon switch first
|rule|Species Clause: Limit one of each Pokémon
|rule|OHKO Clause: OHKO moves are banned
|rule|Evasion Items Clause: Evasion items are banned
|rule|Evasion Moves Clause: Evasion moves are banned
|rule|Endless Battle Clause: Forcing endless battles is banned
|rule|HP Percentage Mod: HP is shown in percentages
|rule|One Boost Passer Clause: Limit one Baton Passer that has a way to boost its stats
|rule|Freeze Clause Mod: Limit one foe frozen
|
|t:|1729901742
|start
|switch|p1a: Slaking|Slaking, M|100/100
|switch|p2a: Tyranitar|Tyranitar, M|100/100
|-weather|Sandstorm|[from] ability: Sand Stream|[of] p2a: Tyranitar
|turn|1
|
|t:|1729901752
|switch|p2a: Skarmory|Skarmory, F|100/100
|move|p1a: Slaking|Shadow Ball|p2a: Skarmory
|-resisted|p2a: Skarmory
|-damage|p2a: Skarmory|82/100
|
|-weather|Sandstorm|[upkeep]
|-damage|p1a: Slaking|94/100|[from] Sandstorm
|-heal|p2a: Skarmory|88/100|[from] item: Leftovers
|upkeep
|turn|2
|
|t:|1729901763
|switch|p1a: Skarmory|Skarmory, M|100/100
|switch|p2a: Celebi|Celebi|100/100
|
|-weather|Sandstorm|[upkeep]
|-damage|p2a: Celebi|94/100|[from] Sandstorm
|-heal|p2a: Celebi|100/100|[from] item: Leftovers
|upkeep
|turn|3
|
|t:|1729901770
|switch|p2a: Skarmory|Skarmory, F|88/100
|move|p1a: Skarmory|Spikes|p2a: Skarmory
|-sidestart|p2: knexhawk2|Spikes
|
|-weather|Sandstorm|[upkeep]
|-heal|p2a: Skarmory|94/100|[from] item: Leftovers
|upkeep
|turn|4
|
|t:|1729901776
|switch|p1a: Claydol|Claydol|100/100
|move|p2a: Skarmory|Spikes|p1a: Claydol
|-sidestart|p1: Big_Squatto|Spikes
|
|-weather|Sandstorm|[upkeep]
|-heal|p2a: Skarmory|99/100|[from] item: Leftovers
|upkeep
|turn|5
|
|t:|1729901783
|move|p1a: Claydol|Rapid Spin|p2a: Skarmory
|-resisted|p2a: Skarmory
|-damage|p2a: Skarmory|98/100
|-sideend|p1: Big_Squatto|Spikes|[from] move: Rapid Spin|[of] p1a: Claydol
|move|p2a: Skarmory|Toxic|p1a: Claydol
|-status|p1a: Claydol|tox
|
|-weather|Sandstorm|[upkeep]
|-damage|p1a: Claydol|95/100 tox|[from] psn
|-heal|p2a: Skarmory|100/100|[from] item: Leftovers
|upkeep
|turn|6
|
|t:|1729901791
|move|p1a: Claydol|Refresh|p1a: Claydol
|-curestatus|p1a: Claydol|tox|[msg]
|move|p2a: Skarmory|Spikes|p1a: Claydol
|-sidestart|p1: Big_Squatto|Spikes
|
|-weather|Sandstorm|[upkeep]
|-heal|p1a: Claydol|100/100|[from] item: Leftovers
|upkeep
|turn|7
|
|t:|1729901798
|move|p1a: Claydol|Rapid Spin|p2a: Skarmory
|-resisted|p2a: Skarmory
|-damage|p2a: Skarmory|99/100
|-sideend|p1: Big_Squatto|Spikes|[from] move: Rapid Spin|[of] p1a: Claydol
|move|p2a: Skarmory|Drill Peck|p1a: Claydol
|-damage|p1a: Claydol|79/100
|
|-weather|Sandstorm|[upkeep]
|-heal|p1a: Claydol|85/100|[from] item: Leftovers
|-heal|p2a: Skarmory|100/100|[from] item: Leftovers
|upkeep
|turn|8
|
|t:|1729901815
|switch|p1a: Jirachi|Jirachi|100/100
|move|p2a: Skarmory|Spikes|p1a: Jirachi
|-sidestart|p1: Big_Squatto|Spikes
|
|-weather|Sandstorm|[upkeep]
|upkeep
|turn|9
|
|t:|1729901819
|switch|p2a: Starmie|Starmie|100/100
|-damage|p2a: Starmie|88/100|[from] Spikes
|move|p1a: Jirachi|Fire Punch|p2a: Starmie
|-resisted|p2a: Starmie
|-damage|p2a: Starmie|78/100
|
|-weather|Sandstorm|[upkeep]
|-damage|p2a: Starmie|71/100|[from] Sandstorm
|-heal|p2a: Starmie|78/100|[from] item: Leftovers
|upkeep
|turn|10
|
|t:|1729901829
|switch|p1a: Slaking|Slaking, M|94/100
|-damage|p1a: Slaking|82/100|[from] Spikes
|move|p2a: Starmie|Rapid Spin|p1a: Slaking
|-damage|p1a: Slaking|80/100
|-sideend|p2: knexhawk2|Spikes|[from] move: Rapid Spin|[of] p2a: Starmie
|
|-weather|Sandstorm|[upkeep]
|-damage|p2a: Starmie|71/100|[from] Sandstorm
|-damage|p1a: Slaking|74/100|[from] Sandstorm
|-heal|p2a: Starmie|78/100|[from] item: Leftovers
|upkeep
|turn|11
|
|t:|1729901850
|-singleturn|p1a: Slaking|move: Focus Punch
|switch|p2a: Skarmory|Skarmory, F|100/100
|move|p1a: Slaking|Focus Punch|p2a: Skarmory
|-damage|p2a: Skarmory|19/100
|
|-weather|Sandstorm|[upkeep]
|-damage|p1a: Slaking|68/100|[from] Sandstorm
|-heal|p2a: Skarmory|25/100|[from] item: Leftovers
|upkeep
|turn|12
|
|t:|1729901859
|switch|p1a: Salamence|Salamence, M|100/100
|-ability|p1a: Salamence|Intimidate|boost
|-unboost|p2a: Skarmory|atk|1
|move|p2a: Skarmory|Roar|p1a: Salamence
|drag|p1a: Blissey|Blissey, F|100/100
|-damage|p1a: Blissey|88/100|[from] Spikes
|
|-weather|Sandstorm|[upkeep]
|-damage|p1a: Blissey|82/100|[from] Sandstorm
|-heal|p2a: Skarmory|31/100|[from] item: Leftovers
|-heal|p1a: Blissey|88/100|[from] item: Leftovers
|upkeep
|turn|13
|
|t:|1729901870
|switch|p2a: Tyranitar|Tyranitar, M|100/100
|move|p1a: Blissey|Flamethrower|p2a: Tyranitar
|-resisted|p2a: Tyranitar
|-damage|p2a: Tyranitar|90/100
|
|-weather|Sandstorm|[upkeep]
|-damage|p1a: Blissey|82/100|[from] Sandstorm
|-heal|p2a: Tyranitar|97/100|[from] item: Leftovers
|-heal|p1a: Blissey|88/100|[from] item: Leftovers
|upkeep
|turn|14
|
|t:|1729901881
|-singleturn|p2a: Tyranitar|move: Focus Punch
|switch|p1a: Skarmory|Skarmory, M|100/100
|move|p2a: Tyranitar|Focus Punch|p1a: Skarmory
|-damage|p1a: Skarmory|66/100
|
|-weather|Sandstorm|[upkeep]
|-heal|p1a: Skarmory|72/100|[from] item: Leftovers
|-heal|p2a: Tyranitar|100/100|[from] item: Leftovers
|upkeep
|turn|15
|
|t:|1729901892
|-singleturn|p2a: Tyranitar|move: Focus Punch
|move|p1a: Skarmory|Spikes|p2a: Tyranitar
|-sidestart|p2: knexhawk2|Spikes
|move|p2a: Tyranitar|Focus Punch|p1a: Skarmory
|-damage|p1a: Skarmory|39/100
|
|-weather|Sandstorm|[upkeep]
|-heal|p1a: Skarmory|45/100|[from] item: Leftovers
|upkeep
|turn|16
|
|t:|1729901901
|switch|p1a: Claydol|Claydol|85/100
|move|p2a: Tyranitar|Fire Blast|p1a: Claydol
|-damage|p1a: Claydol|54/100
|
|-weather|Sandstorm|[upkeep]
|-heal|p1a: Claydol|60/100|[from] item: Leftovers
|upkeep
|turn|17
|
|t:|1729901910
|move|p1a: Claydol|Earthquake|p2a: Tyranitar
|-supereffective|p2a: Tyranitar
|-damage|p2a: Tyranitar|44/100
|move|p2a: Tyranitar|Crunch|p1a: Claydol
|-supereffective|p1a: Claydol
|-damage|p1a: Claydol|0 fnt
|faint|p1a: Claydol
|
|t:|1729901925
|switch|p1a: Slaking|Slaking, M|68/100
|-damage|p1a: Slaking|55/100|[from] Spikes
|
|-weather|Sandstorm|[upkeep]
|-damage|p1a: Slaking|49/100|[from] Sandstorm
|-heal|p2a: Tyranitar|50/100|[from] item: Leftovers
|upkeep
|turn|18
|
|t:|1729901932
|switch|p2a: Steelix|Steelix, F|100/100
|-damage|p2a: Steelix|88/100|[from] Spikes
|move|p1a: Slaking|Double-Edge|p2a: Steelix
|-resisted|p2a: Steelix
|-damage|p2a: Steelix|59/100
|-damage|p1a: Slaking|41/100|[from] Recoil|[of] p2a: Steelix
|
|-weather|Sandstorm|[upkeep]
|-damage|p1a: Slaking|35/100|[from] Sandstorm
|-heal|p2a: Steelix|65/100|[from] item: Leftovers
|upkeep
|turn|19
|
|t:|1729901943
|switch|p1a: Salamence|Salamence, M|100/100
|-ability|p1a: Salamence|Intimidate|boost
|-unboost|p2a: Steelix|atk|1
|move|p2a: Steelix|Explosion|p1a: Salamence
|-damage|p1a: Salamence|45/100
|faint|p2a: Steelix
|
|t:|1729901950
|switch|p2a: Aerodactyl|Aerodactyl, F|100/100
|
|-weather|Sandstorm|[upkeep]
|-damage|p1a: Salamence|39/100|[from] Sandstorm
|-heal|p1a: Salamence|45/100|[from] item: Leftovers
|upkeep
|turn|20
|
|t:|1729901957
|move|p1a: Salamence|Protect|p1a: Salamence
|-singleturn|p1a: Salamence|Protect
|move|p2a: Aerodactyl|Double-Edge|p1a: Salamence
|-activate|p1a: Salamence|Protect
|
|-weather|Sandstorm|[upkeep]
|-damage|p1a: Salamence|39/100|[from] Sandstorm
|-heal|p1a: Salamence|45/100|[from] item: Leftovers
|upkeep
|turn|21
|
|t:|1729901965
|switch|p2a: Starmie|Starmie|78/100
|-damage|p2a: Starmie|65/100|[from] Spikes
|switch|p1a: Skarmory|Skarmory, M|45/100
|
|-weather|Sandstorm|[upkeep]
|-damage|p2a: Starmie|59/100|[from] Sandstorm
|-heal|p2a: Starmie|65/100|[from] item: Leftovers
|-heal|p1a: Skarmory|51/100|[from] item: Leftovers
|upkeep
|turn|22
|
|t:|1729901974
|move|p1a: Skarmory|Protect|p1a: Skarmory
|-singleturn|p1a: Skarmory|Protect
|move|p2a: Starmie|Surf|p1a: Skarmory
|-activate|p1a: Skarmory|Protect
|
|-weather|Sandstorm|[upkeep]
|-damage|p2a: Starmie|59/100|[from] Sandstorm
|-heal|p2a: Starmie|65/100|[from] item: Leftovers
|-heal|p1a: Skarmory|57/100|[from] item: Leftovers
|upkeep
|turn|23
|
|t:|1729901984
|switch|p1a: Jirachi|Jirachi|100/100
|-damage|p1a: Jirachi|88/100|[from] Spikes
|move|p2a: Starmie|Surf|p1a: Jirachi
|-crit|p1a: Jirachi
|-damage|p1a: Jirachi|35/100
|
|-weather|Sandstorm|[upkeep]
|-damage|p2a: Starmie|59/100|[from] Sandstorm
|-heal|p2a: Starmie|65/100|[from] item: Leftovers
|-heal|p1a: Jirachi|41/100|[from] item: Leftovers
|upkeep
|turn|24
|
|t:|1729901994
|move|p2a: Starmie|Rapid Spin|p1a: Jirachi
|-resisted|p1a: Jirachi
|-damage|p1a: Jirachi|40/100
|-sideend|p2: knexhawk2|Spikes|[from] move: Rapid Spin|[of] p2a: Starmie
|move|p1a: Jirachi|Wish|p1a: Jirachi
|
|-weather|Sandstorm|[upkeep]
|-damage|p2a: Starmie|59/100|[from] Sandstorm
|-heal|p2a: Starmie|65/100|[from] item: Leftovers
|-heal|p1a: Jirachi|46/100|[from] item: Leftovers
|upkeep
|turn|25
|
|t:|1729902004
|move|p2a: Starmie|Recover|p2a: Starmie
|-heal|p2a: Starmie|100/100
|move|p1a: Jirachi|Toxic|p2a: Starmie
|-status|p2a: Starmie|tox
|
|-heal|p1a: Jirachi|96/100|[from] move: Wish|[wisher] Jirachi
|-weather|Sandstorm|[upkeep]
|-damage|p2a: Starmie|94/100 tox|[from] Sandstorm
|-heal|p2a: Starmie|100/100 tox|[from] item: Leftovers
|-damage|p2a: Starmie|94/100 tox|[from] psn
|-heal|p1a: Jirachi|100/100|[from] item: Leftovers
|upkeep
|turn|26
|
|t:|1729902015
|-curestatus|p2a: Starmie|tox|[from] ability: Natural Cure
|switch|p2a: Tyranitar|Tyranitar, M|50/100
|move|p1a: Jirachi|Wish|p1a: Jirachi
|
|-weather|Sandstorm|[upkeep]
|-heal|p2a: Tyranitar|56/100|[from] item: Leftovers
|upkeep
|turn|27
|
|t:|1729902025
|switch|p2a: Starmie|Starmie|94/100
|move|p1a: Jirachi|Toxic|p2a: Starmie
|-status|p2a: Starmie|tox
|
|-weather|Sandstorm|[upkeep]
|-damage|p2a: Starmie|88/100 tox|[from] Sandstorm
|-heal|p2a: Starmie|94/100 tox|[from] item: Leftovers
|-damage|p2a: Starmie|88/100 tox|[from] psn
|upkeep
|turn|28
|
|t:|1729902034
|-curestatus|p2a: Starmie|tox|[from] ability: Natural Cure
|switch|p2a: Celebi|Celebi|100/100
|move|p1a: Jirachi|Wish|p1a: Jirachi
|
|-weather|Sandstorm|[upkeep]
|-damage|p2a: Celebi|94/100|[from] Sandstorm
|-heal|p2a: Celebi|100/100|[from] item: Leftovers
|upkeep
|turn|29
|
|t:|1729902042
|switch|p1a: Slaking|Slaking, M|35/100
|-damage|p1a: Slaking|23/100|[from] Spikes
|move|p2a: Celebi|Psychic|p1a: Slaking
|-damage|p1a: Slaking|0 fnt
|faint|p1a: Slaking
|
|t:|1729902053
|switch|p1a: Skarmory|Skarmory, M|57/100
|
|-heal|p1a: Skarmory|100/100|[from] move: Wish|[wisher] Jirachi
|-weather|Sandstorm|[upkeep]
|-damage|p2a: Celebi|94/100|[from] Sandstorm
|-heal|p2a: Celebi|100/100|[from] item: Leftovers
|upkeep
|turn|30
|
|t:|1729902068
|switch|p2a: Skarmory|Skarmory, F|31/100
|move|p1a: Skarmory|Spikes|p2a: Skarmory
|-sidestart|p2: knexhawk2|Spikes
|
|-weather|Sandstorm|[upkeep]
|-heal|p2a: Skarmory|37/100|[from] item: Leftovers
|upkeep
|turn|31
|
|t:|1729902090
|switch|p1a: Jirachi|Jirachi|100/100
|-damage|p1a: Jirachi|88/100|[from] Spikes
|move|p2a: Skarmory|Spikes|p1a: Jirachi
|-sidestart|p1: Big_Squatto|Spikes
|
|-weather|Sandstorm|[upkeep]
|-heal|p1a: Jirachi|94/100|[from] item: Leftovers
|-heal|p2a: Skarmory|43/100|[from] item: Leftovers
|upkeep
|turn|32
|
|t:|1729902097
|switch|p2a: Starmie|Starmie|88/100
|-damage|p2a: Starmie|76/100|[from] Spikes
|move|p1a: Jirachi|Fire Punch|p2a: Starmie
|-resisted|p2a: Starmie
|-crit|p2a: Starmie
|-damage|p2a: Starmie|55/100
|
|-weather|Sandstorm|[upkeep]
|-damage|p2a: Starmie|49/100|[from] Sandstorm
|-heal|p2a: Starmie|55/100|[from] item: Leftovers
|-heal|p1a: Jirachi|100/100|[from] item: Leftovers
|upkeep
|turn|33
|
|t:|1729902117
|move|p2a: Starmie|Rapid Spin|p1a: Jirachi
|-resisted|p1a: Jirachi
|-damage|p1a: Jirachi|99/100
|-sideend|p2: knexhawk2|Spikes|[from] move: Rapid Spin|[of] p2a: Starmie
|move|p1a: Jirachi|Toxic|p2a: Starmie
|-status|p2a: Starmie|tox
|
|-weather|Sandstorm|[upkeep]
|-damage|p2a: Starmie|49/100 tox|[from] Sandstorm
|-heal|p2a: Starmie|55/100 tox|[from] item: Leftovers
|-damage|p2a: Starmie|49/100 tox|[from] psn
|-heal|p1a: Jirachi|100/100|[from] item: Leftovers
|upkeep
|turn|34
|
|t:|1729902127
|move|p2a: Starmie|Recover|p2a: Starmie
|-heal|p2a: Starmie|99/100 tox
|move|p1a: Jirachi|Toxic|p2a: Starmie
|-fail|p2a: Starmie|tox
|
|-weather|Sandstorm|[upkeep]
|-damage|p2a: Starmie|93/100 tox|[from] Sandstorm
|-heal|p2a: Starmie|99/100 tox|[from] item: Leftovers
|-damage|p2a: Starmie|87/100 tox|[from] psn
|upkeep
|turn|35
|
|t:|1729902136
|-curestatus|p2a: Starmie|tox|[from] ability: Natural Cure
|switch|p2a: Celebi|Celebi|100/100
|move|p1a: Jirachi|Fire Punch|p2a: Celebi
|-supereffective|p2a: Celebi
|-damage|p2a: Celebi|71/100
|
|-weather|Sandstorm|[upkeep]
|-damage|p2a: Celebi|64/100|[from] Sandstorm
|-heal|p2a: Celebi|71/100|[from] item: Leftovers
|upkeep
|turn|36
|
|t:|1729902146
|switch|p1a: Skarmory|Skarmory, M|100/100
|move|p2a: Celebi|Recover|p2a: Celebi
|-heal|p2a: Celebi|100/100
|
|-weather|Sandstorm|[upkeep]
|-damage|p2a: Celebi|94/100|[from] Sandstorm
|-heal|p2a: Celebi|100/100|[from] item: Leftovers
|upkeep
|turn|37
|
|t:|1729902154
|switch|p2a: Skarmory|Skarmory, F|43/100
|move|p1a: Skarmory|Toxic|p2a: Skarmory
|-immune|p2a: Skarmory
|
|-weather|Sandstorm|[upkeep]
|-heal|p2a: Skarmory|49/100|[from] item: Leftovers
|upkeep
|turn|38
|
|t:|1729902160
|move|p2a: Skarmory|Spikes|p1a: Skarmory
|-sidestart|p1: Big_Squatto|Spikes
|move|p1a: Skarmory|Spikes|p2a: Skarmory
|-sidestart|p2: knexhawk2|Spikes
|
|-weather|Sandstorm|[upkeep]
|-heal|p2a: Skarmory|55/100|[from] item: Leftovers
|upkeep
|turn|39
|
|t:|1729902165
|switch|p2a: Starmie|Starmie|87/100
|-damage|p2a: Starmie|74/100|[from] Spikes
|move|p1a: Skarmory|Spikes|p2a: Starmie
|-sidestart|p2: knexhawk2|Spikes
|
|-weather|Sandstorm|[upkeep]
|-damage|p2a: Starmie|68/100|[from] Sandstorm
|-heal|p2a: Starmie|74/100|[from] item: Leftovers
|upkeep
|turn|40
|
|t:|1729902173
|move|p2a: Starmie|Rapid Spin|p1a: Skarmory
|-resisted|p1a: Skarmory
|-damage|p1a: Skarmory|99/100
|-sideend|p2: knexhawk2|Spikes|[from] move: Rapid Spin|[of] p2a: Starmie
|move|p1a: Skarmory|Toxic|p2a: Starmie
|-status|p2a: Starmie|tox
|
|-weather|Sandstorm|[upkeep]
|-damage|p2a: Starmie|68/100 tox|[from] Sandstorm
|-heal|p2a: Starmie|74/100 tox|[from] item: Leftovers
|-damage|p2a: Starmie|68/100 tox|[from] psn
|-heal|p1a: Skarmory|100/100|[from] item: Leftovers
|upkeep
|turn|41
|
|t:|1729902187
|-curestatus|p2a: Starmie|tox|[from] ability: Natural Cure
|switch|p2a: Celebi|Celebi|100/100
|move|p1a: Skarmory|Spikes|p2a: Celebi
|-sidestart|p2: knexhawk2|Spikes
|
|-weather|Sandstorm|[upkeep]
|-damage|p2a: Celebi|94/100|[from] Sandstorm
|-heal|p2a: Celebi|100/100|[from] item: Leftovers
|upkeep
|turn|42
|inactive|knexhawk2 has 270 seconds left.
|
|t:|1729902219
|move|p2a: Celebi|Leech Seed|p1a: Skarmory
|-start|p1a: Skarmory|move: Leech Seed
|move|p1a: Skarmory|Roar|p2a: Celebi
|drag|p2a: Skarmory|Skarmory, F|55/100
|
|-weather|Sandstorm|[upkeep]
|-heal|p2a: Skarmory|61/100|[from] item: Leftovers
|-damage|p1a: Skarmory|88/100|[from] Leech Seed|[of] p2a: Skarmory
|-heal|p2a: Skarmory|74/100|[silent]
|upkeep
|turn|43
|
|t:|1729902229
|move|p2a: Skarmory|Toxic|p1a: Skarmory
|-immune|p1a: Skarmory
|move|p1a: Skarmory|Spikes|p2a: Skarmory
|-sidestart|p2: knexhawk2|Spikes
|
|-weather|Sandstorm|[upkeep]
|-heal|p2a: Skarmory|80/100|[from] item: Leftovers
|-heal|p1a: Skarmory|94/100|[from] item: Leftovers
|-damage|p1a: Skarmory|82/100|[from] Leech Seed|[of] p2a: Skarmory
|-heal|p2a: Skarmory|92/100|[silent]
|upkeep
|turn|44
|
|t:|1729902239
|switch|p1a: Jirachi|Jirachi|100/100
|-damage|p1a: Jirachi|75/100|[from] Spikes
|move|p2a: Skarmory|Toxic|p1a: Jirachi|[miss]
|-miss|p2a: Skarmory|p1a: Jirachi
|
|-weather|Sandstorm|[upkeep]
|-heal|p1a: Jirachi|82/100|[from] item: Leftovers
|-heal|p2a: Skarmory|98/100|[from] item: Leftovers
|upkeep
|turn|45
|
|t:|1729902257
|switch|p2a: Starmie|Starmie|68/100
|-damage|p2a: Starmie|51/100|[from] Spikes
|move|p1a: Jirachi|Wish|p1a: Jirachi
|
|-weather|Sandstorm|[upkeep]
|-damage|p2a: Starmie|45/100|[from] Sandstorm
|-heal|p2a: Starmie|51/100|[from] item: Leftovers
|-heal|p1a: Jirachi|88/100|[from] item: Leftovers
|upkeep
|turn|46
|
|t:|1729902275
|move|p2a: Starmie|Rapid Spin|p1a: Jirachi
|-resisted|p1a: Jirachi
|-damage|p1a: Jirachi|87/100
|-sideend|p2: knexhawk2|Spikes|[from] move: Rapid Spin|[of] p2a: Starmie
|move|p1a: Jirachi|Toxic|p2a: Starmie
|-status|p2a: Starmie|tox
|
|-heal|p1a: Jirachi|100/100|[from] move: Wish|[wisher] Jirachi
|-weather|Sandstorm|[upkeep]
|-damage|p2a: Starmie|45/100 tox|[from] Sandstorm
|-heal|p2a: Starmie|51/100 tox|[from] item: Leftovers
|-damage|p2a: Starmie|45/100 tox|[from] psn
|upkeep
|turn|47
|
|t:|1729902288
|switch|p1a: Skarmory|Skarmory, M|82/100
|move|p2a: Starmie|Recover|p2a: Starmie
|-heal|p2a: Starmie|95/100 tox
|
|-weather|Sandstorm|[upkeep]
|-damage|p2a: Starmie|89/100 tox|[from] Sandstorm
|-heal|p2a: Starmie|95/100 tox|[from] item: Leftovers
|-damage|p2a: Starmie|83/100 tox|[from] psn
|-heal|p1a: Skarmory|88/100|[from] item: Leftovers
|upkeep
|turn|48
|
|t:|1729902301
|-curestatus|p2a: Starmie|tox|[from] ability: Natural Cure
|switch|p2a: Tyranitar|Tyranitar, M|56/100
|move|p1a: Skarmory|Spikes|p2a: Tyranitar
|-sidestart|p2: knexhawk2|Spikes
|
|-weather|Sandstorm|[upkeep]
|-heal|p1a: Skarmory|94/100|[from] item: Leftovers
|-heal|p2a: Tyranitar|63/100|[from] item: Leftovers
|upkeep
|turn|49
|
|t:|1729902310
|switch|p2a: Celebi|Celebi|100/100
|-damage|p2a: Celebi|88/100|[from] Spikes
|move|p1a: Skarmory|Toxic|p2a: Celebi|[miss]
|-miss|p1a: Skarmory|p2a: Celebi
|
|-weather|Sandstorm|[upkeep]
|-damage|p2a: Celebi|82/100|[from] Sandstorm
|-heal|p2a: Celebi|88/100|[from] item: Leftovers
|-heal|p1a: Skarmory|99/100|[from] item: Leftovers
|upkeep
|turn|50
|
|t:|1729902324
|move|p2a: Celebi|Leech Seed|p1a: Skarmory
|-start|p1a: Skarmory|move: Leech Seed
|move|p1a: Skarmory|Toxic|p2a: Celebi|[miss]
|-miss|p1a: Skarmory|p2a: Celebi
|
|-weather|Sandstorm|[upkeep]
|-damage|p2a: Celebi|82/100|[from] Sandstorm
|-heal|p2a: Celebi|88/100|[from] item: Leftovers
|-heal|p1a: Skarmory|100/100|[from] item: Leftovers
|-damage|p1a: Skarmory|88/100|[from] Leech Seed|[of] p2a: Celebi
|-heal|p2a: Celebi|98/100|[silent]
|upkeep
|turn|51
|
|t:|1729902334
|switch|p2a: Starmie|Starmie|83/100
|-damage|p2a: Starmie|71/100|[from] Spikes
|switch|p1a: Salamence|Salamence, M|45/100
|-ability|p1a: Salamence|Intimidate|boost
|-unboost|p2a: Starmie|atk|1
|
|-weather|Sandstorm|[upkeep]
|-damage|p2a: Starmie|64/100|[from] Sandstorm
|-damage|p1a: Salamence|39/100|[from] Sandstorm
|-heal|p2a: Starmie|71/100|[from] item: Leftovers
|-heal|p1a: Salamence|45/100|[from] item: Leftovers
|upkeep
|turn|52
|
|t:|1729902359
|switch|p1a: Jirachi|Jirachi|100/100
|-damage|p1a: Jirachi|75/100|[from] Spikes
|move|p2a: Starmie|Psychic|p1a: Jirachi
|-resisted|p1a: Jirachi
|-damage|p1a: Jirachi|69/100
|
|-weather|Sandstorm|[upkeep]
|-damage|p2a: Starmie|64/100|[from] Sandstorm
|-heal|p2a: Starmie|71/100|[from] item: Leftovers
|-heal|p1a: Jirachi|75/100|[from] item: Leftovers
|upkeep
|turn|53
|
|t:|1729902373
|move|p2a: Starmie|Rapid Spin|p1a: Jirachi
|-resisted|p1a: Jirachi
|-damage|p1a: Jirachi|75/100
|-sideend|p2: knexhawk2|Spikes|[from] move: Rapid Spin|[of] p2a: Starmie
|move|p1a: Jirachi|Toxic|p2a: Starmie|[miss]
|-miss|p1a: Jirachi|p2a: Starmie
|
|-weather|Sandstorm|[upkeep]
|-damage|p2a: Starmie|64/100|[from] Sandstorm
|-heal|p2a: Starmie|71/100|[from] item: Leftovers
|-heal|p1a: Jirachi|81/100|[from] item: Leftovers
|upkeep
|turn|54
|
|t:|1729902383
|move|p2a: Starmie|Recover|p2a: Starmie
|-heal|p2a: Starmie|100/100
|move|p1a: Jirachi|Fire Punch|p2a: Starmie
|-resisted|p2a: Starmie
|-damage|p2a: Starmie|89/100
|-status|p2a: Starmie|brn
|
|-weather|Sandstorm|[upkeep]
|-damage|p2a: Starmie|83/100 brn|[from] Sandstorm
|-heal|p2a: Starmie|89/100 brn|[from] item: Leftovers
|-damage|p2a: Starmie|77/100 brn|[from] brn
|-heal|p1a: Jirachi|87/100|[from] item: Leftovers
|upkeep
|turn|55
|
|t:|1729902394
|-curestatus|p2a: Starmie|brn|[from] ability: Natural Cure
|switch|p2a: Celebi|Celebi|98/100
|move|p1a: Jirachi|Fire Punch|p2a: Celebi
|-supereffective|p2a: Celebi
|-damage|p2a: Celebi|68/100
|
|-weather|Sandstorm|[upkeep]
|-damage|p2a: Celebi|62/100|[from] Sandstorm
|-heal|p2a: Celebi|68/100|[from] item: Leftovers
|-heal|p1a: Jirachi|93/100|[from] item: Leftovers
|upkeep
|turn|56
|
|t:|1729902404
|move|p2a: Celebi|Recover|p2a: Celebi
|-heal|p2a: Celebi|100/100
|move|p1a: Jirachi|Wish|p1a: Jirachi
|
|-weather|Sandstorm|[upkeep]
|-damage|p2a: Celebi|94/100|[from] Sandstorm
|-heal|p2a: Celebi|100/100|[from] item: Leftovers
|-heal|p1a: Jirachi|99/100|[from] item: Leftovers
|upkeep
|turn|57
|
|t:|1729902412
|switch|p1a: Salamence|Salamence, M|45/100
|-ability|p1a: Salamence|Intimidate|boost
|-unboost|p2a: Celebi|atk|1
|move|p2a: Celebi|Psychic|p1a: Salamence
|-damage|p1a: Salamence|11/100
|
|-heal|p1a: Salamence|61/100|[from] move: Wish|[wisher] Jirachi
|-weather|Sandstorm|[upkeep]
|-damage|p2a: Celebi|94/100|[from] Sandstorm
|-damage|p1a: Salamence|55/100|[from] Sandstorm
|-heal|p2a: Celebi|100/100|[from] item: Leftovers
|-heal|p1a: Salamence|61/100|[from] item: Leftovers
|upkeep
|turn|58
|
|t:|1729902424
|move|p2a: Celebi|Leech Seed|p1a: Salamence
|-start|p1a: Salamence|move: Leech Seed
|move|p1a: Salamence|Wish|p1a: Salamence
|
|-weather|Sandstorm|[upkeep]
|-damage|p2a: Celebi|94/100|[from] Sandstorm
|-damage|p1a: Salamence|55/100|[from] Sandstorm
|-heal|p2a: Celebi|100/100|[from] item: Leftovers
|-heal|p1a: Salamence|61/100|[from] item: Leftovers
|-damage|p1a: Salamence|48/100|[from] Leech Seed|[of] p2a: Celebi
|upkeep
|turn|59
|
|t:|1729902434
|switch|p2a: Tyranitar|Tyranitar, M|63/100
|move|p1a: Salamence|Flamethrower|p2a: Tyranitar
|-resisted|p2a: Tyranitar
|-damage|p2a: Tyranitar|52/100
|
|-heal|p1a: Salamence|98/100|[from] move: Wish|[wisher] Salamence
|-weather|Sandstorm|[upkeep]
|-damage|p1a: Salamence|92/100|[from] Sandstorm
|-heal|p1a: Salamence|98/100|[from] item: Leftovers
|-damage|p1a: Salamence|86/100|[from] Leech Seed|[of] p2a: Tyranitar
|-heal|p2a: Tyranitar|64/100|[silent]
|-heal|p2a: Tyranitar|70/100|[from] item: Leftovers
|upkeep
|turn|60
|inactive|Big_Squatto has 270 seconds left.
|
|t:|1729902475
|switch|p1a: Jirachi|Jirachi|99/100
|-damage|p1a: Jirachi|74/100|[from] Spikes
|move|p2a: Tyranitar|Crunch|p1a: Jirachi
|-damage|p1a: Jirachi|42/100
|
|-weather|Sandstorm|[upkeep]
|-heal|p1a: Jirachi|48/100|[from] item: Leftovers
|-heal|p2a: Tyranitar|76/100|[from] item: Leftovers
|upkeep
|turn|61
|
|t:|1729902495
|switch|p2a: Celebi|Celebi|100/100
|move|p1a: Jirachi|Protect||[still]
|-fail|p1a: Jirachi
|
|-weather|Sandstorm|[upkeep]
|-damage|p2a: Celebi|94/100|[from] Sandstorm
|-heal|p2a: Celebi|100/100|[from] item: Leftovers
|-heal|p1a: Jirachi|54/100|[from] item: Leftovers
|upkeep
|turn|62
|
|t:|1729902503
|move|p2a: Celebi|Psychic|p1a: Jirachi
|-resisted|p1a: Jirachi
|-damage|p1a: Jirachi|47/100
|move|p1a: Jirachi|Wish|p1a: Jirachi
|
|-weather|Sandstorm|[upkeep]
|-damage|p2a: Celebi|94/100|[from] Sandstorm
|-heal|p2a: Celebi|100/100|[from] item: Leftovers
|-heal|p1a: Jirachi|53/100|[from] item: Leftovers
|upkeep
|turn|63
|inactive|Big_Squatto has 270 seconds left.
|
|t:|1729902511
|move|p2a: Celebi|Leech Seed|p1a: Jirachi
|-start|p1a: Jirachi|move: Leech Seed
|move|p1a: Jirachi|Toxic|p2a: Celebi
|-status|p2a: Celebi|tox
|
|-heal|p1a: Jirachi|100/100|[from] move: Wish|[wisher] Jirachi
|-weather|Sandstorm|[upkeep]
|-damage|p2a: Celebi|94/100 tox|[from] Sandstorm
|-heal|p2a: Celebi|100/100 tox|[from] item: Leftovers
|-damage|p2a: Celebi|94/100 tox|[from] psn
|-damage|p1a: Jirachi|88/100|[from] Leech Seed|[of] p2a: Celebi
|-heal|p2a: Celebi|100/100 tox|[silent]
|upkeep
|turn|64
|inactive|Big_Squatto has 270 seconds left.
|
|t:|1729902523
|-curestatus|p2a: Celebi|tox|[from] ability: Natural Cure
|switch|p2a: Starmie|Starmie|77/100
|switch|p1a: Skarmory|Skarmory, M|88/100
|
|-weather|Sandstorm|[upkeep]
|-damage|p2a: Starmie|71/100|[from] Sandstorm
|-heal|p2a: Starmie|77/100|[from] item: Leftovers
|-heal|p1a: Skarmory|94/100|[from] item: Leftovers
|upkeep
|turn|65
|
|t:|1729902533
|switch|p1a: Salamence|Salamence, M|86/100
|-ability|p1a: Salamence|Intimidate|boost
|-unboost|p2a: Starmie|atk|1
|move|p2a: Starmie|Surf|p1a: Salamence
|-resisted|p1a: Salamence
|-damage|p1a: Salamence|69/100
|
|-weather|Sandstorm|[upkeep]
|-damage|p2a: Starmie|71/100|[from] Sandstorm
|-damage|p1a: Salamence|63/100|[from] Sandstorm
|-heal|p2a: Starmie|77/100|[from] item: Leftovers
|-heal|p1a: Salamence|69/100|[from] item: Leftovers
|upkeep
|turn|66
|
|t:|1729902543
|move|p2a: Starmie|Psychic|p1a: Salamence
|-damage|p1a: Salamence|35/100
|move|p1a: Salamence|Wish|p1a: Salamence
|
|-weather|Sandstorm|[upkeep]
|-damage|p2a: Starmie|71/100|[from] Sandstorm
|-damage|p1a: Salamence|28/100|[from] Sandstorm
|-heal|p2a: Starmie|77/100|[from] item: Leftovers
|-heal|p1a: Salamence|35/100|[from] item: Leftovers
|upkeep
|turn|67
|
|t:|1729902552
|move|p1a: Salamence|Protect|p1a: Salamence
|-singleturn|p1a: Salamence|Protect
|move|p2a: Starmie|Recover|p2a: Starmie
|-heal|p2a: Starmie|100/100
|
|-heal|p1a: Salamence|85/100|[from] move: Wish|[wisher] Salamence
|-weather|Sandstorm|[upkeep]
|-damage|p2a: Starmie|94/100|[from] Sandstorm
|-damage|p1a: Salamence|78/100|[from] Sandstorm
|-heal|p2a: Starmie|100/100|[from] item: Leftovers
|-heal|p1a: Salamence|85/100|[from] item: Leftovers
|upkeep
|turn|68
|
|t:|1729902569
|switch|p1a: Jirachi|Jirachi|88/100
|-damage|p1a: Jirachi|63/100|[from] Spikes
|move|p2a: Starmie|Psychic|p1a: Jirachi
|-resisted|p1a: Jirachi
|-damage|p1a: Jirachi|57/100
|-unboost|p1a: Jirachi|spd|1
|
|-weather|Sandstorm|[upkeep]
|-damage|p2a: Starmie|94/100|[from] Sandstorm
|-heal|p2a: Starmie|100/100|[from] item: Leftovers
|-heal|p1a: Jirachi|63/100|[from] item: Leftovers
|upkeep
|turn|69
|
|t:|1729902580
|move|p2a: Starmie|Surf|p1a: Jirachi
|-damage|p1a: Jirachi|22/100
|move|p1a: Jirachi|Toxic|p2a: Starmie
|-status|p2a: Starmie|tox
|
|-weather|Sandstorm|[upkeep]
|-damage|p2a: Starmie|94/100 tox|[from] Sandstorm
|-heal|p2a: Starmie|100/100 tox|[from] item: Leftovers
|-damage|p2a: Starmie|94/100 tox|[from] psn
|-heal|p1a: Jirachi|28/100|[from] item: Leftovers
|upkeep
|turn|70
|
|t:|1729902595
|move|p2a: Starmie|Recover|p2a: Starmie
|-heal|p2a: Starmie|100/100 tox
|move|p1a: Jirachi|Wish|p1a: Jirachi
|
|-weather|Sandstorm|[upkeep]
|-damage|p2a: Starmie|94/100 tox|[from] Sandstorm
|-heal|p2a: Starmie|100/100 tox|[from] item: Leftovers
|-damage|p2a: Starmie|88/100 tox|[from] psn
|-heal|p1a: Jirachi|35/100|[from] item: Leftovers
|upkeep
|turn|71
|
|t:|1729902604
|-curestatus|p2a: Starmie|tox|[from] ability: Natural Cure
|switch|p2a: Celebi|Celebi|100/100
|move|p1a: Jirachi|Protect||[still]
|-fail|p1a: Jirachi
|
|-heal|p1a: Jirachi|85/100|[from] move: Wish|[wisher] Jirachi
|-weather|Sandstorm|[upkeep]
|-damage|p2a: Celebi|94/100|[from] Sandstorm
|-heal|p2a: Celebi|100/100|[from] item: Leftovers
|-heal|p1a: Jirachi|91/100|[from] item: Leftovers
|upkeep
|turn|72
|
|t:|1729902615
|move|p1a: Jirachi|Protect|p1a: Jirachi
|-singleturn|p1a: Jirachi|Protect
|move|p2a: Celebi|Psychic|p1a: Jirachi
|-activate|p1a: Jirachi|Protect
|
|-weather|Sandstorm|[upkeep]
|-damage|p2a: Celebi|94/100|[from] Sandstorm
|-heal|p2a: Celebi|100/100|[from] item: Leftovers
|-heal|p1a: Jirachi|97/100|[from] item: Leftovers
|upkeep
|turn|73
|
|t:|1729902625
|switch|p1a: Skarmory|Skarmory, M|94/100
|move|p2a: Celebi|Leech Seed|p1a: Skarmory
|-start|p1a: Skarmory|move: Leech Seed
|
|-weather|Sandstorm|[upkeep]
|-damage|p2a: Celebi|94/100|[from] Sandstorm
|-heal|p2a: Celebi|100/100|[from] item: Leftovers
|-heal|p1a: Skarmory|99/100|[from] item: Leftovers
|-damage|p1a: Skarmory|88/100|[from] Leech Seed|[of] p2a: Celebi
|upkeep
|turn|74
|
|t:|1729902635
|switch|p2a: Starmie|Starmie|88/100
|move|p1a: Skarmory|Toxic|p2a: Starmie
|-status|p2a: Starmie|tox
|
|-weather|Sandstorm|[upkeep]
|-damage|p2a: Starmie|82/100 tox|[from] Sandstorm
|-heal|p2a: Starmie|88/100 tox|[from] item: Leftovers
|-damage|p2a: Starmie|82/100 tox|[from] psn
|-heal|p1a: Skarmory|94/100|[from] item: Leftovers
|-damage|p1a: Skarmory|82/100|[from] Leech Seed|[of] p2a: Starmie
|-heal|p2a: Starmie|95/100 tox|[silent]
|upkeep
|turn|75
|
|t:|1729902648
|move|p2a: Starmie|Surf|p1a: Skarmory
|-damage|p1a: Skarmory|48/100
|move|p1a: Skarmory|Spikes|p2a: Starmie
|-sidestart|p2: knexhawk2|Spikes
|
|-weather|Sandstorm|[upkeep]
|-damage|p2a: Starmie|88/100 tox|[from] Sandstorm
|-heal|p2a: Starmie|95/100 tox|[from] item: Leftovers
|-damage|p2a: Starmie|82/100 tox|[from] psn
|-heal|p1a: Skarmory|53/100|[from] item: Leftovers
|-damage|p1a: Skarmory|41/100|[from] Leech Seed|[of] p2a: Starmie
|-heal|p2a: Starmie|95/100 tox|[silent]
|upkeep
|turn|76
|
|t:|1729902659
|switch|p1a: Jirachi|Jirachi|97/100
|-damage|p1a: Jirachi|72/100|[from] Spikes
|move|p2a: Starmie|Rapid Spin|p1a: Jirachi
|-resisted|p1a: Jirachi
|-damage|p1a: Jirachi|71/100
|-sideend|p2: knexhawk2|Spikes|[from] move: Rapid Spin|[of] p2a: Starmie
|
|-weather|Sandstorm|[upkeep]
|-damage|p2a: Starmie|89/100 tox|[from] Sandstorm
|-heal|p2a: Starmie|95/100 tox|[from] item: Leftovers
|-damage|p2a: Starmie|76/100 tox|[from] psn
|-heal|p1a: Jirachi|77/100|[from] item: Leftovers
|upkeep
|turn|77
|
|t:|1729902671
|-curestatus|p2a: Starmie|tox|[from] ability: Natural Cure
|switch|p2a: Celebi|Celebi|100/100
|move|p1a: Jirachi|Wish|p1a: Jirachi
|
|-weather|Sandstorm|[upkeep]
|-damage|p2a: Celebi|94/100|[from] Sandstorm
|-heal|p2a: Celebi|100/100|[from] item: Leftovers
|-heal|p1a: Jirachi|84/100|[from] item: Leftovers
|upkeep
|turn|78
|
|t:|1729902682
|switch|p1a: Skarmory|Skarmory, M|41/100
|move|p2a: Celebi|Leech Seed|p1a: Skarmory
|-start|p1a: Skarmory|move: Leech Seed
|
|-heal|p1a: Skarmory|91/100|[from] move: Wish|[wisher] Jirachi
|-weather|Sandstorm|[upkeep]
|-damage|p2a: Celebi|94/100|[from] Sandstorm
|-heal|p2a: Celebi|100/100|[from] item: Leftovers
|-heal|p1a: Skarmory|97/100|[from] item: Leftovers
|-damage|p1a: Skarmory|85/100|[from] Leech Seed|[of] p2a: Celebi
|upkeep
|turn|79
|
|t:|1729902693
|switch|p2a: Starmie|Starmie|76/100
|switch|p1a: Jirachi|Jirachi|84/100
|-damage|p1a: Jirachi|59/100|[from] Spikes
|
|-weather|Sandstorm|[upkeep]
|-damage|p2a: Starmie|70/100|[from] Sandstorm
|-heal|p2a: Starmie|76/100|[from] item: Leftovers
|-heal|p1a: Jirachi|65/100|[from] item: Leftovers
|upkeep
|turn|80
|
|t:|1729902702
|move|p1a: Jirachi|Protect|p1a: Jirachi
|-singleturn|p1a: Jirachi|Protect
|move|p2a: Starmie|Surf|p1a: Jirachi
|-activate|p1a: Jirachi|Protect
|
|-weather|Sandstorm|[upkeep]
|-damage|p2a: Starmie|70/100|[from] Sandstorm
|-heal|p2a: Starmie|76/100|[from] item: Leftovers
|-heal|p1a: Jirachi|71/100|[from] item: Leftovers
|upkeep
|turn|81
|inactive|Big_Squatto has 270 seconds left.
|
|t:|1729902733
|move|p2a: Starmie|Surf|p1a: Jirachi
|-damage|p1a: Jirachi|44/100
|move|p1a: Jirachi|Wish|p1a: Jirachi
|
|-weather|Sandstorm|[upkeep]
|-damage|p2a: Starmie|70/100|[from] Sandstorm
|-heal|p2a: Starmie|76/100|[from] item: Leftovers
|-heal|p1a: Jirachi|50/100|[from] item: Leftovers
|upkeep
|turn|82
|
|t:|1729902742
|move|p2a: Starmie|Recover|p2a: Starmie
|-heal|p2a: Starmie|100/100
|move|p1a: Jirachi|Toxic|p2a: Starmie
|-status|p2a: Starmie|tox
|
|-heal|p1a: Jirachi|99/100|[from] move: Wish|[wisher] Jirachi
|-weather|Sandstorm|[upkeep]
|-damage|p2a: Starmie|94/100 tox|[from] Sandstorm
|-heal|p2a: Starmie|100/100 tox|[from] item: Leftovers
|-damage|p2a: Starmie|94/100 tox|[from] psn
|-heal|p1a: Jirachi|100/100|[from] item: Leftovers
|upkeep
|turn|83
|inactive|Big_Squatto has 270 seconds left.
|
|t:|1729902767
|-curestatus|p2a: Starmie|tox|[from] ability: Natural Cure
|switch|p2a: Celebi|Celebi|100/100
|move|p1a: Jirachi|Fire Punch|p2a: Celebi
|-supereffective|p2a: Celebi
|-damage|p2a: Celebi|72/100
|
|-weather|Sandstorm|[upkeep]
|-damage|p2a: Celebi|66/100|[from] Sandstorm
|-heal|p2a: Celebi|72/100|[from] item: Leftovers
|upkeep
|turn|84
|
|t:|1729902778
|move|p2a: Celebi|Recover|p2a: Celebi
|-heal|p2a: Celebi|100/100
|move|p1a: Jirachi|Wish|p1a: Jirachi
|
|-weather|Sandstorm|[upkeep]
|-damage|p2a: Celebi|94/100|[from] Sandstorm
|-heal|p2a: Celebi|100/100|[from] item: Leftovers
|upkeep
|turn|85
|
|t:|1729902785
|switch|p1a: Skarmory|Skarmory, M|85/100
|move|p2a: Celebi|Leech Seed|p1a: Skarmory
|-start|p1a: Skarmory|move: Leech Seed
|
|-heal|p1a: Skarmory|100/100|[from] move: Wish|[wisher] Jirachi
|-weather|Sandstorm|[upkeep]
|-damage|p2a: Celebi|94/100|[from] Sandstorm
|-heal|p2a: Celebi|100/100|[from] item: Leftovers
|-damage|p1a: Skarmory|88/100|[from] Leech Seed|[of] p2a: Celebi
|upkeep
|turn|86
|inactive|Big_Squatto has 270 seconds left.
|
|t:|1729902795
|switch|p2a: Starmie|Starmie|94/100
|move|p1a: Skarmory|Toxic|p2a: Starmie|[miss]
|-miss|p1a: Skarmory|p2a: Starmie
|
|-weather|Sandstorm|[upkeep]
|-damage|p2a: Starmie|88/100|[from] Sandstorm
|-heal|p2a: Starmie|94/100|[from] item: Leftovers
|-heal|p1a: Skarmory|94/100|[from] item: Leftovers
|-damage|p1a: Skarmory|82/100|[from] Leech Seed|[of] p2a: Starmie
|-heal|p2a: Starmie|100/100|[silent]
|upkeep
|turn|87
|inactive|Big_Squatto has 270 seconds left.
|
|t:|1729902805
|switch|p2a: Tyranitar|Tyranitar, M|76/100
|switch|p1a: Blissey|Blissey, F|88/100
|-damage|p1a: Blissey|63/100|[from] Spikes
|
|-weather|Sandstorm|[upkeep]
|-damage|p1a: Blissey|57/100|[from] Sandstorm
|-heal|p2a: Tyranitar|83/100|[from] item: Leftovers
|-heal|p1a: Blissey|63/100|[from] item: Leftovers
|upkeep
|turn|88
|
|t:|1729902817
|switch|p2a: Starmie|Starmie|100/100
|move|p1a: Blissey|Ice Beam|p2a: Starmie
|-resisted|p2a: Starmie
|-damage|p2a: Starmie|85/100
|
|-weather|Sandstorm|[upkeep]
|-damage|p2a: Starmie|79/100|[from] Sandstorm
|-damage|p1a: Blissey|57/100|[from] Sandstorm
|-heal|p2a: Starmie|85/100|[from] item: Leftovers
|-heal|p1a: Blissey|63/100|[from] item: Leftovers
|upkeep
|turn|89
|
|t:|1729902827
|switch|p2a: Celebi|Celebi|100/100
|move|p1a: Blissey|Soft-Boiled|p1a: Blissey
|-heal|p1a: Blissey|100/100
|
|-weather|Sandstorm|[upkeep]
|-damage|p2a: Celebi|94/100|[from] Sandstorm
|-damage|p1a: Blissey|94/100|[from] Sandstorm
|-heal|p2a: Celebi|100/100|[from] item: Leftovers
|-heal|p1a: Blissey|100/100|[from] item: Leftovers
|upkeep
|turn|90
|
|t:|1729902838
|switch|p2a: Starmie|Starmie|85/100
|switch|p1a: Salamence|Salamence, M|85/100
|-ability|p1a: Salamence|Intimidate|boost
|-unboost|p2a: Starmie|atk|1
|
|-weather|Sandstorm|[upkeep]
|-damage|p2a: Starmie|79/100|[from] Sandstorm
|-damage|p1a: Salamence|78/100|[from] Sandstorm
|-heal|p2a: Starmie|85/100|[from] item: Leftovers
|-heal|p1a: Salamence|85/100|[from] item: Leftovers
|upkeep
|turn|91
|
|t:|1729902849
|switch|p1a: Jirachi|Jirachi|100/100
|-damage|p1a: Jirachi|75/100|[from] Spikes
|move|p2a: Starmie|Psychic|p1a: Jirachi
|-resisted|p1a: Jirachi
|-damage|p1a: Jirachi|69/100
|
|-weather|Sandstorm|[upkeep]
|-damage|p2a: Starmie|79/100|[from] Sandstorm
|-heal|p2a: Starmie|85/100|[from] item: Leftovers
|-heal|p1a: Jirachi|75/100|[from] item: Leftovers
|upkeep
|turn|92
|
|t:|1729902860
|switch|p2a: Celebi|Celebi|100/100
|move|p1a: Jirachi|Wish|p1a: Jirachi
|
|-weather|Sandstorm|[upkeep]
|-damage|p2a: Celebi|94/100|[from] Sandstorm
|-heal|p2a: Celebi|100/100|[from] item: Leftovers
|-heal|p1a: Jirachi|81/100|[from] item: Leftovers
|upkeep
|turn|93
|
|t:|1729902868
|switch|p1a: Salamence|Salamence, M|85/100
|-ability|p1a: Salamence|Intimidate|boost
|-unboost|p2a: Celebi|atk|1
|move|p2a: Celebi|Leech Seed|p1a: Salamence
|-start|p1a: Salamence|move: Leech Seed
|
|-heal|p1a: Salamence|100/100|[from] move: Wish|[wisher] Jirachi
|-weather|Sandstorm|[upkeep]
|-damage|p2a: Celebi|94/100|[from] Sandstorm
|-damage|p1a: Salamence|94/100|[from] Sandstorm
|-heal|p2a: Celebi|100/100|[from] item: Leftovers
|-heal|p1a: Salamence|100/100|[from] item: Leftovers
|-damage|p1a: Salamence|88/100|[from] Leech Seed|[of] p2a: Celebi
|upkeep
|turn|94
|
|t:|1729902885
|switch|p1a: Skarmory|Skarmory, M|82/100
|move|p2a: Celebi|Psychic|p1a: Skarmory
|-resisted|p1a: Skarmory
|-damage|p1a: Skarmory|66/100
|
|-weather|Sandstorm|[upkeep]
|-damage|p2a: Celebi|94/100|[from] Sandstorm
|-heal|p2a: Celebi|100/100|[from] item: Leftovers
|-heal|p1a: Skarmory|72/100|[from] item: Leftovers
|upkeep
|turn|95
|
|t:|1729902895
|move|p2a: Celebi|Leech Seed|p1a: Skarmory
|-start|p1a: Skarmory|move: Leech Seed
|move|p1a: Skarmory|Spikes|p2a: Celebi
|-sidestart|p2: knexhawk2|Spikes
|
|-weather|Sandstorm|[upkeep]
|-damage|p2a: Celebi|94/100|[from] Sandstorm
|-heal|p2a: Celebi|100/100|[from] item: Leftovers
|-heal|p1a: Skarmory|78/100|[from] item: Leftovers
|-damage|p1a: Skarmory|66/100|[from] Leech Seed|[of] p2a: Celebi
|upkeep
|turn|96
|
|t:|1729902906
|switch|p2a: Starmie|Starmie|85/100
|-damage|p2a: Starmie|72/100|[from] Spikes
|switch|p1a: Salamence|Salamence, M|88/100
|-ability|p1a: Salamence|Intimidate|boost
|-unboost|p2a: Starmie|atk|1
|
|-weather|Sandstorm|[upkeep]
|-damage|p2a: Starmie|66/100|[from] Sandstorm
|-damage|p1a: Salamence|82/100|[from] Sandstorm
|-heal|p2a: Starmie|72/100|[from] item: Leftovers
|-heal|p1a: Salamence|88/100|[from] item: Leftovers
|upkeep
|turn|97
|
|t:|1729902917
|switch|p1a: Skarmory|Skarmory, M|66/100
|move|p2a: Starmie|Rapid Spin|p1a: Skarmory
|-resisted|p1a: Skarmory
|-damage|p1a: Skarmory|65/100
|-sideend|p2: knexhawk2|Spikes|[from] move: Rapid Spin|[of] p2a: Starmie
|
|-weather|Sandstorm|[upkeep]
|-damage|p2a: Starmie|66/100|[from] Sandstorm
|-heal|p2a: Starmie|72/100|[from] item: Leftovers
|-heal|p1a: Skarmory|71/100|[from] item: Leftovers
|upkeep
|turn|98
|
|t:|1729902927
|move|p2a: Starmie|Surf|p1a: Skarmory
|-damage|p1a: Skarmory|40/100
|move|p1a: Skarmory|Toxic|p2a: Starmie|[miss]
|-miss|p1a: Skarmory|p2a: Starmie
|
|-weather|Sandstorm|[upkeep]
|-damage|p2a: Starmie|66/100|[from] Sandstorm
|-heal|p2a: Starmie|72/100|[from] item: Leftovers
|-heal|p1a: Skarmory|46/100|[from] item: Leftovers
|upkeep
|turn|99
|
|t:|1729902936
|move|p1a: Skarmory|Protect|p1a: Skarmory
|-singleturn|p1a: Skarmory|Protect
|move|p2a: Starmie|Recover|p2a: Starmie
|-heal|p2a: Starmie|100/100
|
|-weather|Sandstorm|[upkeep]
|-damage|p2a: Starmie|94/100|[from] Sandstorm
|-heal|p2a: Starmie|100/100|[from] item: Leftovers
|-heal|p1a: Skarmory|52/100|[from] item: Leftovers
|upkeep
|turn|100
|
|t:|1729902946
|switch|p1a: Jirachi|Jirachi|81/100
|-damage|p1a: Jirachi|56/100|[from] Spikes
|move|p2a: Starmie|Surf|p1a: Jirachi
|-damage|p1a: Jirachi|29/100
|
|-weather|Sandstorm|[upkeep]
|-damage|p2a: Starmie|94/100|[from] Sandstorm
|-heal|p2a: Starmie|100/100|[from] item: Leftovers
|-heal|p1a: Jirachi|35/100|[from] item: Leftovers
|upkeep
|turn|101
|
|t:|1729902955
|switch|p2a: Tyranitar|Tyranitar, M|83/100
|move|p1a: Jirachi|Wish|p1a: Jirachi
|
|-weather|Sandstorm|[upkeep]
|-heal|p1a: Jirachi|41/100|[from] item: Leftovers
|-heal|p2a: Tyranitar|89/100|[from] item: Leftovers
|upkeep
|turn|102
|
|t:|1729902963
|switch|p2a: Skarmory|Skarmory, F|98/100
|move|p1a: Jirachi|Protect||[still]
|-fail|p1a: Jirachi
|
|-heal|p1a: Jirachi|91/100|[from] move: Wish|[wisher] Jirachi
|-weather|Sandstorm|[upkeep]
|-heal|p1a: Jirachi|98/100|[from] item: Leftovers
|-heal|p2a: Skarmory|100/100|[from] item: Leftovers
|upkeep
|turn|103
|
|t:|1729902972
|switch|p2a: Starmie|Starmie|100/100
|move|p1a: Jirachi|Fire Punch|p2a: Starmie
|-resisted|p2a: Starmie
|-damage|p2a: Starmie|90/100
|-status|p2a: Starmie|brn
|
|-weather|Sandstorm|[upkeep]
|-damage|p2a: Starmie|84/100 brn|[from] Sandstorm
|-heal|p2a: Starmie|90/100 brn|[from] item: Leftovers
|-damage|p2a: Starmie|77/100 brn|[from] brn
|-heal|p1a: Jirachi|100/100|[from] item: Leftovers
|upkeep
|turn|104
|
|t:|1729902983
|-curestatus|p2a: Starmie|brn|[from] ability: Natural Cure
|switch|p2a: Celebi|Celebi|100/100
|move|p1a: Jirachi|Wish|p1a: Jirachi
|
|-weather|Sandstorm|[upkeep]
|-damage|p2a: Celebi|94/100|[from] Sandstorm
|-heal|p2a: Celebi|100/100|[from] item: Leftovers
|upkeep
|turn|105
|
|t:|1729902994
|switch|p1a: Skarmory|Skarmory, M|52/100
|move|p2a: Celebi|Leech Seed|p1a: Skarmory
|-start|p1a: Skarmory|move: Leech Seed
|
|-heal|p1a: Skarmory|100/100|[from] move: Wish|[wisher] Jirachi
|-weather|Sandstorm|[upkeep]
|-damage|p2a: Celebi|94/100|[from] Sandstorm
|-heal|p2a: Celebi|100/100|[from] item: Leftovers
|-damage|p1a: Skarmory|88/100|[from] Leech Seed|[of] p2a: Celebi
|upkeep
|turn|106
|
|t:|1729903005
|switch|p2a: Starmie|Starmie|77/100
|switch|p1a: Salamence|Salamence, M|88/100
|-ability|p1a: Salamence|Intimidate|boost
|-unboost|p2a: Starmie|atk|1
|
|-weather|Sandstorm|[upkeep]
|-damage|p2a: Starmie|71/100|[from] Sandstorm
|-damage|p1a: Salamence|82/100|[from] Sandstorm
|-heal|p2a: Starmie|77/100|[from] item: Leftovers
|-heal|p1a: Salamence|88/100|[from] item: Leftovers
|upkeep
|turn|107
|
|t:|1729903016
|switch|p1a: Blissey|Blissey, F|100/100
|-damage|p1a: Blissey|76/100|[from] Spikes
|move|p2a: Starmie|Psychic|p1a: Blissey
|-damage|p1a: Blissey|62/100
|
|-weather|Sandstorm|[upkeep]
|-damage|p2a: Starmie|71/100|[from] Sandstorm
|-damage|p1a: Blissey|56/100|[from] Sandstorm
|-heal|p2a: Starmie|77/100|[from] item: Leftovers
|-heal|p1a: Blissey|62/100|[from] item: Leftovers
|upkeep
|turn|108
|
|t:|1729903028
|switch|p2a: Skarmory|Skarmory, F|100/100
|move|p1a: Blissey|Soft-Boiled|p1a: Blissey
|-heal|p1a: Blissey|100/100
|
|-weather|Sandstorm|[upkeep]
|-damage|p1a: Blissey|94/100|[from] Sandstorm
|-heal|p1a: Blissey|100/100|[from] item: Leftovers
|upkeep
|turn|109
|
|t:|1729903036
|move|p1a: Blissey|Flamethrower|p2a: Skarmory
|-supereffective|p2a: Skarmory
|-damage|p2a: Skarmory|54/100
|move|p2a: Skarmory|Roar|p1a: Blissey
|drag|p1a: Jirachi|Jirachi|100/100
|-damage|p1a: Jirachi|75/100|[from] Spikes
|
|-weather|Sandstorm|[upkeep]
|-heal|p1a: Jirachi|82/100|[from] item: Leftovers
|-heal|p2a: Skarmory|60/100|[from] item: Leftovers
|upkeep
|turn|110
|
|t:|1729903046
|switch|p1a: Skarmory|Skarmory, M|88/100
|switch|p2a: Celebi|Celebi|100/100
|
|-weather|Sandstorm|[upkeep]
|-damage|p2a: Celebi|94/100|[from] Sandstorm
|-heal|p2a: Celebi|100/100|[from] item: Leftovers
|-heal|p1a: Skarmory|94/100|[from] item: Leftovers
|upkeep
|turn|111
|
|t:|1729903054
|switch|p2a: Starmie|Starmie|77/100
|move|p1a: Skarmory|Protect||[still]
|-fail|p1a: Skarmory
|
|-weather|Sandstorm|[upkeep]
|-damage|p2a: Starmie|71/100|[from] Sandstorm
|-heal|p2a: Starmie|77/100|[from] item: Leftovers
|-heal|p1a: Skarmory|99/100|[from] item: Leftovers
|upkeep
|turn|112
|
|t:|1729903062
|switch|p2a: Skarmory|Skarmory, F|60/100
|move|p1a: Skarmory|Toxic|p2a: Skarmory
|-immune|p2a: Skarmory
|
|-weather|Sandstorm|[upkeep]
|-heal|p2a: Skarmory|66/100|[from] item: Leftovers
|-heal|p1a: Skarmory|100/100|[from] item: Leftovers
|upkeep
|turn|113
|
|t:|1729903070
|switch|p2a: Starmie|Starmie|77/100
|move|p1a: Skarmory|Spikes|p2a: Starmie
|-sidestart|p2: knexhawk2|Spikes
|
|-weather|Sandstorm|[upkeep]
|-damage|p2a: Starmie|71/100|[from] Sandstorm
|-heal|p2a: Starmie|77/100|[from] item: Leftovers
|upkeep
|turn|114
|
|t:|1729903082
|move|p2a: Starmie|Rapid Spin|p1a: Skarmory
|-resisted|p1a: Skarmory
|-damage|p1a: Skarmory|99/100
|-sideend|p2: knexhawk2|Spikes|[from] move: Rapid Spin|[of] p2a: Starmie
|move|p1a: Skarmory|Toxic|p2a: Starmie
|-status|p2a: Starmie|tox
|
|-weather|Sandstorm|[upkeep]
|-damage|p2a: Starmie|71/100 tox|[from] Sandstorm
|-heal|p2a: Starmie|77/100 tox|[from] item: Leftovers
|-damage|p2a: Starmie|71/100 tox|[from] psn
|-heal|p1a: Skarmory|100/100|[from] item: Leftovers
|upkeep
|turn|115
|
|t:|1729903092
|-curestatus|p2a: Starmie|tox|[from] ability: Natural Cure
|switch|p2a: Skarmory|Skarmory, F|66/100
|move|p1a: Skarmory|Spikes|p2a: Skarmory
|-sidestart|p2: knexhawk2|Spikes
|
|-weather|Sandstorm|[upkeep]
|-heal|p2a: Skarmory|72/100|[from] item: Leftovers
|upkeep
|turn|116
|
|t:|1729903099
|move|p2a: Skarmory|Roar|p1a: Skarmory
|drag|p1a: Jirachi|Jirachi|82/100
|-damage|p1a: Jirachi|57/100|[from] Spikes
|
|-weather|Sandstorm|[upkeep]
|-heal|p1a: Jirachi|63/100|[from] item: Leftovers
|-heal|p2a: Skarmory|78/100|[from] item: Leftovers
|upkeep
|turn|117
|
|t:|1729903109
|switch|p2a: Starmie|Starmie|71/100
|-damage|p2a: Starmie|59/100|[from] Spikes
|move|p1a: Jirachi|Fire Punch|p2a: Starmie
|-resisted|p2a: Starmie
|-damage|p2a: Starmie|49/100
|
|-weather|Sandstorm|[upkeep]
|-damage|p2a: Starmie|43/100|[from] Sandstorm
|-heal|p2a: Starmie|49/100|[from] item: Leftovers
|-heal|p1a: Jirachi|69/100|[from] item: Leftovers
|upkeep
|turn|118
|
|t:|1729903120
|move|p2a: Starmie|Rapid Spin|p1a: Jirachi
|-resisted|p1a: Jirachi
|-damage|p1a: Jirachi|68/100
|-sideend|p2: knexhawk2|Spikes|[from] move: Rapid Spin|[of] p2a: Starmie
|move|p1a: Jirachi|Toxic|p2a: Starmie
|-status|p2a: Starmie|tox
|
|-weather|Sandstorm|[upkeep]
|-damage|p2a: Starmie|43/100 tox|[from] Sandstorm
|-heal|p2a: Starmie|49/100 tox|[from] item: Leftovers
|-damage|p2a: Starmie|43/100 tox|[from] psn
|-heal|p1a: Jirachi|75/100|[from] item: Leftovers
|upkeep
|turn|119
|
|t:|1729903143
|switch|p1a: Skarmory|Skarmory, M|100/100
|move|p2a: Starmie|Recover|p2a: Starmie
|-heal|p2a: Starmie|93/100 tox
|
|-weather|Sandstorm|[upkeep]
|-damage|p2a: Starmie|87/100 tox|[from] Sandstorm
|-heal|p2a: Starmie|93/100 tox|[from] item: Leftovers
|-damage|p2a: Starmie|80/100 tox|[from] psn
|upkeep
|turn|120
|
|t:|1729903152
|-curestatus|p2a: Starmie|tox|[from] ability: Natural Cure
|switch|p2a: Tyranitar|Tyranitar, M|89/100
|move|p1a: Skarmory|Spikes|p2a: Tyranitar
|-sidestart|p2: knexhawk2|Spikes
|
|-weather|Sandstorm|[upkeep]
|-heal|p2a: Tyranitar|95/100|[from] item: Leftovers
|upkeep
|turn|121
|
|t:|1729903159
|switch|p2a: Skarmory|Skarmory, F|78/100
|move|p1a: Skarmory|Toxic|p2a: Skarmory
|-immune|p2a: Skarmory
|
|-weather|Sandstorm|[upkeep]
|-heal|p2a: Skarmory|84/100|[from] item: Leftovers
|upkeep
|turn|122
|
|t:|1729903166
|switch|p2a: Starmie|Starmie|80/100
|-damage|p2a: Starmie|68/100|[from] Spikes
|move|p1a: Skarmory|Spikes|p2a: Starmie
|-sidestart|p2: knexhawk2|Spikes
|
|-weather|Sandstorm|[upkeep]
|-damage|p2a: Starmie|62/100|[from] Sandstorm
|-heal|p2a: Starmie|68/100|[from] item: Leftovers
|upkeep
|turn|123
|
|t:|1729903174
|move|p2a: Starmie|Rapid Spin|p1a: Skarmory
|-resisted|p1a: Skarmory
|-damage|p1a: Skarmory|99/100
|-sideend|p2: knexhawk2|Spikes|[from] move: Rapid Spin|[of] p2a: Starmie
|move|p1a: Skarmory|Toxic|p2a: Starmie
|-status|p2a: Starmie|tox
|
|-weather|Sandstorm|[upkeep]
|-damage|p2a: Starmie|62/100 tox|[from] Sandstorm
|-heal|p2a: Starmie|68/100 tox|[from] item: Leftovers
|-damage|p2a: Starmie|62/100 tox|[from] psn
|-heal|p1a: Skarmory|100/100|[from] item: Leftovers
|upkeep
|turn|124
|
|t:|1729903184
|-curestatus|p2a: Starmie|tox|[from] ability: Natural Cure
|switch|p2a: Tyranitar|Tyranitar, M|95/100
|move|p1a: Skarmory|Spikes|p2a: Tyranitar
|-sidestart|p2: knexhawk2|Spikes
|
|-weather|Sandstorm|[upkeep]
|-heal|p2a: Tyranitar|100/100|[from] item: Leftovers
|upkeep
|turn|125
|
|t:|1729903192
|switch|p2a: Skarmory|Skarmory, F|84/100
|move|p1a: Skarmory|Toxic|p2a: Skarmory|[miss]
|-miss|p1a: Skarmory|p2a: Skarmory
|
|-weather|Sandstorm|[upkeep]
|-heal|p2a: Skarmory|90/100|[from] item: Leftovers
|upkeep
|turn|126
|
|t:|1729903198
|switch|p2a: Starmie|Starmie|62/100
|-damage|p2a: Starmie|50/100|[from] Spikes
|move|p1a: Skarmory|Roar|p2a: Starmie
|drag|p2a: Celebi|Celebi|100/100
|-damage|p2a: Celebi|88/100|[from] Spikes
|
|-weather|Sandstorm|[upkeep]
|-damage|p2a: Celebi|82/100|[from] Sandstorm
|-heal|p2a: Celebi|88/100|[from] item: Leftovers
|upkeep
|turn|127
|
|t:|1729903208
|switch|p2a: Starmie|Starmie|50/100
|-damage|p2a: Starmie|37/100|[from] Spikes
|move|p1a: Skarmory|Protect||[still]
|-fail|p1a: Skarmory
|
|-weather|Sandstorm|[upkeep]
|-damage|p2a: Starmie|31/100|[from] Sandstorm
|-heal|p2a: Starmie|37/100|[from] item: Leftovers
|upkeep
|turn|128
|
|t:|1729903217
|move|p2a: Starmie|Recover|p2a: Starmie
|-heal|p2a: Starmie|87/100
|move|p1a: Skarmory|Roar|p2a: Starmie
|drag|p2a: Celebi|Celebi|88/100
|-damage|p2a: Celebi|76/100|[from] Spikes
|
|-weather|Sandstorm|[upkeep]
|-damage|p2a: Celebi|70/100|[from] Sandstorm
|-heal|p2a: Celebi|76/100|[from] item: Leftovers
|upkeep
|turn|129
|
|t:|1729903227
|switch|p2a: Starmie|Starmie|87/100
|-damage|p2a: Starmie|75/100|[from] Spikes
|move|p1a: Skarmory|Spikes|p2a: Starmie
|-sidestart|p2: knexhawk2|Spikes
|
|-weather|Sandstorm|[upkeep]
|-damage|p2a: Starmie|69/100|[from] Sandstorm
|-heal|p2a: Starmie|75/100|[from] item: Leftovers
|upkeep
|turn|130
|
|t:|1729903236
|move|p2a: Starmie|Rapid Spin|p1a: Skarmory
|-resisted|p1a: Skarmory
|-crit|p1a: Skarmory
|-damage|p1a: Skarmory|98/100
|-sideend|p2: knexhawk2|Spikes|[from] move: Rapid Spin|[of] p2a: Starmie
|move|p1a: Skarmory|Spikes|p2a: Starmie
|-sidestart|p2: knexhawk2|Spikes
|
|-weather|Sandstorm|[upkeep]
|-damage|p2a: Starmie|69/100|[from] Sandstorm
|-heal|p2a: Starmie|75/100|[from] item: Leftovers
|-heal|p1a: Skarmory|100/100|[from] item: Leftovers
|upkeep
|turn|131
|
|t:|1729903245
|move|p2a: Starmie|Rapid Spin|p1a: Skarmory
|-resisted|p1a: Skarmory
|-damage|p1a: Skarmory|99/100
|-sideend|p2: knexhawk2|Spikes|[from] move: Rapid Spin|[of] p2a: Starmie
|move|p1a: Skarmory|Toxic|p2a: Starmie
|-status|p2a: Starmie|tox
|
|-weather|Sandstorm|[upkeep]
|-damage|p2a: Starmie|69/100 tox|[from] Sandstorm
|-heal|p2a: Starmie|75/100 tox|[from] item: Leftovers
|-damage|p2a: Starmie|69/100 tox|[from] psn
|-heal|p1a: Skarmory|100/100|[from] item: Leftovers
|upkeep
|turn|132
|
|t:|1729903255
|-curestatus|p2a: Starmie|tox|[from] ability: Natural Cure
|switch|p2a: Skarmory|Skarmory, F|90/100
|move|p1a: Skarmory|Spikes|p2a: Skarmory
|-sidestart|p2: knexhawk2|Spikes
|
|-weather|Sandstorm|[upkeep]
|-heal|p2a: Skarmory|96/100|[from] item: Leftovers
|upkeep
|turn|133
|
|t:|1729903265
|move|p1a: Skarmory|Spikes|p2a: Skarmory
|-sidestart|p2: knexhawk2|Spikes
|move|p2a: Skarmory|Roar|p1a: Skarmory
|drag|p1a: Jirachi|Jirachi|75/100
|-damage|p1a: Jirachi|50/100|[from] Spikes
|
|-weather|Sandstorm|[upkeep]
|-heal|p1a: Jirachi|56/100|[from] item: Leftovers
|-heal|p2a: Skarmory|100/100|[from] item: Leftovers
|upkeep
|turn|134
|
|t:|1729903275
|switch|p2a: Starmie|Starmie|69/100
|-damage|p2a: Starmie|52/100|[from] Spikes
|move|p1a: Jirachi|Toxic|p2a: Starmie|[miss]
|-miss|p1a: Jirachi|p2a: Starmie
|
|-weather|Sandstorm|[upkeep]
|-damage|p2a: Starmie|46/100|[from] Sandstorm
|-heal|p2a: Starmie|52/100|[from] item: Leftovers
|-heal|p1a: Jirachi|62/100|[from] item: Leftovers
|upkeep
|turn|135
|
|t:|1729903287
|move|p1a: Jirachi|Protect|p1a: Jirachi
|-singleturn|p1a: Jirachi|Protect
|move|p2a: Starmie|Rapid Spin|p1a: Jirachi
|-activate|p1a: Jirachi|Protect
|
|-weather|Sandstorm|[upkeep]
|-damage|p2a: Starmie|46/100|[from] Sandstorm
|-heal|p2a: Starmie|52/100|[from] item: Leftovers
|-heal|p1a: Jirachi|68/100|[from] item: Leftovers
|upkeep
|turn|136
|
|t:|1729903299
|move|p2a: Starmie|Rapid Spin|p1a: Jirachi
|-resisted|p1a: Jirachi
|-crit|p1a: Jirachi
|-damage|p1a: Jirachi|66/100
|-sideend|p2: knexhawk2|Spikes|[from] move: Rapid Spin|[of] p2a: Starmie
|move|p1a: Jirachi|Wish|p1a: Jirachi
|
|-weather|Sandstorm|[upkeep]
|-damage|p2a: Starmie|46/100|[from] Sandstorm
|-heal|p2a: Starmie|52/100|[from] item: Leftovers
|-heal|p1a: Jirachi|72/100|[from] item: Leftovers
|upkeep
|turn|137
|
|t:|1729903312
|move|p1a: Jirachi|Protect|p1a: Jirachi
|-singleturn|p1a: Jirachi|Protect
|move|p2a: Starmie|Recover|p2a: Starmie
|-heal|p2a: Starmie|100/100
|
|-heal|p1a: Jirachi|100/100|[from] move: Wish|[wisher] Jirachi
|-weather|Sandstorm|[upkeep]
|-damage|p2a: Starmie|94/100|[from] Sandstorm
|-heal|p2a: Starmie|100/100|[from] item: Leftovers
|upkeep
|turn|138
|
|t:|1729903321
|switch|p2a: Celebi|Celebi|76/100
|move|p1a: Jirachi|Toxic|p2a: Celebi
|-status|p2a: Celebi|tox
|
|-weather|Sandstorm|[upkeep]
|-damage|p2a: Celebi|70/100 tox|[from] Sandstorm
|-heal|p2a: Celebi|76/100 tox|[from] item: Leftovers
|-damage|p2a: Celebi|70/100 tox|[from] psn
|upkeep
|turn|139
|
|t:|1729903331
|-curestatus|p2a: Celebi|tox|[from] ability: Natural Cure
|switch|p2a: Starmie|Starmie|100/100
|move|p1a: Jirachi|Toxic|p2a: Starmie
|-status|p2a: Starmie|tox
|
|-weather|Sandstorm|[upkeep]
|-damage|p2a: Starmie|94/100 tox|[from] Sandstorm
|-heal|p2a: Starmie|100/100 tox|[from] item: Leftovers
|-damage|p2a: Starmie|94/100 tox|[from] psn
|upkeep
|turn|140
|
|t:|1729903341
|-curestatus|p2a: Starmie|tox|[from] ability: Natural Cure
|switch|p2a: Celebi|Celebi|70/100
|switch|p1a: Skarmory|Skarmory, M|100/100
|
|-weather|Sandstorm|[upkeep]
|-damage|p2a: Celebi|63/100|[from] Sandstorm
|-heal|p2a: Celebi|70/100|[from] item: Leftovers
|upkeep
|turn|141
|
|t:|1729903349
|switch|p2a: Starmie|Starmie|94/100
|move|p1a: Skarmory|Spikes|p2a: Starmie
|-sidestart|p2: knexhawk2|Spikes
|
|-weather|Sandstorm|[upkeep]
|-damage|p2a: Starmie|88/100|[from] Sandstorm
|-heal|p2a: Starmie|94/100|[from] item: Leftovers
|upkeep
|turn|142
|
|t:|1729903363
|move|p2a: Starmie|Rapid Spin|p1a: Skarmory
|-resisted|p1a: Skarmory
|-damage|p1a: Skarmory|99/100
|-sideend|p2: knexhawk2|Spikes|[from] move: Rapid Spin|[of] p2a: Starmie
|move|p1a: Skarmory|Roar|p2a: Starmie
|drag|p2a: Skarmory|Skarmory, F|100/100
|
|-weather|Sandstorm|[upkeep]
|-heal|p1a: Skarmory|100/100|[from] item: Leftovers
|upkeep
|turn|143
|
|t:|1729903372
|switch|p2a: Starmie|Starmie|94/100
|move|p1a: Skarmory|Spikes|p2a: Starmie
|-sidestart|p2: knexhawk2|Spikes
|
|-weather|Sandstorm|[upkeep]
|-damage|p2a: Starmie|88/100|[from] Sandstorm
|-heal|p2a: Starmie|94/100|[from] item: Leftovers
|upkeep
|turn|144
|c|☆Big_Squatto|gg
|-message|Big_Squatto forfeited.
|
|win|knexhawk2

</script>
<script type="application/json" class="data" id="replaydata-smogtours-gen3ou-802002">
{"id":"smogtours-gen3ou-802002","format":"[Gen 3] OU","players":["Big_Squatto","knexhawk2"],"uploadtime":1729903402,"views":101,"formatid":"gen3ou","rating":null,"private":0,"password":null}
</script>

<script defer src="js/replays.js?9d40a366"></script>
