<!DOCTYPE html>
<meta charset="utf-8" />
<meta name="viewport" content="width=device-width" />

<title>[Gen 3] OU: grillkinggaming vs. DancingAlong - Replays - Pok&eacute;mon Showdown!</title>

<meta name="description" content="Watch a replay of a Pok&eacute;mon battle between grillkinggaming and DancingAlong! Format: [Gen 3] OU; Date: Oct 3, 2024" />
<!--

Hey, you! Looking in the source for the replay log?

You can find them in JSON format, just add `.json` at the end of a replay URL.

https://replay.pokemonshowdown.com/gen7randomdoublesbattle-865046831.json

Or, if you only need the log itself, add `.log` instead:

https://replay.pokemonshowdown.com/gen7randomdoublesbattle-865046831.log

-->

<link rel="stylesheet" href="//pokemonshowdown.com/style/global.css?0.023195364461161105" />
<link rel="stylesheet" href="//play.pokemonshowdown.com/style/font-awesome.css?0.13261647063804238" />
<link rel="stylesheet" href="//play.pokemonshowdown.com/style/battle.css?0.8753245789963631" />
<link rel="stylesheet" href="//play.pokemonshowdown.com/style/utilichart.css?0.8627959624976733" />

<!-- Global site tag (gtag.js) - Google Analytics -->
<script async src="https://www.googletagmanager.com/gtag/js?id=UA-26211653-1"></script>
<script>
  window.dataLayer = window.dataLayer || [];
  function gtag(){dataLayer.push(arguments);}
  gtag('js', new Date());

  gtag('config', 'UA-26211653-1');
</script>
<!-- End Google Analytics -->
<!-- Venatus Ad Manager - Install in <HEAD> of page -->
	<script src="https://hb.vntsm.com/v3/live/ad-manager.min.js" type="text/javascript" data-site-id="642aba63ec9a7b11c3c9c1be" data-mode="scan" async></script>
<!-- / Venatus Ad Manager -->

<style>
	@media (max-width:820px) {
		.battle {
			margin: 0 auto;
		}
		.battle-log {
			margin: 7px auto 0;
			max-width: 640px;
			height: 300px;
			position: static;
		}
	}
	.optgroup {
		display: inline-block;
		line-height: 22px;
		font-size: 10pt;
	}
	.optgroup .button {
		height: 25px;
		padding-top: 0;
		padding-bottom: 0;
	}
	.optgroup button.button {
		padding-left: 12px;
		padding-right: 12px;
	}
	.linklist {
		list-style: none;
		margin: 0.5em 0;
		padding: 0;
	}
	.linklist li {
		padding: 2px 0;
	}
	.sidebar {
		float: left;
		width: 320px;
	}
	.bar-wrapper {
		max-width: 1100px;
		margin: 0 auto;
	}
	.bar-wrapper.has-sidebar {
		max-width: 1430px;
	}
	.mainbar {
		margin: 0;
		padding-right: 1px;
	}
	.mainbar.has-sidebar {
		margin-left: 330px;
	}
	@media (min-width: 1511px) {
		.sidebar {
			width: 400px;
		}
		.bar-wrapper.has-sidebar {
			max-width: 1510px;
		}
		.mainbar.has-sidebar {
			margin-left: 410px;
		}
	}
	.section.first-section {
		margin-top: 9px;
	}
	.blocklink small {
		white-space: normal;
	}
	.button {
		vertical-align: middle;
	}
	.replay-controls {
		padding-top: 10px;
	}
	.replay-controls h1 {
		font-size: 16pt;
		font-weight: normal;
		color: #CCC;
	}
	.pagelink {
		text-align: center;
	}
	.pagelink a {
		width: 150px;
	}
	.textbox, .button {
		font-size: 11pt;
		vertical-align: middle;
	}
	@media (max-width: 450px) {
		.button {
			font-size: 9pt;
		}
	}
</style>

<div>

	<header>
		<div class="nav-wrapper"><ul class="nav">
			<li><a class="button nav-first" href="//pokemonshowdown.com/"><img src="//pokemonshowdown.com/images/pokemonshowdownbeta.png" srcset="//pokemonshowdown.com/images/pokemonshowdownbeta.png 1x, //pokemonshowdown.com/images/pokemonshowdownbeta@2x.png 2x" alt="Pok&eacute;mon Showdown" width="146" height="44" /> Home</a></li>
			<li><a class="button" href="//pokemonshowdown.com/dex/">Pok&eacute;dex</a></li>
			<li><a class="button cur" href="/">Replays</a></li>
			<li><a class="button" href="//pokemonshowdown.com/ladder/">Ladder</a></li>
			<li><a class="button nav-last" href="//pokemonshowdown.com/forums/">Forum</a></li>
			<li><a class="button greenbutton nav-first nav-last" href="//play.pokemonshowdown.com/">Play</a></li>
		</ul></div>
	</header>

	<div class="main" id="main">

		<noscript><section class="section">You need to enable JavaScript to use this page; sorry!</section></noscript>

	</div>

</div>

<script defer nomodule src="//play.pokemonshowdown.com/js/lib/ps-polyfill.js"></script>
<script defer src="//play.pokemonshowdown.com/js/lib/preact.min.js"></script>

<script defer src="//play.pokemonshowdown.com/config/config.js?2bddbc15"></script>
<script defer src="//play.pokemonshowdown.com/js/lib/jquery-1.11.0.min.js"></script>
<script defer src="//play.pokemonshowdown.com/js/lib/html-sanitizer-minified.js"></script>
<script defer src="//play.pokemonshowdown.com/js/battle-sound.js"></script>
<script defer src="//play.pokemonshowdown.com/js/battledata.js?0.7209276989879541"></script>
<script defer src="//play.pokemonshowdown.com/data/pokedex-mini.js?0.6111056340867951"></script>
<script defer src="//play.pokemonshowdown.com/data/pokedex-mini-bw.js?0.3532142036491459"></script>
<script defer src="//play.pokemonshowdown.com/data/graphics.js?0.24223875632456182"></script>
<script defer src="//play.pokemonshowdown.com/data/pokedex.js?0.38839984266356864"></script>
<script defer src="//play.pokemonshowdown.com/data/moves.js?0.21866028504024015"></script>
<script defer src="//play.pokemonshowdown.com/data/abilities.js?0.2005157953846628"></script>
<script defer src="//play.pokemonshowdown.com/data/items.js?0.9894211263848525"></script>
<script defer src="//play.pokemonshowdown.com/data/teambuilder-tables.js?0.6008791140282215"></script>
<script defer src="//play.pokemonshowdown.com/js/battle-tooltips.js?0.7580118955022959"></script>
<script defer src="//play.pokemonshowdown.com/js/battle.js?0.6057722274234274"></script>

<script defer src="js/utils.js?e31f9a17"></script>
<script defer src="js/replays-battle.js?7008c182"></script>

<!-- don't scrape this data! just add .json or .log after the URL!
Full API docs: https://github.com/smogon/pokemon-showdown-client/blob/master/WEB-API.md -->
<script type="text/plain" class="log" id="replaylog-smogtours-gen3ou-794393">
|inactive|Battle timer is ON: inactive players will automatically lose when time's up.
|t:|1727990303
|gametype|singles
|player|p1|grillkinggaming|1|
|player|p2|DancingAlong|102|
|teamsize|p1|6
|teamsize|p2|6
|gen|3
|tier|[Gen 3] OU
|rule|Sleep Clause Mod: Limit one foe put to sleep
|rule|Switch Priority Clause Mod: Faster Pokémon switch first
|rule|Species Clause: Limit one of each Pokémon
|rule|OHKO Clause: OHKO moves are banned
|rule|Evasion Items Clause: Evasion items are banned
|rule|Evasion Moves Clause: Evasion moves are banned
|rule|Endless Battle Clause: Forcing endless battles is banned
|rule|HP Percentage Mod: HP is shown in percentages
|rule|One Boost Passer Clause: Limit one Baton Passer that has a way to boost its stats
|rule|Freeze Clause Mod: Limit one foe frozen
|
|t:|1727990303
|start
|switch|p1a: Zapdos|Zapdos|100/100
|switch|p2a: Orma|Tyranitar, M|100/100
|-weather|Sandstorm|[from] ability: Sand Stream|[of] p2a: Orma
|turn|1
|c|☆DancingAlong|gl hf
|
|t:|1727990318
|move|p1a: Zapdos|Baton Pass|p1a: Zapdos
|
|t:|1727990321
|switch|p1a: Metagross|Metagross|100/100|[from] Baton Pass
|move|p2a: Orma|Hidden Power|p1a: Metagross
|-resisted|p1a: Metagross
|-damage|p1a: Metagross|91/100
|
|-weather|Sandstorm|[upkeep]
|-heal|p1a: Metagross|97/100|[from] item: Leftovers
|upkeep
|turn|2
|c|☆grillkinggaming|glhf
|
|t:|1727990341
|switch|p2a: Premio|Swampert, F|100/100
|move|p1a: Metagross|Meteor Mash|p2a: Premio|[miss]
|-miss|p1a: Metagross|p2a: Premio
|
|-weather|Sandstorm|[upkeep]
|-heal|p1a: Metagross|100/100|[from] item: Leftovers
|upkeep
|turn|3
|
|t:|1727990353
|switch|p2a: Orma|Tyranitar, M|100/100
|move|p1a: Metagross|Protect||[still]
|-fail|p1a: Metagross
|
|-weather|Sandstorm|[upkeep]
|upkeep
|turn|4
|inactive|DancingAlong has 270 seconds left.
|
|t:|1727990387
|switch|p2a: Premio|Swampert, F|100/100
|move|p1a: Metagross|Meteor Mash|p2a: Premio
|-resisted|p2a: Premio
|-damage|p2a: Premio|77/100
|-boost|p1a: Metagross|atk|1
|
|-weather|Sandstorm|[upkeep]
|-heal|p2a: Premio|84/100|[from] item: Leftovers
|upkeep
|turn|5
|
|t:|1727990395
|move|p1a: Metagross|Earthquake|p2a: Premio
|-damage|p2a: Premio|35/100
|move|p2a: Premio|Earthquake|p1a: Metagross
|-supereffective|p1a: Metagross
|-damage|p1a: Metagross|49/100
|
|-weather|Sandstorm|[upkeep]
|-heal|p1a: Metagross|55/100|[from] item: Leftovers
|-heal|p2a: Premio|41/100|[from] item: Leftovers
|upkeep
|turn|6
|inactive|DancingAlong has 270 seconds left.
|
|t:|1727990406
|switch|p2a: Chiave|Zapdos|100/100
|move|p1a: Metagross|Earthquake|p2a: Chiave
|-immune|p2a: Chiave
|
|-weather|Sandstorm|[upkeep]
|-damage|p2a: Chiave|94/100|[from] Sandstorm
|-heal|p2a: Chiave|100/100|[from] item: Leftovers
|-heal|p1a: Metagross|61/100|[from] item: Leftovers
|upkeep
|turn|7
|
|t:|1727990414
|move|p1a: Metagross|Protect|p1a: Metagross
|-singleturn|p1a: Metagross|Protect
|move|p2a: Chiave|Thunderbolt|p1a: Metagross
|-activate|p1a: Metagross|Protect
|
|-weather|Sandstorm|[upkeep]
|-damage|p2a: Chiave|94/100|[from] Sandstorm
|-heal|p2a: Chiave|100/100|[from] item: Leftovers
|-heal|p1a: Metagross|68/100|[from] item: Leftovers
|upkeep
|turn|8
|
|t:|1727990433
|switch|p1a: Blissey|Blissey, F|100/100
|move|p2a: Chiave|Thunderbolt|p1a: Blissey
|-damage|p1a: Blissey|80/100
|-status|p1a: Blissey|par
|
|-weather|Sandstorm|[upkeep]
|-damage|p2a: Chiave|94/100|[from] Sandstorm
|-damage|p1a: Blissey|74/100 par|[from] Sandstorm
|-heal|p2a: Chiave|100/100|[from] item: Leftovers
|-heal|p1a: Blissey|80/100 par|[from] item: Leftovers
|upkeep
|turn|9
|
|t:|1727990448
|move|p2a: Chiave|Substitute|p2a: Chiave
|-start|p2a: Chiave|Substitute
|-damage|p2a: Chiave|76/100
|move|p1a: Blissey|Thunder Wave||[still]
|-fail|p1a: Blissey
|
|-weather|Sandstorm|[upkeep]
|-damage|p2a: Chiave|69/100|[from] Sandstorm
|-damage|p1a: Blissey|74/100 par|[from] Sandstorm
|-heal|p2a: Chiave|76/100|[from] item: Leftovers
|-heal|p1a: Blissey|80/100 par|[from] item: Leftovers
|upkeep
|turn|10
|
|t:|1727990457
|move|p2a: Chiave|Baton Pass|p2a: Chiave
|
|t:|1727990463
|switch|p2a: Castello|Metagross|100/100|[from] Baton Pass
|move|p1a: Blissey|Ice Beam|p2a: Castello
|-resisted|p2a: Castello
|-activate|p2a: Castello|Substitute|[damage]
|
|-weather|Sandstorm|[upkeep]
|-damage|p1a: Blissey|74/100 par|[from] Sandstorm
|-heal|p1a: Blissey|80/100 par|[from] item: Leftovers
|upkeep
|turn|11
|
|t:|1727990472
|-curestatus|p1a: Blissey|par|[from] ability: Natural Cure
|switch|p1a: Skarmory|Skarmory, F|100/100
|move|p2a: Castello|Meteor Mash|p1a: Skarmory|[miss]
|-miss|p2a: Castello|p1a: Skarmory
|
|-weather|Sandstorm|[upkeep]
|upkeep
|turn|12
|
|t:|1727990480
|move|p2a: Castello|Meteor Mash|p1a: Skarmory
|-resisted|p1a: Skarmory
|-damage|p1a: Skarmory|70/100
|move|p1a: Skarmory|Spikes|p2a: Castello
|-sidestart|p2: DancingAlong|Spikes
|
|-weather|Sandstorm|[upkeep]
|-heal|p1a: Skarmory|76/100|[from] item: Leftovers
|upkeep
|turn|13
|
|t:|1727990486
|move|p1a: Skarmory|Protect|p1a: Skarmory
|-singleturn|p1a: Skarmory|Protect
|move|p2a: Castello|Meteor Mash|p1a: Skarmory
|-activate|p1a: Skarmory|Protect
|
|-weather|Sandstorm|[upkeep]
|-heal|p1a: Skarmory|82/100|[from] item: Leftovers
|upkeep
|turn|14
|
|t:|1727990494
|move|p2a: Castello|Meteor Mash|p1a: Skarmory|[miss]
|-miss|p2a: Castello|p1a: Skarmory
|move|p1a: Skarmory|Roar|p2a: Castello
|drag|p2a: Orma|Tyranitar, M|100/100
|-damage|p2a: Orma|88/100|[from] Spikes
|
|-weather|Sandstorm|[upkeep]
|-heal|p1a: Skarmory|88/100|[from] item: Leftovers
|upkeep
|turn|15
|
|t:|1727990504
|move|p1a: Skarmory|Protect|p1a: Skarmory
|-singleturn|p1a: Skarmory|Protect
|move|p2a: Orma|Fire Blast|p1a: Skarmory
|-activate|p1a: Skarmory|Protect
|
|-weather|Sandstorm|[upkeep]
|-heal|p1a: Skarmory|94/100|[from] item: Leftovers
|upkeep
|turn|16
|
|t:|1727990526
|switch|p1a: Charizard|Charizard, F|100/100
|move|p2a: Orma|Brick Break|p1a: Charizard
|-resisted|p1a: Charizard
|-damage|p1a: Charizard|83/100
|
|-weather|Sandstorm|[upkeep]
|-damage|p1a: Charizard|77/100|[from] Sandstorm
|-heal|p1a: Charizard|83/100|[from] item: Leftovers
|upkeep
|turn|17
|
|t:|1727990532
|move|p1a: Charizard|Substitute|p1a: Charizard
|-start|p1a: Charizard|Substitute
|-damage|p1a: Charizard|58/100
|move|p2a: Orma|Ancient Power|p1a: Charizard
|-supereffective|p1a: Charizard
|-crit|p1a: Charizard
|-end|p1a: Charizard|Substitute
|
|-weather|Sandstorm|[upkeep]
|-damage|p1a: Charizard|52/100|[from] Sandstorm
|-heal|p1a: Charizard|58/100|[from] item: Leftovers
|upkeep
|turn|18
|inactive|grillkinggaming has 270 seconds left.
|
|t:|1727990590
|move|p1a: Charizard|Substitute|p1a: Charizard
|-start|p1a: Charizard|Substitute
|-damage|p1a: Charizard|33/100
|move|p2a: Orma|Fire Blast|p1a: Charizard
|-resisted|p1a: Charizard
|-activate|p1a: Charizard|Substitute|[damage]
|
|-weather|Sandstorm|[upkeep]
|-damage|p1a: Charizard|27/100|[from] Sandstorm
|-heal|p1a: Charizard|33/100|[from] item: Leftovers
|upkeep
|turn|19
|
|t:|1727990596
|-singleturn|p1a: Charizard|move: Focus Punch
|switch|p2a: Attenzione|Salamence, F|100/100
|move|p1a: Charizard|Focus Punch|p2a: Attenzione
|-resisted|p2a: Attenzione
|-damage|p2a: Attenzione|81/100
|
|-weather|Sandstorm|[upkeep]
|-damage|p1a: Charizard|27/100|[from] Sandstorm
|-damage|p2a: Attenzione|75/100|[from] Sandstorm
|-heal|p1a: Charizard|33/100|[from] item: Leftovers
|-heal|p2a: Attenzione|81/100|[from] item: Leftovers
|upkeep
|turn|20
|inactive|grillkinggaming has 240 seconds left.
|inactive|grillkinggaming has 210 seconds left.
|
|t:|1727990648
|move|p1a: Charizard|Flamethrower|p2a: Attenzione
|-resisted|p2a: Attenzione
|-damage|p2a: Attenzione|51/100
|move|p2a: Attenzione|Hidden Power|p1a: Charizard
|-end|p1a: Charizard|Substitute
|
|-weather|Sandstorm|[upkeep]
|-damage|p1a: Charizard|27/100|[from] Sandstorm
|-damage|p2a: Attenzione|45/100|[from] Sandstorm
|-heal|p1a: Charizard|33/100|[from] item: Leftovers
|-heal|p2a: Attenzione|51/100|[from] item: Leftovers
|upkeep
|turn|21
|
|t:|1727990661
|switch|p1a: Zapdos|Zapdos|100/100
|move|p2a: Attenzione|Rock Slide|p1a: Zapdos
|-supereffective|p1a: Zapdos
|-damage|p1a: Zapdos|32/100
|
|-weather|Sandstorm|[upkeep]
|-damage|p1a: Zapdos|26/100|[from] Sandstorm
|-damage|p2a: Attenzione|45/100|[from] Sandstorm
|-heal|p1a: Zapdos|32/100|[from] item: Leftovers
|-heal|p2a: Attenzione|51/100|[from] item: Leftovers
|upkeep
|turn|22
|
|t:|1727990681
|switch|p2a: Direzione|Jirachi|100/100
|-damage|p2a: Direzione|88/100|[from] Spikes
|move|p1a: Zapdos|Thunderbolt|p2a: Direzione
|-damage|p2a: Direzione|46/100
|-status|p2a: Direzione|par
|
|-weather|Sandstorm|[upkeep]
|-damage|p1a: Zapdos|26/100|[from] Sandstorm
|-heal|p1a: Zapdos|32/100|[from] item: Leftovers
|-heal|p2a: Direzione|52/100 par|[from] item: Leftovers
|upkeep
|turn|23
|
|t:|1727990691
|move|p1a: Zapdos|Baton Pass|p1a: Zapdos
|
|t:|1727990696
|switch|p1a: Charizard|Charizard, F|33/100|[from] Baton Pass
|cant|p2a: Direzione|par
|
|-weather|Sandstorm|[upkeep]
|-damage|p1a: Charizard|27/100|[from] Sandstorm
|-heal|p1a: Charizard|33/100|[from] item: Leftovers
|-heal|p2a: Direzione|59/100 par|[from] item: Leftovers
|upkeep
|turn|24
|
|t:|1727990701
|move|p1a: Charizard|Flamethrower|p2a: Direzione
|-supereffective|p2a: Direzione
|-crit|p2a: Direzione
|-damage|p2a: Direzione|0 fnt
|faint|p2a: Direzione
|
|t:|1727990704
|switch|p2a: Orma|Tyranitar, M|88/100
|-damage|p2a: Orma|76/100|[from] Spikes
|
|-weather|Sandstorm|[upkeep]
|-damage|p1a: Charizard|27/100|[from] Sandstorm
|-heal|p1a: Charizard|33/100|[from] item: Leftovers
|upkeep
|turn|25
|inactive|grillkinggaming has 240 seconds left.
|
|t:|1727990733
|switch|p1a: Metagross|Metagross|68/100
|move|p2a: Orma|Ancient Power|p1a: Metagross
|-resisted|p1a: Metagross
|-damage|p1a: Metagross|57/100
|
|-weather|Sandstorm|[upkeep]
|-heal|p1a: Metagross|63/100|[from] item: Leftovers
|upkeep
|turn|26
|
|t:|1727990747
|move|p2a: Orma|Fire Blast|p1a: Metagross
|-supereffective|p1a: Metagross
|-crit|p1a: Metagross
|-damage|p1a: Metagross|0 fnt
|faint|p1a: Metagross
|inactive|grillkinggaming has 210 seconds left.
|inactive|grillkinggaming has 180 seconds left.
|
|t:|1727990793
|switch|p1a: Jumpluff|Jumpluff, F|100/100
|
|-weather|Sandstorm|[upkeep]
|-damage|p1a: Jumpluff|94/100|[from] Sandstorm
|-heal|p1a: Jumpluff|100/100|[from] item: Leftovers
|upkeep
|turn|27
|
|t:|1727990814
|move|p1a: Jumpluff|Substitute|p1a: Jumpluff
|-start|p1a: Jumpluff|Substitute
|-damage|p1a: Jumpluff|76/100
|move|p2a: Orma|Ancient Power|p1a: Jumpluff
|-supereffective|p1a: Jumpluff
|-end|p1a: Jumpluff|Substitute
|
|-weather|Sandstorm|[upkeep]
|-damage|p1a: Jumpluff|69/100|[from] Sandstorm
|-heal|p1a: Jumpluff|76/100|[from] item: Leftovers
|upkeep
|turn|28
|inactive|grillkinggaming has 180 seconds left.
|
|t:|1727990832
|switch|p1a: Skarmory|Skarmory, F|94/100
|move|p2a: Orma|Ancient Power|p1a: Skarmory
|-damage|p1a: Skarmory|71/100
|
|-weather|Sandstorm|[upkeep]
|-heal|p1a: Skarmory|77/100|[from] item: Leftovers
|upkeep
|turn|29
|
|t:|1727990841
|move|p1a: Skarmory|Protect|p1a: Skarmory
|-singleturn|p1a: Skarmory|Protect
|move|p2a: Orma|Fire Blast|p1a: Skarmory
|-activate|p1a: Skarmory|Protect
|
|-weather|Sandstorm|[upkeep]
|-heal|p1a: Skarmory|83/100|[from] item: Leftovers
|upkeep
|turn|30
|
|t:|1727990849
|move|p2a: Orma|Fire Blast|p1a: Skarmory
|-supereffective|p1a: Skarmory
|-damage|p1a: Skarmory|21/100
|move|p1a: Skarmory|Roar|p2a: Orma
|drag|p2a: Castello|Metagross|100/100
|-damage|p2a: Castello|88/100|[from] Spikes
|
|-weather|Sandstorm|[upkeep]
|-heal|p1a: Skarmory|27/100|[from] item: Leftovers
|upkeep
|turn|31
|
|t:|1727990857
|move|p1a: Skarmory|Protect|p1a: Skarmory
|-singleturn|p1a: Skarmory|Protect
|move|p2a: Castello|Meteor Mash|p1a: Skarmory
|-activate|p1a: Skarmory|Protect
|
|-weather|Sandstorm|[upkeep]
|-heal|p1a: Skarmory|33/100|[from] item: Leftovers
|upkeep
|turn|32
|
|t:|1727990863
|move|p2a: Castello|Meteor Mash|p1a: Skarmory
|-resisted|p1a: Skarmory
|-damage|p1a: Skarmory|2/100
|move|p1a: Skarmory|Spikes|p2a: Castello
|-sidestart|p2: DancingAlong|Spikes
|
|-weather|Sandstorm|[upkeep]
|-heal|p1a: Skarmory|8/100|[from] item: Leftovers
|upkeep
|turn|33
|
|t:|1727990868
|move|p2a: Castello|Meteor Mash|p1a: Skarmory
|-resisted|p1a: Skarmory
|-damage|p1a: Skarmory|0 fnt
|faint|p1a: Skarmory
|
|t:|1727990871
|switch|p1a: Charizard|Charizard, F|33/100
|
|-weather|Sandstorm|[upkeep]
|-damage|p1a: Charizard|27/100|[from] Sandstorm
|-heal|p1a: Charizard|33/100|[from] item: Leftovers
|upkeep
|turn|34
|inactive|grillkinggaming has 210 seconds left.
|inactive|grillkinggaming has 180 seconds left.
|
|t:|1727990932
|switch|p2a: Attenzione|Salamence, F|51/100
|-ability|p2a: Attenzione|Intimidate|boost
|-unboost|p1a: Charizard|atk|1
|move|p1a: Charizard|Flamethrower|p2a: Attenzione
|-resisted|p2a: Attenzione
|-damage|p2a: Attenzione|18/100
|
|-weather|Sandstorm|[upkeep]
|-damage|p1a: Charizard|27/100|[from] Sandstorm
|-damage|p2a: Attenzione|12/100|[from] Sandstorm
|-heal|p1a: Charizard|33/100|[from] item: Leftovers
|-heal|p2a: Attenzione|18/100|[from] item: Leftovers
|upkeep
|turn|35
|inactive|DancingAlong has 270 seconds left.
|
|t:|1727990953
|switch|p2a: Premio|Swampert, F|41/100
|-damage|p2a: Premio|25/100|[from] Spikes
|move|p1a: Charizard|Flamethrower|p2a: Premio
|-resisted|p2a: Premio
|-damage|p2a: Premio|0 fnt
|faint|p2a: Premio
|
|t:|1727990962
|switch|p2a: Orma|Tyranitar, M|76/100
|-damage|p2a: Orma|59/100|[from] Spikes
|
|-weather|Sandstorm|[upkeep]
|-damage|p1a: Charizard|27/100|[from] Sandstorm
|-heal|p1a: Charizard|33/100|[from] item: Leftovers
|upkeep
|turn|36
|
|t:|1727990992
|switch|p1a: Jumpluff|Jumpluff, F|76/100
|move|p2a: Orma|Ancient Power|p1a: Jumpluff
|-supereffective|p1a: Jumpluff
|-damage|p1a: Jumpluff|0 fnt
|-boost|p2a: Orma|atk|1
|-boost|p2a: Orma|def|1
|-boost|p2a: Orma|spa|1
|-boost|p2a: Orma|spd|1
|-boost|p2a: Orma|spe|1
|faint|p1a: Jumpluff
|c|☆grillkinggaming|noooo
|inactive|grillkinggaming has 150 seconds left.
|
|t:|1727991005
|switch|p1a: Blissey|Blissey, F|80/100
|
|-weather|Sandstorm|[upkeep]
|-damage|p1a: Blissey|74/100|[from] Sandstorm
|-heal|p1a: Blissey|80/100|[from] item: Leftovers
|upkeep
|turn|37
|
|t:|1727991009
|move|p2a: Orma|Brick Break|p1a: Blissey
|-supereffective|p1a: Blissey
|-damage|p1a: Blissey|7/100
|move|p1a: Blissey|Thunder Wave|p2a: Orma
|-status|p2a: Orma|par
|-enditem|p2a: Orma|Lum Berry|[eat]
|-curestatus|p2a: Orma|par|[msg]
|
|-weather|Sandstorm|[upkeep]
|-damage|p1a: Blissey|1/100|[from] Sandstorm
|-heal|p1a: Blissey|7/100|[from] item: Leftovers
|upkeep
|turn|38
|
|t:|1727991015
|move|p2a: Orma|Brick Break|p1a: Blissey
|-supereffective|p1a: Blissey
|-damage|p1a: Blissey|0 fnt
|faint|p1a: Blissey
|
|t:|1727991022
|switch|p1a: Charizard|Charizard, F|33/100
|
|-weather|Sandstorm|[upkeep]
|-damage|p1a: Charizard|27/100|[from] Sandstorm
|-heal|p1a: Charizard|33/100|[from] item: Leftovers
|upkeep
|turn|39
|
|t:|1727991025
|move|p2a: Orma|Ancient Power|p1a: Charizard
|-supereffective|p1a: Charizard
|-damage|p1a: Charizard|0 fnt
|faint|p1a: Charizard
|c|☆grillkinggaming|gg
|c|☆DancingAlong|gg
|-message|grillkinggaming forfeited.
|
|win|DancingAlong

</script>
<script type="application/json" class="data" id="replaydata-smogtours-gen3ou-794393">
{"id":"smogtours-gen3ou-794393","format":"[Gen 3] OU","players":["grillkinggaming","DancingAlong"],"uploadtime":1727991031,"views":154,"formatid":"gen3ou","rating":null,"private":0,"password":null}
</script>

<script defer src="js/replays.js?9d40a366"></script>
