<!DOCTYPE html>
<meta charset="utf-8" />
<meta name="viewport" content="width=device-width" />

<title>[Gen 3] OU: BongMoodeus vs. luisin - Replays - Pok&eacute;mon Showdown!</title>

<meta name="description" content="Watch a replay of a Pok&eacute;mon battle between BongMoodeus and luisin! Format: [Gen 3] OU; Date: Oct 17, 2024" />
<!--

Hey, you! Looking in the source for the replay log?

You can find them in JSON format, just add `.json` at the end of a replay URL.

https://replay.pokemonshowdown.com/gen7randomdoublesbattle-865046831.json

Or, if you only need the log itself, add `.log` instead:

https://replay.pokemonshowdown.com/gen7randomdoublesbattle-865046831.log

-->

<link rel="stylesheet" href="//pokemonshowdown.com/style/global.css?0.023195364461161105" />
<link rel="stylesheet" href="//play.pokemonshowdown.com/style/font-awesome.css?0.13261647063804238" />
<link rel="stylesheet" href="//play.pokemonshowdown.com/style/battle.css?0.8753245789963631" />
<link rel="stylesheet" href="//play.pokemonshowdown.com/style/utilichart.css?0.8627959624976733" />

<!-- Global site tag (gtag.js) - Google Analytics -->
<script async src="https://www.googletagmanager.com/gtag/js?id=UA-26211653-1"></script>
<script>
  window.dataLayer = window.dataLayer || [];
  function gtag(){dataLayer.push(arguments);}
  gtag('js', new Date());

  gtag('config', 'UA-26211653-1');
</script>
<!-- End Google Analytics -->
<!-- Venatus Ad Manager - Install in <HEAD> of page -->
	<script src="https://hb.vntsm.com/v3/live/ad-manager.min.js" type="text/javascript" data-site-id="642aba63ec9a7b11c3c9c1be" data-mode="scan" async></script>
<!-- / Venatus Ad Manager -->

<style>
	@media (max-width:820px) {
		.battle {
			margin: 0 auto;
		}
		.battle-log {
			margin: 7px auto 0;
			max-width: 640px;
			height: 300px;
			position: static;
		}
	}
	.optgroup {
		display: inline-block;
		line-height: 22px;
		font-size: 10pt;
	}
	.optgroup .button {
		height: 25px;
		padding-top: 0;
		padding-bottom: 0;
	}
	.optgroup button.button {
		padding-left: 12px;
		padding-right: 12px;
	}
	.linklist {
		list-style: none;
		margin: 0.5em 0;
		padding: 0;
	}
	.linklist li {
		padding: 2px 0;
	}
	.sidebar {
		float: left;
		width: 320px;
	}
	.bar-wrapper {
		max-width: 1100px;
		margin: 0 auto;
	}
	.bar-wrapper.has-sidebar {
		max-width: 1430px;
	}
	.mainbar {
		margin: 0;
		padding-right: 1px;
	}
	.mainbar.has-sidebar {
		margin-left: 330px;
	}
	@media (min-width: 1511px) {
		.sidebar {
			width: 400px;
		}
		.bar-wrapper.has-sidebar {
			max-width: 1510px;
		}
		.mainbar.has-sidebar {
			margin-left: 410px;
		}
	}
	.section.first-section {
		margin-top: 9px;
	}
	.blocklink small {
		white-space: normal;
	}
	.button {
		vertical-align: middle;
	}
	.replay-controls {
		padding-top: 10px;
	}
	.replay-controls h1 {
		font-size: 16pt;
		font-weight: normal;
		color: #CCC;
	}
	.pagelink {
		text-align: center;
	}
	.pagelink a {
		width: 150px;
	}
	.textbox, .button {
		font-size: 11pt;
		vertical-align: middle;
	}
	@media (max-width: 450px) {
		.button {
			font-size: 9pt;
		}
	}
</style>

<div>

	<header>
		<div class="nav-wrapper"><ul class="nav">
			<li><a class="button nav-first" href="//pokemonshowdown.com/"><img src="//pokemonshowdown.com/images/pokemonshowdownbeta.png" srcset="//pokemonshowdown.com/images/pokemonshowdownbeta.png 1x, //pokemonshowdown.com/images/pokemonshowdownbeta@2x.png 2x" alt="Pok&eacute;mon Showdown" width="146" height="44" /> Home</a></li>
			<li><a class="button" href="//pokemonshowdown.com/dex/">Pok&eacute;dex</a></li>
			<li><a class="button cur" href="/">Replays</a></li>
			<li><a class="button" href="//pokemonshowdown.com/ladder/">Ladder</a></li>
			<li><a class="button nav-last" href="//pokemonshowdown.com/forums/">Forum</a></li>
			<li><a class="button greenbutton nav-first nav-last" href="//play.pokemonshowdown.com/">Play</a></li>
		</ul></div>
	</header>

	<div class="main" id="main">

		<noscript><section class="section">You need to enable JavaScript to use this page; sorry!</section></noscript>

	</div>

</div>

<script defer nomodule src="//play.pokemonshowdown.com/js/lib/ps-polyfill.js"></script>
<script defer src="//play.pokemonshowdown.com/js/lib/preact.min.js"></script>

<script defer src="//play.pokemonshowdown.com/config/config.js?2bddbc15"></script>
<script defer src="//play.pokemonshowdown.com/js/lib/jquery-1.11.0.min.js"></script>
<script defer src="//play.pokemonshowdown.com/js/lib/html-sanitizer-minified.js"></script>
<script defer src="//play.pokemonshowdown.com/js/battle-sound.js"></script>
<script defer src="//play.pokemonshowdown.com/js/battledata.js?0.7209276989879541"></script>
<script defer src="//play.pokemonshowdown.com/data/pokedex-mini.js?0.6111056340867951"></script>
<script defer src="//play.pokemonshowdown.com/data/pokedex-mini-bw.js?0.3532142036491459"></script>
<script defer src="//play.pokemonshowdown.com/data/graphics.js?0.24223875632456182"></script>
<script defer src="//play.pokemonshowdown.com/data/pokedex.js?0.38839984266356864"></script>
<script defer src="//play.pokemonshowdown.com/data/moves.js?0.21866028504024015"></script>
<script defer src="//play.pokemonshowdown.com/data/abilities.js?0.2005157953846628"></script>
<script defer src="//play.pokemonshowdown.com/data/items.js?0.9894211263848525"></script>
<script defer src="//play.pokemonshowdown.com/data/teambuilder-tables.js?0.6008791140282215"></script>
<script defer src="//play.pokemonshowdown.com/js/battle-tooltips.js?0.7580118955022959"></script>
<script defer src="//play.pokemonshowdown.com/js/battle.js?0.6057722274234274"></script>

<script defer src="js/utils.js?e31f9a17"></script>
<script defer src="js/replays-battle.js?7008c182"></script>

<!-- don't scrape this data! just add .json or .log after the URL!
Full API docs: https://github.com/smogon/pokemon-showdown-client/blob/master/WEB-API.md -->
<script type="text/plain" class="log" id="replaylog-smogtours-gen3ou-799225">
|inactive|Battle timer is ON: inactive players will automatically lose when time's up.
|t:|1729128020
|gametype|singles
|player|p1|BongMoodeus|2|
|player|p2|luisin|#luisin|
|teamsize|p1|6
|teamsize|p2|6
|gen|3
|tier|[Gen 3] OU
|rule|Sleep Clause Mod: Limit one foe put to sleep
|rule|Switch Priority Clause Mod: Faster Pokémon switch first
|rule|Species Clause: Limit one of each Pokémon
|rule|OHKO Clause: OHKO moves are banned
|rule|Evasion Items Clause: Evasion items are banned
|rule|Evasion Moves Clause: Evasion moves are banned
|rule|Endless Battle Clause: Forcing endless battles is banned
|rule|HP Percentage Mod: HP is shown in percentages
|rule|One Boost Passer Clause: Limit one Baton Passer that has a way to boost its stats
|rule|Freeze Clause Mod: Limit one foe frozen
|
|t:|1729128020
|start
|switch|p1a: Iron Lung|Skarmory, F|100/100
|switch|p2a: Skarmory|Skarmory, M|100/100
|turn|1
|c|☆luisin|hf
|
|t:|1729128031
|move|p1a: Iron Lung|Taunt|p2a: Skarmory
|-start|p2a: Skarmory|move: Taunt
|cant|p2a: Skarmory|move: Taunt|Spikes
|
|upkeep
|turn|2
|c|☆BongMoodeus|U2
|
|t:|1729128042
|switch|p2a: Zapdos|Zapdos|100/100
|move|p1a: Iron Lung|Spikes|p2a: Zapdos
|-sidestart|p2: luisin|Spikes
|
|upkeep
|turn|3
|
|t:|1729128048
|switch|p2a: Skarmory|Skarmory, M|100/100
|switch|p1a: Waffle House|Blissey, F|100/100
|
|upkeep
|turn|4
|
|t:|1729128053
|switch|p1a: Moonrock|Starmie|100/100
|move|p2a: Skarmory|Spikes|p1a: Moonrock
|-sidestart|p1: BongMoodeus|Spikes
|
|upkeep
|turn|5
|
|t:|1729128058
|move|p2a: Skarmory|Protect|p2a: Skarmory
|-singleturn|p2a: Skarmory|Protect
|move|p1a: Moonrock|Rapid Spin|p2a: Skarmory
|-activate|p2a: Skarmory|Protect
|
|upkeep
|turn|6
|
|t:|1729128061
|move|p1a: Moonrock|Surf|p2a: Skarmory
|-damage|p2a: Skarmory|69/100
|move|p2a: Skarmory|Spikes|p1a: Moonrock
|-sidestart|p1: BongMoodeus|Spikes
|
|-heal|p2a: Skarmory|75/100|[from] item: Leftovers
|upkeep
|turn|7
|
|t:|1729128065
|move|p2a: Skarmory|Protect|p2a: Skarmory
|-singleturn|p2a: Skarmory|Protect
|move|p1a: Moonrock|Surf|p2a: Skarmory
|-activate|p2a: Skarmory|Protect
|
|-heal|p2a: Skarmory|81/100|[from] item: Leftovers
|upkeep
|turn|8
|
|t:|1729128067
|switch|p2a: Misdreavus|Misdreavus, F|100/100
|move|p1a: Moonrock|Rapid Spin|p2a: Misdreavus
|-immune|p2a: Misdreavus
|
|upkeep
|turn|9
|
|t:|1729128086
|move|p1a: Moonrock|Surf|p2a: Misdreavus
|-damage|p2a: Misdreavus|70/100
|move|p2a: Misdreavus|Thunderbolt|p1a: Moonrock
|-supereffective|p1a: Moonrock
|-crit|p1a: Moonrock
|-damage|p1a: Moonrock|11/100
|
|-heal|p1a: Moonrock|17/100|[from] item: Leftovers
|-heal|p2a: Misdreavus|76/100|[from] item: Leftovers
|upkeep
|turn|10
|
|t:|1729128090
|move|p1a: Moonrock|Recover|p1a: Moonrock
|-heal|p1a: Moonrock|67/100
|move|p2a: Misdreavus|Thunderbolt|p1a: Moonrock
|-supereffective|p1a: Moonrock
|-damage|p1a: Moonrock|19/100
|
|-heal|p1a: Moonrock|25/100|[from] item: Leftovers
|-heal|p2a: Misdreavus|82/100|[from] item: Leftovers
|upkeep
|turn|11
|
|t:|1729128095
|move|p1a: Moonrock|Recover|p1a: Moonrock
|-heal|p1a: Moonrock|75/100
|move|p2a: Misdreavus|Mean Look|p1a: Moonrock
|-activate|p1a: Moonrock|trapped
|
|-heal|p1a: Moonrock|81/100|[from] item: Leftovers
|-heal|p2a: Misdreavus|88/100|[from] item: Leftovers
|upkeep
|turn|12
|
|t:|1729128101
|move|p1a: Moonrock|Psychic|p2a: Misdreavus
|-crit|p2a: Misdreavus
|-damage|p2a: Misdreavus|34/100
|move|p2a: Misdreavus|Perish Song|p2a: Misdreavus
|-start|p1a: Moonrock|perish3|[silent]
|-start|p2a: Misdreavus|perish3|[silent]
|-fieldactivate|move: Perish Song
|
|-heal|p1a: Moonrock|88/100|[from] item: Leftovers
|-heal|p2a: Misdreavus|41/100|[from] item: Leftovers
|-start|p1a: Moonrock|perish3
|-start|p2a: Misdreavus|perish3
|upkeep
|turn|13
|
|t:|1729128105
|move|p1a: Moonrock|Psychic|p2a: Misdreavus
|-damage|p2a: Misdreavus|14/100
|move|p2a: Misdreavus|Rest|p2a: Misdreavus
|-status|p2a: Misdreavus|slp|[from] move: Rest
|-heal|p2a: Misdreavus|100/100 slp|[silent]
|
|-heal|p1a: Moonrock|94/100|[from] item: Leftovers
|-start|p1a: Moonrock|perish2
|-start|p2a: Misdreavus|perish2
|upkeep
|turn|14
|
|t:|1729128107
|move|p1a: Moonrock|Psychic|p2a: Misdreavus
|-damage|p2a: Misdreavus|71/100 slp
|cant|p2a: Misdreavus|slp
|
|-heal|p1a: Moonrock|99/100|[from] item: Leftovers
|-heal|p2a: Misdreavus|78/100 slp|[from] item: Leftovers
|-start|p1a: Moonrock|perish1
|-start|p2a: Misdreavus|perish1
|upkeep
|turn|15
|
|t:|1729128110
|switch|p2a: Blissey|Blissey, F|100/100
|-damage|p2a: Blissey|88/100|[from] Spikes
|move|p1a: Moonrock|Psychic|p2a: Blissey
|-damage|p2a: Blissey|75/100
|
|-heal|p1a: Moonrock|100/100|[from] item: Leftovers
|-heal|p2a: Blissey|81/100|[from] item: Leftovers
|-start|p1a: Moonrock|perish0
|upkeep
|faint|p1a: Moonrock
|
|t:|1729128115
|switch|p1a: Tar|Tyranitar, F|100/100
|-damage|p1a: Tar|84/100|[from] Spikes
|-weather|Sandstorm|[from] ability: Sand Stream|[of] p1a: Tar
|turn|16
|
|t:|1729128121
|switch|p2a: Flygon|Flygon, M|100/100
|move|p1a: Tar|Dragon Dance|p1a: Tar
|-boost|p1a: Tar|atk|1
|-boost|p1a: Tar|spe|1
|
|-weather|Sandstorm|[upkeep]
|-heal|p1a: Tar|90/100|[from] item: Leftovers
|upkeep
|turn|17
|
|t:|1729128123
|switch|p1a: Vaporizor|Zapdos|100/100
|move|p2a: Flygon|Earthquake|p1a: Vaporizor
|-immune|p1a: Vaporizor
|
|-weather|Sandstorm|[upkeep]
|-damage|p1a: Vaporizor|94/100|[from] Sandstorm
|-heal|p1a: Vaporizor|100/100|[from] item: Leftovers
|upkeep
|turn|18
|
|t:|1729128129
|move|p2a: Flygon|Protect|p2a: Flygon
|-singleturn|p2a: Flygon|Protect
|move|p1a: Vaporizor|Roar|p2a: Flygon
|-activate|p2a: Flygon|Protect
|
|-weather|Sandstorm|[upkeep]
|-damage|p1a: Vaporizor|94/100|[from] Sandstorm
|-heal|p1a: Vaporizor|100/100|[from] item: Leftovers
|upkeep
|turn|19
|
|t:|1729128134
|move|p2a: Flygon|Toxic|p1a: Vaporizor
|-status|p1a: Vaporizor|tox
|move|p1a: Vaporizor|Toxic|p2a: Flygon
|-status|p2a: Flygon|tox
|
|-weather|Sandstorm|[upkeep]
|-damage|p1a: Vaporizor|94/100 tox|[from] Sandstorm
|-damage|p2a: Flygon|94/100 tox|[from] psn
|-heal|p1a: Vaporizor|100/100 tox|[from] item: Leftovers
|-damage|p1a: Vaporizor|94/100 tox|[from] psn
|upkeep
|turn|20
|
|t:|1729128139
|switch|p2a: Zapdos|Zapdos|100/100
|move|p1a: Vaporizor|Roar|p2a: Zapdos
|drag|p2a: Misdreavus|Misdreavus, F|78/100 slp
|
|-weather|Sandstorm|[upkeep]
|-damage|p1a: Vaporizor|88/100 tox|[from] Sandstorm
|-damage|p2a: Misdreavus|71/100 slp|[from] Sandstorm
|-heal|p1a: Vaporizor|94/100 tox|[from] item: Leftovers
|-damage|p1a: Vaporizor|82/100 tox|[from] psn
|-heal|p2a: Misdreavus|78/100 slp|[from] item: Leftovers
|upkeep
|turn|21
|
|t:|1729128145
|switch|p2a: Zapdos|Zapdos|100/100
|move|p1a: Vaporizor|Thunderbolt|p2a: Zapdos
|-damage|p2a: Zapdos|74/100
|
|-weather|Sandstorm|[upkeep]
|-damage|p2a: Zapdos|68/100|[from] Sandstorm
|-damage|p1a: Vaporizor|75/100 tox|[from] Sandstorm
|-heal|p2a: Zapdos|74/100|[from] item: Leftovers
|-heal|p1a: Vaporizor|82/100 tox|[from] item: Leftovers
|-damage|p1a: Vaporizor|63/100 tox|[from] psn
|upkeep
|turn|22
|
|t:|1729128149
|move|p2a: Zapdos|Thunderbolt|p1a: Vaporizor
|-damage|p1a: Vaporizor|37/100 tox
|move|p1a: Vaporizor|Toxic|p2a: Zapdos
|-status|p2a: Zapdos|tox
|
|-weather|Sandstorm|[upkeep]
|-damage|p2a: Zapdos|68/100 tox|[from] Sandstorm
|-damage|p1a: Vaporizor|31/100 tox|[from] Sandstorm
|-heal|p2a: Zapdos|74/100 tox|[from] item: Leftovers
|-damage|p2a: Zapdos|68/100 tox|[from] psn
|-heal|p1a: Vaporizor|37/100 tox|[from] item: Leftovers
|-damage|p1a: Vaporizor|12/100 tox|[from] psn
|upkeep
|turn|23
|
|t:|1729128152
|move|p2a: Zapdos|Rest|p2a: Zapdos
|-status|p2a: Zapdos|slp|[from] move: Rest
|-heal|p2a: Zapdos|100/100 slp|[silent]
|move|p1a: Vaporizor|Rest|p1a: Vaporizor
|-status|p1a: Vaporizor|slp|[from] move: Rest
|-heal|p1a: Vaporizor|100/100 slp|[silent]
|
|-weather|Sandstorm|[upkeep]
|-damage|p2a: Zapdos|94/100 slp|[from] Sandstorm
|-damage|p1a: Vaporizor|94/100 slp|[from] Sandstorm
|-heal|p2a: Zapdos|100/100 slp|[from] item: Leftovers
|-heal|p1a: Vaporizor|100/100 slp|[from] item: Leftovers
|upkeep
|turn|24
|
|t:|1729128156
|switch|p2a: Blissey|Blissey, F|81/100
|-damage|p2a: Blissey|68/100|[from] Spikes
|switch|p1a: Iron Lung|Skarmory, F|100/100
|
|-weather|Sandstorm|[upkeep]
|-damage|p2a: Blissey|62/100|[from] Sandstorm
|-heal|p2a: Blissey|68/100|[from] item: Leftovers
|upkeep
|turn|25
|
|t:|1729128163
|move|p2a: Blissey|Aromatherapy|p2a: Blissey
|-cureteam|p2a: Blissey|[from] move: Aromatherapy
|move|p1a: Iron Lung|Roar|p2a: Blissey
|drag|p2a: Moltres|Moltres|100/100
|
|-weather|Sandstorm|[upkeep]
|-damage|p2a: Moltres|94/100|[from] Sandstorm
|-heal|p2a: Moltres|100/100|[from] item: Leftovers
|upkeep
|turn|26
|
|t:|1729128170
|switch|p1a: Waffle House|Blissey, F|100/100
|-damage|p1a: Waffle House|84/100|[from] Spikes
|move|p2a: Moltres|Flamethrower|p1a: Waffle House
|-damage|p1a: Waffle House|64/100
|
|-weather|Sandstorm|[upkeep]
|-damage|p2a: Moltres|94/100|[from] Sandstorm
|-damage|p1a: Waffle House|58/100|[from] Sandstorm
|-heal|p2a: Moltres|100/100|[from] item: Leftovers
|-heal|p1a: Waffle House|64/100|[from] item: Leftovers
|upkeep
|turn|27
|
|t:|1729128174
|switch|p2a: Misdreavus|Misdreavus, F|78/100
|move|p1a: Waffle House|Soft-Boiled|p1a: Waffle House
|-heal|p1a: Waffle House|100/100
|
|-weather|Sandstorm|[upkeep]
|-damage|p2a: Misdreavus|71/100|[from] Sandstorm
|-damage|p1a: Waffle House|94/100|[from] Sandstorm
|-heal|p2a: Misdreavus|78/100|[from] item: Leftovers
|-heal|p1a: Waffle House|100/100|[from] item: Leftovers
|upkeep
|turn|28
|
|t:|1729128181
|switch|p1a: Tar|Tyranitar, F|90/100
|-damage|p1a: Tar|73/100|[from] Spikes
|move|p2a: Misdreavus|Perish Song|p2a: Misdreavus
|-start|p1a: Tar|perish3|[silent]
|-start|p2a: Misdreavus|perish3|[silent]
|-fieldactivate|move: Perish Song
|
|-weather|Sandstorm|[upkeep]
|-damage|p2a: Misdreavus|71/100|[from] Sandstorm
|-heal|p2a: Misdreavus|78/100|[from] item: Leftovers
|-heal|p1a: Tar|80/100|[from] item: Leftovers
|-start|p2a: Misdreavus|perish3
|-start|p1a: Tar|perish3
|upkeep
|turn|29
|
|t:|1729128185
|switch|p2a: Flygon|Flygon, M|94/100
|move|p1a: Tar|Rock Slide|p2a: Flygon
|-resisted|p2a: Flygon
|-damage|p2a: Flygon|79/100
|
|-weather|Sandstorm|[upkeep]
|-heal|p2a: Flygon|85/100|[from] item: Leftovers
|-heal|p1a: Tar|86/100|[from] item: Leftovers
|-start|p1a: Tar|perish2
|upkeep
|turn|30
|
|t:|1729128191
|switch|p2a: Misdreavus|Misdreavus, F|78/100
|switch|p1a: Iron Lung|Skarmory, F|100/100
|
|-weather|Sandstorm|[upkeep]
|-damage|p2a: Misdreavus|71/100|[from] Sandstorm
|-heal|p2a: Misdreavus|78/100|[from] item: Leftovers
|upkeep
|turn|31
|
|t:|1729128196
|move|p1a: Iron Lung|Taunt|p2a: Misdreavus
|-start|p2a: Misdreavus|move: Taunt
|move|p2a: Misdreavus|Thunderbolt|p1a: Iron Lung
|-supereffective|p1a: Iron Lung
|-crit|p1a: Iron Lung
|-damage|p1a: Iron Lung|16/100
|
|-weather|Sandstorm|[upkeep]
|-damage|p2a: Misdreavus|71/100|[from] Sandstorm
|-heal|p1a: Iron Lung|22/100|[from] item: Leftovers
|-heal|p2a: Misdreavus|78/100|[from] item: Leftovers
|upkeep
|turn|32
|
|t:|1729128207
|switch|p1a: Tar|Tyranitar, F|86/100
|-damage|p1a: Tar|69/100|[from] Spikes
|move|p2a: Misdreavus|Thunderbolt|p1a: Tar
|-crit|p1a: Tar
|-damage|p1a: Tar|39/100
|
|-weather|Sandstorm|[upkeep]
|-damage|p2a: Misdreavus|71/100|[from] Sandstorm
|-heal|p2a: Misdreavus|78/100|[from] item: Leftovers
|-end|p2a: Misdreavus|move: Taunt|[silent]
|-heal|p1a: Tar|45/100|[from] item: Leftovers
|upkeep
|turn|33
|
|t:|1729128212
|switch|p2a: Flygon|Flygon, M|85/100
|move|p1a: Tar|Rock Slide|p2a: Flygon
|-resisted|p2a: Flygon
|-crit|p2a: Flygon
|-damage|p2a: Flygon|56/100
|
|-weather|Sandstorm|[upkeep]
|-heal|p2a: Flygon|62/100|[from] item: Leftovers
|-heal|p1a: Tar|51/100|[from] item: Leftovers
|upkeep
|turn|34
|
|t:|1729128216
|switch|p1a: Bongmodeus|Swampert, M|100/100
|-damage|p1a: Bongmodeus|84/100|[from] Spikes
|move|p2a: Flygon|Earthquake|p1a: Bongmodeus
|-damage|p1a: Bongmodeus|61/100
|
|-weather|Sandstorm|[upkeep]
|-heal|p2a: Flygon|68/100|[from] item: Leftovers
|-heal|p1a: Bongmodeus|67/100|[from] item: Leftovers
|upkeep
|turn|35
|
|t:|1729128225
|move|p2a: Flygon|Protect|p2a: Flygon
|-singleturn|p2a: Flygon|Protect
|move|p1a: Bongmodeus|Ice Beam|p2a: Flygon
|-activate|p2a: Flygon|Protect
|
|-weather|Sandstorm|[upkeep]
|-heal|p2a: Flygon|74/100|[from] item: Leftovers
|-heal|p1a: Bongmodeus|74/100|[from] item: Leftovers
|upkeep
|turn|36
|
|t:|1729128230
|switch|p2a: Skarmory|Skarmory, M|81/100
|switch|p1a: Iron Lung|Skarmory, F|22/100
|
|-weather|Sandstorm|[upkeep]
|-heal|p1a: Iron Lung|28/100|[from] item: Leftovers
|-heal|p2a: Skarmory|87/100|[from] item: Leftovers
|upkeep
|turn|37
|
|t:|1729128233
|switch|p2a: Moltres|Moltres|100/100
|move|p1a: Iron Lung|Taunt|p2a: Moltres
|-start|p2a: Moltres|move: Taunt
|
|-weather|Sandstorm|[upkeep]
|-damage|p2a: Moltres|94/100|[from] Sandstorm
|-heal|p2a: Moltres|100/100|[from] item: Leftovers
|-heal|p1a: Iron Lung|34/100|[from] item: Leftovers
|upkeep
|turn|38
|
|t:|1729128237
|move|p2a: Moltres|Flamethrower|p1a: Iron Lung
|-supereffective|p1a: Iron Lung
|-damage|p1a: Iron Lung|0 fnt
|faint|p1a: Iron Lung
|
|t:|1729128239
|switch|p1a: Waffle House|Blissey, F|100/100
|-damage|p1a: Waffle House|84/100|[from] Spikes
|
|-weather|Sandstorm|[upkeep]
|-damage|p2a: Moltres|94/100|[from] Sandstorm
|-damage|p1a: Waffle House|78/100|[from] Sandstorm
|-heal|p2a: Moltres|100/100|[from] item: Leftovers
|-end|p2a: Moltres|move: Taunt|[silent]
|-heal|p1a: Waffle House|84/100|[from] item: Leftovers
|upkeep
|turn|39
|
|t:|1729128243
|switch|p2a: Misdreavus|Misdreavus, F|78/100
|move|p1a: Waffle House|Seismic Toss|p2a: Misdreavus
|-immune|p2a: Misdreavus
|
|-weather|Sandstorm|[upkeep]
|-damage|p2a: Misdreavus|71/100|[from] Sandstorm
|-damage|p1a: Waffle House|78/100|[from] Sandstorm
|-heal|p2a: Misdreavus|78/100|[from] item: Leftovers
|-heal|p1a: Waffle House|84/100|[from] item: Leftovers
|upkeep
|turn|40
|
|t:|1729128251
|switch|p1a: Vaporizor|Zapdos|100/100 slp
|move|p2a: Misdreavus|Mean Look|p1a: Vaporizor
|-activate|p1a: Vaporizor|trapped
|
|-weather|Sandstorm|[upkeep]
|-damage|p1a: Vaporizor|94/100 slp|[from] Sandstorm
|-damage|p2a: Misdreavus|71/100|[from] Sandstorm
|-heal|p1a: Vaporizor|100/100 slp|[from] item: Leftovers
|-heal|p2a: Misdreavus|78/100|[from] item: Leftovers
|upkeep
|turn|41
|
|t:|1729128253
|move|p2a: Misdreavus|Perish Song|p2a: Misdreavus
|-start|p1a: Vaporizor|perish3|[silent]
|-start|p2a: Misdreavus|perish3|[silent]
|-fieldactivate|move: Perish Song
|cant|p1a: Vaporizor|slp
|
|-weather|Sandstorm|[upkeep]
|-damage|p1a: Vaporizor|94/100 slp|[from] Sandstorm
|-damage|p2a: Misdreavus|71/100|[from] Sandstorm
|-heal|p1a: Vaporizor|100/100 slp|[from] item: Leftovers
|-heal|p2a: Misdreavus|78/100|[from] item: Leftovers
|-start|p1a: Vaporizor|perish3
|-start|p2a: Misdreavus|perish3
|upkeep
|turn|42
|
|t:|1729128261
|move|p2a: Misdreavus|Thunderbolt|p1a: Vaporizor
|-damage|p1a: Vaporizor|87/100 slp
|cant|p1a: Vaporizor|slp
|
|-weather|Sandstorm|[upkeep]
|-damage|p1a: Vaporizor|81/100 slp|[from] Sandstorm
|-damage|p2a: Misdreavus|71/100|[from] Sandstorm
|-heal|p1a: Vaporizor|87/100 slp|[from] item: Leftovers
|-heal|p2a: Misdreavus|78/100|[from] item: Leftovers
|-start|p1a: Vaporizor|perish2
|-start|p2a: Misdreavus|perish2
|upkeep
|turn|43
|
|t:|1729128268
|move|p2a: Misdreavus|Thunderbolt|p1a: Vaporizor
|-damage|p1a: Vaporizor|75/100 slp
|-curestatus|p1a: Vaporizor|slp|[msg]
|move|p1a: Vaporizor|Roar|p2a: Misdreavus
|drag|p2a: Flygon|Flygon, M|74/100
|
|-weather|Sandstorm|[upkeep]
|-damage|p1a: Vaporizor|69/100|[from] Sandstorm
|-heal|p2a: Flygon|80/100|[from] item: Leftovers
|-heal|p1a: Vaporizor|75/100|[from] item: Leftovers
|-start|p1a: Vaporizor|perish1
|upkeep
|turn|44
|
|t:|1729128275
|switch|p1a: Bongmodeus|Swampert, M|74/100
|-damage|p1a: Bongmodeus|57/100|[from] Spikes
|move|p2a: Flygon|Earthquake|p1a: Bongmodeus
|-damage|p1a: Bongmodeus|32/100
|
|-weather|Sandstorm|[upkeep]
|-heal|p2a: Flygon|86/100|[from] item: Leftovers
|-heal|p1a: Bongmodeus|38/100|[from] item: Leftovers
|upkeep
|turn|45
|
|t:|1729128281
|switch|p2a: Moltres|Moltres|100/100
|move|p1a: Bongmodeus|Rest|p1a: Bongmodeus
|-status|p1a: Bongmodeus|slp|[from] move: Rest
|-heal|p1a: Bongmodeus|100/100 slp|[silent]
|
|-weather|Sandstorm|[upkeep]
|-damage|p2a: Moltres|94/100|[from] Sandstorm
|-heal|p2a: Moltres|100/100|[from] item: Leftovers
|upkeep
|turn|46
|
|t:|1729128288
|move|p2a: Moltres|Will-O-Wisp|p1a: Bongmodeus|[miss]
|-miss|p2a: Moltres|p1a: Bongmodeus
|cant|p1a: Bongmodeus|slp
|
|-weather|Sandstorm|[upkeep]
|-damage|p2a: Moltres|94/100|[from] Sandstorm
|-heal|p2a: Moltres|100/100|[from] item: Leftovers
|upkeep
|turn|47
|
|t:|1729128290
|move|p2a: Moltres|Hidden Power|p1a: Bongmodeus
|-supereffective|p1a: Bongmodeus
|-damage|p1a: Bongmodeus|7/100 slp
|cant|p1a: Bongmodeus|slp
|
|-weather|Sandstorm|[upkeep]
|-damage|p2a: Moltres|94/100|[from] Sandstorm
|-heal|p2a: Moltres|100/100|[from] item: Leftovers
|-heal|p1a: Bongmodeus|13/100 slp|[from] item: Leftovers
|upkeep
|turn|48
|
|t:|1729128294
|switch|p1a: Vaporizor|Zapdos|75/100
|move|p2a: Moltres|Flamethrower|p1a: Vaporizor
|-damage|p1a: Vaporizor|37/100
|
|-weather|Sandstorm|[upkeep]
|-damage|p2a: Moltres|94/100|[from] Sandstorm
|-damage|p1a: Vaporizor|30/100|[from] Sandstorm
|-heal|p2a: Moltres|100/100|[from] item: Leftovers
|-heal|p1a: Vaporizor|37/100|[from] item: Leftovers
|upkeep
|turn|49
|
|t:|1729128296
|move|p2a: Moltres|Flamethrower|p1a: Vaporizor
|-damage|p1a: Vaporizor|3/100
|move|p1a: Vaporizor|Toxic|p2a: Moltres
|-status|p2a: Moltres|tox
|
|-weather|Sandstorm|[upkeep]
|-damage|p2a: Moltres|94/100 tox|[from] Sandstorm
|-damage|p1a: Vaporizor|0 fnt|[from] Sandstorm
|faint|p1a: Vaporizor
|-heal|p2a: Moltres|100/100 tox|[from] item: Leftovers
|-damage|p2a: Moltres|94/100 tox|[from] psn
|upkeep
|
|t:|1729128298
|switch|p1a: Waffle House|Blissey, F|84/100
|-damage|p1a: Waffle House|67/100|[from] Spikes
|turn|50
|
|t:|1729128302
|switch|p2a: Misdreavus|Misdreavus, F|78/100
|move|p1a: Waffle House|Seismic Toss|p2a: Misdreavus
|-immune|p2a: Misdreavus
|
|-weather|Sandstorm|[upkeep]
|-damage|p2a: Misdreavus|71/100|[from] Sandstorm
|-damage|p1a: Waffle House|61/100|[from] Sandstorm
|-heal|p2a: Misdreavus|78/100|[from] item: Leftovers
|-heal|p1a: Waffle House|67/100|[from] item: Leftovers
|upkeep
|turn|51
|c|☆BongMoodeus|gg
|c|☆luisin|gg
|-message|BongMoodeus forfeited.
|
|win|luisin
|player|p1|

</script>
<script type="application/json" class="data" id="replaydata-smogtours-gen3ou-799225">
{"id":"smogtours-gen3ou-799225","format":"[Gen 3] OU","players":["BongMoodeus","luisin"],"uploadtime":1729128314,"views":130,"formatid":"gen3ou","rating":null,"private":0,"password":null}
</script>

<script defer src="js/replays.js?9d40a366"></script>
