<!DOCTYPE html>
<meta charset="utf-8" />
<meta name="viewport" content="width=device-width" />

<title>[Gen 3] OU: carfacts vs. Wolf Turds - Replays - Pok&eacute;mon Showdown!</title>

<meta name="description" content="Watch a replay of a Pok&eacute;mon battle between carfacts and Wolf Turds! Format: [Gen 3] OU; Date: Oct 22, 2024" />
<!--

Hey, you! Looking in the source for the replay log?

You can find them in JSON format, just add `.json` at the end of a replay URL.

https://replay.pokemonshowdown.com/gen7randomdoublesbattle-865046831.json

Or, if you only need the log itself, add `.log` instead:

https://replay.pokemonshowdown.com/gen7randomdoublesbattle-865046831.log

-->

<link rel="stylesheet" href="//pokemonshowdown.com/style/global.css?0.023195364461161105" />
<link rel="stylesheet" href="//play.pokemonshowdown.com/style/font-awesome.css?0.13261647063804238" />
<link rel="stylesheet" href="//play.pokemonshowdown.com/style/battle.css?0.8753245789963631" />
<link rel="stylesheet" href="//play.pokemonshowdown.com/style/utilichart.css?0.8627959624976733" />

<!-- Global site tag (gtag.js) - Google Analytics -->
<script async src="https://www.googletagmanager.com/gtag/js?id=UA-26211653-1"></script>
<script>
  window.dataLayer = window.dataLayer || [];
  function gtag(){dataLayer.push(arguments);}
  gtag('js', new Date());

  gtag('config', 'UA-26211653-1');
</script>
<!-- End Google Analytics -->
<!-- Venatus Ad Manager - Install in <HEAD> of page -->
	<script src="https://hb.vntsm.com/v3/live/ad-manager.min.js" type="text/javascript" data-site-id="642aba63ec9a7b11c3c9c1be" data-mode="scan" async></script>
<!-- / Venatus Ad Manager -->

<style>
	@media (max-width:820px) {
		.battle {
			margin: 0 auto;
		}
		.battle-log {
			margin: 7px auto 0;
			max-width: 640px;
			height: 300px;
			position: static;
		}
	}
	.optgroup {
		display: inline-block;
		line-height: 22px;
		font-size: 10pt;
	}
	.optgroup .button {
		height: 25px;
		padding-top: 0;
		padding-bottom: 0;
	}
	.optgroup button.button {
		padding-left: 12px;
		padding-right: 12px;
	}
	.linklist {
		list-style: none;
		margin: 0.5em 0;
		padding: 0;
	}
	.linklist li {
		padding: 2px 0;
	}
	.sidebar {
		float: left;
		width: 320px;
	}
	.bar-wrapper {
		max-width: 1100px;
		margin: 0 auto;
	}
	.bar-wrapper.has-sidebar {
		max-width: 1430px;
	}
	.mainbar {
		margin: 0;
		padding-right: 1px;
	}
	.mainbar.has-sidebar {
		margin-left: 330px;
	}
	@media (min-width: 1511px) {
		.sidebar {
			width: 400px;
		}
		.bar-wrapper.has-sidebar {
			max-width: 1510px;
		}
		.mainbar.has-sidebar {
			margin-left: 410px;
		}
	}
	.section.first-section {
		margin-top: 9px;
	}
	.blocklink small {
		white-space: normal;
	}
	.button {
		vertical-align: middle;
	}
	.replay-controls {
		padding-top: 10px;
	}
	.replay-controls h1 {
		font-size: 16pt;
		font-weight: normal;
		color: #CCC;
	}
	.pagelink {
		text-align: center;
	}
	.pagelink a {
		width: 150px;
	}
	.textbox, .button {
		font-size: 11pt;
		vertical-align: middle;
	}
	@media (max-width: 450px) {
		.button {
			font-size: 9pt;
		}
	}
</style>

<div>

	<header>
		<div class="nav-wrapper"><ul class="nav">
			<li><a class="button nav-first" href="//pokemonshowdown.com/"><img src="//pokemonshowdown.com/images/pokemonshowdownbeta.png" srcset="//pokemonshowdown.com/images/pokemonshowdownbeta.png 1x, //pokemonshowdown.com/images/pokemonshowdownbeta@2x.png 2x" alt="Pok&eacute;mon Showdown" width="146" height="44" /> Home</a></li>
			<li><a class="button" href="//pokemonshowdown.com/dex/">Pok&eacute;dex</a></li>
			<li><a class="button cur" href="/">Replays</a></li>
			<li><a class="button" href="//pokemonshowdown.com/ladder/">Ladder</a></li>
			<li><a class="button nav-last" href="//pokemonshowdown.com/forums/">Forum</a></li>
			<li><a class="button greenbutton nav-first nav-last" href="//play.pokemonshowdown.com/">Play</a></li>
		</ul></div>
	</header>

	<div class="main" id="main">

		<noscript><section class="section">You need to enable JavaScript to use this page; sorry!</section></noscript>

	</div>

</div>

<script defer nomodule src="//play.pokemonshowdown.com/js/lib/ps-polyfill.js"></script>
<script defer src="//play.pokemonshowdown.com/js/lib/preact.min.js"></script>

<script defer src="//play.pokemonshowdown.com/config/config.js?2bddbc15"></script>
<script defer src="//play.pokemonshowdown.com/js/lib/jquery-1.11.0.min.js"></script>
<script defer src="//play.pokemonshowdown.com/js/lib/html-sanitizer-minified.js"></script>
<script defer src="//play.pokemonshowdown.com/js/battle-sound.js"></script>
<script defer src="//play.pokemonshowdown.com/js/battledata.js?0.7209276989879541"></script>
<script defer src="//play.pokemonshowdown.com/data/pokedex-mini.js?0.6111056340867951"></script>
<script defer src="//play.pokemonshowdown.com/data/pokedex-mini-bw.js?0.3532142036491459"></script>
<script defer src="//play.pokemonshowdown.com/data/graphics.js?0.24223875632456182"></script>
<script defer src="//play.pokemonshowdown.com/data/pokedex.js?0.38839984266356864"></script>
<script defer src="//play.pokemonshowdown.com/data/moves.js?0.21866028504024015"></script>
<script defer src="//play.pokemonshowdown.com/data/abilities.js?0.2005157953846628"></script>
<script defer src="//play.pokemonshowdown.com/data/items.js?0.9894211263848525"></script>
<script defer src="//play.pokemonshowdown.com/data/teambuilder-tables.js?0.6008791140282215"></script>
<script defer src="//play.pokemonshowdown.com/js/battle-tooltips.js?0.7580118955022959"></script>
<script defer src="//play.pokemonshowdown.com/js/battle.js?0.6057722274234274"></script>

<script defer src="js/utils.js?e31f9a17"></script>
<script defer src="js/replays-battle.js?7008c182"></script>

<!-- don't scrape this data! just add .json or .log after the URL!
Full API docs: https://github.com/smogon/pokemon-showdown-client/blob/master/WEB-API.md -->
<script type="text/plain" class="log" id="replaylog-smogtours-gen3ou-801255">
|inactive|Battle timer is ON: inactive players will automatically lose when time's up.
|t:|1729628455
|gametype|singles
|player|p1|carfacts|102|
|player|p2|Wolf Turds|1|
|teamsize|p1|6
|teamsize|p2|6
|gen|3
|tier|[Gen 3] OU
|rule|Sleep Clause Mod: Limit one foe put to sleep
|rule|Switch Priority Clause Mod: Faster Pokémon switch first
|rule|Species Clause: Limit one of each Pokémon
|rule|OHKO Clause: OHKO moves are banned
|rule|Evasion Items Clause: Evasion items are banned
|rule|Evasion Moves Clause: Evasion moves are banned
|rule|Endless Battle Clause: Forcing endless battles is banned
|rule|HP Percentage Mod: HP is shown in percentages
|rule|One Boost Passer Clause: Limit one Baton Passer that has a way to boost its stats
|rule|Freeze Clause Mod: Limit one foe frozen
|
|t:|1729628455
|start
|switch|p1a: Suicune|Suicune|100/100
|switch|p2a: Salamence|Salamence, M|100/100
|-ability|p2a: Salamence|Intimidate|boost
|-unboost|p1a: Suicune|atk|1
|turn|1
|c|☆Wolf Turds|glhf!
|
|t:|1729628464
|switch|p2a: Celebi|Celebi|100/100
|move|p1a: Suicune|Ice Beam|p2a: Celebi
|-supereffective|p2a: Celebi
|-damage|p2a: Celebi|48/100
|
|-heal|p2a: Celebi|54/100|[from] item: Leftovers
|upkeep
|turn|2
|c|☆carfacts|u2
|
|t:|1729628471
|move|p2a: Celebi|Giga Drain|p1a: Suicune
|-supereffective|p1a: Suicune
|-damage|p1a: Suicune|57/100
|-heal|p2a: Celebi|75/100|[from] drain|[of] p1a: Suicune
|move|p1a: Suicune|Ice Beam|p2a: Celebi
|-supereffective|p2a: Celebi
|-damage|p2a: Celebi|23/100
|
|-heal|p2a: Celebi|29/100|[from] item: Leftovers
|-heal|p1a: Suicune|63/100|[from] item: Leftovers
|upkeep
|turn|3
|
|t:|1729628479
|switch|p1a: Snorlax|Snorlax, F|100/100
|move|p2a: Celebi|Giga Drain|p1a: Snorlax
|-damage|p1a: Snorlax|84/100
|-heal|p2a: Celebi|39/100|[from] drain|[of] p1a: Snorlax
|
|-heal|p2a: Celebi|45/100|[from] item: Leftovers
|-heal|p1a: Snorlax|90/100|[from] item: Leftovers
|upkeep
|turn|4
|
|t:|1729628484
|switch|p2a: Skarmory|Skarmory, F|100/100
|move|p1a: Snorlax|Shadow Ball|p2a: Skarmory
|-resisted|p2a: Skarmory
|-damage|p2a: Skarmory|91/100
|-unboost|p2a: Skarmory|spd|1
|
|-heal|p2a: Skarmory|97/100|[from] item: Leftovers
|-heal|p1a: Snorlax|96/100|[from] item: Leftovers
|upkeep
|turn|5
|
|t:|1729628492
|switch|p1a: Magneton|Magneton|100/100
|move|p2a: Skarmory|Spikes|p1a: Magneton
|-sidestart|p1: carfacts|Spikes
|
|-heal|p2a: Skarmory|100/100|[from] item: Leftovers
|upkeep
|turn|6
|
|t:|1729628498
|move|p1a: Magneton|Thunderbolt|p2a: Skarmory
|-supereffective|p2a: Skarmory
|-damage|p2a: Skarmory|0 fnt
|faint|p2a: Skarmory
|inactive|Wolf Turds has 270 seconds left.
|
|t:|1729628528
|switch|p2a: Aerodactyl|Aerodactyl, M|100/100
|
|upkeep
|turn|7
|
|t:|1729628538
|switch|p1a: Salamence|Salamence, M|100/100
|-ability|p1a: Salamence|Intimidate|boost
|-unboost|p2a: Aerodactyl|atk|1
|move|p2a: Aerodactyl|Earthquake|p1a: Salamence
|-immune|p1a: Salamence
|
|upkeep
|turn|8
|
|t:|1729628551
|switch|p2a: Salamence|Salamence, M|100/100
|-ability|p2a: Salamence|Intimidate|boost
|-unboost|p1a: Salamence|atk|1
|move|p1a: Salamence|Hidden Power|p2a: Salamence
|-resisted|p2a: Salamence
|-damage|p2a: Salamence|93/100
|
|-heal|p2a: Salamence|99/100|[from] item: Leftovers
|upkeep
|turn|9
|inactive|Wolf Turds has 270 seconds left.
|
|t:|1729628572
|switch|p2a: Tyranitar|Tyranitar, F|100/100
|-weather|Sandstorm|[from] ability: Sand Stream|[of] p2a: Tyranitar
|move|p1a: Salamence|Dragon Claw|p2a: Tyranitar
|-damage|p2a: Tyranitar|64/100
|
|-weather|Sandstorm|[upkeep]
|-damage|p1a: Salamence|94/100|[from] Sandstorm
|-heal|p1a: Salamence|100/100|[from] item: Leftovers
|-heal|p2a: Tyranitar|70/100|[from] item: Leftovers
|upkeep
|turn|10
|inactive|Wolf Turds has 270 seconds left.
|inactive|carfacts has 270 seconds left.
|
|t:|1729628621
|switch|p2a: Aerodactyl|Aerodactyl, M|100/100
|move|p1a: Salamence|Brick Break|p2a: Aerodactyl
|-damage|p2a: Aerodactyl|76/100
|
|-weather|Sandstorm|[upkeep]
|-damage|p1a: Salamence|94/100|[from] Sandstorm
|-heal|p1a: Salamence|100/100|[from] item: Leftovers
|upkeep
|turn|11
|
|t:|1729628626
|switch|p1a: Metagross|Metagross|100/100
|-damage|p1a: Metagross|88/100|[from] Spikes
|move|p2a: Aerodactyl|Rock Slide|p1a: Metagross
|-resisted|p1a: Metagross
|-damage|p1a: Metagross|66/100
|
|-weather|Sandstorm|[upkeep]
|upkeep
|turn|12
|
|t:|1729628634
|switch|p2a: Swampert|Swampert, F|100/100
|move|p1a: Metagross|Meteor Mash|p2a: Swampert
|-resisted|p2a: Swampert
|-damage|p2a: Swampert|65/100
|
|-weather|Sandstorm|[upkeep]
|-heal|p2a: Swampert|71/100|[from] item: Leftovers
|upkeep
|turn|13
|
|t:|1729628643
|switch|p1a: Salamence|Salamence, M|100/100
|-ability|p1a: Salamence|Intimidate|boost
|-unboost|p2a: Swampert|atk|1
|move|p2a: Swampert|Hydro Pump|p1a: Salamence
|-resisted|p1a: Salamence
|-damage|p1a: Salamence|70/100
|
|-weather|Sandstorm|[upkeep]
|-damage|p1a: Salamence|64/100|[from] Sandstorm
|-heal|p1a: Salamence|70/100|[from] item: Leftovers
|-heal|p2a: Swampert|77/100|[from] item: Leftovers
|upkeep
|turn|14
|
|t:|1729628652
|switch|p2a: Celebi|Celebi|45/100
|move|p1a: Salamence|Hidden Power|p2a: Celebi
|-resisted|p2a: Celebi
|-damage|p2a: Celebi|36/100
|
|-weather|Sandstorm|[upkeep]
|-damage|p1a: Salamence|64/100|[from] Sandstorm
|-damage|p2a: Celebi|30/100|[from] Sandstorm
|-heal|p1a: Salamence|70/100|[from] item: Leftovers
|-heal|p2a: Celebi|36/100|[from] item: Leftovers
|upkeep
|turn|15
|
|t:|1729628669
|switch|p2a: Aerodactyl|Aerodactyl, M|76/100
|move|p1a: Salamence|Fire Blast|p2a: Aerodactyl
|-resisted|p2a: Aerodactyl
|-damage|p2a: Aerodactyl|46/100
|
|-weather|Sandstorm|[upkeep]
|-damage|p1a: Salamence|64/100|[from] Sandstorm
|-heal|p1a: Salamence|70/100|[from] item: Leftovers
|upkeep
|turn|16
|
|t:|1729628678
|move|p2a: Aerodactyl|Rock Slide|p1a: Salamence
|-supereffective|p1a: Salamence
|-damage|p1a: Salamence|0 fnt
|faint|p1a: Salamence
|
|t:|1729628683
|switch|p1a: Metagross|Metagross|66/100
|-damage|p1a: Metagross|53/100|[from] Spikes
|
|-weather|Sandstorm|[upkeep]
|upkeep
|turn|17
|
|t:|1729628691
|switch|p2a: Swampert|Swampert, F|77/100
|move|p1a: Metagross|Meteor Mash|p2a: Swampert|[miss]
|-miss|p1a: Metagross|p2a: Swampert
|
|-weather|Sandstorm|[upkeep]
|-heal|p2a: Swampert|83/100|[from] item: Leftovers
|upkeep
|turn|18
|
|t:|1729628699
|move|p1a: Metagross|Meteor Mash|p2a: Swampert
|-resisted|p2a: Swampert
|-damage|p2a: Swampert|47/100
|move|p2a: Swampert|Earthquake|p1a: Metagross
|-supereffective|p1a: Metagross
|-damage|p1a: Metagross|0 fnt
|faint|p1a: Metagross
|
|t:|1729628726
|switch|p1a: Heracross|Heracross, F|100/100
|-damage|p1a: Heracross|88/100|[from] Spikes
|
|-weather|Sandstorm|[upkeep]
|-damage|p1a: Heracross|82/100|[from] Sandstorm
|-heal|p2a: Swampert|53/100|[from] item: Leftovers
|upkeep
|turn|19
|
|t:|1729628744
|move|p1a: Heracross|Substitute|p1a: Heracross
|-start|p1a: Heracross|Substitute
|-damage|p1a: Heracross|57/100
|move|p2a: Swampert|Ice Beam|p1a: Heracross
|-end|p1a: Heracross|Substitute
|
|-weather|Sandstorm|[upkeep]
|-damage|p1a: Heracross|51/100|[from] Sandstorm
|-heal|p2a: Swampert|60/100|[from] item: Leftovers
|upkeep
|turn|20
|
|t:|1729628753
|switch|p1a: Suicune|Suicune|63/100
|-damage|p1a: Suicune|51/100|[from] Spikes
|move|p2a: Swampert|Ice Beam|p1a: Suicune
|-resisted|p1a: Suicune
|-damage|p1a: Suicune|41/100
|
|-weather|Sandstorm|[upkeep]
|-damage|p1a: Suicune|35/100|[from] Sandstorm
|-heal|p1a: Suicune|41/100|[from] item: Leftovers
|-heal|p2a: Swampert|66/100|[from] item: Leftovers
|upkeep
|turn|21
|
|t:|1729628759
|move|p1a: Suicune|Hydro Pump|p2a: Swampert
|-damage|p2a: Swampert|19/100
|move|p2a: Swampert|Earthquake|p1a: Suicune
|-damage|p1a: Suicune|10/100
|
|-weather|Sandstorm|[upkeep]
|-damage|p1a: Suicune|4/100|[from] Sandstorm
|-heal|p1a: Suicune|10/100|[from] item: Leftovers
|-heal|p2a: Swampert|26/100|[from] item: Leftovers
|upkeep
|turn|22
|
|t:|1729628767
|move|p1a: Suicune|Ice Beam|p2a: Swampert
|-damage|p2a: Swampert|1/100
|move|p2a: Swampert|Earthquake|p1a: Suicune
|-damage|p1a: Suicune|0 fnt
|faint|p1a: Suicune
|
|t:|1729628773
|switch|p1a: Heracross|Heracross, F|51/100
|-damage|p1a: Heracross|39/100|[from] Spikes
|
|-weather|Sandstorm|[upkeep]
|-damage|p1a: Heracross|33/100|[from] Sandstorm
|-heal|p2a: Swampert|7/100|[from] item: Leftovers
|upkeep
|turn|23
|
|t:|1729628778
|move|p1a: Heracross|Megahorn|p2a: Swampert
|-damage|p2a: Swampert|0 fnt
|faint|p2a: Swampert
|
|t:|1729628790
|switch|p2a: Aerodactyl|Aerodactyl, M|46/100
|
|-weather|Sandstorm|[upkeep]
|-damage|p1a: Heracross|27/100|[from] Sandstorm
|upkeep
|turn|24
|
|t:|1729628798
|switch|p1a: Magneton|Magneton|100/100
|-damage|p1a: Magneton|88/100|[from] Spikes
|move|p2a: Aerodactyl|Earthquake|p1a: Magneton
|-supereffective|p1a: Magneton
|-damage|p1a: Magneton|0 fnt
|faint|p1a: Magneton
|
|t:|1729628803
|switch|p1a: Snorlax|Snorlax, F|96/100
|-damage|p1a: Snorlax|84/100|[from] Spikes
|
|-weather|Sandstorm|[upkeep]
|-damage|p1a: Snorlax|77/100|[from] Sandstorm
|-heal|p1a: Snorlax|84/100|[from] item: Leftovers
|upkeep
|turn|25
|
|t:|1729628813
|move|p2a: Aerodactyl|Earthquake|p1a: Snorlax
|-damage|p1a: Snorlax|44/100
|move|p1a: Snorlax|Self-Destruct|p2a: Aerodactyl
|-resisted|p2a: Aerodactyl
|-damage|p2a: Aerodactyl|0 fnt
|faint|p1a: Snorlax
|faint|p2a: Aerodactyl
|
|t:|1729628819
|switch|p2a: Salamence|Salamence, M|99/100
|switch|p1a: Heracross|Heracross, F|27/100
|-ability|p2a: Salamence|Intimidate|boost
|-unboost|p1a: Heracross|atk|1
|-damage|p1a: Heracross|15/100|[from] Spikes
|
|-weather|Sandstorm|[upkeep]
|-damage|p2a: Salamence|93/100|[from] Sandstorm
|-damage|p1a: Heracross|8/100|[from] Sandstorm
|-heal|p2a: Salamence|99/100|[from] item: Leftovers
|-enditem|p1a: Heracross|Salac Berry|[eat]
|-boost|p1a: Heracross|spe|1|[from] item: Salac Berry
|upkeep
|turn|26
|
|t:|1729628827
|switch|p2a: Celebi|Celebi|36/100
|move|p1a: Heracross|Rock Slide|p2a: Celebi
|-damage|p2a: Celebi|19/100
|
|-weather|Sandstorm|[upkeep]
|-damage|p1a: Heracross|2/100|[from] Sandstorm
|-damage|p2a: Celebi|13/100|[from] Sandstorm
|-heal|p2a: Celebi|19/100|[from] item: Leftovers
|upkeep
|turn|27
|c|☆carfacts|gg
|c|☆Wolf Turds|gg
|
|t:|1729628834
|move|p1a: Heracross|Megahorn|p2a: Celebi
|-supereffective|p2a: Celebi
|-damage|p2a: Celebi|0 fnt
|faint|p2a: Celebi
|
|t:|1729628836
|switch|p2a: Tyranitar|Tyranitar, F|70/100
|
|-weather|Sandstorm|[upkeep]
|-damage|p1a: Heracross|0 fnt|[from] Sandstorm
|faint|p1a: Heracross
|
|win|Wolf Turds
|upkeep

</script>
<script type="application/json" class="data" id="replaydata-smogtours-gen3ou-801255">
{"id":"smogtours-gen3ou-801255","format":"[Gen 3] OU","players":["carfacts","Wolf Turds"],"uploadtime":1729628836,"views":103,"formatid":"gen3ou","rating":null,"private":0,"password":null}
</script>

<script defer src="js/replays.js?9d40a366"></script>
