<!DOCTYPE html>
<meta charset="utf-8" />
<meta name="viewport" content="width=device-width" />

<title>[Gen 3] OU: Skittle_Skity vs. keeping it icy - Replays - Pok&eacute;mon Showdown!</title>

<meta name="description" content="Watch a replay of a Pok&eacute;mon battle between Skittle_Skity and keeping it icy! Format: [Gen 3] OU; Date: Oct 18, 2024" />
<!--

Hey, you! Looking in the source for the replay log?

You can find them in JSON format, just add `.json` at the end of a replay URL.

https://replay.pokemonshowdown.com/gen7randomdoublesbattle-865046831.json

Or, if you only need the log itself, add `.log` instead:

https://replay.pokemonshowdown.com/gen7randomdoublesbattle-865046831.log

-->

<link rel="stylesheet" href="//pokemonshowdown.com/style/global.css?0.023195364461161105" />
<link rel="stylesheet" href="//play.pokemonshowdown.com/style/font-awesome.css?0.13261647063804238" />
<link rel="stylesheet" href="//play.pokemonshowdown.com/style/battle.css?0.8753245789963631" />
<link rel="stylesheet" href="//play.pokemonshowdown.com/style/utilichart.css?0.8627959624976733" />

<!-- Global site tag (gtag.js) - Google Analytics -->
<script async src="https://www.googletagmanager.com/gtag/js?id=UA-26211653-1"></script>
<script>
  window.dataLayer = window.dataLayer || [];
  function gtag(){dataLayer.push(arguments);}
  gtag('js', new Date());

  gtag('config', 'UA-26211653-1');
</script>
<!-- End Google Analytics -->
<!-- Venatus Ad Manager - Install in <HEAD> of page -->
	<script src="https://hb.vntsm.com/v3/live/ad-manager.min.js" type="text/javascript" data-site-id="642aba63ec9a7b11c3c9c1be" data-mode="scan" async></script>
<!-- / Venatus Ad Manager -->

<style>
	@media (max-width:820px) {
		.battle {
			margin: 0 auto;
		}
		.battle-log {
			margin: 7px auto 0;
			max-width: 640px;
			height: 300px;
			position: static;
		}
	}
	.optgroup {
		display: inline-block;
		line-height: 22px;
		font-size: 10pt;
	}
	.optgroup .button {
		height: 25px;
		padding-top: 0;
		padding-bottom: 0;
	}
	.optgroup button.button {
		padding-left: 12px;
		padding-right: 12px;
	}
	.linklist {
		list-style: none;
		margin: 0.5em 0;
		padding: 0;
	}
	.linklist li {
		padding: 2px 0;
	}
	.sidebar {
		float: left;
		width: 320px;
	}
	.bar-wrapper {
		max-width: 1100px;
		margin: 0 auto;
	}
	.bar-wrapper.has-sidebar {
		max-width: 1430px;
	}
	.mainbar {
		margin: 0;
		padding-right: 1px;
	}
	.mainbar.has-sidebar {
		margin-left: 330px;
	}
	@media (min-width: 1511px) {
		.sidebar {
			width: 400px;
		}
		.bar-wrapper.has-sidebar {
			max-width: 1510px;
		}
		.mainbar.has-sidebar {
			margin-left: 410px;
		}
	}
	.section.first-section {
		margin-top: 9px;
	}
	.blocklink small {
		white-space: normal;
	}
	.button {
		vertical-align: middle;
	}
	.replay-controls {
		padding-top: 10px;
	}
	.replay-controls h1 {
		font-size: 16pt;
		font-weight: normal;
		color: #CCC;
	}
	.pagelink {
		text-align: center;
	}
	.pagelink a {
		width: 150px;
	}
	.textbox, .button {
		font-size: 11pt;
		vertical-align: middle;
	}
	@media (max-width: 450px) {
		.button {
			font-size: 9pt;
		}
	}
</style>

<div>

	<header>
		<div class="nav-wrapper"><ul class="nav">
			<li><a class="button nav-first" href="//pokemonshowdown.com/"><img src="//pokemonshowdown.com/images/pokemonshowdownbeta.png" srcset="//pokemonshowdown.com/images/pokemonshowdownbeta.png 1x, //pokemonshowdown.com/images/pokemonshowdownbeta@2x.png 2x" alt="Pok&eacute;mon Showdown" width="146" height="44" /> Home</a></li>
			<li><a class="button" href="//pokemonshowdown.com/dex/">Pok&eacute;dex</a></li>
			<li><a class="button cur" href="/">Replays</a></li>
			<li><a class="button" href="//pokemonshowdown.com/ladder/">Ladder</a></li>
			<li><a class="button nav-last" href="//pokemonshowdown.com/forums/">Forum</a></li>
			<li><a class="button greenbutton nav-first nav-last" href="//play.pokemonshowdown.com/">Play</a></li>
		</ul></div>
	</header>

	<div class="main" id="main">

		<noscript><section class="section">You need to enable JavaScript to use this page; sorry!</section></noscript>

	</div>

</div>

<script defer nomodule src="//play.pokemonshowdown.com/js/lib/ps-polyfill.js"></script>
<script defer src="//play.pokemonshowdown.com/js/lib/preact.min.js"></script>

<script defer src="//play.pokemonshowdown.com/config/config.js?2bddbc15"></script>
<script defer src="//play.pokemonshowdown.com/js/lib/jquery-1.11.0.min.js"></script>
<script defer src="//play.pokemonshowdown.com/js/lib/html-sanitizer-minified.js"></script>
<script defer src="//play.pokemonshowdown.com/js/battle-sound.js"></script>
<script defer src="//play.pokemonshowdown.com/js/battledata.js?0.7209276989879541"></script>
<script defer src="//play.pokemonshowdown.com/data/pokedex-mini.js?0.6111056340867951"></script>
<script defer src="//play.pokemonshowdown.com/data/pokedex-mini-bw.js?0.3532142036491459"></script>
<script defer src="//play.pokemonshowdown.com/data/graphics.js?0.24223875632456182"></script>
<script defer src="//play.pokemonshowdown.com/data/pokedex.js?0.38839984266356864"></script>
<script defer src="//play.pokemonshowdown.com/data/moves.js?0.21866028504024015"></script>
<script defer src="//play.pokemonshowdown.com/data/abilities.js?0.2005157953846628"></script>
<script defer src="//play.pokemonshowdown.com/data/items.js?0.9894211263848525"></script>
<script defer src="//play.pokemonshowdown.com/data/teambuilder-tables.js?0.6008791140282215"></script>
<script defer src="//play.pokemonshowdown.com/js/battle-tooltips.js?0.7580118955022959"></script>
<script defer src="//play.pokemonshowdown.com/js/battle.js?0.6057722274234274"></script>

<script defer src="js/utils.js?e31f9a17"></script>
<script defer src="js/replays-battle.js?7008c182"></script>

<!-- don't scrape this data! just add .json or .log after the URL!
Full API docs: https://github.com/smogon/pokemon-showdown-client/blob/master/WEB-API.md -->
<script type="text/plain" class="log" id="replaylog-smogtours-gen3ou-799492">
|inactive|Battle timer is ON: inactive players will automatically lose when time's up.
|t:|1729256939
|gametype|singles
|player|p1|Skittle_Skity|265|
|player|p2|keeping it icy|skier-gen2|
|teamsize|p1|6
|teamsize|p2|6
|gen|3
|tier|[Gen 3] OU
|rule|Sleep Clause Mod: Limit one foe put to sleep
|rule|Switch Priority Clause Mod: Faster Pokémon switch first
|rule|Species Clause: Limit one of each Pokémon
|rule|OHKO Clause: OHKO moves are banned
|rule|Evasion Items Clause: Evasion items are banned
|rule|Evasion Moves Clause: Evasion moves are banned
|rule|Endless Battle Clause: Forcing endless battles is banned
|rule|HP Percentage Mod: HP is shown in percentages
|rule|One Boost Passer Clause: Limit one Baton Passer that has a way to boost its stats
|rule|Freeze Clause Mod: Limit one foe frozen
|
|t:|1729256939
|start
|switch|p1a: Elder Lemurian|Tyranitar, M|100/100
|switch|p2a: Salamence|Salamence, F|100/100
|-ability|p2a: Salamence|Intimidate|boost
|-unboost|p1a: Elder Lemurian|atk|1
|-weather|Sandstorm|[from] ability: Sand Stream|[of] p1a: Elder Lemurian
|turn|1
|inactive|keeping it icy has 270 seconds left.
|inactive|keeping it icy has 240 seconds left.
|
|t:|1729257015
|switch|p2a: Too Good|Jirachi|100/100
|switch|p1a: Hermit Crab|Forretress, F|100/100
|
|-weather|Sandstorm|[upkeep]
|upkeep
|turn|2
|
|t:|1729257030
|switch|p1a: Bighorn Bison|Suicune|100/100
|move|p2a: Too Good|Fire Punch|p1a: Bighorn Bison
|-resisted|p1a: Bighorn Bison
|-damage|p1a: Bighorn Bison|94/100
|
|-weather|Sandstorm|[upkeep]
|-damage|p1a: Bighorn Bison|88/100|[from] Sandstorm
|-heal|p1a: Bighorn Bison|94/100|[from] item: Leftovers
|upkeep
|turn|3
|
|t:|1729257044
|move|p2a: Too Good|Toxic|p1a: Bighorn Bison
|-status|p1a: Bighorn Bison|tox
|move|p1a: Bighorn Bison|Surf|p2a: Too Good
|-damage|p2a: Too Good|73/100
|
|-weather|Sandstorm|[upkeep]
|-damage|p1a: Bighorn Bison|88/100 tox|[from] Sandstorm
|-heal|p2a: Too Good|79/100|[from] item: Leftovers
|-heal|p1a: Bighorn Bison|94/100 tox|[from] item: Leftovers
|-damage|p1a: Bighorn Bison|88/100 tox|[from] psn
|upkeep
|turn|4
|inactive|keeping it icy has 270 seconds left.
|inactive|keeping it icy has 240 seconds left.
|
|t:|1729257100
|switch|p2a: Forretress|Forretress, F|100/100
|move|p1a: Bighorn Bison|Roar|p2a: Forretress
|drag|p2a: Too Good|Jirachi|79/100
|
|-weather|Sandstorm|[upkeep]
|-damage|p1a: Bighorn Bison|82/100 tox|[from] Sandstorm
|-heal|p2a: Too Good|85/100|[from] item: Leftovers
|-heal|p1a: Bighorn Bison|88/100 tox|[from] item: Leftovers
|-damage|p1a: Bighorn Bison|76/100 tox|[from] psn
|upkeep
|turn|5
|inactive|keeping it icy has 240 seconds left.
|
|t:|1729257112
|switch|p2a: Forretress|Forretress, F|100/100
|switch|p1a: Gup|Blissey, F|100/100
|
|-weather|Sandstorm|[upkeep]
|-damage|p1a: Gup|94/100|[from] Sandstorm
|-heal|p1a: Gup|100/100|[from] item: Leftovers
|upkeep
|turn|6
|inactive|keeping it icy has 240 seconds left.
|
|t:|1729257132
|switch|p2a: Blissey|Blissey, F|100/100
|move|p1a: Gup|Thunder Wave|p2a: Blissey
|-status|p2a: Blissey|par
|
|-weather|Sandstorm|[upkeep]
|-damage|p1a: Gup|94/100|[from] Sandstorm
|-damage|p2a: Blissey|94/100 par|[from] Sandstorm
|-heal|p1a: Gup|100/100|[from] item: Leftovers
|-heal|p2a: Blissey|100/100 par|[from] item: Leftovers
|upkeep
|turn|7
|inactive|keeping it icy has 240 seconds left.
|
|t:|1729257142
|switch|p1a: Bighorn Bison|Suicune|76/100 tox
|-curestatus|p2a: Blissey|par|[from] ability: Natural Cure
|switch|p2a: Forretress|Forretress, F|100/100
|
|-weather|Sandstorm|[upkeep]
|-damage|p1a: Bighorn Bison|69/100 tox|[from] Sandstorm
|-heal|p1a: Bighorn Bison|76/100 tox|[from] item: Leftovers
|-damage|p1a: Bighorn Bison|69/100 tox|[from] psn
|upkeep
|turn|8
|
|t:|1729257154
|move|p1a: Bighorn Bison|Rest|p1a: Bighorn Bison
|-status|p1a: Bighorn Bison|slp|[from] move: Rest
|-heal|p1a: Bighorn Bison|100/100 slp|[silent]
|move|p2a: Forretress|Spikes|p1a: Bighorn Bison
|-sidestart|p1: Skittle_Skity|Spikes
|
|-weather|Sandstorm|[upkeep]
|-damage|p1a: Bighorn Bison|94/100 slp|[from] Sandstorm
|-heal|p1a: Bighorn Bison|100/100 slp|[from] item: Leftovers
|upkeep
|turn|9
|
|t:|1729257159
|switch|p1a: Hermit Crab|Forretress, F|100/100
|-damage|p1a: Hermit Crab|88/100|[from] Spikes
|switch|p2a: Salamence|Salamence, F|100/100
|-ability|p2a: Salamence|Intimidate|boost
|-unboost|p1a: Hermit Crab|atk|1
|
|-weather|Sandstorm|[upkeep]
|-damage|p2a: Salamence|94/100|[from] Sandstorm
|-heal|p2a: Salamence|100/100|[from] item: Leftovers
|-heal|p1a: Hermit Crab|94/100|[from] item: Leftovers
|upkeep
|turn|10
|
|t:|1729257171
|switch|p1a: Beetle Guard|Swampert, F|100/100
|-damage|p1a: Beetle Guard|88/100|[from] Spikes
|move|p2a: Salamence|Fire Blast|p1a: Beetle Guard
|-resisted|p1a: Beetle Guard
|-damage|p1a: Beetle Guard|73/100
|
|-weather|Sandstorm|[upkeep]
|-damage|p2a: Salamence|94/100|[from] Sandstorm
|-heal|p2a: Salamence|100/100|[from] item: Leftovers
|-heal|p1a: Beetle Guard|79/100|[from] item: Leftovers
|upkeep
|turn|11
|
|t:|1729257189
|switch|p2a: Swampert|Swampert, F|100/100
|move|p1a: Beetle Guard|Protect||[still]
|-fail|p1a: Beetle Guard
|
|-weather|Sandstorm|[upkeep]
|-heal|p1a: Beetle Guard|85/100|[from] item: Leftovers
|upkeep
|turn|12
|
|t:|1729257199
|switch|p1a: Hermit Crab|Forretress, F|94/100
|-damage|p1a: Hermit Crab|82/100|[from] Spikes
|move|p2a: Swampert|Surf|p1a: Hermit Crab
|-damage|p1a: Hermit Crab|54/100
|
|-weather|Sandstorm|[upkeep]
|-heal|p1a: Hermit Crab|60/100|[from] item: Leftovers
|upkeep
|turn|13
|
|t:|1729257205
|move|p2a: Swampert|Surf|p1a: Hermit Crab
|-damage|p1a: Hermit Crab|31/100
|move|p1a: Hermit Crab|Spikes|p2a: Swampert
|-sidestart|p2: keeping it icy|Spikes
|
|-weather|Sandstorm|[upkeep]
|-heal|p1a: Hermit Crab|38/100|[from] item: Leftovers
|upkeep
|turn|14
|
|t:|1729257209
|switch|p1a: Gup|Blissey, F|100/100
|-damage|p1a: Gup|88/100|[from] Spikes
|move|p2a: Swampert|Surf|p1a: Gup
|-damage|p1a: Gup|77/100
|
|-weather|Sandstorm|[upkeep]
|-damage|p1a: Gup|71/100|[from] Sandstorm
|-heal|p1a: Gup|77/100|[from] item: Leftovers
|upkeep
|turn|15
|
|t:|1729257216
|move|p2a: Swampert|Toxic|p1a: Gup
|-status|p1a: Gup|tox
|move|p1a: Gup|Seismic Toss|p2a: Swampert
|-damage|p2a: Swampert|76/100
|
|-weather|Sandstorm|[upkeep]
|-damage|p1a: Gup|71/100 tox|[from] Sandstorm
|-heal|p2a: Swampert|82/100|[from] item: Leftovers
|-heal|p1a: Gup|77/100 tox|[from] item: Leftovers
|-damage|p1a: Gup|71/100 tox|[from] psn
|upkeep
|turn|16
|
|t:|1729257231
|move|p2a: Swampert|Surf|p1a: Gup
|-damage|p1a: Gup|60/100 tox
|move|p1a: Gup|Aromatherapy|p1a: Gup
|-cureteam|p1a: Gup|[from] move: Aromatherapy
|
|-weather|Sandstorm|[upkeep]
|-damage|p1a: Gup|53/100|[from] Sandstorm
|-heal|p2a: Swampert|88/100|[from] item: Leftovers
|-heal|p1a: Gup|60/100|[from] item: Leftovers
|upkeep
|turn|17
|
|t:|1729257237
|move|p2a: Swampert|Toxic|p1a: Gup
|-status|p1a: Gup|tox
|move|p1a: Gup|Soft-Boiled|p1a: Gup
|-heal|p1a: Gup|100/100 tox
|
|-weather|Sandstorm|[upkeep]
|-damage|p1a: Gup|94/100 tox|[from] Sandstorm
|-heal|p2a: Swampert|94/100|[from] item: Leftovers
|-heal|p1a: Gup|100/100 tox|[from] item: Leftovers
|-damage|p1a: Gup|94/100 tox|[from] psn
|upkeep
|turn|18
|
|t:|1729257240
|switch|p2a: Forretress|Forretress, F|100/100
|-damage|p2a: Forretress|88/100|[from] Spikes
|move|p1a: Gup|Seismic Toss|p2a: Forretress
|-damage|p2a: Forretress|60/100
|
|-weather|Sandstorm|[upkeep]
|-damage|p1a: Gup|88/100 tox|[from] Sandstorm
|-heal|p1a: Gup|94/100 tox|[from] item: Leftovers
|-damage|p1a: Gup|82/100 tox|[from] psn
|-heal|p2a: Forretress|66/100|[from] item: Leftovers
|upkeep
|turn|19
|
|t:|1729257263
|-curestatus|p1a: Gup|tox|[from] ability: Natural Cure
|switch|p1a: Hermit Crab|Forretress, F|38/100
|-damage|p1a: Hermit Crab|25/100|[from] Spikes
|switch|p2a: Tyranitar|Tyranitar, M|100/100
|-damage|p2a: Tyranitar|88/100|[from] Spikes
|
|-weather|Sandstorm|[upkeep]
|-heal|p2a: Tyranitar|94/100|[from] item: Leftovers
|-heal|p1a: Hermit Crab|31/100|[from] item: Leftovers
|upkeep
|turn|20
|
|t:|1729257272
|-activate|p1a: Hermit Crab|move: Pursuit
|move|p2a: Tyranitar|Pursuit|p1a: Hermit Crab|[from]Pursuit
|-resisted|p1a: Hermit Crab
|-damage|p1a: Hermit Crab|16/100
|switch|p1a: Beetle Guard|Swampert, F|85/100
|-damage|p1a: Beetle Guard|73/100|[from] Spikes
|
|-weather|Sandstorm|[upkeep]
|-heal|p2a: Tyranitar|100/100|[from] item: Leftovers
|-heal|p1a: Beetle Guard|79/100|[from] item: Leftovers
|upkeep
|turn|21
|
|t:|1729257279
|switch|p2a: Swampert|Swampert, F|94/100
|-damage|p2a: Swampert|82/100|[from] Spikes
|move|p1a: Beetle Guard|Protect||[still]
|-fail|p1a: Beetle Guard
|
|-weather|Sandstorm|[upkeep]
|-heal|p2a: Swampert|88/100|[from] item: Leftovers
|-heal|p1a: Beetle Guard|85/100|[from] item: Leftovers
|upkeep
|turn|22
|
|t:|1729257289
|move|p2a: Swampert|Surf|p1a: Beetle Guard
|-damage|p1a: Beetle Guard|61/100
|move|p1a: Beetle Guard|Hydro Pump|p2a: Swampert
|-damage|p2a: Swampert|61/100
|
|-weather|Sandstorm|[upkeep]
|-heal|p2a: Swampert|67/100|[from] item: Leftovers
|-heal|p1a: Beetle Guard|67/100|[from] item: Leftovers
|upkeep
|turn|23
|
|t:|1729257307
|switch|p1a: Gup|Blissey, F|82/100
|-damage|p1a: Gup|70/100|[from] Spikes
|move|p2a: Swampert|Surf|p1a: Gup
|-damage|p1a: Gup|58/100
|
|-weather|Sandstorm|[upkeep]
|-damage|p1a: Gup|52/100|[from] Sandstorm
|-heal|p2a: Swampert|73/100|[from] item: Leftovers
|-heal|p1a: Gup|58/100|[from] item: Leftovers
|upkeep
|turn|24
|
|t:|1729257309
|move|p2a: Swampert|Toxic|p1a: Gup
|-status|p1a: Gup|tox
|move|p1a: Gup|Soft-Boiled|p1a: Gup
|-heal|p1a: Gup|100/100 tox
|
|-weather|Sandstorm|[upkeep]
|-damage|p1a: Gup|94/100 tox|[from] Sandstorm
|-heal|p2a: Swampert|79/100|[from] item: Leftovers
|-heal|p1a: Gup|100/100 tox|[from] item: Leftovers
|-damage|p1a: Gup|94/100 tox|[from] psn
|upkeep
|turn|25
|inactive|keeping it icy has 270 seconds left.
|
|t:|1729257361
|move|p2a: Swampert|Surf|p1a: Gup
|-damage|p1a: Gup|83/100 tox
|move|p1a: Gup|Seismic Toss|p2a: Swampert
|-damage|p2a: Swampert|55/100
|
|-weather|Sandstorm|[upkeep]
|-damage|p1a: Gup|77/100 tox|[from] Sandstorm
|-heal|p2a: Swampert|61/100|[from] item: Leftovers
|-heal|p1a: Gup|83/100 tox|[from] item: Leftovers
|-damage|p1a: Gup|71/100 tox|[from] psn
|upkeep
|turn|26
|
|t:|1729257369
|-curestatus|p1a: Gup|tox|[from] ability: Natural Cure
|switch|p1a: Bighorn Bison|Suicune|100/100
|-damage|p1a: Bighorn Bison|88/100|[from] Spikes
|move|p2a: Swampert|Roar|p1a: Bighorn Bison
|drag|p1a: Gup|Blissey, F|71/100
|-damage|p1a: Gup|59/100|[from] Spikes
|
|-weather|Sandstorm|[upkeep]
|-damage|p1a: Gup|52/100|[from] Sandstorm
|-heal|p2a: Swampert|67/100|[from] item: Leftovers
|-heal|p1a: Gup|59/100|[from] item: Leftovers
|upkeep
|turn|27
|
|t:|1729257380
|move|p2a: Swampert|Toxic|p1a: Gup
|-status|p1a: Gup|tox
|move|p1a: Gup|Soft-Boiled|p1a: Gup
|-heal|p1a: Gup|100/100 tox
|
|-weather|Sandstorm|[upkeep]
|-damage|p1a: Gup|94/100 tox|[from] Sandstorm
|-heal|p2a: Swampert|73/100|[from] item: Leftovers
|-heal|p1a: Gup|100/100 tox|[from] item: Leftovers
|-damage|p1a: Gup|94/100 tox|[from] psn
|upkeep
|turn|28
|
|t:|1729257393
|move|p2a: Swampert|Surf|p1a: Gup
|-damage|p1a: Gup|83/100 tox
|move|p1a: Gup|Seismic Toss|p2a: Swampert
|-damage|p2a: Swampert|48/100
|
|-weather|Sandstorm|[upkeep]
|-damage|p1a: Gup|77/100 tox|[from] Sandstorm
|-heal|p2a: Swampert|55/100|[from] item: Leftovers
|-heal|p1a: Gup|83/100 tox|[from] item: Leftovers
|-damage|p1a: Gup|70/100 tox|[from] psn
|upkeep
|turn|29
|
|t:|1729257401
|switch|p2a: Forretress|Forretress, F|66/100
|-damage|p2a: Forretress|54/100|[from] Spikes
|-curestatus|p1a: Gup|tox|[from] ability: Natural Cure
|switch|p1a: Bighorn Bison|Suicune|88/100
|-damage|p1a: Bighorn Bison|76/100|[from] Spikes
|
|-weather|Sandstorm|[upkeep]
|-damage|p1a: Bighorn Bison|69/100|[from] Sandstorm
|-heal|p1a: Bighorn Bison|76/100|[from] item: Leftovers
|-heal|p2a: Forretress|60/100|[from] item: Leftovers
|upkeep
|turn|30
|
|t:|1729257429
|move|p1a: Bighorn Bison|Surf|p2a: Forretress
|-damage|p2a: Forretress|32/100
|move|p2a: Forretress|Spikes|p1a: Bighorn Bison
|-sidestart|p1: Skittle_Skity|Spikes
|
|-weather|Sandstorm|[upkeep]
|-damage|p1a: Bighorn Bison|69/100|[from] Sandstorm
|-heal|p1a: Bighorn Bison|76/100|[from] item: Leftovers
|-heal|p2a: Forretress|38/100|[from] item: Leftovers
|upkeep
|turn|31
|
|t:|1729257441
|move|p1a: Bighorn Bison|Surf|p2a: Forretress
|-damage|p2a: Forretress|8/100
|move|p2a: Forretress|Rapid Spin|p1a: Bighorn Bison
|-damage|p1a: Bighorn Bison|73/100
|-sideend|p2: keeping it icy|Spikes|[from] move: Rapid Spin|[of] p2a: Forretress
|
|-weather|Sandstorm|[upkeep]
|-damage|p1a: Bighorn Bison|67/100|[from] Sandstorm
|-heal|p1a: Bighorn Bison|73/100|[from] item: Leftovers
|-heal|p2a: Forretress|14/100|[from] item: Leftovers
|upkeep
|turn|32
|
|t:|1729257445
|switch|p2a: Blissey|Blissey, F|100/100
|move|p1a: Bighorn Bison|Surf|p2a: Blissey
|-damage|p2a: Blissey|88/100
|
|-weather|Sandstorm|[upkeep]
|-damage|p1a: Bighorn Bison|67/100|[from] Sandstorm
|-damage|p2a: Blissey|82/100|[from] Sandstorm
|-heal|p1a: Bighorn Bison|73/100|[from] item: Leftovers
|-heal|p2a: Blissey|88/100|[from] item: Leftovers
|upkeep
|turn|33
|
|t:|1729257453
|move|p1a: Bighorn Bison|Calm Mind|p1a: Bighorn Bison
|-boost|p1a: Bighorn Bison|spa|1
|-boost|p1a: Bighorn Bison|spd|1
|move|p2a: Blissey|Thunderbolt|p1a: Bighorn Bison
|-supereffective|p1a: Bighorn Bison
|-damage|p1a: Bighorn Bison|46/100
|
|-weather|Sandstorm|[upkeep]
|-damage|p1a: Bighorn Bison|40/100|[from] Sandstorm
|-damage|p2a: Blissey|82/100|[from] Sandstorm
|-heal|p1a: Bighorn Bison|46/100|[from] item: Leftovers
|-heal|p2a: Blissey|88/100|[from] item: Leftovers
|upkeep
|turn|34
|
|t:|1729257457
|move|p1a: Bighorn Bison|Rest|p1a: Bighorn Bison
|-status|p1a: Bighorn Bison|slp|[from] move: Rest
|-heal|p1a: Bighorn Bison|100/100 slp|[silent]
|move|p2a: Blissey|Thunderbolt|p1a: Bighorn Bison
|-supereffective|p1a: Bighorn Bison
|-damage|p1a: Bighorn Bison|75/100 slp
|
|-weather|Sandstorm|[upkeep]
|-damage|p1a: Bighorn Bison|68/100 slp|[from] Sandstorm
|-damage|p2a: Blissey|82/100|[from] Sandstorm
|-heal|p1a: Bighorn Bison|75/100 slp|[from] item: Leftovers
|-heal|p2a: Blissey|88/100|[from] item: Leftovers
|upkeep
|turn|35
|
|t:|1729257461
|cant|p1a: Bighorn Bison|slp
|move|p2a: Blissey|Thunderbolt|p1a: Bighorn Bison
|-supereffective|p1a: Bighorn Bison
|-damage|p1a: Bighorn Bison|50/100 slp
|
|-weather|Sandstorm|[upkeep]
|-damage|p1a: Bighorn Bison|44/100 slp|[from] Sandstorm
|-damage|p2a: Blissey|82/100|[from] Sandstorm
|-heal|p1a: Bighorn Bison|50/100 slp|[from] item: Leftovers
|-heal|p2a: Blissey|88/100|[from] item: Leftovers
|upkeep
|turn|36
|
|t:|1729257464
|cant|p1a: Bighorn Bison|slp
|move|p2a: Blissey|Thunderbolt|p1a: Bighorn Bison
|-supereffective|p1a: Bighorn Bison
|-damage|p1a: Bighorn Bison|25/100 slp
|
|-weather|Sandstorm|[upkeep]
|-damage|p1a: Bighorn Bison|19/100 slp|[from] Sandstorm
|-damage|p2a: Blissey|82/100|[from] Sandstorm
|-heal|p1a: Bighorn Bison|25/100 slp|[from] item: Leftovers
|-heal|p2a: Blissey|88/100|[from] item: Leftovers
|upkeep
|turn|37
|
|t:|1729257467
|-curestatus|p1a: Bighorn Bison|slp|[msg]
|move|p1a: Bighorn Bison|Rest|p1a: Bighorn Bison
|-status|p1a: Bighorn Bison|slp|[from] move: Rest
|-heal|p1a: Bighorn Bison|100/100 slp|[silent]
|move|p2a: Blissey|Calm Mind|p2a: Blissey
|-boost|p2a: Blissey|spa|1
|-boost|p2a: Blissey|spd|1
|
|-weather|Sandstorm|[upkeep]
|-damage|p1a: Bighorn Bison|94/100 slp|[from] Sandstorm
|-damage|p2a: Blissey|82/100|[from] Sandstorm
|-heal|p1a: Bighorn Bison|100/100 slp|[from] item: Leftovers
|-heal|p2a: Blissey|88/100|[from] item: Leftovers
|upkeep
|turn|38
|
|t:|1729257470
|cant|p1a: Bighorn Bison|slp
|move|p2a: Blissey|Thunderbolt|p1a: Bighorn Bison
|-supereffective|p1a: Bighorn Bison
|-damage|p1a: Bighorn Bison|63/100 slp
|
|-weather|Sandstorm|[upkeep]
|-damage|p1a: Bighorn Bison|56/100 slp|[from] Sandstorm
|-damage|p2a: Blissey|82/100|[from] Sandstorm
|-heal|p1a: Bighorn Bison|63/100 slp|[from] item: Leftovers
|-heal|p2a: Blissey|88/100|[from] item: Leftovers
|upkeep
|turn|39
|
|t:|1729257472
|cant|p1a: Bighorn Bison|slp
|move|p2a: Blissey|Thunderbolt|p1a: Bighorn Bison
|-supereffective|p1a: Bighorn Bison
|-damage|p1a: Bighorn Bison|26/100 slp
|
|-weather|Sandstorm|[upkeep]
|-damage|p1a: Bighorn Bison|20/100 slp|[from] Sandstorm
|-damage|p2a: Blissey|82/100|[from] Sandstorm
|-heal|p1a: Bighorn Bison|26/100 slp|[from] item: Leftovers
|-heal|p2a: Blissey|88/100|[from] item: Leftovers
|upkeep
|turn|40
|
|t:|1729257488
|move|p2a: Blissey|Calm Mind|p2a: Blissey
|-boost|p2a: Blissey|spa|1
|-boost|p2a: Blissey|spd|1
|-curestatus|p1a: Bighorn Bison|slp|[msg]
|move|p1a: Bighorn Bison|Roar|p2a: Blissey
|drag|p2a: Tyranitar|Tyranitar, M|100/100
|
|-weather|Sandstorm|[upkeep]
|-damage|p1a: Bighorn Bison|20/100|[from] Sandstorm
|-heal|p1a: Bighorn Bison|26/100|[from] item: Leftovers
|upkeep
|turn|41
|
|t:|1729257495
|switch|p2a: Blissey|Blissey, F|88/100
|move|p1a: Bighorn Bison|Surf|p2a: Blissey
|-damage|p2a: Blissey|71/100
|
|-weather|Sandstorm|[upkeep]
|-damage|p1a: Bighorn Bison|20/100|[from] Sandstorm
|-damage|p2a: Blissey|65/100|[from] Sandstorm
|-heal|p1a: Bighorn Bison|26/100|[from] item: Leftovers
|-heal|p2a: Blissey|71/100|[from] item: Leftovers
|upkeep
|turn|42
|
|t:|1729257500
|move|p1a: Bighorn Bison|Calm Mind|p1a: Bighorn Bison
|-boost|p1a: Bighorn Bison|spa|1
|-boost|p1a: Bighorn Bison|spd|1
|move|p2a: Blissey|Calm Mind|p2a: Blissey
|-boost|p2a: Blissey|spa|1
|-boost|p2a: Blissey|spd|1
|
|-weather|Sandstorm|[upkeep]
|-damage|p1a: Bighorn Bison|20/100|[from] Sandstorm
|-damage|p2a: Blissey|65/100|[from] Sandstorm
|-heal|p1a: Bighorn Bison|26/100|[from] item: Leftovers
|-heal|p2a: Blissey|71/100|[from] item: Leftovers
|upkeep
|turn|43
|
|t:|1729257505
|move|p2a: Blissey|Thunderbolt|p1a: Bighorn Bison
|-supereffective|p1a: Bighorn Bison
|-damage|p1a: Bighorn Bison|0 fnt
|faint|p1a: Bighorn Bison
|inactive|Skittle_Skity has 270 seconds left.
|
|t:|1729257536
|switch|p1a: Beetle Guard|Swampert, F|67/100
|-damage|p1a: Beetle Guard|50/100|[from] Spikes
|
|-weather|Sandstorm|[upkeep]
|-damage|p2a: Blissey|65/100|[from] Sandstorm
|-heal|p2a: Blissey|71/100|[from] item: Leftovers
|-heal|p1a: Beetle Guard|57/100|[from] item: Leftovers
|upkeep
|turn|44
|
|t:|1729257545
|move|p2a: Blissey|Ice Beam|p1a: Beetle Guard
|-damage|p1a: Beetle Guard|23/100
|move|p1a: Beetle Guard|Earthquake|p2a: Blissey
|-crit|p2a: Blissey
|-damage|p2a: Blissey|0 fnt
|faint|p2a: Blissey
|
|t:|1729257551
|switch|p2a: Salamence|Salamence, F|100/100
|-ability|p2a: Salamence|Intimidate|boost
|-unboost|p1a: Beetle Guard|atk|1
|
|-weather|Sandstorm|[upkeep]
|-damage|p2a: Salamence|94/100|[from] Sandstorm
|-heal|p2a: Salamence|100/100|[from] item: Leftovers
|-heal|p1a: Beetle Guard|29/100|[from] item: Leftovers
|upkeep
|turn|45
|
|t:|1729257554
|move|p1a: Beetle Guard|Protect|p1a: Beetle Guard
|-singleturn|p1a: Beetle Guard|Protect
|move|p2a: Salamence|Dragon Claw|p1a: Beetle Guard
|-activate|p1a: Beetle Guard|Protect
|
|-weather|Sandstorm|[upkeep]
|-damage|p2a: Salamence|94/100|[from] Sandstorm
|-heal|p2a: Salamence|100/100|[from] item: Leftovers
|-heal|p1a: Beetle Guard|35/100|[from] item: Leftovers
|upkeep
|turn|46
|
|t:|1729257578
|move|p2a: Salamence|Hidden Power|p1a: Beetle Guard
|-supereffective|p1a: Beetle Guard
|-crit|p1a: Beetle Guard
|-damage|p1a: Beetle Guard|0 fnt
|faint|p1a: Beetle Guard
|
|t:|1729257586
|switch|p1a: Greater Wisp|Moltres|100/100
|
|-weather|Sandstorm|[upkeep]
|-damage|p1a: Greater Wisp|94/100|[from] Sandstorm
|-damage|p2a: Salamence|94/100|[from] Sandstorm
|-heal|p1a: Greater Wisp|100/100|[from] item: Leftovers
|-heal|p2a: Salamence|100/100|[from] item: Leftovers
|upkeep
|turn|47
|inactive|keeping it icy has 270 seconds left.
|
|t:|1729257617
|move|p1a: Greater Wisp|Will-O-Wisp|p2a: Salamence
|-status|p2a: Salamence|brn
|move|p2a: Salamence|Dragon Claw|p1a: Greater Wisp
|-crit|p1a: Greater Wisp
|-damage|p1a: Greater Wisp|11/100
|
|-weather|Sandstorm|[upkeep]
|-damage|p1a: Greater Wisp|5/100|[from] Sandstorm
|-damage|p2a: Salamence|94/100 brn|[from] Sandstorm
|-heal|p1a: Greater Wisp|11/100|[from] item: Leftovers
|-heal|p2a: Salamence|100/100 brn|[from] item: Leftovers
|-damage|p2a: Salamence|88/100 brn|[from] brn
|upkeep
|turn|48
|inactive|keeping it icy has 270 seconds left.
|
|t:|1729257629
|switch|p1a: Hermit Crab|Forretress, F|16/100
|-damage|p1a: Hermit Crab|0 fnt|[from] Spikes
|faint|p1a: Hermit Crab
|
|t:|1729257632
|switch|p1a: Elder Lemurian|Tyranitar, M|100/100
|-damage|p1a: Elder Lemurian|84/100|[from] Spikes
|
|-weather|Sandstorm|[upkeep]
|-damage|p2a: Salamence|82/100 brn|[from] Sandstorm
|-heal|p2a: Salamence|88/100 brn|[from] item: Leftovers
|-damage|p2a: Salamence|76/100 brn|[from] brn
|-heal|p1a: Elder Lemurian|90/100|[from] item: Leftovers
|upkeep
|turn|49
|
|t:|1729257644
|move|p2a: Salamence|Hidden Power|p1a: Elder Lemurian
|-supereffective|p1a: Elder Lemurian
|-damage|p1a: Elder Lemurian|52/100
|move|p1a: Elder Lemurian|Ice Beam|p2a: Salamence
|-supereffective|p2a: Salamence
|-damage|p2a: Salamence|0 fnt
|faint|p2a: Salamence
|
|t:|1729257649
|switch|p2a: Swampert|Swampert, F|55/100
|
|-weather|Sandstorm|[upkeep]
|-heal|p2a: Swampert|61/100|[from] item: Leftovers
|-heal|p1a: Elder Lemurian|58/100|[from] item: Leftovers
|upkeep
|turn|50
|
|t:|1729257667
|move|p2a: Swampert|Surf|p1a: Elder Lemurian
|-supereffective|p1a: Elder Lemurian
|-damage|p1a: Elder Lemurian|9/100
|move|p1a: Elder Lemurian|Crunch|p2a: Swampert
|-damage|p2a: Swampert|31/100
|
|-weather|Sandstorm|[upkeep]
|-heal|p2a: Swampert|37/100|[from] item: Leftovers
|-heal|p1a: Elder Lemurian|15/100|[from] item: Leftovers
|upkeep
|turn|51
|
|t:|1729257682
|move|p2a: Swampert|Surf|p1a: Elder Lemurian
|-supereffective|p1a: Elder Lemurian
|-damage|p1a: Elder Lemurian|0 fnt
|faint|p1a: Elder Lemurian
|
|t:|1729257683
|switch|p1a: Gup|Blissey, F|70/100
|-damage|p1a: Gup|54/100|[from] Spikes
|
|-weather|Sandstorm|[upkeep]
|-damage|p1a: Gup|48/100|[from] Sandstorm
|-heal|p2a: Swampert|43/100|[from] item: Leftovers
|-heal|p1a: Gup|54/100|[from] item: Leftovers
|upkeep
|turn|52
|
|t:|1729257686
|move|p2a: Swampert|Toxic|p1a: Gup
|-status|p1a: Gup|tox
|move|p1a: Gup|Soft-Boiled|p1a: Gup
|-heal|p1a: Gup|100/100 tox
|
|-weather|Sandstorm|[upkeep]
|-damage|p1a: Gup|94/100 tox|[from] Sandstorm
|-heal|p2a: Swampert|49/100|[from] item: Leftovers
|-heal|p1a: Gup|100/100 tox|[from] item: Leftovers
|-damage|p1a: Gup|94/100 tox|[from] psn
|upkeep
|turn|53
|
|t:|1729257692
|move|p2a: Swampert|Protect|p2a: Swampert
|-singleturn|p2a: Swampert|Protect
|move|p1a: Gup|Seismic Toss|p2a: Swampert
|-activate|p2a: Swampert|Protect
|
|-weather|Sandstorm|[upkeep]
|-damage|p1a: Gup|88/100 tox|[from] Sandstorm
|-heal|p2a: Swampert|55/100|[from] item: Leftovers
|-heal|p1a: Gup|94/100 tox|[from] item: Leftovers
|-damage|p1a: Gup|82/100 tox|[from] psn
|upkeep
|turn|54
|
|t:|1729257705
|move|p2a: Swampert|Surf|p1a: Gup
|-damage|p1a: Gup|71/100 tox
|move|p1a: Gup|Seismic Toss|p2a: Swampert
|-damage|p2a: Swampert|31/100
|
|-weather|Sandstorm|[upkeep]
|-damage|p1a: Gup|65/100 tox|[from] Sandstorm
|-heal|p2a: Swampert|37/100|[from] item: Leftovers
|-heal|p1a: Gup|71/100 tox|[from] item: Leftovers
|-damage|p1a: Gup|53/100 tox|[from] psn
|upkeep
|turn|55
|
|t:|1729257711
|switch|p2a: Tyranitar|Tyranitar, M|100/100
|move|p1a: Gup|Aromatherapy|p1a: Gup
|-cureteam|p1a: Gup|[from] move: Aromatherapy
|
|-weather|Sandstorm|[upkeep]
|-damage|p1a: Gup|46/100|[from] Sandstorm
|-heal|p1a: Gup|53/100|[from] item: Leftovers
|upkeep
|turn|56
|
|t:|1729257714
|move|p2a: Tyranitar|Rock Slide|p1a: Gup
|-damage|p1a: Gup|16/100
|move|p1a: Gup|Seismic Toss|p2a: Tyranitar
|-damage|p2a: Tyranitar|75/100
|
|-weather|Sandstorm|[upkeep]
|-damage|p1a: Gup|10/100|[from] Sandstorm
|-heal|p2a: Tyranitar|81/100|[from] item: Leftovers
|-heal|p1a: Gup|16/100|[from] item: Leftovers
|upkeep
|turn|57
|
|t:|1729257721
|move|p2a: Tyranitar|Rock Slide|p1a: Gup
|-damage|p1a: Gup|0 fnt
|faint|p1a: Gup
|
|t:|1729257722
|switch|p1a: Greater Wisp|Moltres|11/100
|
|-weather|Sandstorm|[upkeep]
|-damage|p1a: Greater Wisp|5/100|[from] Sandstorm
|-heal|p1a: Greater Wisp|11/100|[from] item: Leftovers
|-heal|p2a: Tyranitar|87/100|[from] item: Leftovers
|upkeep
|turn|58
|
|t:|1729257724
|move|p1a: Greater Wisp|Hidden Power|p2a: Tyranitar
|-supereffective|p2a: Tyranitar
|-damage|p2a: Tyranitar|51/100
|move|p2a: Tyranitar|Pursuit|p1a: Greater Wisp
|-damage|p1a: Greater Wisp|0 fnt
|faint|p1a: Greater Wisp
|
|win|keeping it icy
|c|☆Skittle_Skity|gg
|c|☆keeping it icy|zgg
|c|☆keeping it icy|Gg

</script>
<script type="application/json" class="data" id="replaydata-smogtours-gen3ou-799492">
{"id":"smogtours-gen3ou-799492","format":"[Gen 3] OU","players":["Skittle_Skity","keeping it icy"],"uploadtime":1729257724,"views":122,"formatid":"gen3ou","rating":null,"private":0,"password":null}
</script>

<script defer src="js/replays.js?9d40a366"></script>
