<!DOCTYPE html>
<meta charset="utf-8" />
<meta name="viewport" content="width=device-width" />

<title>[Gen 3] OU: LilBigBamSam vs. keeping it icy - Replays - Pok&eacute;mon Showdown!</title>

<meta name="description" content="Watch a replay of a Pok&eacute;mon battle between LilBigBamSam and keeping it icy! Format: [Gen 3] OU; Date: Nov 12, 2024" />
<!--

Hey, you! Looking in the source for the replay log?

You can find them in JSON format, just add `.json` at the end of a replay URL.

https://replay.pokemonshowdown.com/gen7randomdoublesbattle-865046831.json

Or, if you only need the log itself, add `.log` instead:

https://replay.pokemonshowdown.com/gen7randomdoublesbattle-865046831.log

-->

<link rel="stylesheet" href="//pokemonshowdown.com/style/global.css?0.767286132409787" />
<link rel="stylesheet" href="//play.pokemonshowdown.com/style/font-awesome.css?0.9266228007934947" />
<link rel="stylesheet" href="//play.pokemonshowdown.com/style/battle.css?0.7924700842790926" />
<link rel="stylesheet" href="//play.pokemonshowdown.com/style/utilichart.css?0.8777417872839479" />

<!-- Global site tag (gtag.js) - Google Analytics -->
<script async src="https://www.googletagmanager.com/gtag/js?id=UA-26211653-1"></script>
<script>
  window.dataLayer = window.dataLayer || [];
  function gtag(){dataLayer.push(arguments);}
  gtag('js', new Date());

  gtag('config', 'UA-26211653-1');
</script>
<!-- End Google Analytics -->
<!-- Venatus Ad Manager - Install in <HEAD> of page -->
	<script src="https://hb.vntsm.com/v3/live/ad-manager.min.js" type="text/javascript" data-site-id="642aba63ec9a7b11c3c9c1be" data-mode="scan" async></script>
<!-- / Venatus Ad Manager -->

<style>
	@media (max-width:820px) {
		.battle {
			margin: 0 auto;
		}
		.battle-log {
			margin: 7px auto 0;
			max-width: 640px;
			height: 300px;
			position: static;
		}
	}
	.optgroup {
		display: inline-block;
		line-height: 22px;
		font-size: 10pt;
	}
	.optgroup .button {
		height: 25px;
		padding-top: 0;
		padding-bottom: 0;
	}
	.optgroup button.button {
		padding-left: 12px;
		padding-right: 12px;
	}
	.linklist {
		list-style: none;
		margin: 0.5em 0;
		padding: 0;
	}
	.linklist li {
		padding: 2px 0;
	}
	.sidebar {
		float: left;
		width: 320px;
	}
	.bar-wrapper {
		max-width: 1100px;
		margin: 0 auto;
	}
	.bar-wrapper.has-sidebar {
		max-width: 1430px;
	}
	.mainbar {
		margin: 0;
		padding-right: 1px;
	}
	.mainbar.has-sidebar {
		margin-left: 330px;
	}
	@media (min-width: 1511px) {
		.sidebar {
			width: 400px;
		}
		.bar-wrapper.has-sidebar {
			max-width: 1510px;
		}
		.mainbar.has-sidebar {
			margin-left: 410px;
		}
	}
	.section.first-section {
		margin-top: 9px;
	}
	.blocklink small {
		white-space: normal;
	}
	.button {
		vertical-align: middle;
	}
	.replay-controls {
		padding-top: 10px;
	}
	.replay-controls h1 {
		font-size: 16pt;
		font-weight: normal;
		color: #CCC;
	}
	.pagelink {
		text-align: center;
	}
	.pagelink a {
		width: 150px;
	}
	.textbox, .button {
		font-size: 11pt;
		vertical-align: middle;
	}
	@media (max-width: 450px) {
		.button {
			font-size: 9pt;
		}
	}
</style>

<div>

	<header>
		<div class="nav-wrapper"><ul class="nav">
			<li><a class="button nav-first" href="//pokemonshowdown.com/"><img src="//pokemonshowdown.com/images/pokemonshowdownbeta.png" srcset="//pokemonshowdown.com/images/pokemonshowdownbeta.png 1x, //pokemonshowdown.com/images/pokemonshowdownbeta@2x.png 2x" alt="Pok&eacute;mon Showdown" width="146" height="44" /> Home</a></li>
			<li><a class="button" href="//pokemonshowdown.com/dex/">Pok&eacute;dex</a></li>
			<li><a class="button cur" href="/">Replays</a></li>
			<li><a class="button" href="//pokemonshowdown.com/ladder/">Ladder</a></li>
			<li><a class="button nav-last" href="//pokemonshowdown.com/forums/">Forum</a></li>
			<li><a class="button greenbutton nav-first nav-last" href="//play.pokemonshowdown.com/">Play</a></li>
		</ul></div>
	</header>

	<div class="main" id="main">

		<noscript><section class="section">You need to enable JavaScript to use this page; sorry!</section></noscript>

	</div>

</div>

<script defer nomodule src="//play.pokemonshowdown.com/js/lib/ps-polyfill.js"></script>
<script defer src="//play.pokemonshowdown.com/js/lib/preact.min.js"></script>

<script defer src="//play.pokemonshowdown.com/config/config.js?6dec07f6"></script>
<script defer src="//play.pokemonshowdown.com/js/lib/jquery-1.11.0.min.js"></script>
<script defer src="//play.pokemonshowdown.com/js/lib/html-sanitizer-minified.js"></script>
<script defer src="//play.pokemonshowdown.com/js/battle-sound.js"></script>
<script defer src="//play.pokemonshowdown.com/js/battledata.js?0.6315294753075389"></script>
<script defer src="//play.pokemonshowdown.com/data/pokedex-mini.js?0.7603743185311358"></script>
<script defer src="//play.pokemonshowdown.com/data/pokedex-mini-bw.js?0.030888842834281283"></script>
<script defer src="//play.pokemonshowdown.com/data/graphics.js?0.05593094747507488"></script>
<script defer src="//play.pokemonshowdown.com/data/pokedex.js?0.47064822249611904"></script>
<script defer src="//play.pokemonshowdown.com/data/moves.js?0.8583693120512459"></script>
<script defer src="//play.pokemonshowdown.com/data/abilities.js?0.16017181182386842"></script>
<script defer src="//play.pokemonshowdown.com/data/items.js?0.4163379185673943"></script>
<script defer src="//play.pokemonshowdown.com/data/teambuilder-tables.js?0.31075597372830477"></script>
<script defer src="//play.pokemonshowdown.com/js/battle-tooltips.js?0.6536193500708172"></script>
<script defer src="//play.pokemonshowdown.com/js/battle.js?0.1916591943277901"></script>

<script defer src="js/utils.js?e31f9a17"></script>
<script defer src="js/replays-battle.js?7008c182"></script>

<!-- don't scrape this data! just add .json or .log after the URL!
Full API docs: https://github.com/smogon/pokemon-showdown-client/blob/master/WEB-API.md -->
<script type="text/plain" class="log" id="replaylog-smogtours-gen3ou-806093">
|inactive|Battle timer is ON: inactive players will automatically lose when time's up.
|t:|1731425188
|gametype|singles
|player|p1|LilBigBamSam|hoopster|
|player|p2|keeping it icy|skier-gen2|
|teamsize|p1|6
|teamsize|p2|6
|gen|3
|tier|[Gen 3] OU
|rule|Sleep Clause Mod: Limit one foe put to sleep
|rule|Switch Priority Clause Mod: Faster Pokémon switch first
|rule|Species Clause: Limit one of each Pokémon
|rule|OHKO Clause: OHKO moves are banned
|rule|Evasion Items Clause: Evasion items are banned
|rule|Evasion Moves Clause: Evasion moves are banned
|rule|Endless Battle Clause: Forcing endless battles is banned
|rule|HP Percentage Mod: HP is shown in percentages
|rule|One Boost Passer Clause: Limit one Baton Passer that has a way to boost its stats
|rule|Freeze Clause Mod: Limit one foe frozen
|
|t:|1731425188
|start
|switch|p1a: Jynx|Jynx, F|100/100
|switch|p2a: Zapdos|Zapdos|100/100
|turn|1
|c|☆LilBigBamSam|hf
|inactive|LilBigBamSam has 270 seconds left.
|inactive|keeping it icy has 270 seconds left.
|c|☆keeping it icy|HF
|inactive|keeping it icy has 240 seconds left.
|
|t:|1731425248
|move|p1a: Jynx|Ice Beam|p2a: Zapdos
|-supereffective|p2a: Zapdos
|-damage|p2a: Zapdos|24/100
|move|p2a: Zapdos|Thunder Wave|p1a: Jynx
|-status|p1a: Jynx|par
|
|-heal|p2a: Zapdos|30/100|[from] item: Leftovers
|upkeep
|turn|2
|
|t:|1731425259
|switch|p2a: Metagross|Metagross|100/100
|cant|p1a: Jynx|par
|
|upkeep
|turn|3
|
|t:|1731425274
|switch|p1a: Magneton|Magneton|100/100
|move|p2a: Metagross|Meteor Mash|p1a: Magneton|[miss]
|-miss|p2a: Metagross|p1a: Magneton
|
|upkeep
|turn|4
|
|t:|1731425281
|move|p1a: Magneton|Thunderbolt|p2a: Metagross
|-damage|p2a: Metagross|54/100
|move|p2a: Metagross|Earthquake|p1a: Magneton
|-supereffective|p1a: Magneton
|-damage|p1a: Magneton|0 fnt
|faint|p1a: Magneton
|
|t:|1731425286
|switch|p1a: Dugtrio|Dugtrio, M|100/100
|
|-heal|p2a: Metagross|60/100|[from] item: Leftovers
|upkeep
|turn|5
|
|t:|1731425287
|move|p1a: Dugtrio|Earthquake|p2a: Metagross
|-supereffective|p2a: Metagross
|-damage|p2a: Metagross|0 fnt
|faint|p2a: Metagross
|
|t:|1731425295
|switch|p2a: Zapdos|Zapdos|30/100
|
|-heal|p2a: Zapdos|36/100|[from] item: Leftovers
|upkeep
|turn|6
|
|t:|1731425321
|switch|p1a: Jynx|Jynx, F|100/100 par
|move|p2a: Zapdos|Thunderbolt|p1a: Jynx
|-damage|p1a: Jynx|41/100 par
|
|-heal|p2a: Zapdos|43/100|[from] item: Leftovers
|-heal|p1a: Jynx|47/100 par|[from] item: Leftovers
|upkeep
|turn|7
|
|t:|1731425328
|move|p2a: Zapdos|Thunderbolt|p1a: Jynx
|-damage|p1a: Jynx|0 fnt
|faint|p1a: Jynx
|
|t:|1731425332
|switch|p1a: Snorlax|Snorlax, F|100/100
|
|-heal|p2a: Zapdos|49/100|[from] item: Leftovers
|upkeep
|turn|8
|
|t:|1731425343
|move|p2a: Zapdos|Thunder Wave|p1a: Snorlax
|-status|p1a: Snorlax|par
|cant|p1a: Snorlax|par
|
|-heal|p2a: Zapdos|55/100|[from] item: Leftovers
|upkeep
|turn|9
|
|t:|1731425347
|switch|p2a: Claydol|Claydol|100/100
|move|p1a: Snorlax|Curse|p1a: Snorlax
|-unboost|p1a: Snorlax|spe|1
|-boost|p1a: Snorlax|atk|1
|-boost|p1a: Snorlax|def|1
|
|upkeep
|turn|10
|inactive|LilBigBamSam has 270 seconds left.
|
|t:|1731425403
|switch|p1a: Claydol|Claydol|100/100
|move|p2a: Claydol|Earthquake|p1a: Claydol
|-immune|p1a: Claydol
|
|upkeep
|turn|11
|inactive|LilBigBamSam has 240 seconds left.
|
|t:|1731425427
|switch|p2a: Moltres|Moltres|100/100
|move|p1a: Claydol|Rain Dance|p1a: Claydol
|-weather|RainDance
|
|-weather|RainDance|[upkeep]
|upkeep
|turn|12
|inactive|LilBigBamSam has 240 seconds left.
|
|t:|1731425436
|switch|p2a: Suicune|Suicune|100/100
|switch|p1a: Snorlax|Snorlax, F|100/100 par
|
|-weather|RainDance|[upkeep]
|upkeep
|turn|13
|inactive|LilBigBamSam has 240 seconds left.
|
|t:|1731425454
|move|p2a: Suicune|Calm Mind|p2a: Suicune
|-boost|p2a: Suicune|spa|1
|-boost|p2a: Suicune|spd|1
|move|p1a: Snorlax|Curse|p1a: Snorlax
|-unboost|p1a: Snorlax|spe|1
|-boost|p1a: Snorlax|atk|1
|-boost|p1a: Snorlax|def|1
|
|-weather|RainDance|[upkeep]
|upkeep
|turn|14
|
|t:|1731425462
|move|p2a: Suicune|Surf|p1a: Snorlax
|-damage|p1a: Snorlax|56/100 par
|cant|p1a: Snorlax|par
|
|-weather|RainDance|[upkeep]
|-heal|p1a: Snorlax|62/100 par|[from] item: Leftovers
|upkeep
|turn|15
|
|t:|1731425469
|move|p2a: Suicune|Calm Mind|p2a: Suicune
|-boost|p2a: Suicune|spa|1
|-boost|p2a: Suicune|spd|1
|cant|p1a: Snorlax|par
|
|-weather|none
|-heal|p1a: Snorlax|68/100 par|[from] item: Leftovers
|upkeep
|turn|16
|
|t:|1731425477
|move|p2a: Suicune|Surf|p1a: Snorlax
|-damage|p1a: Snorlax|25/100 par
|move|p1a: Snorlax|Return|p2a: Suicune
|-damage|p2a: Suicune|53/100
|
|-heal|p2a: Suicune|59/100|[from] item: Leftovers
|-heal|p1a: Snorlax|31/100 par|[from] item: Leftovers
|upkeep
|turn|17
|inactive|LilBigBamSam has 240 seconds left.
|
|t:|1731425518
|switch|p1a: Suicune|Suicune|100/100
|move|p2a: Suicune|Surf|p1a: Suicune
|-resisted|p1a: Suicune
|-damage|p1a: Suicune|72/100
|
|-heal|p1a: Suicune|78/100|[from] item: Leftovers
|-heal|p2a: Suicune|65/100|[from] item: Leftovers
|upkeep
|turn|18
|
|t:|1731425530
|switch|p2a: Zapdos|Zapdos|55/100
|move|p1a: Suicune|Calm Mind|p1a: Suicune
|-boost|p1a: Suicune|spa|1
|-boost|p1a: Suicune|spd|1
|
|-heal|p2a: Zapdos|61/100|[from] item: Leftovers
|-heal|p1a: Suicune|85/100|[from] item: Leftovers
|upkeep
|turn|19
|inactive|LilBigBamSam has 240 seconds left.
|inactive|LilBigBamSam has 210 seconds left.
|inactive|LilBigBamSam has 180 seconds left.
|inactive|LilBigBamSam has 150 seconds left.
|
|t:|1731425656
|switch|p1a: Claydol|Claydol|100/100
|move|p2a: Zapdos|Thunderbolt|p1a: Claydol
|-immune|p1a: Claydol
|
|-heal|p2a: Zapdos|68/100|[from] item: Leftovers
|upkeep
|turn|20
|inactive|keeping it icy has 270 seconds left.
|
|t:|1731425688
|move|p2a: Zapdos|Hidden Power|p1a: Claydol
|-supereffective|p1a: Claydol
|-damage|p1a: Claydol|62/100
|move|p1a: Claydol|Explosion|p2a: Zapdos
|-damage|p2a: Zapdos|0 fnt
|faint|p1a: Claydol
|faint|p2a: Zapdos
|inactive|keeping it icy has 270 seconds left.
|
|t:|1731425715
|switch|p2a: Claydol|Claydol|100/100
|switch|p1a: Suicune|Suicune|85/100
|
|-heal|p1a: Suicune|91/100|[from] item: Leftovers
|upkeep
|turn|21
|inactive|keeping it icy has 270 seconds left.
|inactive|LilBigBamSam has 120 seconds left.
|
|t:|1731425744
|switch|p1a: Dugtrio|Dugtrio, M|100/100
|move|p2a: Claydol|Earthquake|p1a: Dugtrio
|-damage|p1a: Dugtrio|6/100
|
|upkeep
|turn|22
|
|t:|1731425761
|switch|p2a: Moltres|Moltres|100/100
|move|p1a: Dugtrio|Hidden Power|p2a: Moltres
|-resisted|p2a: Moltres
|-damage|p2a: Moltres|94/100
|
|-heal|p2a: Moltres|99/100|[from] item: Leftovers
|upkeep
|turn|23
|
|t:|1731425770
|move|p1a: Dugtrio|Hidden Power|p2a: Moltres
|-resisted|p2a: Moltres
|-damage|p2a: Moltres|93/100
|move|p2a: Moltres|Flamethrower|p1a: Dugtrio
|-damage|p1a: Dugtrio|0 fnt
|faint|p1a: Dugtrio
|
|t:|1731425774
|switch|p1a: Snorlax|Snorlax, F|31/100 par
|
|-heal|p2a: Moltres|99/100|[from] item: Leftovers
|-heal|p1a: Snorlax|38/100 par|[from] item: Leftovers
|upkeep
|turn|24
|inactive|keeping it icy has 270 seconds left.
|
|t:|1731425792
|switch|p2a: Claydol|Claydol|100/100
|move|p1a: Snorlax|Rest|p1a: Snorlax
|-status|p1a: Snorlax|slp|[from] move: Rest
|-heal|p1a: Snorlax|100/100 slp|[silent]
|
|upkeep
|turn|25
|inactive|keeping it icy has 270 seconds left.
|
|t:|1731425799
|move|p2a: Claydol|Earthquake|p1a: Snorlax
|-damage|p1a: Snorlax|71/100 slp
|cant|p1a: Snorlax|slp
|
|-heal|p1a: Snorlax|77/100 slp|[from] item: Leftovers
|upkeep
|turn|26
|
|t:|1731425805
|move|p2a: Claydol|Earthquake|p1a: Snorlax
|-damage|p1a: Snorlax|50/100 slp
|cant|p1a: Snorlax|slp
|
|-heal|p1a: Snorlax|56/100 slp|[from] item: Leftovers
|upkeep
|turn|27
|inactive|keeping it icy has 270 seconds left.
|
|t:|1731425839
|move|p2a: Claydol|Earthquake|p1a: Snorlax
|-crit|p1a: Snorlax
|-damage|p1a: Snorlax|0 fnt
|faint|p1a: Snorlax
|
|t:|1731425841
|switch|p1a: Suicune|Suicune|91/100
|
|-heal|p1a: Suicune|97/100|[from] item: Leftovers
|upkeep
|turn|28
|
|t:|1731425846
|move|p1a: Suicune|Calm Mind|p1a: Suicune
|-boost|p1a: Suicune|spa|1
|-boost|p1a: Suicune|spd|1
|move|p2a: Claydol|Explosion|p1a: Suicune
|-damage|p1a: Suicune|32/100
|faint|p2a: Claydol
|inactive|keeping it icy has 270 seconds left.
|
|t:|1731425851
|switch|p2a: Roselia|Roselia, M|100/100
|
|-heal|p1a: Suicune|38/100|[from] item: Leftovers
|upkeep
|turn|29
|
|t:|1731425876
|move|p1a: Suicune|Calm Mind|p1a: Suicune
|-boost|p1a: Suicune|spa|1
|-boost|p1a: Suicune|spd|1
|move|p2a: Roselia|Stun Spore|p1a: Suicune
|-status|p1a: Suicune|par
|
|-heal|p1a: Suicune|45/100 par|[from] item: Leftovers
|upkeep
|turn|30
|
|t:|1731425888
|move|p2a: Roselia|Hidden Power|p1a: Suicune
|-supereffective|p1a: Suicune
|-damage|p1a: Suicune|26/100 par
|move|p1a: Suicune|Calm Mind|p1a: Suicune
|-boost|p1a: Suicune|spa|1
|-boost|p1a: Suicune|spd|1
|
|-heal|p1a: Suicune|32/100 par|[from] item: Leftovers
|upkeep
|turn|31
|
|t:|1731425894
|move|p2a: Roselia|Hidden Power|p1a: Suicune
|-supereffective|p1a: Suicune
|-damage|p1a: Suicune|17/100 par
|move|p1a: Suicune|Rest|p1a: Suicune
|-status|p1a: Suicune|slp|[from] move: Rest
|-heal|p1a: Suicune|100/100 slp|[silent]
|
|upkeep
|turn|32
|
|t:|1731425911
|cant|p1a: Suicune|slp
|move|p2a: Roselia|Spikes|p1a: Suicune
|-sidestart|p1: LilBigBamSam|Spikes
|
|upkeep
|turn|33
|inactive|LilBigBamSam has 180 seconds left.
|
|t:|1731425916
|cant|p1a: Suicune|slp
|move|p2a: Roselia|Spikes|p1a: Suicune
|-sidestart|p1: LilBigBamSam|Spikes
|
|upkeep
|turn|34
|
|t:|1731425919
|-curestatus|p1a: Suicune|slp|[msg]
|move|p1a: Suicune|Calm Mind|p1a: Suicune
|-boost|p1a: Suicune|spa|1
|-boost|p1a: Suicune|spd|1
|move|p2a: Roselia|Stun Spore|p1a: Suicune
|-status|p1a: Suicune|par
|
|upkeep
|turn|35
|
|t:|1731425927
|switch|p2a: Suicune|Suicune|65/100
|cant|p1a: Suicune|par
|
|-heal|p2a: Suicune|71/100|[from] item: Leftovers
|upkeep
|turn|36
|
|t:|1731425932
|move|p2a: Suicune|Calm Mind|p2a: Suicune
|-boost|p2a: Suicune|spa|1
|-boost|p2a: Suicune|spd|1
|move|p1a: Suicune|Surf|p2a: Suicune
|-resisted|p2a: Suicune
|-damage|p2a: Suicune|51/100
|
|-heal|p2a: Suicune|57/100|[from] item: Leftovers
|upkeep
|turn|37
|inactive|LilBigBamSam has 210 seconds left.
|
|t:|1731425937
|move|p2a: Suicune|Calm Mind|p2a: Suicune
|-boost|p2a: Suicune|spa|1
|-boost|p2a: Suicune|spd|1
|move|p1a: Suicune|Roar|p2a: Suicune
|drag|p2a: Roselia|Roselia, M|100/100
|
|upkeep
|turn|38
|
|t:|1731425947
|switch|p2a: Suicune|Suicune|57/100
|cant|p1a: Suicune|par
|
|-heal|p2a: Suicune|63/100|[from] item: Leftovers
|upkeep
|turn|39
|inactive|keeping it icy has 270 seconds left.
|
|t:|1731425978
|switch|p2a: Moltres|Moltres|99/100
|move|p1a: Suicune|Surf|p2a: Moltres
|-supereffective|p2a: Moltres
|-damage|p2a: Moltres|0 fnt
|faint|p2a: Moltres
|
|t:|1731425982
|switch|p2a: Suicune|Suicune|63/100
|
|-heal|p2a: Suicune|69/100|[from] item: Leftovers
|upkeep
|turn|40
|
|t:|1731425993
|move|p2a: Suicune|Calm Mind|p2a: Suicune
|-boost|p2a: Suicune|spa|1
|-boost|p2a: Suicune|spd|1
|move|p1a: Suicune|Calm Mind|p1a: Suicune
|-boost|p1a: Suicune|spa|1
|-boost|p1a: Suicune|spd|1
|
|-heal|p2a: Suicune|75/100|[from] item: Leftovers
|upkeep
|turn|41
|
|t:|1731426000
|move|p2a: Suicune|Calm Mind|p2a: Suicune
|-boost|p2a: Suicune|spa|1
|-boost|p2a: Suicune|spd|1
|cant|p1a: Suicune|par
|
|-heal|p2a: Suicune|82/100|[from] item: Leftovers
|upkeep
|turn|42
|
|t:|1731426004
|move|p2a: Suicune|Calm Mind|p2a: Suicune
|-boost|p2a: Suicune|spa|1
|-boost|p2a: Suicune|spd|1
|cant|p1a: Suicune|par
|
|-heal|p2a: Suicune|88/100|[from] item: Leftovers
|upkeep
|turn|43
|
|t:|1731426008
|move|p2a: Suicune|Calm Mind|p2a: Suicune
|-boost|p2a: Suicune|spa|1
|-boost|p2a: Suicune|spd|1
|move|p1a: Suicune|Roar|p2a: Suicune
|drag|p2a: Roselia|Roselia, M|100/100
|
|upkeep
|turn|44
|inactive|LilBigBamSam has 270 seconds left.
|
|t:|1731426014
|move|p2a: Roselia|Spikes|p1a: Suicune
|-sidestart|p1: LilBigBamSam|Spikes
|cant|p1a: Suicune|par
|
|upkeep
|turn|45
|
|t:|1731426017
|move|p2a: Roselia|Spikes||[still]
|-fail|p2a: Roselia
|move|p1a: Suicune|Calm Mind|p1a: Suicune
|-boost|p1a: Suicune|spa|1
|-boost|p1a: Suicune|spd|1
|
|upkeep
|turn|46
|inactive|LilBigBamSam has 270 seconds left.
|
|t:|1731426042
|move|p2a: Roselia|Spikes||[still]
|-fail|p2a: Roselia
|move|p1a: Suicune|Rest|p1a: Suicune
|-fail|p1a: Suicune|heal
|
|upkeep
|turn|47
|inactive|LilBigBamSam has 270 seconds left.
|
|t:|1731426053
|move|p2a: Roselia|Spikes||[still]
|-fail|p2a: Roselia
|move|p1a: Suicune|Surf|p2a: Roselia
|-resisted|p2a: Roselia
|-damage|p2a: Roselia|43/100
|
|-heal|p2a: Roselia|49/100|[from] item: Leftovers
|upkeep
|turn|48
|
|t:|1731426058
|move|p2a: Roselia|Spikes||[still]
|-fail|p2a: Roselia
|cant|p1a: Suicune|par
|
|-heal|p2a: Roselia|55/100|[from] item: Leftovers
|upkeep
|turn|49
|
|t:|1731426061
|move|p2a: Roselia|Spikes||[still]
|-fail|p2a: Roselia
|cant|p1a: Suicune|par
|
|-heal|p2a: Roselia|62/100|[from] item: Leftovers
|upkeep
|turn|50
|
|t:|1731426066
|move|p2a: Roselia|Spikes||[still]
|-fail|p2a: Roselia
|move|p1a: Suicune|Surf|p2a: Roselia
|-resisted|p2a: Roselia
|-damage|p2a: Roselia|4/100
|
|-heal|p2a: Roselia|10/100|[from] item: Leftovers
|upkeep
|turn|51
|
|t:|1731426075
|move|p2a: Roselia|Spikes||[still]
|-fail|p2a: Roselia
|move|p1a: Suicune|Surf|p2a: Roselia
|-resisted|p2a: Roselia
|-damage|p2a: Roselia|0 fnt
|faint|p2a: Roselia
|
|t:|1731426077
|switch|p2a: Suicune|Suicune|88/100
|
|-heal|p2a: Suicune|94/100|[from] item: Leftovers
|upkeep
|turn|52
|
|t:|1731426078
|move|p2a: Suicune|Calm Mind|p2a: Suicune
|-boost|p2a: Suicune|spa|1
|-boost|p2a: Suicune|spd|1
|cant|p1a: Suicune|par
|
|-heal|p2a: Suicune|99/100|[from] item: Leftovers
|upkeep
|turn|53
|
|t:|1731426083
|move|p2a: Suicune|Calm Mind|p2a: Suicune
|-boost|p2a: Suicune|spa|1
|-boost|p2a: Suicune|spd|1
|move|p1a: Suicune|Surf|p2a: Suicune
|-resisted|p2a: Suicune
|-crit|p2a: Suicune
|-damage|p2a: Suicune|8/100
|
|-heal|p2a: Suicune|15/100|[from] item: Leftovers
|upkeep
|turn|54
|
|t:|1731426089
|move|p2a: Suicune|Rest|p2a: Suicune
|-status|p2a: Suicune|slp|[from] move: Rest
|-heal|p2a: Suicune|100/100 slp|[silent]
|move|p1a: Suicune|Surf|p2a: Suicune
|-resisted|p2a: Suicune
|-damage|p2a: Suicune|78/100 slp
|
|-heal|p2a: Suicune|84/100 slp|[from] item: Leftovers
|upkeep
|turn|55
|
|t:|1731426093
|cant|p2a: Suicune|slp
|move|p1a: Suicune|Rest|p1a: Suicune
|-fail|p1a: Suicune|heal
|
|-heal|p2a: Suicune|90/100 slp|[from] item: Leftovers
|upkeep
|turn|56
|
|t:|1731426098
|cant|p2a: Suicune|slp
|move|p1a: Suicune|Surf|p2a: Suicune
|-resisted|p2a: Suicune
|-damage|p2a: Suicune|69/100 slp
|
|-heal|p2a: Suicune|75/100 slp|[from] item: Leftovers
|upkeep
|turn|57
|
|t:|1731426115
|-curestatus|p2a: Suicune|slp|[msg]
|move|p2a: Suicune|Rest|p2a: Suicune
|-status|p2a: Suicune|slp|[from] move: Rest
|-heal|p2a: Suicune|100/100 slp|[silent]
|move|p1a: Suicune|Surf|p2a: Suicune
|-resisted|p2a: Suicune
|-damage|p2a: Suicune|77/100 slp
|
|-heal|p2a: Suicune|84/100 slp|[from] item: Leftovers
|upkeep
|turn|58
|
|t:|1731426130
|cant|p2a: Suicune|slp
|move|p1a: Suicune|Roar||[still]
|-fail|p1a: Suicune
|
|-heal|p2a: Suicune|90/100 slp|[from] item: Leftovers
|upkeep
|turn|59
|
|t:|1731426133
|cant|p2a: Suicune|slp
|move|p1a: Suicune|Roar||[still]
|-fail|p1a: Suicune
|
|-heal|p2a: Suicune|96/100 slp|[from] item: Leftovers
|upkeep
|turn|60
|
|t:|1731426139
|-curestatus|p2a: Suicune|slp|[msg]
|move|p2a: Suicune|Calm Mind|p2a: Suicune
|-boost|p2a: Suicune|spa|1
|-boost|p2a: Suicune|spd|1
|move|p1a: Suicune|Roar||[still]
|-fail|p1a: Suicune
|
|-heal|p2a: Suicune|100/100|[from] item: Leftovers
|upkeep
|turn|61
|
|t:|1731426148
|move|p2a: Suicune|Calm Mind|p2a: Suicune
|-boost|p2a: Suicune|spa|1
|-boost|p2a: Suicune|spd|1
|move|p1a: Suicune|Roar||[still]
|-fail|p1a: Suicune
|
|upkeep
|turn|62
|
|t:|1731426152
|move|p2a: Suicune|Calm Mind|p2a: Suicune
|-boost|p2a: Suicune|spa|1
|-boost|p2a: Suicune|spd|1
|move|p1a: Suicune|Roar||[still]
|-fail|p1a: Suicune
|
|upkeep
|turn|63
|
|t:|1731426155
|move|p2a: Suicune|Calm Mind|p2a: Suicune
|-boost|p2a: Suicune|spa|1
|-boost|p2a: Suicune|spd|1
|move|p1a: Suicune|Roar||[still]
|-fail|p1a: Suicune
|
|upkeep
|turn|64
|
|t:|1731426158
|move|p2a: Suicune|Calm Mind|p2a: Suicune
|-boost|p2a: Suicune|spa|0
|-boost|p2a: Suicune|spd|0
|move|p1a: Suicune|Roar||[still]
|-fail|p1a: Suicune
|
|upkeep
|turn|65
|
|t:|1731426162
|move|p2a: Suicune|Calm Mind|p2a: Suicune
|-boost|p2a: Suicune|spa|0
|-boost|p2a: Suicune|spd|0
|move|p1a: Suicune|Roar||[still]
|-fail|p1a: Suicune
|
|upkeep
|turn|66
|
|t:|1731426166
|move|p2a: Suicune|Calm Mind|p2a: Suicune
|-boost|p2a: Suicune|spa|0
|-boost|p2a: Suicune|spd|0
|cant|p1a: Suicune|par
|
|upkeep
|turn|67
|
|t:|1731426169
|move|p2a: Suicune|Calm Mind|p2a: Suicune
|-boost|p2a: Suicune|spa|0
|-boost|p2a: Suicune|spd|0
|move|p1a: Suicune|Roar||[still]
|-fail|p1a: Suicune
|
|upkeep
|turn|68
|
|t:|1731426172
|move|p2a: Suicune|Calm Mind|p2a: Suicune
|-boost|p2a: Suicune|spa|0
|-boost|p2a: Suicune|spd|0
|move|p1a: Suicune|Roar||[still]
|-fail|p1a: Suicune
|
|upkeep
|turn|69
|
|t:|1731426179
|move|p2a: Suicune|Calm Mind|p2a: Suicune
|-boost|p2a: Suicune|spa|0
|-boost|p2a: Suicune|spd|0
|move|p1a: Suicune|Roar||[still]
|-fail|p1a: Suicune
|
|upkeep
|turn|70
|
|t:|1731426182
|move|p2a: Suicune|Calm Mind|p2a: Suicune
|-boost|p2a: Suicune|spa|0
|-boost|p2a: Suicune|spd|0
|cant|p1a: Suicune|par
|
|upkeep
|turn|71
|
|t:|1731426185
|move|p2a: Suicune|Calm Mind|p2a: Suicune
|-boost|p2a: Suicune|spa|0
|-boost|p2a: Suicune|spd|0
|move|p1a: Suicune|Calm Mind|p1a: Suicune
|-boost|p1a: Suicune|spa|0
|-boost|p1a: Suicune|spd|0
|
|upkeep
|turn|72
|
|t:|1731426188
|move|p2a: Suicune|Calm Mind|p2a: Suicune
|-boost|p2a: Suicune|spa|0
|-boost|p2a: Suicune|spd|0
|move|p1a: Suicune|Calm Mind|p1a: Suicune
|-boost|p1a: Suicune|spa|0
|-boost|p1a: Suicune|spd|0
|
|upkeep
|turn|73
|
|t:|1731426193
|move|p2a: Suicune|Calm Mind|p2a: Suicune
|-boost|p2a: Suicune|spa|0
|-boost|p2a: Suicune|spd|0
|move|p1a: Suicune|Roar||[still]
|-fail|p1a: Suicune
|
|upkeep
|turn|74
|
|t:|1731426199
|move|p2a: Suicune|Calm Mind|p2a: Suicune
|-boost|p2a: Suicune|spa|0
|-boost|p2a: Suicune|spd|0
|cant|p1a: Suicune|par
|
|upkeep
|turn|75
|
|t:|1731426203
|move|p2a: Suicune|Calm Mind|p2a: Suicune
|-boost|p2a: Suicune|spa|0
|-boost|p2a: Suicune|spd|0
|move|p1a: Suicune|Roar||[still]
|-fail|p1a: Suicune
|
|upkeep
|turn|76
|
|t:|1731426207
|move|p2a: Suicune|Calm Mind|p2a: Suicune
|-boost|p2a: Suicune|spa|0
|-boost|p2a: Suicune|spd|0
|move|p1a: Suicune|Roar||[still]
|-fail|p1a: Suicune
|
|upkeep
|turn|77
|inactive|keeping it icy has 270 seconds left.
|
|t:|1731426241
|move|p2a: Suicune|Calm Mind|p2a: Suicune
|-boost|p2a: Suicune|spa|0
|-boost|p2a: Suicune|spd|0
|move|p1a: Suicune|Calm Mind|p1a: Suicune
|-boost|p1a: Suicune|spa|0
|-boost|p1a: Suicune|spd|0
|
|upkeep
|turn|78
|inactive|keeping it icy has 270 seconds left.
|
|t:|1731426257
|move|p2a: Suicune|Calm Mind|p2a: Suicune
|-boost|p2a: Suicune|spa|0
|-boost|p2a: Suicune|spd|0
|move|p1a: Suicune|Calm Mind|p1a: Suicune
|-boost|p1a: Suicune|spa|0
|-boost|p1a: Suicune|spd|0
|
|upkeep
|turn|79
|
|t:|1731426262
|move|p2a: Suicune|Calm Mind|p2a: Suicune
|-boost|p2a: Suicune|spa|0
|-boost|p2a: Suicune|spd|0
|move|p1a: Suicune|Calm Mind|p1a: Suicune
|-boost|p1a: Suicune|spa|0
|-boost|p1a: Suicune|spd|0
|
|upkeep
|turn|80
|
|t:|1731426279
|move|p2a: Suicune|Calm Mind|p2a: Suicune
|-boost|p2a: Suicune|spa|0
|-boost|p2a: Suicune|spd|0
|move|p1a: Suicune|Calm Mind|p1a: Suicune
|-boost|p1a: Suicune|spa|0
|-boost|p1a: Suicune|spd|0
|
|upkeep
|turn|81
|inactive|keeping it icy has 270 seconds left.
|
|t:|1731426295
|move|p2a: Suicune|Calm Mind|p2a: Suicune
|-boost|p2a: Suicune|spa|0
|-boost|p2a: Suicune|spd|0
|move|p1a: Suicune|Calm Mind|p1a: Suicune
|-boost|p1a: Suicune|spa|0
|-boost|p1a: Suicune|spd|0
|
|upkeep
|turn|82
|inactive|keeping it icy has 270 seconds left.
|
|t:|1731426310
|move|p2a: Suicune|Rest|p2a: Suicune
|-fail|p2a: Suicune|heal
|move|p1a: Suicune|Calm Mind|p1a: Suicune
|-boost|p1a: Suicune|spa|0
|-boost|p1a: Suicune|spd|0
|
|upkeep
|turn|83
|
|t:|1731426328
|move|p2a: Suicune|Rest|p2a: Suicune
|-fail|p2a: Suicune|heal
|move|p1a: Suicune|Calm Mind|p1a: Suicune
|-boost|p1a: Suicune|spa|0
|-boost|p1a: Suicune|spd|0
|
|upkeep
|turn|84
|inactive|keeping it icy has 270 seconds left.
|
|t:|1731426364
|move|p2a: Suicune|Rest|p2a: Suicune
|-fail|p2a: Suicune|heal
|move|p1a: Suicune|Calm Mind|p1a: Suicune
|-boost|p1a: Suicune|spa|0
|-boost|p1a: Suicune|spd|0
|
|upkeep
|turn|85
|
|t:|1731426370
|move|p2a: Suicune|Rest|p2a: Suicune
|-fail|p2a: Suicune|heal
|move|p1a: Suicune|Calm Mind|p1a: Suicune
|-boost|p1a: Suicune|spa|0
|-boost|p1a: Suicune|spd|0
|
|upkeep
|turn|86
|
|t:|1731426374
|move|p2a: Suicune|Rest|p2a: Suicune
|-fail|p2a: Suicune|heal
|move|p1a: Suicune|Calm Mind|p1a: Suicune
|-boost|p1a: Suicune|spa|0
|-boost|p1a: Suicune|spd|0
|
|upkeep
|turn|87
|
|t:|1731426379
|move|p2a: Suicune|Rest|p2a: Suicune
|-fail|p2a: Suicune|heal
|cant|p1a: Suicune|par
|
|upkeep
|turn|88
|
|t:|1731426382
|move|p2a: Suicune|Rest|p2a: Suicune
|-fail|p2a: Suicune|heal
|move|p1a: Suicune|Calm Mind|p1a: Suicune
|-boost|p1a: Suicune|spa|0
|-boost|p1a: Suicune|spd|0
|
|upkeep
|turn|89
|
|t:|1731426385
|move|p2a: Suicune|Rest|p2a: Suicune
|-fail|p2a: Suicune|heal
|cant|p1a: Suicune|par
|
|upkeep
|turn|90
|
|t:|1731426389
|move|p2a: Suicune|Rest|p2a: Suicune
|-fail|p2a: Suicune|heal
|cant|p1a: Suicune|par
|
|upkeep
|turn|91
|
|t:|1731426392
|move|p2a: Suicune|Rest|p2a: Suicune
|-fail|p2a: Suicune|heal
|cant|p1a: Suicune|par
|
|upkeep
|turn|92
|
|t:|1731426402
|move|p2a: Suicune|Rest|p2a: Suicune
|-fail|p2a: Suicune|heal
|move|p1a: Suicune|Calm Mind|p1a: Suicune
|-boost|p1a: Suicune|spa|0
|-boost|p1a: Suicune|spd|0
|
|upkeep
|turn|93
|inactive|LilBigBamSam has 270 seconds left.
|
|t:|1731426449
|move|p2a: Suicune|Surf|p1a: Suicune
|-resisted|p1a: Suicune
|-damage|p1a: Suicune|86/100 par
|move|p1a: Suicune|Calm Mind|p1a: Suicune
|-boost|p1a: Suicune|spa|0
|-boost|p1a: Suicune|spd|0
|
|-heal|p1a: Suicune|93/100 par|[from] item: Leftovers
|upkeep
|turn|94
|
|t:|1731426453
|move|p2a: Suicune|Surf|p1a: Suicune
|-resisted|p1a: Suicune
|-damage|p1a: Suicune|78/100 par
|move|p1a: Suicune|Rest|p1a: Suicune
|-status|p1a: Suicune|slp|[from] move: Rest
|-heal|p1a: Suicune|100/100 slp|[silent]
|
|upkeep
|turn|95
|
|t:|1731426458
|move|p2a: Suicune|Surf|p1a: Suicune
|-resisted|p1a: Suicune
|-damage|p1a: Suicune|86/100 slp
|cant|p1a: Suicune|slp
|
|-heal|p1a: Suicune|92/100 slp|[from] item: Leftovers
|upkeep
|turn|96
|
|t:|1731426463
|cant|p1a: Suicune|slp
|move|p2a: Suicune|Surf|p1a: Suicune
|-resisted|p1a: Suicune
|-crit|p1a: Suicune
|-damage|p1a: Suicune|0 fnt
|faint|p1a: Suicune
|
|win|keeping it icy
|c|☆LilBigBamSam|gg
|c|☆keeping it icy|Ggwp
|player|p1|

</script>
<script type="application/json" class="data" id="replaydata-smogtours-gen3ou-806093">
{"id":"smogtours-gen3ou-806093","format":"[Gen 3] OU","players":["LilBigBamSam","keeping it icy"],"uploadtime":1731426463,"views":14,"formatid":"gen3ou","rating":null,"private":0,"password":null}
</script>

<script defer src="js/replays.js?9d40a366"></script>
