<!DOCTYPE html>
<meta charset="utf-8" />
<meta name="viewport" content="width=device-width" />

<title>[Gen 3] OU: jlev vs. ViciousCricket - Replays - Pok&eacute;mon Showdown!</title>

<meta name="description" content="Watch a replay of a Pok&eacute;mon battle between jlev and ViciousCricket! Format: [Gen 3] OU; Date: Oct 13, 2024" />
<!--

Hey, you! Looking in the source for the replay log?

You can find them in JSON format, just add `.json` at the end of a replay URL.

https://replay.pokemonshowdown.com/gen7randomdoublesbattle-865046831.json

Or, if you only need the log itself, add `.log` instead:

https://replay.pokemonshowdown.com/gen7randomdoublesbattle-865046831.log

-->

<link rel="stylesheet" href="//pokemonshowdown.com/style/global.css?0.767286132409787" />
<link rel="stylesheet" href="//play.pokemonshowdown.com/style/font-awesome.css?0.9266228007934947" />
<link rel="stylesheet" href="//play.pokemonshowdown.com/style/battle.css?0.7924700842790926" />
<link rel="stylesheet" href="//play.pokemonshowdown.com/style/utilichart.css?0.8777417872839479" />

<!-- Global site tag (gtag.js) - Google Analytics -->
<script async src="https://www.googletagmanager.com/gtag/js?id=UA-26211653-1"></script>
<script>
  window.dataLayer = window.dataLayer || [];
  function gtag(){dataLayer.push(arguments);}
  gtag('js', new Date());

  gtag('config', 'UA-26211653-1');
</script>
<!-- End Google Analytics -->
<!-- Venatus Ad Manager - Install in <HEAD> of page -->
	<script src="https://hb.vntsm.com/v3/live/ad-manager.min.js" type="text/javascript" data-site-id="642aba63ec9a7b11c3c9c1be" data-mode="scan" async></script>
<!-- / Venatus Ad Manager -->

<style>
	@media (max-width:820px) {
		.battle {
			margin: 0 auto;
		}
		.battle-log {
			margin: 7px auto 0;
			max-width: 640px;
			height: 300px;
			position: static;
		}
	}
	.optgroup {
		display: inline-block;
		line-height: 22px;
		font-size: 10pt;
	}
	.optgroup .button {
		height: 25px;
		padding-top: 0;
		padding-bottom: 0;
	}
	.optgroup button.button {
		padding-left: 12px;
		padding-right: 12px;
	}
	.linklist {
		list-style: none;
		margin: 0.5em 0;
		padding: 0;
	}
	.linklist li {
		padding: 2px 0;
	}
	.sidebar {
		float: left;
		width: 320px;
	}
	.bar-wrapper {
		max-width: 1100px;
		margin: 0 auto;
	}
	.bar-wrapper.has-sidebar {
		max-width: 1430px;
	}
	.mainbar {
		margin: 0;
		padding-right: 1px;
	}
	.mainbar.has-sidebar {
		margin-left: 330px;
	}
	@media (min-width: 1511px) {
		.sidebar {
			width: 400px;
		}
		.bar-wrapper.has-sidebar {
			max-width: 1510px;
		}
		.mainbar.has-sidebar {
			margin-left: 410px;
		}
	}
	.section.first-section {
		margin-top: 9px;
	}
	.blocklink small {
		white-space: normal;
	}
	.button {
		vertical-align: middle;
	}
	.replay-controls {
		padding-top: 10px;
	}
	.replay-controls h1 {
		font-size: 16pt;
		font-weight: normal;
		color: #CCC;
	}
	.pagelink {
		text-align: center;
	}
	.pagelink a {
		width: 150px;
	}
	.textbox, .button {
		font-size: 11pt;
		vertical-align: middle;
	}
	@media (max-width: 450px) {
		.button {
			font-size: 9pt;
		}
	}
</style>

<div>

	<header>
		<div class="nav-wrapper"><ul class="nav">
			<li><a class="button nav-first" href="//pokemonshowdown.com/"><img src="//pokemonshowdown.com/images/pokemonshowdownbeta.png" srcset="//pokemonshowdown.com/images/pokemonshowdownbeta.png 1x, //pokemonshowdown.com/images/pokemonshowdownbeta@2x.png 2x" alt="Pok&eacute;mon Showdown" width="146" height="44" /> Home</a></li>
			<li><a class="button" href="//pokemonshowdown.com/dex/">Pok&eacute;dex</a></li>
			<li><a class="button cur" href="/">Replays</a></li>
			<li><a class="button" href="//pokemonshowdown.com/ladder/">Ladder</a></li>
			<li><a class="button nav-last" href="//pokemonshowdown.com/forums/">Forum</a></li>
			<li><a class="button greenbutton nav-first nav-last" href="//play.pokemonshowdown.com/">Play</a></li>
		</ul></div>
	</header>

	<div class="main" id="main">

		<noscript><section class="section">You need to enable JavaScript to use this page; sorry!</section></noscript>

	</div>

</div>

<script defer nomodule src="//play.pokemonshowdown.com/js/lib/ps-polyfill.js"></script>
<script defer src="//play.pokemonshowdown.com/js/lib/preact.min.js"></script>

<script defer src="//play.pokemonshowdown.com/config/config.js?6dec07f6"></script>
<script defer src="//play.pokemonshowdown.com/js/lib/jquery-1.11.0.min.js"></script>
<script defer src="//play.pokemonshowdown.com/js/lib/html-sanitizer-minified.js"></script>
<script defer src="//play.pokemonshowdown.com/js/battle-sound.js"></script>
<script defer src="//play.pokemonshowdown.com/js/battledata.js?0.6315294753075389"></script>
<script defer src="//play.pokemonshowdown.com/data/pokedex-mini.js?0.7603743185311358"></script>
<script defer src="//play.pokemonshowdown.com/data/pokedex-mini-bw.js?0.030888842834281283"></script>
<script defer src="//play.pokemonshowdown.com/data/graphics.js?0.05593094747507488"></script>
<script defer src="//play.pokemonshowdown.com/data/pokedex.js?0.47064822249611904"></script>
<script defer src="//play.pokemonshowdown.com/data/moves.js?0.8583693120512459"></script>
<script defer src="//play.pokemonshowdown.com/data/abilities.js?0.16017181182386842"></script>
<script defer src="//play.pokemonshowdown.com/data/items.js?0.4163379185673943"></script>
<script defer src="//play.pokemonshowdown.com/data/teambuilder-tables.js?0.31075597372830477"></script>
<script defer src="//play.pokemonshowdown.com/js/battle-tooltips.js?0.6536193500708172"></script>
<script defer src="//play.pokemonshowdown.com/js/battle.js?0.1916591943277901"></script>

<script defer src="js/utils.js?e31f9a17"></script>
<script defer src="js/replays-battle.js?7008c182"></script>

<!-- don't scrape this data! just add .json or .log after the URL!
Full API docs: https://github.com/smogon/pokemon-showdown-client/blob/master/WEB-API.md -->
<script type="text/plain" class="log" id="replaylog-smogtours-gen3ou-798235">
|inactive|Battle timer is ON: inactive players will automatically lose when time's up.
|t:|1728843150
|gametype|singles
|player|p1|jlev|102|
|player|p2|ViciousCricket|266|
|teamsize|p1|6
|teamsize|p2|6
|gen|3
|tier|[Gen 3] OU
|rule|Sleep Clause Mod: Limit one foe put to sleep
|rule|Switch Priority Clause Mod: Faster Pokémon switch first
|rule|Species Clause: Limit one of each Pokémon
|rule|OHKO Clause: OHKO moves are banned
|rule|Evasion Items Clause: Evasion items are banned
|rule|Evasion Moves Clause: Evasion moves are banned
|rule|Endless Battle Clause: Forcing endless battles is banned
|rule|HP Percentage Mod: HP is shown in percentages
|rule|One Boost Passer Clause: Limit one Baton Passer that has a way to boost its stats
|rule|Freeze Clause Mod: Limit one foe frozen
|
|t:|1728843150
|start
|switch|p1a: Forretress|Forretress, F|100/100
|switch|p2a: Flygon|Flygon, M|100/100
|turn|1
|
|t:|1728843161
|switch|p2a: Snorlax|Snorlax, M|100/100
|move|p1a: Forretress|Spikes|p2a: Snorlax
|-sidestart|p2: ViciousCricket|Spikes
|
|upkeep
|turn|2
|
|t:|1728843188
|move|p1a: Forretress|Spikes|p2a: Snorlax
|-sidestart|p2: ViciousCricket|Spikes
|move|p2a: Snorlax|Curse|p2a: Snorlax
|-unboost|p2a: Snorlax|spe|1
|-boost|p2a: Snorlax|atk|1
|-boost|p2a: Snorlax|def|1
|
|upkeep
|turn|3
|
|t:|1728843200
|move|p1a: Forretress|Explosion|p2a: Snorlax
|-damage|p2a: Snorlax|39/100
|faint|p1a: Forretress
|inactive|jlev has 270 seconds left.
|inactive|jlev has 240 seconds left.
|inactive|jlev has 210 seconds left.
|inactive|jlev has 180 seconds left.
|
|t:|1728843301
|switch|p1a: Tyranitar|Tyranitar, F|100/100
|-weather|Sandstorm|[from] ability: Sand Stream|[of] p1a: Tyranitar
|
|-weather|Sandstorm|[upkeep]
|-damage|p2a: Snorlax|33/100|[from] Sandstorm
|-heal|p2a: Snorlax|39/100|[from] item: Leftovers
|upkeep
|turn|4
|inactive|jlev has 180 seconds left.
|
|t:|1728843334
|switch|p2a: Flygon|Flygon, M|100/100
|move|p1a: Tyranitar|Crunch|p2a: Flygon
|-damage|p2a: Flygon|50/100
|
|-weather|Sandstorm|[upkeep]
|-heal|p2a: Flygon|56/100|[from] item: Leftovers
|upkeep
|turn|5
|inactive|jlev has 150 seconds left.
|
|t:|1728843368
|switch|p1a: Aerodactyl|Aerodactyl, M|100/100
|move|p2a: Flygon|Earthquake|p1a: Aerodactyl
|-immune|p1a: Aerodactyl
|
|-weather|Sandstorm|[upkeep]
|-heal|p2a: Flygon|62/100|[from] item: Leftovers
|upkeep
|turn|6
|
|t:|1728843374
|move|p1a: Aerodactyl|Double-Edge|p2a: Flygon
|-damage|p2a: Flygon|0 fnt
|faint|p2a: Flygon
|
|t:|1728843379
|switch|p2a: Swampert|Swampert, F|100/100
|-damage|p2a: Swampert|84/100|[from] Spikes
|
|-weather|Sandstorm|[upkeep]
|-heal|p2a: Swampert|90/100|[from] item: Leftovers
|upkeep
|turn|7
|inactive|jlev has 150 seconds left.
|
|t:|1728843397
|switch|p1a: Zapdos|Zapdos|100/100
|move|p2a: Swampert|Surf|p1a: Zapdos
|-damage|p1a: Zapdos|82/100
|
|-weather|Sandstorm|[upkeep]
|-damage|p1a: Zapdos|76/100|[from] Sandstorm
|-heal|p1a: Zapdos|82/100|[from] item: Leftovers
|-heal|p2a: Swampert|96/100|[from] item: Leftovers
|upkeep
|turn|8
|inactive|jlev has 150 seconds left.
|
|t:|1728843406
|move|p2a: Swampert|Toxic|p1a: Zapdos|[miss]
|-miss|p2a: Swampert|p1a: Zapdos
|move|p1a: Zapdos|Roar|p2a: Swampert
|drag|p2a: Snorlax|Snorlax, M|39/100
|-damage|p2a: Snorlax|23/100|[from] Spikes
|
|-weather|Sandstorm|[upkeep]
|-damage|p1a: Zapdos|76/100|[from] Sandstorm
|-damage|p2a: Snorlax|16/100|[from] Sandstorm
|-heal|p1a: Zapdos|82/100|[from] item: Leftovers
|-heal|p2a: Snorlax|23/100|[from] item: Leftovers
|upkeep
|turn|9
|inactive|jlev has 150 seconds left.
|
|t:|1728843442
|switch|p1a: Tyranitar|Tyranitar, F|100/100
|move|p2a: Snorlax|Return|p1a: Tyranitar
|-resisted|p1a: Tyranitar
|-damage|p1a: Tyranitar|84/100
|
|-weather|Sandstorm|[upkeep]
|-damage|p2a: Snorlax|16/100|[from] Sandstorm
|-heal|p1a: Tyranitar|90/100|[from] item: Leftovers
|-heal|p2a: Snorlax|23/100|[from] item: Leftovers
|upkeep
|turn|10
|
|t:|1728843454
|move|p1a: Tyranitar|Crunch|p2a: Snorlax
|-damage|p2a: Snorlax|4/100
|move|p2a: Snorlax|Rest|p2a: Snorlax
|-status|p2a: Snorlax|slp|[from] move: Rest
|-heal|p2a: Snorlax|100/100 slp|[silent]
|
|-weather|Sandstorm|[upkeep]
|-damage|p2a: Snorlax|94/100 slp|[from] Sandstorm
|-heal|p1a: Tyranitar|96/100|[from] item: Leftovers
|-heal|p2a: Snorlax|100/100 slp|[from] item: Leftovers
|upkeep
|turn|11
|
|t:|1728843462
|switch|p1a: Zapdos|Zapdos|82/100
|switch|p2a: Swampert|Swampert, F|96/100
|-damage|p2a: Swampert|80/100|[from] Spikes
|
|-weather|Sandstorm|[upkeep]
|-damage|p1a: Zapdos|76/100|[from] Sandstorm
|-heal|p1a: Zapdos|82/100|[from] item: Leftovers
|-heal|p2a: Swampert|86/100|[from] item: Leftovers
|upkeep
|turn|12
|
|t:|1728843468
|move|p1a: Zapdos|Hidden Power|p2a: Swampert
|-supereffective|p2a: Swampert
|-damage|p2a: Swampert|22/100
|move|p2a: Swampert|Toxic|p1a: Zapdos
|-status|p1a: Zapdos|tox
|
|-weather|Sandstorm|[upkeep]
|-damage|p1a: Zapdos|76/100 tox|[from] Sandstorm
|-heal|p1a: Zapdos|82/100 tox|[from] item: Leftovers
|-damage|p1a: Zapdos|76/100 tox|[from] psn
|-heal|p2a: Swampert|28/100|[from] item: Leftovers
|upkeep
|turn|13
|
|t:|1728843486
|switch|p2a: Starmie|Starmie|100/100
|-damage|p2a: Starmie|84/100|[from] Spikes
|move|p1a: Zapdos|Roar|p2a: Starmie
|drag|p2a: Snorlax|Snorlax, M|100/100 slp
|-damage|p2a: Snorlax|84/100 slp|[from] Spikes
|
|-weather|Sandstorm|[upkeep]
|-damage|p1a: Zapdos|70/100 tox|[from] Sandstorm
|-damage|p2a: Snorlax|78/100 slp|[from] Sandstorm
|-heal|p1a: Zapdos|76/100 tox|[from] item: Leftovers
|-damage|p1a: Zapdos|64/100 tox|[from] psn
|-heal|p2a: Snorlax|84/100 slp|[from] item: Leftovers
|upkeep
|turn|14
|
|t:|1728843505
|move|p1a: Zapdos|Rest|p1a: Zapdos
|-status|p1a: Zapdos|slp|[from] move: Rest
|-heal|p1a: Zapdos|100/100 slp|[silent]
|cant|p2a: Snorlax|slp
|
|-weather|Sandstorm|[upkeep]
|-damage|p1a: Zapdos|94/100 slp|[from] Sandstorm
|-damage|p2a: Snorlax|78/100 slp|[from] Sandstorm
|-heal|p1a: Zapdos|100/100 slp|[from] item: Leftovers
|-heal|p2a: Snorlax|84/100 slp|[from] item: Leftovers
|upkeep
|turn|15
|
|t:|1728843519
|switch|p2a: Suicune|Suicune|100/100
|-damage|p2a: Suicune|84/100|[from] Spikes
|cant|p1a: Zapdos|slp
|
|-weather|Sandstorm|[upkeep]
|-damage|p2a: Suicune|78/100|[from] Sandstorm
|-damage|p1a: Zapdos|94/100 slp|[from] Sandstorm
|-heal|p2a: Suicune|84/100|[from] item: Leftovers
|-heal|p1a: Zapdos|100/100 slp|[from] item: Leftovers
|upkeep
|turn|16
|
|t:|1728843528
|move|p2a: Suicune|Calm Mind|p2a: Suicune
|-boost|p2a: Suicune|spa|1
|-boost|p2a: Suicune|spd|1
|cant|p1a: Zapdos|slp
|
|-weather|Sandstorm|[upkeep]
|-damage|p2a: Suicune|78/100|[from] Sandstorm
|-damage|p1a: Zapdos|94/100 slp|[from] Sandstorm
|-heal|p2a: Suicune|84/100|[from] item: Leftovers
|-heal|p1a: Zapdos|100/100 slp|[from] item: Leftovers
|upkeep
|turn|17
|inactive|jlev has 120 seconds left.
|
|t:|1728843559
|move|p2a: Suicune|Ice Beam|p1a: Zapdos
|-supereffective|p1a: Zapdos
|-damage|p1a: Zapdos|37/100 slp
|-curestatus|p1a: Zapdos|slp|[msg]
|move|p1a: Zapdos|Thunderbolt|p2a: Suicune
|-supereffective|p2a: Suicune
|-damage|p2a: Suicune|34/100
|
|-weather|Sandstorm|[upkeep]
|-damage|p2a: Suicune|28/100|[from] Sandstorm
|-damage|p1a: Zapdos|31/100|[from] Sandstorm
|-heal|p2a: Suicune|34/100|[from] item: Leftovers
|-heal|p1a: Zapdos|37/100|[from] item: Leftovers
|upkeep
|turn|18
|inactive|jlev has 120 seconds left.
|
|t:|1728843568
|switch|p1a: Blissey|Blissey, F|100/100
|move|p2a: Suicune|Ice Beam|p1a: Blissey
|-damage|p1a: Blissey|83/100
|
|-weather|Sandstorm|[upkeep]
|-damage|p2a: Suicune|28/100|[from] Sandstorm
|-damage|p1a: Blissey|77/100|[from] Sandstorm
|-heal|p2a: Suicune|34/100|[from] item: Leftovers
|-heal|p1a: Blissey|83/100|[from] item: Leftovers
|upkeep
|turn|19
|inactive|jlev has 120 seconds left.
|
|t:|1728843582
|move|p2a: Suicune|Calm Mind|p2a: Suicune
|-boost|p2a: Suicune|spa|1
|-boost|p2a: Suicune|spd|1
|move|p1a: Blissey|Wish|p1a: Blissey
|
|-weather|Sandstorm|[upkeep]
|-damage|p2a: Suicune|28/100|[from] Sandstorm
|-damage|p1a: Blissey|77/100|[from] Sandstorm
|-heal|p2a: Suicune|34/100|[from] item: Leftovers
|-heal|p1a: Blissey|83/100|[from] item: Leftovers
|upkeep
|turn|20
|
|t:|1728843586
|move|p2a: Suicune|Hydro Pump|p1a: Blissey
|-damage|p1a: Blissey|43/100
|move|p1a: Blissey|Thunderbolt|p2a: Suicune
|-supereffective|p2a: Suicune
|-damage|p2a: Suicune|11/100
|-status|p2a: Suicune|par
|
|-heal|p1a: Blissey|93/100|[from] move: Wish|[wisher] Blissey
|-weather|Sandstorm|[upkeep]
|-damage|p1a: Blissey|87/100|[from] Sandstorm
|-damage|p2a: Suicune|5/100 par|[from] Sandstorm
|-heal|p1a: Blissey|93/100|[from] item: Leftovers
|-heal|p2a: Suicune|11/100 par|[from] item: Leftovers
|upkeep
|turn|21
|
|t:|1728843601
|move|p1a: Blissey|Thunderbolt|p2a: Suicune
|-supereffective|p2a: Suicune
|-damage|p2a: Suicune|0 fnt
|faint|p2a: Suicune
|
|t:|1728843604
|switch|p2a: Starmie|Starmie|84/100
|-damage|p2a: Starmie|68/100|[from] Spikes
|
|-weather|Sandstorm|[upkeep]
|-damage|p2a: Starmie|62/100|[from] Sandstorm
|-damage|p1a: Blissey|87/100|[from] Sandstorm
|-heal|p2a: Starmie|68/100|[from] item: Leftovers
|-heal|p1a: Blissey|93/100|[from] item: Leftovers
|upkeep
|turn|22
|
|t:|1728843611
|move|p2a: Starmie|Rapid Spin|p1a: Blissey
|-damage|p1a: Blissey|89/100
|-sideend|p2: ViciousCricket|Spikes|[from] move: Rapid Spin|[of] p2a: Starmie
|move|p1a: Blissey|Thunderbolt|p2a: Starmie
|-supereffective|p2a: Starmie
|-damage|p2a: Starmie|0 fnt
|faint|p2a: Starmie
|
|t:|1728843615
|switch|p2a: Regice|Regice, shiny|100/100
|
|-weather|Sandstorm|[upkeep]
|-damage|p1a: Blissey|83/100|[from] Sandstorm
|-damage|p2a: Regice|94/100|[from] Sandstorm
|-heal|p1a: Blissey|89/100|[from] item: Leftovers
|-heal|p2a: Regice|100/100|[from] item: Leftovers
|upkeep
|turn|23
|inactive|jlev has 150 seconds left.
|
|t:|1728843626
|move|p1a: Blissey|Wish|p1a: Blissey
|move|p2a: Regice|Thunder Wave|p1a: Blissey
|-status|p1a: Blissey|par
|
|-weather|Sandstorm|[upkeep]
|-damage|p2a: Regice|94/100|[from] Sandstorm
|-damage|p1a: Blissey|83/100 par|[from] Sandstorm
|-heal|p2a: Regice|100/100|[from] item: Leftovers
|-heal|p1a: Blissey|89/100 par|[from] item: Leftovers
|upkeep
|turn|24
|inactive|jlev has 150 seconds left.
|
|t:|1728843634
|move|p2a: Regice|Thunder Wave|p1a: Blissey
|-fail|p1a: Blissey|par
|move|p1a: Blissey|Thunderbolt|p2a: Regice
|-damage|p2a: Regice|87/100
|
|-heal|p1a: Blissey|100/100 par|[from] move: Wish|[wisher] Blissey
|-weather|Sandstorm|[upkeep]
|-damage|p2a: Regice|81/100|[from] Sandstorm
|-damage|p1a: Blissey|94/100 par|[from] Sandstorm
|-heal|p2a: Regice|87/100|[from] item: Leftovers
|-heal|p1a: Blissey|100/100 par|[from] item: Leftovers
|upkeep
|turn|25
|
|t:|1728843641
|switch|p2a: Swampert|Swampert, F|28/100
|cant|p1a: Blissey|par
|
|-weather|Sandstorm|[upkeep]
|-damage|p1a: Blissey|94/100 par|[from] Sandstorm
|-heal|p2a: Swampert|34/100|[from] item: Leftovers
|-heal|p1a: Blissey|100/100 par|[from] item: Leftovers
|upkeep
|turn|26
|
|t:|1728843653
|-curestatus|p1a: Blissey|par|[from] ability: Natural Cure
|switch|p1a: Swampert|Swampert, M|100/100
|move|p2a: Swampert|Surf|p1a: Swampert
|-damage|p1a: Swampert|73/100
|
|-weather|Sandstorm|[upkeep]
|-heal|p1a: Swampert|79/100|[from] item: Leftovers
|-heal|p2a: Swampert|40/100|[from] item: Leftovers
|upkeep
|turn|27
|
|t:|1728843662
|move|p1a: Swampert|Toxic|p2a: Swampert
|-status|p2a: Swampert|tox
|move|p2a: Swampert|Toxic|p1a: Swampert|[miss]
|-miss|p2a: Swampert|p1a: Swampert
|
|-weather|Sandstorm|[upkeep]
|-heal|p1a: Swampert|85/100|[from] item: Leftovers
|-heal|p2a: Swampert|47/100 tox|[from] item: Leftovers
|-damage|p2a: Swampert|40/100 tox|[from] psn
|upkeep
|turn|28
|
|t:|1728843670
|move|p1a: Swampert|Protect|p1a: Swampert
|-singleturn|p1a: Swampert|Protect
|move|p2a: Swampert|Refresh|p2a: Swampert
|-curestatus|p2a: Swampert|tox|[msg]
|
|-weather|Sandstorm|[upkeep]
|-heal|p1a: Swampert|92/100|[from] item: Leftovers
|-heal|p2a: Swampert|47/100|[from] item: Leftovers
|upkeep
|turn|29
|
|t:|1728843676
|move|p1a: Swampert|Surf|p2a: Swampert
|-damage|p2a: Swampert|21/100
|move|p2a: Swampert|Toxic|p1a: Swampert
|-status|p1a: Swampert|tox
|
|-weather|Sandstorm|[upkeep]
|-heal|p1a: Swampert|98/100 tox|[from] item: Leftovers
|-damage|p1a: Swampert|92/100 tox|[from] psn
|-heal|p2a: Swampert|27/100|[from] item: Leftovers
|upkeep
|turn|30
|
|t:|1728843682
|move|p1a: Swampert|Refresh|p1a: Swampert
|-curestatus|p1a: Swampert|tox|[msg]
|move|p2a: Swampert|Surf|p1a: Swampert
|-damage|p1a: Swampert|56/100
|
|-weather|Sandstorm|[upkeep]
|-heal|p1a: Swampert|62/100|[from] item: Leftovers
|-heal|p2a: Swampert|34/100|[from] item: Leftovers
|upkeep
|turn|31
|
|t:|1728843689
|switch|p2a: Snorlax|Snorlax, M|84/100 slp
|move|p1a: Swampert|Surf|p2a: Snorlax
|-damage|p2a: Snorlax|69/100 slp
|
|-weather|Sandstorm|[upkeep]
|-damage|p2a: Snorlax|62/100 slp|[from] Sandstorm
|-heal|p1a: Swampert|68/100|[from] item: Leftovers
|-heal|p2a: Snorlax|69/100 slp|[from] item: Leftovers
|upkeep
|turn|32
|inactive|jlev has 180 seconds left.
|
|t:|1728843718
|switch|p1a: Tyranitar|Tyranitar, F|96/100
|cant|p2a: Snorlax|slp
|
|-weather|Sandstorm|[upkeep]
|-damage|p2a: Snorlax|62/100 slp|[from] Sandstorm
|-heal|p1a: Tyranitar|100/100|[from] item: Leftovers
|-heal|p2a: Snorlax|69/100 slp|[from] item: Leftovers
|upkeep
|turn|33
|
|t:|1728843727
|switch|p2a: Swampert|Swampert, F|34/100
|move|p1a: Tyranitar|Earthquake|p2a: Swampert
|-damage|p2a: Swampert|14/100
|
|-weather|Sandstorm|[upkeep]
|-heal|p2a: Swampert|21/100|[from] item: Leftovers
|upkeep
|turn|34
|inactive|jlev has 180 seconds left.
|
|t:|1728843736
|switch|p1a: Blissey|Blissey, F|100/100
|move|p2a: Swampert|Toxic|p1a: Blissey
|-status|p1a: Blissey|tox
|
|-weather|Sandstorm|[upkeep]
|-damage|p1a: Blissey|94/100 tox|[from] Sandstorm
|-heal|p2a: Swampert|27/100|[from] item: Leftovers
|-heal|p1a: Blissey|100/100 tox|[from] item: Leftovers
|-damage|p1a: Blissey|94/100 tox|[from] psn
|upkeep
|turn|35
|
|t:|1728843745
|switch|p2a: Snorlax|Snorlax, M|69/100 slp
|move|p1a: Blissey|Wish|p1a: Blissey
|
|-weather|Sandstorm|[upkeep]
|-damage|p1a: Blissey|88/100 tox|[from] Sandstorm
|-damage|p2a: Snorlax|62/100 slp|[from] Sandstorm
|-heal|p1a: Blissey|94/100 tox|[from] item: Leftovers
|-damage|p1a: Blissey|82/100 tox|[from] psn
|-heal|p2a: Snorlax|69/100 slp|[from] item: Leftovers
|upkeep
|turn|36
|inactive|jlev has 180 seconds left.
|
|t:|1728843764
|-curestatus|p1a: Blissey|tox|[from] ability: Natural Cure
|switch|p1a: Tyranitar|Tyranitar, F|100/100
|-curestatus|p2a: Snorlax|slp|[msg]
|move|p2a: Snorlax|Curse|p2a: Snorlax
|-unboost|p2a: Snorlax|spe|1
|-boost|p2a: Snorlax|atk|1
|-boost|p2a: Snorlax|def|1
|
|-weather|Sandstorm|[upkeep]
|-damage|p2a: Snorlax|62/100|[from] Sandstorm
|-heal|p2a: Snorlax|69/100|[from] item: Leftovers
|upkeep
|turn|37
|
|t:|1728843794
|move|p1a: Tyranitar|Crunch|p2a: Snorlax
|-damage|p2a: Snorlax|49/100
|move|p2a: Snorlax|Curse|p2a: Snorlax
|-unboost|p2a: Snorlax|spe|1
|-boost|p2a: Snorlax|atk|1
|-boost|p2a: Snorlax|def|1
|
|-weather|Sandstorm|[upkeep]
|-damage|p2a: Snorlax|42/100|[from] Sandstorm
|-heal|p2a: Snorlax|49/100|[from] item: Leftovers
|upkeep
|turn|38
|
|t:|1728843800
|move|p1a: Tyranitar|Crunch|p2a: Snorlax
|-damage|p2a: Snorlax|29/100
|move|p2a: Snorlax|Return|p1a: Tyranitar
|-resisted|p1a: Tyranitar
|-crit|p1a: Tyranitar
|-damage|p1a: Tyranitar|34/100
|
|-weather|Sandstorm|[upkeep]
|-damage|p2a: Snorlax|22/100|[from] Sandstorm
|-heal|p1a: Tyranitar|40/100|[from] item: Leftovers
|-heal|p2a: Snorlax|29/100|[from] item: Leftovers
|upkeep
|turn|39
|
|t:|1728843807
|move|p1a: Tyranitar|Crunch|p2a: Snorlax
|-damage|p2a: Snorlax|11/100
|move|p2a: Snorlax|Rest|p2a: Snorlax
|-status|p2a: Snorlax|slp|[from] move: Rest
|-heal|p2a: Snorlax|100/100 slp|[silent]
|
|-weather|Sandstorm|[upkeep]
|-damage|p2a: Snorlax|94/100 slp|[from] Sandstorm
|-heal|p1a: Tyranitar|46/100|[from] item: Leftovers
|-heal|p2a: Snorlax|100/100 slp|[from] item: Leftovers
|upkeep
|turn|40
|
|t:|1728843811
|switch|p1a: Zapdos|Zapdos|37/100
|cant|p2a: Snorlax|slp
|
|-weather|Sandstorm|[upkeep]
|-damage|p1a: Zapdos|31/100|[from] Sandstorm
|-damage|p2a: Snorlax|94/100 slp|[from] Sandstorm
|-heal|p1a: Zapdos|37/100|[from] item: Leftovers
|-heal|p2a: Snorlax|100/100 slp|[from] item: Leftovers
|upkeep
|turn|41
|
|t:|1728843816
|cant|p2a: Snorlax|slp
|move|p1a: Zapdos|Roar|p2a: Snorlax
|drag|p2a: Swampert|Swampert, F|27/100
|
|-weather|Sandstorm|[upkeep]
|-damage|p1a: Zapdos|31/100|[from] Sandstorm
|-heal|p1a: Zapdos|37/100|[from] item: Leftovers
|-heal|p2a: Swampert|33/100|[from] item: Leftovers
|upkeep
|turn|42
|inactive|jlev has 210 seconds left.
|
|t:|1728843839
|move|p1a: Zapdos|Hidden Power|p2a: Swampert
|-supereffective|p2a: Swampert
|-damage|p2a: Swampert|0 fnt
|faint|p2a: Swampert
|
|t:|1728843841
|switch|p2a: Regice|Regice, shiny|87/100
|
|-weather|Sandstorm|[upkeep]
|-damage|p1a: Zapdos|31/100|[from] Sandstorm
|-damage|p2a: Regice|81/100|[from] Sandstorm
|-heal|p1a: Zapdos|37/100|[from] item: Leftovers
|-heal|p2a: Regice|87/100|[from] item: Leftovers
|upkeep
|turn|43
|
|t:|1728843846
|switch|p1a: Blissey|Blissey, F|82/100
|move|p2a: Regice|Thunder Wave|p1a: Blissey
|-status|p1a: Blissey|par
|
|-weather|Sandstorm|[upkeep]
|-damage|p2a: Regice|81/100|[from] Sandstorm
|-damage|p1a: Blissey|76/100 par|[from] Sandstorm
|-heal|p2a: Regice|87/100|[from] item: Leftovers
|-heal|p1a: Blissey|82/100 par|[from] item: Leftovers
|upkeep
|turn|44
|
|t:|1728843854
|switch|p2a: Snorlax|Snorlax, M|100/100 slp
|move|p1a: Blissey|Wish|p1a: Blissey
|
|-weather|Sandstorm|[upkeep]
|-damage|p2a: Snorlax|94/100 slp|[from] Sandstorm
|-damage|p1a: Blissey|76/100 par|[from] Sandstorm
|-heal|p2a: Snorlax|100/100 slp|[from] item: Leftovers
|-heal|p1a: Blissey|82/100 par|[from] item: Leftovers
|upkeep
|turn|45
|
|t:|1728843862
|-curestatus|p1a: Blissey|par|[from] ability: Natural Cure
|switch|p1a: Zapdos|Zapdos|37/100
|-curestatus|p2a: Snorlax|slp|[msg]
|move|p2a: Snorlax|Curse|p2a: Snorlax
|-unboost|p2a: Snorlax|spe|1
|-boost|p2a: Snorlax|atk|1
|-boost|p2a: Snorlax|def|1
|
|-heal|p1a: Zapdos|87/100|[from] move: Wish|[wisher] Blissey
|-weather|Sandstorm|[upkeep]
|-damage|p1a: Zapdos|81/100|[from] Sandstorm
|-damage|p2a: Snorlax|94/100|[from] Sandstorm
|-heal|p1a: Zapdos|87/100|[from] item: Leftovers
|-heal|p2a: Snorlax|100/100|[from] item: Leftovers
|upkeep
|turn|46
|
|t:|1728843874
|move|p1a: Zapdos|Thunderbolt|p2a: Snorlax
|-damage|p2a: Snorlax|79/100
|move|p2a: Snorlax|Return|p1a: Zapdos
|-damage|p1a: Zapdos|26/100
|
|-weather|Sandstorm|[upkeep]
|-damage|p1a: Zapdos|20/100|[from] Sandstorm
|-damage|p2a: Snorlax|72/100|[from] Sandstorm
|-heal|p1a: Zapdos|26/100|[from] item: Leftovers
|-heal|p2a: Snorlax|79/100|[from] item: Leftovers
|upkeep
|turn|47
|
|t:|1728843887
|move|p1a: Zapdos|Thunderbolt|p2a: Snorlax
|-damage|p2a: Snorlax|57/100
|move|p2a: Snorlax|Return|p1a: Zapdos
|-damage|p1a: Zapdos|0 fnt
|faint|p1a: Zapdos
|
|t:|1728843893
|switch|p1a: Tyranitar|Tyranitar, F|46/100
|
|-weather|Sandstorm|[upkeep]
|-damage|p2a: Snorlax|51/100|[from] Sandstorm
|-heal|p1a: Tyranitar|52/100|[from] item: Leftovers
|-heal|p2a: Snorlax|57/100|[from] item: Leftovers
|upkeep
|turn|48
|
|t:|1728843897
|move|p1a: Tyranitar|Crunch|p2a: Snorlax
|-damage|p2a: Snorlax|39/100
|move|p2a: Snorlax|Curse|p2a: Snorlax
|-unboost|p2a: Snorlax|spe|1
|-boost|p2a: Snorlax|atk|1
|-boost|p2a: Snorlax|def|1
|
|-weather|Sandstorm|[upkeep]
|-damage|p2a: Snorlax|32/100|[from] Sandstorm
|-heal|p1a: Tyranitar|58/100|[from] item: Leftovers
|-heal|p2a: Snorlax|39/100|[from] item: Leftovers
|upkeep
|turn|49
|inactive|jlev has 240 seconds left.
|
|t:|1728843914
|move|p1a: Tyranitar|Crunch|p2a: Snorlax
|-damage|p2a: Snorlax|18/100
|move|p2a: Snorlax|Rest|p2a: Snorlax
|-status|p2a: Snorlax|slp|[from] move: Rest
|-heal|p2a: Snorlax|100/100 slp|[silent]
|
|-weather|Sandstorm|[upkeep]
|-damage|p2a: Snorlax|94/100 slp|[from] Sandstorm
|-heal|p1a: Tyranitar|64/100|[from] item: Leftovers
|-heal|p2a: Snorlax|100/100 slp|[from] item: Leftovers
|upkeep
|turn|50
|inactive|jlev has 240 seconds left.
|
|t:|1728843919
|move|p1a: Tyranitar|Crunch|p2a: Snorlax
|-damage|p2a: Snorlax|81/100 slp
|cant|p2a: Snorlax|slp
|
|-weather|Sandstorm|[upkeep]
|-damage|p2a: Snorlax|75/100 slp|[from] Sandstorm
|-heal|p1a: Tyranitar|71/100|[from] item: Leftovers
|-heal|p2a: Snorlax|81/100 slp|[from] item: Leftovers
|upkeep
|turn|51
|
|t:|1728843923
|move|p1a: Tyranitar|Crunch|p2a: Snorlax
|-damage|p2a: Snorlax|60/100 slp
|-unboost|p2a: Snorlax|spd|1
|cant|p2a: Snorlax|slp
|
|-weather|Sandstorm|[upkeep]
|-damage|p2a: Snorlax|54/100 slp|[from] Sandstorm
|-heal|p1a: Tyranitar|77/100|[from] item: Leftovers
|-heal|p2a: Snorlax|60/100 slp|[from] item: Leftovers
|upkeep
|turn|52
|
|t:|1728843929
|switch|p2a: Regice|Regice, shiny|87/100
|move|p1a: Tyranitar|Crunch|p2a: Regice
|-damage|p2a: Regice|69/100
|
|-weather|Sandstorm|[upkeep]
|-damage|p2a: Regice|63/100|[from] Sandstorm
|-heal|p1a: Tyranitar|83/100|[from] item: Leftovers
|-heal|p2a: Regice|69/100|[from] item: Leftovers
|upkeep
|turn|53
|
|t:|1728843939
|switch|p1a: Blissey|Blissey, F|82/100
|move|p2a: Regice|Thunder Wave|p1a: Blissey
|-status|p1a: Blissey|par
|
|-weather|Sandstorm|[upkeep]
|-damage|p2a: Regice|63/100|[from] Sandstorm
|-damage|p1a: Blissey|76/100 par|[from] Sandstorm
|-heal|p2a: Regice|69/100|[from] item: Leftovers
|-heal|p1a: Blissey|82/100 par|[from] item: Leftovers
|upkeep
|turn|54
|
|t:|1728843948
|switch|p2a: Snorlax|Snorlax, M|60/100 slp
|-curestatus|p1a: Blissey|par|[from] ability: Natural Cure
|switch|p1a: Tyranitar|Tyranitar, F|83/100
|
|-weather|Sandstorm|[upkeep]
|-damage|p2a: Snorlax|54/100 slp|[from] Sandstorm
|-heal|p1a: Tyranitar|89/100|[from] item: Leftovers
|-heal|p2a: Snorlax|60/100 slp|[from] item: Leftovers
|upkeep
|turn|55
|inactive|jlev has 270 seconds left.
|
|t:|1728843954
|move|p1a: Tyranitar|Crunch|p2a: Snorlax
|-damage|p2a: Snorlax|43/100 slp
|-curestatus|p2a: Snorlax|slp|[msg]
|move|p2a: Snorlax|Rest|p2a: Snorlax
|-status|p2a: Snorlax|slp|[from] move: Rest
|-heal|p2a: Snorlax|100/100 slp|[silent]
|
|-weather|Sandstorm|[upkeep]
|-damage|p2a: Snorlax|94/100 slp|[from] Sandstorm
|-heal|p1a: Tyranitar|95/100|[from] item: Leftovers
|-heal|p2a: Snorlax|100/100 slp|[from] item: Leftovers
|upkeep
|turn|56
|inactive|jlev has 270 seconds left.
|
|t:|1728843965
|switch|p2a: Regice|Regice, shiny|69/100
|move|p1a: Tyranitar|Crunch|p2a: Regice
|-damage|p2a: Regice|50/100
|
|-weather|Sandstorm|[upkeep]
|-damage|p2a: Regice|44/100|[from] Sandstorm
|-heal|p1a: Tyranitar|100/100|[from] item: Leftovers
|-heal|p2a: Regice|50/100|[from] item: Leftovers
|upkeep
|turn|57
|inactive|jlev has 270 seconds left.
|
|t:|1728843976
|switch|p1a: Swampert|Swampert, M|68/100
|move|p2a: Regice|Thunder Wave|p1a: Swampert
|-immune|p1a: Swampert
|
|-weather|Sandstorm|[upkeep]
|-damage|p2a: Regice|44/100|[from] Sandstorm
|-heal|p1a: Swampert|75/100|[from] item: Leftovers
|-heal|p2a: Regice|50/100|[from] item: Leftovers
|upkeep
|turn|58
|
|t:|1728843984
|move|p1a: Swampert|Surf|p2a: Regice
|-damage|p2a: Regice|35/100
|move|p2a: Regice|Ice Beam|p1a: Swampert
|-damage|p1a: Swampert|38/100
|
|-weather|Sandstorm|[upkeep]
|-damage|p2a: Regice|29/100|[from] Sandstorm
|-heal|p1a: Swampert|44/100|[from] item: Leftovers
|-heal|p2a: Regice|35/100|[from] item: Leftovers
|upkeep
|turn|59
|
|t:|1728843991
|switch|p2a: Snorlax|Snorlax, M|100/100 slp
|move|p1a: Swampert|Toxic||[still]
|-fail|p1a: Swampert
|
|-weather|Sandstorm|[upkeep]
|-damage|p2a: Snorlax|94/100 slp|[from] Sandstorm
|-heal|p1a: Swampert|51/100|[from] item: Leftovers
|-heal|p2a: Snorlax|100/100 slp|[from] item: Leftovers
|upkeep
|turn|60
|inactive|jlev has 270 seconds left.
|
|t:|1728844025
|switch|p1a: Aerodactyl|Aerodactyl, M|100/100
|cant|p2a: Snorlax|slp
|
|-weather|Sandstorm|[upkeep]
|-damage|p2a: Snorlax|94/100 slp|[from] Sandstorm
|-heal|p2a: Snorlax|100/100 slp|[from] item: Leftovers
|upkeep
|turn|61
|
|t:|1728844029
|move|p1a: Aerodactyl|Double-Edge|p2a: Snorlax
|-damage|p2a: Snorlax|56/100 slp
|cant|p2a: Snorlax|slp
|
|-weather|Sandstorm|[upkeep]
|-damage|p2a: Snorlax|50/100 slp|[from] Sandstorm
|-heal|p2a: Snorlax|56/100 slp|[from] item: Leftovers
|upkeep
|turn|62
|
|t:|1728844038
|move|p1a: Aerodactyl|Double-Edge|p2a: Snorlax
|-damage|p2a: Snorlax|8/100 slp
|-curestatus|p2a: Snorlax|slp|[msg]
|move|p2a: Snorlax|Rest|p2a: Snorlax
|-status|p2a: Snorlax|slp|[from] move: Rest
|-heal|p2a: Snorlax|100/100 slp|[silent]
|
|-weather|Sandstorm|[upkeep]
|-damage|p2a: Snorlax|94/100 slp|[from] Sandstorm
|-heal|p2a: Snorlax|100/100 slp|[from] item: Leftovers
|upkeep
|turn|63
|
|t:|1728844043
|move|p1a: Aerodactyl|Double-Edge|p2a: Snorlax
|-crit|p2a: Snorlax
|-damage|p2a: Snorlax|12/100 slp
|cant|p2a: Snorlax|slp
|
|-weather|Sandstorm|[upkeep]
|-damage|p2a: Snorlax|6/100 slp|[from] Sandstorm
|-heal|p2a: Snorlax|12/100 slp|[from] item: Leftovers
|upkeep
|turn|64
|
|t:|1728844046
|move|p1a: Aerodactyl|Double-Edge|p2a: Snorlax
|-damage|p2a: Snorlax|0 fnt
|faint|p2a: Snorlax
|
|t:|1728844048
|switch|p2a: Regice|Regice, shiny|35/100
|
|-weather|Sandstorm|[upkeep]
|-damage|p2a: Regice|29/100|[from] Sandstorm
|-heal|p2a: Regice|35/100|[from] item: Leftovers
|upkeep
|turn|65
|
|t:|1728844050
|move|p1a: Aerodactyl|Double-Edge|p2a: Regice
|-damage|p2a: Regice|0 fnt
|faint|p2a: Regice
|
|win|jlev
|c|☆ViciousCricket|gg
|c|☆jlev|gg
|player|p2|

</script>
<script type="application/json" class="data" id="replaydata-smogtours-gen3ou-798235">
{"id":"smogtours-gen3ou-798235","format":"[Gen 3] OU","players":["jlev","ViciousCricket"],"uploadtime":1728844050,"views":107,"formatid":"gen3ou","rating":null,"private":0,"password":null}
</script>

<script defer src="js/replays.js?9d40a366"></script>
