<!DOCTYPE html>
<meta charset="utf-8" />
<meta name="viewport" content="width=device-width" />

<title>[Gen 3] OU: Faantome vs. xerospacious - Replays - Pok&eacute;mon Showdown!</title>

<meta name="description" content="Watch a replay of a Pok&eacute;mon battle between Faantome and xerospacious! Format: [Gen 3] OU; Date: Oct 9, 2024" />
<!--

Hey, you! Looking in the source for the replay log?

You can find them in JSON format, just add `.json` at the end of a replay URL.

https://replay.pokemonshowdown.com/gen7randomdoublesbattle-865046831.json

Or, if you only need the log itself, add `.log` instead:

https://replay.pokemonshowdown.com/gen7randomdoublesbattle-865046831.log

-->

<link rel="stylesheet" href="//pokemonshowdown.com/style/global.css?0.023195364461161105" />
<link rel="stylesheet" href="//play.pokemonshowdown.com/style/font-awesome.css?0.13261647063804238" />
<link rel="stylesheet" href="//play.pokemonshowdown.com/style/battle.css?0.8753245789963631" />
<link rel="stylesheet" href="//play.pokemonshowdown.com/style/utilichart.css?0.8627959624976733" />

<!-- Global site tag (gtag.js) - Google Analytics -->
<script async src="https://www.googletagmanager.com/gtag/js?id=UA-26211653-1"></script>
<script>
  window.dataLayer = window.dataLayer || [];
  function gtag(){dataLayer.push(arguments);}
  gtag('js', new Date());

  gtag('config', 'UA-26211653-1');
</script>
<!-- End Google Analytics -->
<!-- Venatus Ad Manager - Install in <HEAD> of page -->
	<script src="https://hb.vntsm.com/v3/live/ad-manager.min.js" type="text/javascript" data-site-id="642aba63ec9a7b11c3c9c1be" data-mode="scan" async></script>
<!-- / Venatus Ad Manager -->

<style>
	@media (max-width:820px) {
		.battle {
			margin: 0 auto;
		}
		.battle-log {
			margin: 7px auto 0;
			max-width: 640px;
			height: 300px;
			position: static;
		}
	}
	.optgroup {
		display: inline-block;
		line-height: 22px;
		font-size: 10pt;
	}
	.optgroup .button {
		height: 25px;
		padding-top: 0;
		padding-bottom: 0;
	}
	.optgroup button.button {
		padding-left: 12px;
		padding-right: 12px;
	}
	.linklist {
		list-style: none;
		margin: 0.5em 0;
		padding: 0;
	}
	.linklist li {
		padding: 2px 0;
	}
	.sidebar {
		float: left;
		width: 320px;
	}
	.bar-wrapper {
		max-width: 1100px;
		margin: 0 auto;
	}
	.bar-wrapper.has-sidebar {
		max-width: 1430px;
	}
	.mainbar {
		margin: 0;
		padding-right: 1px;
	}
	.mainbar.has-sidebar {
		margin-left: 330px;
	}
	@media (min-width: 1511px) {
		.sidebar {
			width: 400px;
		}
		.bar-wrapper.has-sidebar {
			max-width: 1510px;
		}
		.mainbar.has-sidebar {
			margin-left: 410px;
		}
	}
	.section.first-section {
		margin-top: 9px;
	}
	.blocklink small {
		white-space: normal;
	}
	.button {
		vertical-align: middle;
	}
	.replay-controls {
		padding-top: 10px;
	}
	.replay-controls h1 {
		font-size: 16pt;
		font-weight: normal;
		color: #CCC;
	}
	.pagelink {
		text-align: center;
	}
	.pagelink a {
		width: 150px;
	}
	.textbox, .button {
		font-size: 11pt;
		vertical-align: middle;
	}
	@media (max-width: 450px) {
		.button {
			font-size: 9pt;
		}
	}
</style>

<div>

	<header>
		<div class="nav-wrapper"><ul class="nav">
			<li><a class="button nav-first" href="//pokemonshowdown.com/"><img src="//pokemonshowdown.com/images/pokemonshowdownbeta.png" srcset="//pokemonshowdown.com/images/pokemonshowdownbeta.png 1x, //pokemonshowdown.com/images/pokemonshowdownbeta@2x.png 2x" alt="Pok&eacute;mon Showdown" width="146" height="44" /> Home</a></li>
			<li><a class="button" href="//pokemonshowdown.com/dex/">Pok&eacute;dex</a></li>
			<li><a class="button cur" href="/">Replays</a></li>
			<li><a class="button" href="//pokemonshowdown.com/ladder/">Ladder</a></li>
			<li><a class="button nav-last" href="//pokemonshowdown.com/forums/">Forum</a></li>
			<li><a class="button greenbutton nav-first nav-last" href="//play.pokemonshowdown.com/">Play</a></li>
		</ul></div>
	</header>

	<div class="main" id="main">

		<noscript><section class="section">You need to enable JavaScript to use this page; sorry!</section></noscript>

	</div>

</div>

<script defer nomodule src="//play.pokemonshowdown.com/js/lib/ps-polyfill.js"></script>
<script defer src="//play.pokemonshowdown.com/js/lib/preact.min.js"></script>

<script defer src="//play.pokemonshowdown.com/config/config.js?2bddbc15"></script>
<script defer src="//play.pokemonshowdown.com/js/lib/jquery-1.11.0.min.js"></script>
<script defer src="//play.pokemonshowdown.com/js/lib/html-sanitizer-minified.js"></script>
<script defer src="//play.pokemonshowdown.com/js/battle-sound.js"></script>
<script defer src="//play.pokemonshowdown.com/js/battledata.js?0.7209276989879541"></script>
<script defer src="//play.pokemonshowdown.com/data/pokedex-mini.js?0.6111056340867951"></script>
<script defer src="//play.pokemonshowdown.com/data/pokedex-mini-bw.js?0.3532142036491459"></script>
<script defer src="//play.pokemonshowdown.com/data/graphics.js?0.24223875632456182"></script>
<script defer src="//play.pokemonshowdown.com/data/pokedex.js?0.38839984266356864"></script>
<script defer src="//play.pokemonshowdown.com/data/moves.js?0.21866028504024015"></script>
<script defer src="//play.pokemonshowdown.com/data/abilities.js?0.2005157953846628"></script>
<script defer src="//play.pokemonshowdown.com/data/items.js?0.9894211263848525"></script>
<script defer src="//play.pokemonshowdown.com/data/teambuilder-tables.js?0.6008791140282215"></script>
<script defer src="//play.pokemonshowdown.com/js/battle-tooltips.js?0.7580118955022959"></script>
<script defer src="//play.pokemonshowdown.com/js/battle.js?0.6057722274234274"></script>

<script defer src="js/utils.js?e31f9a17"></script>
<script defer src="js/replays-battle.js?7008c182"></script>

<!-- don't scrape this data! just add .json or .log after the URL!
Full API docs: https://github.com/smogon/pokemon-showdown-client/blob/master/WEB-API.md -->
<script type="text/plain" class="log" id="replaylog-smogtours-gen3ou-796688">
|inactive|Battle timer is ON: inactive players will automatically lose when time's up.
|t:|1728496915
|gametype|singles
|player|p1|Faantome|sabrina|
|player|p2|xerospacious|102|
|teamsize|p1|6
|teamsize|p2|6
|gen|3
|tier|[Gen 3] OU
|rule|Sleep Clause Mod: Limit one foe put to sleep
|rule|Switch Priority Clause Mod: Faster Pokémon switch first
|rule|Species Clause: Limit one of each Pokémon
|rule|OHKO Clause: OHKO moves are banned
|rule|Evasion Items Clause: Evasion items are banned
|rule|Evasion Moves Clause: Evasion moves are banned
|rule|Endless Battle Clause: Forcing endless battles is banned
|rule|HP Percentage Mod: HP is shown in percentages
|rule|One Boost Passer Clause: Limit one Baton Passer that has a way to boost its stats
|rule|Freeze Clause Mod: Limit one foe frozen
|
|t:|1728496915
|start
|switch|p1a: Salamence|Salamence, F|100/100
|switch|p2a: Skarmory|Skarmory, F|100/100
|-ability|p1a: Salamence|Intimidate|boost
|-unboost|p2a: Skarmory|atk|1
|turn|1
|
|t:|1728496946
|move|p2a: Skarmory|Protect|p2a: Skarmory
|-singleturn|p2a: Skarmory|Protect
|move|p1a: Salamence|Fire Blast|p2a: Skarmory|[miss]
|-miss|p1a: Salamence|p2a: Skarmory
|
|upkeep
|turn|2
|c|☆xerospacious|gl
|c|☆Faantome|gl
|inactive|xerospacious has 270 seconds left.
|
|t:|1728496977
|switch|p1a: Forretress|Forretress, M|100/100
|switch|p2a: Starmie|Starmie|100/100
|
|upkeep
|turn|3
|inactive|xerospacious has 270 seconds left.
|
|t:|1728496993
|switch|p1a: Blissey|Blissey, F|100/100
|move|p2a: Starmie|Thunderbolt|p1a: Blissey
|-damage|p1a: Blissey|90/100
|
|-heal|p1a: Blissey|96/100|[from] item: Leftovers
|upkeep
|turn|4
|inactive|xerospacious has 270 seconds left.
|
|t:|1728497008
|switch|p2a: Tyranitar|Tyranitar, F|100/100
|-weather|Sandstorm|[from] ability: Sand Stream|[of] p2a: Tyranitar
|move|p1a: Blissey|Thunder Wave|p2a: Tyranitar
|-status|p2a: Tyranitar|par
|
|-weather|Sandstorm|[upkeep]
|-damage|p1a: Blissey|90/100|[from] Sandstorm
|-heal|p1a: Blissey|96/100|[from] item: Leftovers
|upkeep
|turn|5
|
|t:|1728497033
|-singleturn|p2a: Tyranitar|move: Focus Punch
|move|p2a: Tyranitar|Focus Punch|p1a: Blissey
|-supereffective|p1a: Blissey
|-damage|p1a: Blissey|0 fnt
|faint|p1a: Blissey
|inactive|Faantome has 270 seconds left.
|
|t:|1728497054
|switch|p1a: Forretress|Forretress, M|100/100
|
|-weather|Sandstorm|[upkeep]
|upkeep
|turn|6
|inactive|xerospacious has 270 seconds left.
|
|t:|1728497074
|-singleturn|p2a: Tyranitar|move: Focus Punch
|move|p1a: Forretress|Earthquake|p2a: Tyranitar
|-supereffective|p2a: Tyranitar
|-damage|p2a: Tyranitar|66/100 par
|move|p2a: Tyranitar|Focus Punch||[still]
|cant|p2a: Tyranitar|Focus Punch|Focus Punch
|
|-weather|Sandstorm|[upkeep]
|-heal|p2a: Tyranitar|72/100 par|[from] item: Leftovers
|upkeep
|turn|7
|inactive|Faantome has 270 seconds left.
|inactive|xerospacious has 240 seconds left.
|
|t:|1728497119
|switch|p2a: Skarmory|Skarmory, F|100/100
|move|p1a: Forretress|Spikes|p2a: Skarmory
|-sidestart|p2: xerospacious|Spikes
|
|-weather|Sandstorm|[upkeep]
|upkeep
|turn|8
|inactive|xerospacious has 240 seconds left.
|
|t:|1728497128
|move|p1a: Forretress|Spikes|p2a: Skarmory
|-sidestart|p2: xerospacious|Spikes
|move|p2a: Skarmory|Roar|p1a: Forretress
|drag|p1a: Salamence|Salamence, F|100/100
|-ability|p1a: Salamence|Intimidate|boost
|-unboost|p2a: Skarmory|atk|1
|
|-weather|Sandstorm|[upkeep]
|-damage|p1a: Salamence|95/100|[from] Sandstorm
|-heal|p1a: Salamence|100/100|[from] item: Leftovers
|upkeep
|turn|9
|inactive|Faantome has 270 seconds left.
|inactive|xerospacious has 240 seconds left.
|
|t:|1728497151
|switch|p2a: Swampert|Swampert, F|100/100
|-damage|p2a: Swampert|84/100|[from] Spikes
|move|p1a: Salamence|Roar|p2a: Swampert
|drag|p2a: Starmie|Starmie|100/100
|-damage|p2a: Starmie|84/100|[from] Spikes
|
|-weather|Sandstorm|[upkeep]
|-damage|p2a: Starmie|78/100|[from] Sandstorm
|-damage|p1a: Salamence|95/100|[from] Sandstorm
|-heal|p2a: Starmie|84/100|[from] item: Leftovers
|-heal|p1a: Salamence|100/100|[from] item: Leftovers
|upkeep
|turn|10
|inactive|Faantome has 270 seconds left.
|inactive|xerospacious has 210 seconds left.
|inactive|Faantome has 240 seconds left.
|
|t:|1728497201
|switch|p1a: Forretress|Forretress, M|100/100
|move|p2a: Starmie|Ice Beam|p1a: Forretress
|-resisted|p1a: Forretress
|-damage|p1a: Forretress|88/100
|
|-weather|Sandstorm|[upkeep]
|-damage|p2a: Starmie|78/100|[from] Sandstorm
|-heal|p2a: Starmie|84/100|[from] item: Leftovers
|-heal|p1a: Forretress|94/100|[from] item: Leftovers
|upkeep
|turn|11
|inactive|xerospacious has 210 seconds left.
|
|t:|1728497215
|move|p2a: Starmie|Rapid Spin|p1a: Forretress
|-resisted|p1a: Forretress
|-damage|p1a: Forretress|93/100
|-sideend|p2: xerospacious|Spikes|[from] move: Rapid Spin|[of] p2a: Starmie
|move|p1a: Forretress|Explosion|p2a: Starmie
|-damage|p2a: Starmie|0 fnt
|faint|p1a: Forretress
|faint|p2a: Starmie
|inactive|xerospacious has 210 seconds left.
|
|t:|1728497243
|switch|p2a: Skarmory|Skarmory, F|100/100
|switch|p1a: Jirachi|Jirachi|100/100
|
|-weather|Sandstorm|[upkeep]
|upkeep
|turn|12
|inactive|Faantome has 240 seconds left.
|
|t:|1728497275
|switch|p1a: Salamence|Salamence, F|100/100
|-ability|p1a: Salamence|Intimidate|boost
|-unboost|p2a: Skarmory|atk|1
|move|p2a: Skarmory|Roar|p1a: Salamence
|drag|p1a: Tyranitar|Tyranitar, M|100/100
|
|-weather|Sandstorm|[upkeep]
|upkeep
|turn|13
|
|t:|1728497290
|move|p2a: Skarmory|Toxic|p1a: Tyranitar
|-status|p1a: Tyranitar|tox
|move|p1a: Tyranitar|Fire Blast|p2a: Skarmory
|-supereffective|p2a: Skarmory
|-damage|p2a: Skarmory|29/100
|
|-weather|Sandstorm|[upkeep]
|-heal|p2a: Skarmory|35/100|[from] item: Leftovers
|-damage|p1a: Tyranitar|94/100 tox|[from] psn
|upkeep
|turn|14
|
|t:|1728497301
|move|p2a: Skarmory|Protect|p2a: Skarmory
|-singleturn|p2a: Skarmory|Protect
|move|p1a: Tyranitar|Fire Blast|p2a: Skarmory
|-activate|p2a: Skarmory|Protect
|
|-weather|Sandstorm|[upkeep]
|-heal|p2a: Skarmory|41/100|[from] item: Leftovers
|-heal|p1a: Tyranitar|100/100 tox|[from] item: Leftovers
|-damage|p1a: Tyranitar|88/100 tox|[from] psn
|upkeep
|turn|15
|
|t:|1728497311
|switch|p2a: Swampert|Swampert, F|84/100
|move|p1a: Tyranitar|Crunch|p2a: Swampert
|-damage|p2a: Swampert|55/100
|
|-weather|Sandstorm|[upkeep]
|-heal|p1a: Tyranitar|94/100 tox|[from] item: Leftovers
|-damage|p1a: Tyranitar|76/100 tox|[from] psn
|-heal|p2a: Swampert|61/100|[from] item: Leftovers
|upkeep
|turn|16
|inactive|xerospacious has 180 seconds left.
|
|t:|1728497349
|switch|p1a: Jirachi|Jirachi|100/100
|move|p2a: Swampert|Protect||[still]
|-fail|p2a: Swampert
|
|-weather|Sandstorm|[upkeep]
|-heal|p2a: Swampert|67/100|[from] item: Leftovers
|upkeep
|turn|17
|
|t:|1728497368
|move|p1a: Jirachi|Toxic|p2a: Swampert
|-status|p2a: Swampert|tox
|move|p2a: Swampert|Earthquake|p1a: Jirachi
|-supereffective|p1a: Jirachi
|-damage|p1a: Jirachi|54/100
|
|-weather|Sandstorm|[upkeep]
|-heal|p1a: Jirachi|60/100|[from] item: Leftovers
|-heal|p2a: Swampert|73/100 tox|[from] item: Leftovers
|-damage|p2a: Swampert|67/100 tox|[from] psn
|upkeep
|turn|18
|inactive|Faantome has 270 seconds left.
|
|t:|1728497396
|move|p1a: Jirachi|Wish|p1a: Jirachi
|move|p2a: Swampert|Earthquake|p1a: Jirachi
|-supereffective|p1a: Jirachi
|-damage|p1a: Jirachi|12/100
|
|-weather|Sandstorm|[upkeep]
|-heal|p1a: Jirachi|18/100|[from] item: Leftovers
|-heal|p2a: Swampert|73/100 tox|[from] item: Leftovers
|-damage|p2a: Swampert|61/100 tox|[from] psn
|upkeep
|turn|19
|inactive|xerospacious has 150 seconds left.
|
|t:|1728497428
|switch|p2a: Blissey|Blissey, F, shiny|100/100
|move|p1a: Jirachi|Protect||[still]
|-fail|p1a: Jirachi
|
|-heal|p1a: Jirachi|68/100|[from] move: Wish|[wisher] Jirachi
|-weather|Sandstorm|[upkeep]
|-damage|p2a: Blissey|94/100|[from] Sandstorm
|-heal|p1a: Jirachi|75/100|[from] item: Leftovers
|-heal|p2a: Blissey|100/100|[from] item: Leftovers
|upkeep
|turn|20
|
|t:|1728497445
|move|p1a: Jirachi|Protect|p1a: Jirachi
|-singleturn|p1a: Jirachi|Protect
|move|p2a: Blissey|Ice Beam|p1a: Jirachi
|-activate|p1a: Jirachi|Protect
|
|-weather|Sandstorm|[upkeep]
|-damage|p2a: Blissey|94/100|[from] Sandstorm
|-heal|p1a: Jirachi|81/100|[from] item: Leftovers
|-heal|p2a: Blissey|100/100|[from] item: Leftovers
|upkeep
|turn|21
|
|t:|1728497458
|move|p1a: Jirachi|Toxic|p2a: Blissey
|-status|p2a: Blissey|tox
|move|p2a: Blissey|Fire Blast|p1a: Jirachi
|-supereffective|p1a: Jirachi
|-damage|p1a: Jirachi|28/100
|
|-weather|Sandstorm|[upkeep]
|-damage|p2a: Blissey|94/100 tox|[from] Sandstorm
|-heal|p1a: Jirachi|34/100|[from] item: Leftovers
|-heal|p2a: Blissey|100/100 tox|[from] item: Leftovers
|-damage|p2a: Blissey|94/100 tox|[from] psn
|upkeep
|turn|22
|inactive|xerospacious has 120 seconds left.
|
|t:|1728497487
|move|p1a: Jirachi|Protect|p1a: Jirachi
|-singleturn|p1a: Jirachi|Protect
|move|p2a: Blissey|Fire Blast|p1a: Jirachi
|-activate|p1a: Jirachi|Protect
|
|-weather|Sandstorm|[upkeep]
|-damage|p2a: Blissey|88/100 tox|[from] Sandstorm
|-heal|p1a: Jirachi|40/100|[from] item: Leftovers
|-heal|p2a: Blissey|94/100 tox|[from] item: Leftovers
|-damage|p2a: Blissey|82/100 tox|[from] psn
|upkeep
|turn|23
|inactive|xerospacious has 120 seconds left.
|inactive|Faantome has 270 seconds left.
|
|t:|1728497532
|switch|p1a: Tyranitar|Tyranitar, M|76/100 tox
|move|p2a: Blissey|Fire Blast|p1a: Tyranitar|[miss]
|-miss|p2a: Blissey|p1a: Tyranitar
|
|-weather|Sandstorm|[upkeep]
|-damage|p2a: Blissey|76/100 tox|[from] Sandstorm
|-heal|p1a: Tyranitar|82/100 tox|[from] item: Leftovers
|-damage|p1a: Tyranitar|76/100 tox|[from] psn
|-heal|p2a: Blissey|82/100 tox|[from] item: Leftovers
|-damage|p2a: Blissey|64/100 tox|[from] psn
|upkeep
|turn|24
|inactive|Faantome has 240 seconds left.
|
|t:|1728497563
|-curestatus|p2a: Blissey|tox|[from] ability: Natural Cure
|switch|p2a: Swampert|Swampert, F|61/100 tox
|move|p1a: Tyranitar|Fire Blast|p2a: Swampert
|-resisted|p2a: Swampert
|-damage|p2a: Swampert|45/100 tox
|
|-weather|Sandstorm|[upkeep]
|-heal|p1a: Tyranitar|82/100 tox|[from] item: Leftovers
|-damage|p1a: Tyranitar|70/100 tox|[from] psn
|-heal|p2a: Swampert|52/100 tox|[from] item: Leftovers
|-damage|p2a: Swampert|45/100 tox|[from] psn
|upkeep
|turn|25
|inactive|Faantome has 210 seconds left.
|inactive|xerospacious has 90 seconds left.
|
|t:|1728497626
|switch|p1a: Salamence|Salamence, F|100/100
|-ability|p1a: Salamence|Intimidate|boost
|-unboost|p2a: Swampert|atk|1
|move|p2a: Swampert|Hydro Pump|p1a: Salamence|[miss]
|-miss|p2a: Swampert|p1a: Salamence
|
|-weather|Sandstorm|[upkeep]
|-damage|p1a: Salamence|95/100|[from] Sandstorm
|-heal|p1a: Salamence|100/100|[from] item: Leftovers
|-heal|p2a: Swampert|52/100 tox|[from] item: Leftovers
|-damage|p2a: Swampert|39/100 tox|[from] psn
|upkeep
|turn|26
|inactive|xerospacious has 90 seconds left.
|
|t:|1728497646
|move|p1a: Salamence|Dragon Claw|p2a: Swampert
|-damage|p2a: Swampert|2/100 tox
|move|p2a: Swampert|Ice Beam|p1a: Salamence
|-supereffective|p1a: Salamence
|-damage|p1a: Salamence|0 fnt
|faint|p1a: Salamence
|inactive|Faantome has 180 seconds left.
|c|☆Faantome|fuck
|
|t:|1728497664
|switch|p1a: Jirachi|Jirachi|40/100
|
|-weather|Sandstorm|[upkeep]
|-heal|p1a: Jirachi|46/100|[from] item: Leftovers
|-heal|p2a: Swampert|9/100 tox|[from] item: Leftovers
|-damage|p2a: Swampert|0 fnt|[from] psn
|faint|p2a: Swampert
|upkeep
|inactive|xerospacious has 90 seconds left.
|
|t:|1728497673
|switch|p2a: Tyranitar|Tyranitar, F|72/100 par
|turn|27
|inactive|Faantome has 180 seconds left.
|
|t:|1728497684
|-singleturn|p2a: Tyranitar|move: Focus Punch
|move|p1a: Jirachi|Protect|p1a: Jirachi
|-singleturn|p1a: Jirachi|Protect
|move|p2a: Tyranitar|Focus Punch|p1a: Jirachi
|-activate|p1a: Jirachi|Protect
|
|-weather|Sandstorm|[upkeep]
|-heal|p1a: Jirachi|52/100|[from] item: Leftovers
|-heal|p2a: Tyranitar|78/100 par|[from] item: Leftovers
|upkeep
|turn|28
|inactive|xerospacious has 90 seconds left.
|
|t:|1728497701
|-singleturn|p2a: Tyranitar|move: Focus Punch
|move|p1a: Jirachi|Fire Punch|p2a: Tyranitar
|-resisted|p2a: Tyranitar
|-damage|p2a: Tyranitar|71/100 par
|move|p2a: Tyranitar|Focus Punch||[still]
|cant|p2a: Tyranitar|Focus Punch|Focus Punch
|
|-weather|Sandstorm|[upkeep]
|-heal|p1a: Jirachi|59/100|[from] item: Leftovers
|-heal|p2a: Tyranitar|77/100 par|[from] item: Leftovers
|upkeep
|turn|29
|inactive|xerospacious has 90 seconds left.
|
|t:|1728497711
|move|p1a: Jirachi|Protect|p1a: Jirachi
|-singleturn|p1a: Jirachi|Protect
|cant|p2a: Tyranitar|par
|
|-weather|Sandstorm|[upkeep]
|-heal|p1a: Jirachi|65/100|[from] item: Leftovers
|-heal|p2a: Tyranitar|84/100 par|[from] item: Leftovers
|upkeep
|turn|30
|inactive|Faantome has 180 seconds left.
|
|t:|1728497745
|-singleturn|p2a: Tyranitar|move: Focus Punch
|move|p1a: Jirachi|Wish|p1a: Jirachi
|cant|p2a: Tyranitar|par
|
|-weather|Sandstorm|[upkeep]
|-heal|p1a: Jirachi|71/100|[from] item: Leftovers
|-heal|p2a: Tyranitar|90/100 par|[from] item: Leftovers
|upkeep
|turn|31
|inactive|Faantome has 150 seconds left.
|
|t:|1728497776
|-singleturn|p2a: Tyranitar|move: Focus Punch
|move|p1a: Jirachi|Fire Punch|p2a: Tyranitar
|-resisted|p2a: Tyranitar
|-damage|p2a: Tyranitar|83/100 par
|move|p2a: Tyranitar|Focus Punch||[still]
|cant|p2a: Tyranitar|Focus Punch|Focus Punch
|
|-heal|p1a: Jirachi|100/100|[from] move: Wish|[wisher] Jirachi
|-weather|Sandstorm|[upkeep]
|-heal|p2a: Tyranitar|89/100 par|[from] item: Leftovers
|upkeep
|turn|32
|inactive|Faantome has 150 seconds left.
|
|t:|1728497789
|-singleturn|p2a: Tyranitar|move: Focus Punch
|move|p1a: Jirachi|Fire Punch|p2a: Tyranitar
|-resisted|p2a: Tyranitar
|-damage|p2a: Tyranitar|83/100 par
|move|p2a: Tyranitar|Focus Punch||[still]
|cant|p2a: Tyranitar|Focus Punch|Focus Punch
|
|-weather|Sandstorm|[upkeep]
|-heal|p2a: Tyranitar|89/100 par|[from] item: Leftovers
|upkeep
|turn|33
|
|t:|1728497798
|move|p1a: Jirachi|Fire Punch|p2a: Tyranitar
|-resisted|p2a: Tyranitar
|-damage|p2a: Tyranitar|82/100 par
|move|p2a: Tyranitar|Earthquake|p1a: Jirachi
|-supereffective|p1a: Jirachi
|-damage|p1a: Jirachi|56/100
|
|-weather|Sandstorm|[upkeep]
|-heal|p1a: Jirachi|62/100|[from] item: Leftovers
|-heal|p2a: Tyranitar|88/100 par|[from] item: Leftovers
|upkeep
|turn|34
|
|t:|1728497807
|move|p1a: Jirachi|Wish|p1a: Jirachi
|move|p2a: Tyranitar|Earthquake|p1a: Jirachi
|-supereffective|p1a: Jirachi
|-damage|p1a: Jirachi|16/100
|
|-weather|Sandstorm|[upkeep]
|-heal|p1a: Jirachi|22/100|[from] item: Leftovers
|-heal|p2a: Tyranitar|95/100 par|[from] item: Leftovers
|upkeep
|turn|35
|
|t:|1728497817
|-singleturn|p2a: Tyranitar|move: Focus Punch
|move|p1a: Jirachi|Protect|p1a: Jirachi
|-singleturn|p1a: Jirachi|Protect
|cant|p2a: Tyranitar|par
|
|-heal|p1a: Jirachi|72/100|[from] move: Wish|[wisher] Jirachi
|-weather|Sandstorm|[upkeep]
|-heal|p1a: Jirachi|78/100|[from] item: Leftovers
|-heal|p2a: Tyranitar|100/100 par|[from] item: Leftovers
|upkeep
|turn|36
|
|t:|1728497827
|switch|p1a: Aerodactyl|Aerodactyl, F|100/100
|move|p2a: Tyranitar|Earthquake|p1a: Aerodactyl
|-immune|p1a: Aerodactyl
|
|-weather|Sandstorm|[upkeep]
|upkeep
|turn|37
|inactive|Faantome has 180 seconds left.
|inactive|xerospacious has 120 seconds left.
|
|t:|1728497837
|move|p1a: Aerodactyl|Hidden Power|p2a: Tyranitar
|-supereffective|p2a: Tyranitar
|-damage|p2a: Tyranitar|7/100 par
|cant|p2a: Tyranitar|par
|
|-weather|Sandstorm|[upkeep]
|-heal|p2a: Tyranitar|13/100 par|[from] item: Leftovers
|upkeep
|turn|38
|inactive|Faantome has 180 seconds left.
|inactive|xerospacious has 120 seconds left.
|
|t:|1728497851
|switch|p2a: Gengar|Gengar, F|100/100
|move|p1a: Aerodactyl|Hidden Power|p2a: Gengar
|-immune|p2a: Gengar
|
|-weather|Sandstorm|[upkeep]
|-damage|p2a: Gengar|95/100|[from] Sandstorm
|-heal|p2a: Gengar|100/100|[from] item: Leftovers
|upkeep
|turn|39
|inactive|xerospacious has 120 seconds left.
|inactive|Faantome has 180 seconds left.
|
|t:|1728497880
|switch|p1a: Tyranitar|Tyranitar, M|70/100 tox
|move|p2a: Gengar|Will-O-Wisp||[still]
|-fail|p2a: Gengar
|
|-weather|Sandstorm|[upkeep]
|-damage|p2a: Gengar|95/100|[from] Sandstorm
|-heal|p2a: Gengar|100/100|[from] item: Leftovers
|-heal|p1a: Tyranitar|76/100 tox|[from] item: Leftovers
|-damage|p1a: Tyranitar|70/100 tox|[from] psn
|upkeep
|turn|40
|
|t:|1728497897
|-activate|p2a: Gengar|move: Pursuit
|move|p1a: Tyranitar|Pursuit|p2a: Gengar|[from]Pursuit
|-supereffective|p2a: Gengar
|-damage|p2a: Gengar|23/100
|switch|p2a: Skarmory|Skarmory, F|41/100
|
|-weather|Sandstorm|[upkeep]
|-heal|p2a: Skarmory|47/100|[from] item: Leftovers
|-heal|p1a: Tyranitar|76/100 tox|[from] item: Leftovers
|-damage|p1a: Tyranitar|64/100 tox|[from] psn
|upkeep
|turn|41
|inactive|Faantome has 180 seconds left.
|
|t:|1728497920
|switch|p1a: Aerodactyl|Aerodactyl, F|100/100
|move|p2a: Skarmory|Protect||[still]
|-fail|p2a: Skarmory
|
|-weather|Sandstorm|[upkeep]
|-heal|p2a: Skarmory|53/100|[from] item: Leftovers
|upkeep
|turn|42
|
|t:|1728497929
|move|p1a: Aerodactyl|Rock Slide|p2a: Skarmory
|-damage|p2a: Skarmory|17/100
|cant|p2a: Skarmory|flinch
|
|-weather|Sandstorm|[upkeep]
|-heal|p2a: Skarmory|23/100|[from] item: Leftovers
|upkeep
|turn|43
|
|t:|1728497936
|move|p2a: Skarmory|Protect|p2a: Skarmory
|-singleturn|p2a: Skarmory|Protect
|move|p1a: Aerodactyl|Rock Slide|p2a: Skarmory
|-activate|p2a: Skarmory|Protect
|
|-weather|Sandstorm|[upkeep]
|-heal|p2a: Skarmory|29/100|[from] item: Leftovers
|upkeep
|turn|44
|
|t:|1728497947
|move|p1a: Aerodactyl|Rock Slide|p2a: Skarmory
|-damage|p2a: Skarmory|0 fnt
|faint|p2a: Skarmory
|
|t:|1728497962
|switch|p2a: Blissey|Blissey, F, shiny|64/100
|
|-weather|Sandstorm|[upkeep]
|-damage|p2a: Blissey|57/100|[from] Sandstorm
|-heal|p2a: Blissey|64/100|[from] item: Leftovers
|upkeep
|turn|45
|
|t:|1728497970
|switch|p1a: Tyranitar|Tyranitar, M|64/100 tox
|move|p2a: Blissey|Ice Beam|p1a: Tyranitar
|-damage|p1a: Tyranitar|41/100 tox
|
|-weather|Sandstorm|[upkeep]
|-damage|p2a: Blissey|57/100|[from] Sandstorm
|-heal|p1a: Tyranitar|47/100 tox|[from] item: Leftovers
|-damage|p1a: Tyranitar|41/100 tox|[from] psn
|-heal|p2a: Blissey|64/100|[from] item: Leftovers
|upkeep
|turn|46
|
|t:|1728497989
|move|p1a: Tyranitar|Crunch|p2a: Blissey
|-damage|p2a: Blissey|49/100
|-unboost|p2a: Blissey|spd|1
|move|p2a: Blissey|Soft-Boiled|p2a: Blissey
|-heal|p2a: Blissey|99/100
|
|-weather|Sandstorm|[upkeep]
|-damage|p2a: Blissey|93/100|[from] Sandstorm
|-heal|p1a: Tyranitar|47/100 tox|[from] item: Leftovers
|-damage|p1a: Tyranitar|35/100 tox|[from] psn
|-heal|p2a: Blissey|99/100|[from] item: Leftovers
|upkeep
|turn|47
|inactive|xerospacious has 90 seconds left.
|inactive|Faantome has 210 seconds left.
|inactive|xerospacious has 60 seconds left.
|
|t:|1728498037
|switch|p2a: Gengar|Gengar, F|23/100
|move|p1a: Tyranitar|Fire Blast|p2a: Gengar
|-damage|p2a: Gengar|0 fnt
|faint|p2a: Gengar
|inactive|xerospacious has 60 seconds left.
|
|t:|1728498044
|switch|p2a: Blissey|Blissey, F, shiny|99/100
|
|-weather|Sandstorm|[upkeep]
|-damage|p2a: Blissey|93/100|[from] Sandstorm
|-heal|p1a: Tyranitar|41/100 tox|[from] item: Leftovers
|-damage|p1a: Tyranitar|23/100 tox|[from] psn
|-heal|p2a: Blissey|99/100|[from] item: Leftovers
|upkeep
|turn|48
|inactive|xerospacious has 60 seconds left.
|
|t:|1728498059
|move|p1a: Tyranitar|Crunch|p2a: Blissey
|-damage|p2a: Blissey|84/100
|move|p2a: Blissey|Ice Beam|p1a: Tyranitar
|-damage|p1a: Tyranitar|2/100 tox
|
|-weather|Sandstorm|[upkeep]
|-damage|p2a: Blissey|78/100|[from] Sandstorm
|-heal|p1a: Tyranitar|8/100 tox|[from] item: Leftovers
|-damage|p1a: Tyranitar|0 fnt|[from] psn
|faint|p1a: Tyranitar
|-heal|p2a: Blissey|84/100|[from] item: Leftovers
|upkeep
|
|t:|1728498062
|switch|p1a: Jirachi|Jirachi|78/100
|turn|49
|inactive|xerospacious has 60 seconds left.
|
|t:|1728498078
|move|p1a: Jirachi|Wish|p1a: Jirachi
|move|p2a: Blissey|Fire Blast|p1a: Jirachi
|-supereffective|p1a: Jirachi
|-damage|p1a: Jirachi|23/100
|
|-weather|Sandstorm|[upkeep]
|-damage|p2a: Blissey|78/100|[from] Sandstorm
|-heal|p1a: Jirachi|29/100|[from] item: Leftovers
|-heal|p2a: Blissey|84/100|[from] item: Leftovers
|upkeep
|turn|50
|inactive|xerospacious has 60 seconds left.
|
|t:|1728498087
|switch|p2a: Tyranitar|Tyranitar, F|13/100 par
|move|p1a: Jirachi|Protect||[still]
|-fail|p1a: Jirachi
|
|-heal|p1a: Jirachi|79/100|[from] move: Wish|[wisher] Jirachi
|-weather|Sandstorm|[upkeep]
|-heal|p1a: Jirachi|85/100|[from] item: Leftovers
|-heal|p2a: Tyranitar|20/100 par|[from] item: Leftovers
|upkeep
|turn|51
|inactive|xerospacious has 60 seconds left.
|inactive|Faantome has 240 seconds left.
|
|t:|1728498104
|-singleturn|p2a: Tyranitar|move: Focus Punch
|move|p1a: Jirachi|Fire Punch|p2a: Tyranitar
|-resisted|p2a: Tyranitar
|-damage|p2a: Tyranitar|13/100 par
|move|p2a: Tyranitar|Focus Punch||[still]
|cant|p2a: Tyranitar|Focus Punch|Focus Punch
|
|-weather|Sandstorm|[upkeep]
|-heal|p1a: Jirachi|91/100|[from] item: Leftovers
|-heal|p2a: Tyranitar|20/100 par|[from] item: Leftovers
|upkeep
|turn|52
|inactive|xerospacious has 60 seconds left.
|c|☆Faantome|standing here
|c|☆Faantome|I realize
|c|☆Faantome|you were just like me
|
|t:|1728498127
|-singleturn|p2a: Tyranitar|move: Focus Punch
|move|p1a: Jirachi|Fire Punch|p2a: Tyranitar
|-resisted|p2a: Tyranitar
|-damage|p2a: Tyranitar|13/100 par
|move|p2a: Tyranitar|Focus Punch||[still]
|cant|p2a: Tyranitar|Focus Punch|Focus Punch
|
|-weather|Sandstorm|[upkeep]
|-heal|p1a: Jirachi|97/100|[from] item: Leftovers
|-heal|p2a: Tyranitar|20/100 par|[from] item: Leftovers
|upkeep
|turn|53
|
|t:|1728498138
|-singleturn|p2a: Tyranitar|move: Focus Punch
|move|p1a: Jirachi|Fire Punch|p2a: Tyranitar
|-resisted|p2a: Tyranitar
|-damage|p2a: Tyranitar|13/100 par
|move|p2a: Tyranitar|Focus Punch||[still]
|cant|p2a: Tyranitar|Focus Punch|Focus Punch
|
|-weather|Sandstorm|[upkeep]
|-heal|p1a: Jirachi|100/100|[from] item: Leftovers
|-heal|p2a: Tyranitar|19/100 par|[from] item: Leftovers
|upkeep
|turn|54
|
|t:|1728498149
|-singleturn|p2a: Tyranitar|move: Focus Punch
|move|p1a: Jirachi|Fire Punch|p2a: Tyranitar
|-resisted|p2a: Tyranitar
|-damage|p2a: Tyranitar|13/100 par
|move|p2a: Tyranitar|Focus Punch||[still]
|cant|p2a: Tyranitar|Focus Punch|Focus Punch
|
|-weather|Sandstorm|[upkeep]
|-heal|p2a: Tyranitar|19/100 par|[from] item: Leftovers
|upkeep
|turn|55
|inactive|Faantome has 270 seconds left.
|
|t:|1728498160
|-singleturn|p2a: Tyranitar|move: Focus Punch
|move|p1a: Jirachi|Fire Punch|p2a: Tyranitar
|-resisted|p2a: Tyranitar
|-damage|p2a: Tyranitar|12/100 par
|cant|p2a: Tyranitar|par
|
|-weather|Sandstorm|[upkeep]
|-heal|p2a: Tyranitar|18/100 par|[from] item: Leftovers
|upkeep
|turn|56
|
|t:|1728498168
|move|p1a: Jirachi|Fire Punch|p2a: Tyranitar
|-resisted|p2a: Tyranitar
|-damage|p2a: Tyranitar|12/100 par
|cant|p2a: Tyranitar|par
|
|-weather|Sandstorm|[upkeep]
|-heal|p2a: Tyranitar|18/100 par|[from] item: Leftovers
|upkeep
|turn|57
|inactive|xerospacious has 60 seconds left.
|
|t:|1728498175
|move|p1a: Jirachi|Fire Punch|p2a: Tyranitar
|-resisted|p2a: Tyranitar
|-damage|p2a: Tyranitar|11/100 par
|move|p2a: Tyranitar|Earthquake|p1a: Jirachi
|-supereffective|p1a: Jirachi
|-damage|p1a: Jirachi|50/100
|
|-weather|Sandstorm|[upkeep]
|-heal|p1a: Jirachi|56/100|[from] item: Leftovers
|-heal|p2a: Tyranitar|17/100 par|[from] item: Leftovers
|upkeep
|turn|58
|
|t:|1728498184
|-singleturn|p2a: Tyranitar|move: Focus Punch
|move|p1a: Jirachi|Wish|p1a: Jirachi
|cant|p2a: Tyranitar|par
|
|-weather|Sandstorm|[upkeep]
|-heal|p1a: Jirachi|62/100|[from] item: Leftovers
|-heal|p2a: Tyranitar|23/100 par|[from] item: Leftovers
|upkeep
|turn|59
|
|t:|1728498193
|-singleturn|p2a: Tyranitar|move: Focus Punch
|move|p1a: Jirachi|Fire Punch|p2a: Tyranitar
|-resisted|p2a: Tyranitar
|-damage|p2a: Tyranitar|17/100 par
|cant|p2a: Tyranitar|par
|
|-heal|p1a: Jirachi|100/100|[from] move: Wish|[wisher] Jirachi
|-weather|Sandstorm|[upkeep]
|-heal|p2a: Tyranitar|23/100 par|[from] item: Leftovers
|upkeep
|turn|60
|
|t:|1728498203
|move|p1a: Jirachi|Fire Punch|p2a: Tyranitar
|-resisted|p2a: Tyranitar
|-damage|p2a: Tyranitar|16/100 par
|move|p2a: Tyranitar|Earthquake|p1a: Jirachi
|-supereffective|p1a: Jirachi
|-damage|p1a: Jirachi|57/100
|
|-weather|Sandstorm|[upkeep]
|-heal|p1a: Jirachi|63/100|[from] item: Leftovers
|-heal|p2a: Tyranitar|22/100 par|[from] item: Leftovers
|upkeep
|turn|61
|
|t:|1728498212
|move|p1a: Jirachi|Protect|p1a: Jirachi
|-singleturn|p1a: Jirachi|Protect
|move|p2a: Tyranitar|Earthquake|p1a: Jirachi
|-activate|p1a: Jirachi|Protect
|
|-weather|Sandstorm|[upkeep]
|-heal|p1a: Jirachi|70/100|[from] item: Leftovers
|-heal|p2a: Tyranitar|29/100 par|[from] item: Leftovers
|upkeep
|turn|62
|
|t:|1728498222
|move|p1a: Jirachi|Wish|p1a: Jirachi
|move|p2a: Tyranitar|Earthquake|p1a: Jirachi
|-supereffective|p1a: Jirachi
|-damage|p1a: Jirachi|24/100
|
|-weather|Sandstorm|[upkeep]
|-heal|p1a: Jirachi|30/100|[from] item: Leftovers
|-heal|p2a: Tyranitar|35/100 par|[from] item: Leftovers
|upkeep
|turn|63
|inactive|xerospacious has 90 seconds left.
|
|t:|1728498232
|move|p1a: Jirachi|Protect|p1a: Jirachi
|-singleturn|p1a: Jirachi|Protect
|move|p2a: Tyranitar|Earthquake|p1a: Jirachi
|-activate|p1a: Jirachi|Protect
|
|-heal|p1a: Jirachi|80/100|[from] move: Wish|[wisher] Jirachi
|-weather|Sandstorm|[upkeep]
|-heal|p1a: Jirachi|87/100|[from] item: Leftovers
|-heal|p2a: Tyranitar|41/100 par|[from] item: Leftovers
|upkeep
|turn|64
|inactive|xerospacious has 90 seconds left.
|
|t:|1728498244
|-singleturn|p2a: Tyranitar|move: Focus Punch
|switch|p1a: Aerodactyl|Aerodactyl, F|100/100
|cant|p2a: Tyranitar|par
|
|-weather|Sandstorm|[upkeep]
|-heal|p2a: Tyranitar|47/100 par|[from] item: Leftovers
|upkeep
|turn|65
|c|☆Faantome|oh
|c|☆Faantome|luckyt
|
|t:|1728498254
|switch|p2a: Blissey|Blissey, F, shiny|84/100
|move|p1a: Aerodactyl|Hidden Power|p2a: Blissey
|-supereffective|p2a: Blissey
|-damage|p2a: Blissey|17/100
|
|-weather|Sandstorm|[upkeep]
|-damage|p2a: Blissey|11/100|[from] Sandstorm
|-heal|p2a: Blissey|17/100|[from] item: Leftovers
|upkeep
|turn|66
|inactive|xerospacious has 90 seconds left.
|
|t:|1728498270
|move|p1a: Aerodactyl|Hidden Power|p2a: Blissey
|-supereffective|p2a: Blissey
|-damage|p2a: Blissey|0 fnt
|faint|p2a: Blissey
|
|t:|1728498275
|switch|p2a: Tyranitar|Tyranitar, F|47/100 par
|
|-weather|Sandstorm|[upkeep]
|-heal|p2a: Tyranitar|53/100 par|[from] item: Leftovers
|upkeep
|turn|67
|
|t:|1728498288
|move|p1a: Aerodactyl|Hidden Power|p2a: Tyranitar
|-supereffective|p2a: Tyranitar
|-damage|p2a: Tyranitar|0 fnt
|faint|p2a: Tyranitar
|
|win|Faantome

</script>
<script type="application/json" class="data" id="replaydata-smogtours-gen3ou-796688">
{"id":"smogtours-gen3ou-796688","format":"[Gen 3] OU","players":["Faantome","xerospacious"],"uploadtime":1728498288,"views":96,"formatid":"gen3ou","rating":null,"private":0,"password":null}
</script>

<script defer src="js/replays.js?9d40a366"></script>
