<!DOCTYPE html>
<meta charset="utf-8" />
<meta name="viewport" content="width=device-width" />

<title>[Gen 3] OU: JCEntrena vs. aahaahaah - Replays - Pok&eacute;mon Showdown!</title>

<meta name="description" content="Watch a replay of a Pok&eacute;mon battle between JCEntrena and aahaahaah! Format: [Gen 3] OU; Date: Oct 25, 2024" />
<!--

Hey, you! Looking in the source for the replay log?

You can find them in JSON format, just add `.json` at the end of a replay URL.

https://replay.pokemonshowdown.com/gen7randomdoublesbattle-865046831.json

Or, if you only need the log itself, add `.log` instead:

https://replay.pokemonshowdown.com/gen7randomdoublesbattle-865046831.log

-->

<link rel="stylesheet" href="//pokemonshowdown.com/style/global.css?0.023195364461161105" />
<link rel="stylesheet" href="//play.pokemonshowdown.com/style/font-awesome.css?0.13261647063804238" />
<link rel="stylesheet" href="//play.pokemonshowdown.com/style/battle.css?0.8753245789963631" />
<link rel="stylesheet" href="//play.pokemonshowdown.com/style/utilichart.css?0.8627959624976733" />

<!-- Global site tag (gtag.js) - Google Analytics -->
<script async src="https://www.googletagmanager.com/gtag/js?id=UA-26211653-1"></script>
<script>
  window.dataLayer = window.dataLayer || [];
  function gtag(){dataLayer.push(arguments);}
  gtag('js', new Date());

  gtag('config', 'UA-26211653-1');
</script>
<!-- End Google Analytics -->
<!-- Venatus Ad Manager - Install in <HEAD> of page -->
	<script src="https://hb.vntsm.com/v3/live/ad-manager.min.js" type="text/javascript" data-site-id="642aba63ec9a7b11c3c9c1be" data-mode="scan" async></script>
<!-- / Venatus Ad Manager -->

<style>
	@media (max-width:820px) {
		.battle {
			margin: 0 auto;
		}
		.battle-log {
			margin: 7px auto 0;
			max-width: 640px;
			height: 300px;
			position: static;
		}
	}
	.optgroup {
		display: inline-block;
		line-height: 22px;
		font-size: 10pt;
	}
	.optgroup .button {
		height: 25px;
		padding-top: 0;
		padding-bottom: 0;
	}
	.optgroup button.button {
		padding-left: 12px;
		padding-right: 12px;
	}
	.linklist {
		list-style: none;
		margin: 0.5em 0;
		padding: 0;
	}
	.linklist li {
		padding: 2px 0;
	}
	.sidebar {
		float: left;
		width: 320px;
	}
	.bar-wrapper {
		max-width: 1100px;
		margin: 0 auto;
	}
	.bar-wrapper.has-sidebar {
		max-width: 1430px;
	}
	.mainbar {
		margin: 0;
		padding-right: 1px;
	}
	.mainbar.has-sidebar {
		margin-left: 330px;
	}
	@media (min-width: 1511px) {
		.sidebar {
			width: 400px;
		}
		.bar-wrapper.has-sidebar {
			max-width: 1510px;
		}
		.mainbar.has-sidebar {
			margin-left: 410px;
		}
	}
	.section.first-section {
		margin-top: 9px;
	}
	.blocklink small {
		white-space: normal;
	}
	.button {
		vertical-align: middle;
	}
	.replay-controls {
		padding-top: 10px;
	}
	.replay-controls h1 {
		font-size: 16pt;
		font-weight: normal;
		color: #CCC;
	}
	.pagelink {
		text-align: center;
	}
	.pagelink a {
		width: 150px;
	}
	.textbox, .button {
		font-size: 11pt;
		vertical-align: middle;
	}
	@media (max-width: 450px) {
		.button {
			font-size: 9pt;
		}
	}
</style>

<div>

	<header>
		<div class="nav-wrapper"><ul class="nav">
			<li><a class="button nav-first" href="//pokemonshowdown.com/"><img src="//pokemonshowdown.com/images/pokemonshowdownbeta.png" srcset="//pokemonshowdown.com/images/pokemonshowdownbeta.png 1x, //pokemonshowdown.com/images/pokemonshowdownbeta@2x.png 2x" alt="Pok&eacute;mon Showdown" width="146" height="44" /> Home</a></li>
			<li><a class="button" href="//pokemonshowdown.com/dex/">Pok&eacute;dex</a></li>
			<li><a class="button cur" href="/">Replays</a></li>
			<li><a class="button" href="//pokemonshowdown.com/ladder/">Ladder</a></li>
			<li><a class="button nav-last" href="//pokemonshowdown.com/forums/">Forum</a></li>
			<li><a class="button greenbutton nav-first nav-last" href="//play.pokemonshowdown.com/">Play</a></li>
		</ul></div>
	</header>

	<div class="main" id="main">

		<noscript><section class="section">You need to enable JavaScript to use this page; sorry!</section></noscript>

	</div>

</div>

<script defer nomodule src="//play.pokemonshowdown.com/js/lib/ps-polyfill.js"></script>
<script defer src="//play.pokemonshowdown.com/js/lib/preact.min.js"></script>

<script defer src="//play.pokemonshowdown.com/config/config.js?2bddbc15"></script>
<script defer src="//play.pokemonshowdown.com/js/lib/jquery-1.11.0.min.js"></script>
<script defer src="//play.pokemonshowdown.com/js/lib/html-sanitizer-minified.js"></script>
<script defer src="//play.pokemonshowdown.com/js/battle-sound.js"></script>
<script defer src="//play.pokemonshowdown.com/js/battledata.js?0.7209276989879541"></script>
<script defer src="//play.pokemonshowdown.com/data/pokedex-mini.js?0.6111056340867951"></script>
<script defer src="//play.pokemonshowdown.com/data/pokedex-mini-bw.js?0.3532142036491459"></script>
<script defer src="//play.pokemonshowdown.com/data/graphics.js?0.24223875632456182"></script>
<script defer src="//play.pokemonshowdown.com/data/pokedex.js?0.38839984266356864"></script>
<script defer src="//play.pokemonshowdown.com/data/moves.js?0.21866028504024015"></script>
<script defer src="//play.pokemonshowdown.com/data/abilities.js?0.2005157953846628"></script>
<script defer src="//play.pokemonshowdown.com/data/items.js?0.9894211263848525"></script>
<script defer src="//play.pokemonshowdown.com/data/teambuilder-tables.js?0.6008791140282215"></script>
<script defer src="//play.pokemonshowdown.com/js/battle-tooltips.js?0.7580118955022959"></script>
<script defer src="//play.pokemonshowdown.com/js/battle.js?0.6057722274234274"></script>

<script defer src="js/utils.js?e31f9a17"></script>
<script defer src="js/replays-battle.js?7008c182"></script>

<!-- don't scrape this data! just add .json or .log after the URL!
Full API docs: https://github.com/smogon/pokemon-showdown-client/blob/master/WEB-API.md -->
<script type="text/plain" class="log" id="replaylog-smogtours-gen3ou-801771">
|inactive|Battle timer is ON: inactive players will automatically lose when time's up.
|t:|1729838636
|gametype|singles
|player|p1|JCEntrena|veteran|
|player|p2|aahaahaah|2|
|teamsize|p1|6
|teamsize|p2|6
|gen|3
|tier|[Gen 3] OU
|rule|Sleep Clause Mod: Limit one foe put to sleep
|rule|Switch Priority Clause Mod: Faster Pokémon switch first
|rule|Species Clause: Limit one of each Pokémon
|rule|OHKO Clause: OHKO moves are banned
|rule|Evasion Items Clause: Evasion items are banned
|rule|Evasion Moves Clause: Evasion moves are banned
|rule|Endless Battle Clause: Forcing endless battles is banned
|rule|HP Percentage Mod: HP is shown in percentages
|rule|One Boost Passer Clause: Limit one Baton Passer that has a way to boost its stats
|rule|Freeze Clause Mod: Limit one foe frozen
|
|t:|1729838636
|start
|switch|p1a: Zapdos|Zapdos|100/100
|switch|p2a: Jirachi|Jirachi|100/100
|turn|1
|c|☆JCEntrena|glhf!
|c|☆aahaahaah|u2
|
|t:|1729838663
|move|p1a: Zapdos|Baton Pass|p1a: Zapdos
|
|t:|1729838667
|switch|p1a: Skarmory|Skarmory, F|100/100|[from] Baton Pass
|move|p2a: Jirachi|Toxic|p1a: Skarmory
|-immune|p1a: Skarmory
|
|upkeep
|turn|2
|
|t:|1729838673
|move|p2a: Jirachi|Fire Punch|p1a: Skarmory
|-supereffective|p1a: Skarmory
|-damage|p1a: Skarmory|67/100
|move|p1a: Skarmory|Spikes|p2a: Jirachi
|-sidestart|p2: aahaahaah|Spikes
|
|-heal|p1a: Skarmory|73/100|[from] item: Leftovers
|upkeep
|turn|3
|
|t:|1729838683
|move|p1a: Skarmory|Protect|p1a: Skarmory
|-singleturn|p1a: Skarmory|Protect
|move|p2a: Jirachi|Fire Punch|p1a: Skarmory
|-activate|p1a: Skarmory|Protect
|
|-heal|p1a: Skarmory|79/100|[from] item: Leftovers
|upkeep
|turn|4
|
|t:|1729838696
|move|p2a: Jirachi|Fire Punch|p1a: Skarmory
|-supereffective|p1a: Skarmory
|-damage|p1a: Skarmory|46/100
|move|p1a: Skarmory|Roar|p2a: Jirachi
|drag|p2a: Skarmory|Skarmory, F|100/100
|
|-heal|p1a: Skarmory|52/100|[from] item: Leftovers
|upkeep
|turn|5
|
|t:|1729838704
|move|p1a: Skarmory|Taunt|p2a: Skarmory
|-start|p2a: Skarmory|move: Taunt
|cant|p2a: Skarmory|move: Taunt|Spikes
|
|-heal|p1a: Skarmory|59/100|[from] item: Leftovers
|upkeep
|turn|6
|
|t:|1729838710
|switch|p2a: Claydol|Claydol|100/100
|move|p1a: Skarmory|Spikes|p2a: Claydol
|-sidestart|p2: aahaahaah|Spikes
|
|-heal|p1a: Skarmory|65/100|[from] item: Leftovers
|upkeep
|turn|7
|
|t:|1729838735
|switch|p1a: Medikam|Medicham, M|100/100
|move|p2a: Claydol|Rapid Spin|p1a: Medikam
|-damage|p1a: Medikam|93/100
|-sideend|p2: aahaahaah|Spikes|[from] move: Rapid Spin|[of] p2a: Claydol
|
|upkeep
|turn|8
|
|t:|1729838750
|switch|p2a: Jirachi|Jirachi|100/100
|move|p1a: Medikam|Substitute|p1a: Medikam
|-start|p1a: Medikam|Substitute
|-damage|p1a: Medikam|68/100
|
|upkeep
|turn|9
|
|t:|1729838758
|-singleturn|p1a: Medikam|move: Focus Punch
|move|p2a: Jirachi|Fire Punch|p1a: Medikam
|-end|p1a: Medikam|Substitute
|move|p1a: Medikam|Focus Punch|p2a: Jirachi
|-damage|p2a: Jirachi|39/100
|
|-heal|p2a: Jirachi|46/100|[from] item: Leftovers
|upkeep
|turn|10
|
|t:|1729838768
|switch|p1a: Jirachi|Jirachi|100/100
|move|p2a: Jirachi|Fire Punch|p1a: Jirachi
|-supereffective|p1a: Jirachi
|-damage|p1a: Jirachi|72/100
|
|-heal|p1a: Jirachi|78/100|[from] item: Leftovers
|-heal|p2a: Jirachi|52/100|[from] item: Leftovers
|upkeep
|turn|11
|
|t:|1729838776
|move|p2a: Jirachi|Protect|p2a: Jirachi
|-singleturn|p2a: Jirachi|Protect
|move|p1a: Jirachi|Fire Punch|p2a: Jirachi
|-activate|p2a: Jirachi|Protect
|
|-heal|p1a: Jirachi|84/100|[from] item: Leftovers
|-heal|p2a: Jirachi|58/100|[from] item: Leftovers
|upkeep
|turn|12
|
|t:|1729838783
|switch|p2a: Blissey|Blissey, F|100/100
|move|p1a: Jirachi|Fire Punch|p2a: Blissey
|-damage|p2a: Blissey|94/100
|
|-heal|p1a: Jirachi|91/100|[from] item: Leftovers
|-heal|p2a: Blissey|99/100|[from] item: Leftovers
|upkeep
|turn|13
|
|t:|1729838793
|switch|p1a: Skarmory|Skarmory, F|65/100
|move|p2a: Blissey|Seismic Toss|p1a: Skarmory
|-damage|p1a: Skarmory|34/100
|
|-heal|p1a: Skarmory|40/100|[from] item: Leftovers
|-heal|p2a: Blissey|100/100|[from] item: Leftovers
|upkeep
|turn|14
|
|t:|1729838803
|move|p1a: Skarmory|Protect|p1a: Skarmory
|-singleturn|p1a: Skarmory|Protect
|move|p2a: Blissey|Seismic Toss|p1a: Skarmory
|-activate|p1a: Skarmory|Protect
|
|-heal|p1a: Skarmory|46/100|[from] item: Leftovers
|upkeep
|turn|15
|
|t:|1729838822
|move|p1a: Skarmory|Spikes|p2a: Blissey
|-sidestart|p2: aahaahaah|Spikes
|move|p2a: Blissey|Seismic Toss|p1a: Skarmory
|-damage|p1a: Skarmory|16/100
|
|-heal|p1a: Skarmory|22/100|[from] item: Leftovers
|upkeep
|turn|16
|
|t:|1729838831
|move|p1a: Skarmory|Protect|p1a: Skarmory
|-singleturn|p1a: Skarmory|Protect
|move|p2a: Blissey|Seismic Toss|p1a: Skarmory
|-activate|p1a: Skarmory|Protect
|
|-heal|p1a: Skarmory|28/100|[from] item: Leftovers
|upkeep
|turn|17
|
|t:|1729838847
|switch|p1a: Medikam|Medicham, M|68/100
|move|p2a: Blissey|Seismic Toss|p1a: Medikam
|-damage|p1a: Medikam|31/100
|
|upkeep
|turn|18
|
|t:|1729838861
|switch|p2a: Skarmory|Skarmory, F|100/100
|move|p1a: Medikam|Brick Break|p2a: Skarmory
|-damage|p2a: Skarmory|72/100
|
|-heal|p2a: Skarmory|78/100|[from] item: Leftovers
|upkeep
|turn|19
|
|t:|1729838874
|switch|p1a: Jirachi|Jirachi|91/100
|move|p2a: Skarmory|Spikes|p1a: Jirachi
|-sidestart|p1: JCEntrena|Spikes
|
|-heal|p1a: Jirachi|97/100|[from] item: Leftovers
|-heal|p2a: Skarmory|84/100|[from] item: Leftovers
|upkeep
|turn|20
|
|t:|1729838883
|switch|p2a: Blissey|Blissey, F|100/100
|-damage|p2a: Blissey|88/100|[from] Spikes
|move|p1a: Jirachi|Calm Mind|p1a: Jirachi
|-boost|p1a: Jirachi|spa|1
|-boost|p1a: Jirachi|spd|1
|
|-heal|p1a: Jirachi|100/100|[from] item: Leftovers
|-heal|p2a: Blissey|94/100|[from] item: Leftovers
|upkeep
|turn|21
|
|t:|1729838905
|move|p1a: Jirachi|Wish|p1a: Jirachi
|move|p2a: Blissey|Seismic Toss|p1a: Jirachi
|-damage|p1a: Jirachi|76/100
|
|-heal|p1a: Jirachi|82/100|[from] item: Leftovers
|-heal|p2a: Blissey|99/100|[from] item: Leftovers
|upkeep
|turn|22
|
|t:|1729838909
|switch|p2a: Celebi|Celebi|100/100
|-damage|p2a: Celebi|88/100|[from] Spikes
|move|p1a: Jirachi|Calm Mind|p1a: Jirachi
|-boost|p1a: Jirachi|spa|1
|-boost|p1a: Jirachi|spd|1
|
|-heal|p1a: Jirachi|100/100|[from] move: Wish|[wisher] Jirachi
|-heal|p2a: Celebi|94/100|[from] item: Leftovers
|upkeep
|turn|23
|
|t:|1729838918
|move|p2a: Celebi|Calm Mind|p2a: Celebi
|-boost|p2a: Celebi|spa|1
|-boost|p2a: Celebi|spd|1
|move|p1a: Jirachi|Fire Punch|p2a: Celebi
|-supereffective|p2a: Celebi
|-damage|p2a: Celebi|60/100
|
|-heal|p2a: Celebi|66/100|[from] item: Leftovers
|upkeep
|turn|24
|
|t:|1729838940
|move|p2a: Celebi|Calm Mind|p2a: Celebi
|-boost|p2a: Celebi|spa|1
|-boost|p2a: Celebi|spd|1
|move|p1a: Jirachi|Fire Punch|p2a: Celebi
|-supereffective|p2a: Celebi
|-damage|p2a: Celebi|40/100
|
|-heal|p2a: Celebi|46/100|[from] item: Leftovers
|upkeep
|turn|25
|
|t:|1729838946
|move|p2a: Celebi|Recover|p2a: Celebi
|-heal|p2a: Celebi|96/100
|move|p1a: Jirachi|Calm Mind|p1a: Jirachi
|-boost|p1a: Jirachi|spa|1
|-boost|p1a: Jirachi|spd|1
|
|-heal|p2a: Celebi|100/100|[from] item: Leftovers
|upkeep
|turn|26
|
|t:|1729838956
|move|p1a: Jirachi|Fire Punch|p2a: Celebi
|-supereffective|p2a: Celebi
|-damage|p2a: Celebi|64/100
|move|p2a: Celebi|Leech Seed|p1a: Jirachi
|-start|p1a: Jirachi|move: Leech Seed
|
|-heal|p2a: Celebi|70/100|[from] item: Leftovers
|-damage|p1a: Jirachi|88/100|[from] Leech Seed|[of] p2a: Celebi
|-heal|p2a: Celebi|83/100|[silent]
|upkeep
|turn|27
|
|t:|1729838962
|move|p2a: Celebi|Calm Mind|p2a: Celebi
|-boost|p2a: Celebi|spa|1
|-boost|p2a: Celebi|spd|1
|move|p1a: Jirachi|Fire Punch|p2a: Celebi
|-supereffective|p2a: Celebi
|-damage|p2a: Celebi|57/100
|
|-heal|p1a: Jirachi|94/100|[from] item: Leftovers
|-heal|p2a: Celebi|63/100|[from] item: Leftovers
|-damage|p1a: Jirachi|82/100|[from] Leech Seed|[of] p2a: Celebi
|-heal|p2a: Celebi|75/100|[silent]
|upkeep
|turn|28
|
|t:|1729838971
|switch|p1a: Skarmory|Skarmory, F|28/100
|move|p2a: Celebi|Calm Mind|p2a: Celebi
|-boost|p2a: Celebi|spa|1
|-boost|p2a: Celebi|spd|1
|
|-heal|p2a: Celebi|82/100|[from] item: Leftovers
|-heal|p1a: Skarmory|34/100|[from] item: Leftovers
|upkeep
|turn|29
|
|t:|1729838995
|move|p2a: Celebi|Hidden Power|p1a: Skarmory
|-resisted|p1a: Skarmory
|-damage|p1a: Skarmory|17/100
|move|p1a: Skarmory|Roar|p2a: Celebi
|drag|p2a: Blissey|Blissey, F|99/100
|-damage|p2a: Blissey|88/100|[from] Spikes
|
|-heal|p1a: Skarmory|23/100|[from] item: Leftovers
|-heal|p2a: Blissey|94/100|[from] item: Leftovers
|upkeep
|turn|30
|
|t:|1729839003
|move|p1a: Skarmory|Protect|p1a: Skarmory
|-singleturn|p1a: Skarmory|Protect
|move|p2a: Blissey|Seismic Toss|p1a: Skarmory
|-activate|p1a: Skarmory|Protect
|
|-heal|p1a: Skarmory|29/100|[from] item: Leftovers
|-heal|p2a: Blissey|99/100|[from] item: Leftovers
|upkeep
|turn|31
|
|t:|1729839014
|switch|p1a: Jirachi|Jirachi|82/100
|-damage|p1a: Jirachi|70/100|[from] Spikes
|move|p2a: Blissey|Seismic Toss|p1a: Jirachi
|-damage|p1a: Jirachi|45/100
|
|-heal|p1a: Jirachi|51/100|[from] item: Leftovers
|-heal|p2a: Blissey|100/100|[from] item: Leftovers
|upkeep
|turn|32
|
|t:|1729839020
|switch|p2a: Claydol|Claydol|100/100
|move|p1a: Jirachi|Wish|p1a: Jirachi
|
|-heal|p1a: Jirachi|57/100|[from] item: Leftovers
|upkeep
|turn|33
|
|t:|1729839029
|switch|p1a: Skarmory|Skarmory, F|29/100
|move|p2a: Claydol|Rapid Spin|p1a: Skarmory
|-resisted|p1a: Skarmory
|-damage|p1a: Skarmory|27/100
|-sideend|p2: aahaahaah|Spikes|[from] move: Rapid Spin|[of] p2a: Claydol
|
|-heal|p1a: Skarmory|77/100|[from] move: Wish|[wisher] Jirachi
|-heal|p1a: Skarmory|83/100|[from] item: Leftovers
|upkeep
|turn|34
|
|t:|1729839042
|switch|p2a: Skarmory|Skarmory, F|84/100
|switch|p1a: Gill|Swampert, F|100/100
|-damage|p1a: Gill|88/100|[from] Spikes
|
|-heal|p2a: Skarmory|90/100|[from] item: Leftovers
|-heal|p1a: Gill|94/100|[from] item: Leftovers
|upkeep
|turn|35
|
|t:|1729839049
|move|p2a: Skarmory|Toxic|p1a: Gill
|-status|p1a: Gill|tox
|move|p1a: Gill|Surf|p2a: Skarmory
|-damage|p2a: Skarmory|49/100
|
|-heal|p2a: Skarmory|55/100|[from] item: Leftovers
|-heal|p1a: Gill|100/100 tox|[from] item: Leftovers
|-damage|p1a: Gill|94/100 tox|[from] psn
|upkeep
|turn|36
|
|t:|1729839059
|switch|p2a: Celebi|Celebi|82/100
|move|p1a: Gill|Refresh|p1a: Gill
|-curestatus|p1a: Gill|tox|[msg]
|
|-heal|p2a: Celebi|88/100|[from] item: Leftovers
|-heal|p1a: Gill|100/100|[from] item: Leftovers
|upkeep
|turn|37
|
|t:|1729839068
|switch|p1a: Zapdos|Zapdos|100/100
|move|p2a: Celebi|Leech Seed|p1a: Zapdos
|-start|p1a: Zapdos|move: Leech Seed
|
|-damage|p1a: Zapdos|88/100|[from] Leech Seed|[of] p2a: Celebi
|-heal|p2a: Celebi|98/100|[silent]
|-heal|p2a: Celebi|100/100|[from] item: Leftovers
|upkeep
|turn|38
|
|t:|1729839075
|move|p1a: Zapdos|Toxic|p2a: Celebi|[miss]
|-miss|p1a: Zapdos|p2a: Celebi
|move|p2a: Celebi|Calm Mind|p2a: Celebi
|-boost|p2a: Celebi|spa|1
|-boost|p2a: Celebi|spd|1
|
|-heal|p1a: Zapdos|94/100|[from] item: Leftovers
|-damage|p1a: Zapdos|82/100|[from] Leech Seed|[of] p2a: Celebi
|upkeep
|turn|39
|
|t:|1729839079
|move|p1a: Zapdos|Toxic|p2a: Celebi
|-status|p2a: Celebi|tox
|move|p2a: Celebi|Calm Mind|p2a: Celebi
|-boost|p2a: Celebi|spa|1
|-boost|p2a: Celebi|spd|1
|
|-heal|p1a: Zapdos|88/100|[from] item: Leftovers
|-damage|p1a: Zapdos|76/100|[from] Leech Seed|[of] p2a: Celebi
|-damage|p2a: Celebi|94/100 tox|[from] psn
|upkeep
|turn|40
|
|t:|1729839087
|switch|p1a: Skarmory|Skarmory, F|83/100
|move|p2a: Celebi|Hidden Power|p1a: Skarmory
|-resisted|p1a: Skarmory
|-damage|p1a: Skarmory|71/100
|
|-heal|p2a: Celebi|100/100 tox|[from] item: Leftovers
|-damage|p2a: Celebi|88/100 tox|[from] psn
|-heal|p1a: Skarmory|77/100|[from] item: Leftovers
|upkeep
|turn|41
|
|t:|1729839095
|-curestatus|p2a: Celebi|tox|[from] ability: Natural Cure
|switch|p2a: Skarmory|Skarmory, F|55/100
|move|p1a: Skarmory|Spikes|p2a: Skarmory
|-sidestart|p2: aahaahaah|Spikes
|
|-heal|p1a: Skarmory|83/100|[from] item: Leftovers
|-heal|p2a: Skarmory|61/100|[from] item: Leftovers
|upkeep
|turn|42
|
|t:|1729839101
|move|p1a: Skarmory|Taunt|p2a: Skarmory
|-start|p2a: Skarmory|move: Taunt
|cant|p2a: Skarmory|move: Taunt|Spikes
|
|-heal|p1a: Skarmory|89/100|[from] item: Leftovers
|-heal|p2a: Skarmory|67/100|[from] item: Leftovers
|upkeep
|turn|43
|
|t:|1729839108
|switch|p2a: Claydol|Claydol|100/100
|move|p1a: Skarmory|Roar|p2a: Claydol
|drag|p2a: Celebi|Celebi|88/100
|-damage|p2a: Celebi|76/100|[from] Spikes
|
|-heal|p2a: Celebi|82/100|[from] item: Leftovers
|-heal|p1a: Skarmory|95/100|[from] item: Leftovers
|upkeep
|turn|44
|
|t:|1729839119
|move|p2a: Celebi|Leech Seed|p1a: Skarmory|[miss]
|-miss|p2a: Celebi|p1a: Skarmory
|move|p1a: Skarmory|Spikes|p2a: Celebi
|-sidestart|p2: aahaahaah|Spikes
|
|-heal|p2a: Celebi|88/100|[from] item: Leftovers
|-heal|p1a: Skarmory|100/100|[from] item: Leftovers
|upkeep
|turn|45
|
|t:|1729839127
|switch|p2a: Claydol|Claydol|100/100
|switch|p1a: Zapdos|Zapdos|76/100
|
|-heal|p1a: Zapdos|82/100|[from] item: Leftovers
|upkeep
|turn|46
|
|t:|1729839136
|move|p1a: Zapdos|Hidden Power|p2a: Claydol
|-supereffective|p2a: Claydol
|-damage|p2a: Claydol|55/100
|move|p2a: Claydol|Rapid Spin|p1a: Zapdos
|-damage|p1a: Zapdos|75/100
|-sideend|p2: aahaahaah|Spikes|[from] move: Rapid Spin|[of] p2a: Claydol
|
|-heal|p1a: Zapdos|81/100|[from] item: Leftovers
|-heal|p2a: Claydol|61/100|[from] item: Leftovers
|upkeep
|turn|47
|
|t:|1729839146
|switch|p2a: Blissey|Blissey, F|100/100
|move|p1a: Zapdos|Baton Pass|p1a: Zapdos
|
|t:|1729839150
|switch|p1a: Medikam|Medicham, M|31/100|[from] Baton Pass
|-damage|p1a: Medikam|18/100|[from] Spikes
|
|upkeep
|turn|48
|
|t:|1729839158
|-singleturn|p1a: Medikam|move: Focus Punch
|switch|p2a: Milotic|Milotic, F|100/100
|move|p1a: Medikam|Focus Punch|p2a: Milotic
|-damage|p2a: Milotic|31/100
|
|-heal|p2a: Milotic|37/100|[from] item: Leftovers
|upkeep
|turn|49
|
|t:|1729839172
|switch|p2a: Celebi|Celebi|88/100
|move|p1a: Medikam|Brick Break|p2a: Celebi
|-resisted|p2a: Celebi
|-damage|p2a: Celebi|73/100
|
|-heal|p2a: Celebi|79/100|[from] item: Leftovers
|upkeep
|turn|50
|
|t:|1729839198
|switch|p1a: Skarmory|Skarmory, F|100/100
|move|p2a: Celebi|Hidden Power|p1a: Skarmory
|-resisted|p1a: Skarmory
|-damage|p1a: Skarmory|94/100
|
|-heal|p2a: Celebi|85/100|[from] item: Leftovers
|-heal|p1a: Skarmory|100/100|[from] item: Leftovers
|upkeep
|turn|51
|
|t:|1729839207
|switch|p2a: Claydol|Claydol|61/100
|move|p1a: Skarmory|Spikes|p2a: Claydol
|-sidestart|p2: aahaahaah|Spikes
|
|-heal|p2a: Claydol|67/100|[from] item: Leftovers
|upkeep
|turn|52
|
|t:|1729839216
|switch|p1a: Gill|Swampert, F|100/100
|-damage|p1a: Gill|88/100|[from] Spikes
|move|p2a: Claydol|Rapid Spin|p1a: Gill
|-damage|p1a: Gill|84/100
|-sideend|p2: aahaahaah|Spikes|[from] move: Rapid Spin|[of] p2a: Claydol
|
|-heal|p2a: Claydol|74/100|[from] item: Leftovers
|-heal|p1a: Gill|91/100|[from] item: Leftovers
|upkeep
|turn|53
|
|t:|1729839223
|switch|p2a: Celebi|Celebi|85/100
|move|p1a: Gill|Toxic|p2a: Celebi
|-status|p2a: Celebi|tox
|
|-heal|p2a: Celebi|91/100 tox|[from] item: Leftovers
|-damage|p2a: Celebi|85/100 tox|[from] psn
|-heal|p1a: Gill|97/100|[from] item: Leftovers
|upkeep
|turn|54
|
|t:|1729839231
|switch|p1a: Jirachi|Jirachi|57/100
|-damage|p1a: Jirachi|45/100|[from] Spikes
|move|p2a: Celebi|Hidden Power|p1a: Jirachi
|-resisted|p1a: Jirachi
|-crit|p1a: Jirachi
|-damage|p1a: Jirachi|23/100
|
|-heal|p1a: Jirachi|29/100|[from] item: Leftovers
|-heal|p2a: Celebi|91/100 tox|[from] item: Leftovers
|-damage|p2a: Celebi|79/100 tox|[from] psn
|upkeep
|turn|55
|
|t:|1729839241
|-curestatus|p2a: Celebi|tox|[from] ability: Natural Cure
|switch|p2a: Blissey|Blissey, F|100/100
|move|p1a: Jirachi|Wish|p1a: Jirachi
|
|-heal|p1a: Jirachi|35/100|[from] item: Leftovers
|upkeep
|turn|56
|
|t:|1729839248
|move|p1a: Jirachi|Calm Mind|p1a: Jirachi
|-boost|p1a: Jirachi|spa|1
|-boost|p1a: Jirachi|spd|1
|move|p2a: Blissey|Seismic Toss|p1a: Jirachi
|-damage|p1a: Jirachi|10/100
|
|-heal|p1a: Jirachi|60/100|[from] move: Wish|[wisher] Jirachi
|-heal|p1a: Jirachi|67/100|[from] item: Leftovers
|upkeep
|turn|57
|
|t:|1729839256
|move|p1a: Jirachi|Wish|p1a: Jirachi
|move|p2a: Blissey|Seismic Toss|p1a: Jirachi
|-damage|p1a: Jirachi|42/100
|
|-heal|p1a: Jirachi|48/100|[from] item: Leftovers
|upkeep
|turn|58
|
|t:|1729839263
|switch|p2a: Claydol|Claydol|74/100
|move|p1a: Jirachi|Calm Mind|p1a: Jirachi
|-boost|p1a: Jirachi|spa|1
|-boost|p1a: Jirachi|spd|1
|
|-heal|p1a: Jirachi|98/100|[from] move: Wish|[wisher] Jirachi
|-heal|p1a: Jirachi|100/100|[from] item: Leftovers
|-heal|p2a: Claydol|80/100|[from] item: Leftovers
|upkeep
|turn|59
|
|t:|1729839304
|move|p1a: Jirachi|Fire Punch|p2a: Claydol
|-damage|p2a: Claydol|50/100
|move|p2a: Claydol|Earthquake|p1a: Jirachi
|-supereffective|p1a: Jirachi
|-damage|p1a: Jirachi|53/100
|
|-heal|p1a: Jirachi|59/100|[from] item: Leftovers
|-heal|p2a: Claydol|56/100|[from] item: Leftovers
|upkeep
|turn|60
|inactive|aahaahaah has 270 seconds left.
|
|t:|1729839320
|switch|p1a: Zapdos|Zapdos|81/100
|switch|p2a: Milotic|Milotic, F|37/100
|
|-heal|p1a: Zapdos|88/100|[from] item: Leftovers
|-heal|p2a: Milotic|43/100|[from] item: Leftovers
|upkeep
|turn|61
|
|t:|1729839330
|switch|p2a: Blissey|Blissey, F|100/100
|move|p1a: Zapdos|Toxic|p2a: Blissey|[miss]
|-miss|p1a: Zapdos|p2a: Blissey
|
|-heal|p1a: Zapdos|94/100|[from] item: Leftovers
|upkeep
|turn|62
|
|t:|1729839338
|move|p1a: Zapdos|Toxic|p2a: Blissey
|-status|p2a: Blissey|tox
|move|p2a: Blissey|Seismic Toss|p1a: Zapdos
|-damage|p1a: Zapdos|63/100
|
|-heal|p1a: Zapdos|69/100|[from] item: Leftovers
|-damage|p2a: Blissey|94/100 tox|[from] psn
|upkeep
|turn|63
|
|t:|1729839346
|switch|p1a: Tyranitar|Tyranitar, M|100/100
|-damage|p1a: Tyranitar|88/100|[from] Spikes
|-weather|Sandstorm|[from] ability: Sand Stream|[of] p1a: Tyranitar
|move|p2a: Blissey|Ice Beam|p1a: Tyranitar
|-damage|p1a: Tyranitar|68/100
|
|-weather|Sandstorm|[upkeep]
|-damage|p2a: Blissey|88/100 tox|[from] Sandstorm
|-heal|p1a: Tyranitar|74/100|[from] item: Leftovers
|-heal|p2a: Blissey|94/100 tox|[from] item: Leftovers
|-damage|p2a: Blissey|82/100 tox|[from] psn
|upkeep
|turn|64
|
|t:|1729839361
|switch|p1a: Jirachi|Jirachi|59/100
|-damage|p1a: Jirachi|47/100|[from] Spikes
|-curestatus|p2a: Blissey|tox|[from] ability: Natural Cure
|switch|p2a: Skarmory|Skarmory, F|67/100
|
|-weather|Sandstorm|[upkeep]
|-heal|p1a: Jirachi|53/100|[from] item: Leftovers
|-heal|p2a: Skarmory|73/100|[from] item: Leftovers
|upkeep
|turn|65
|
|t:|1729839370
|switch|p2a: Milotic|Milotic, F|43/100
|move|p1a: Jirachi|Fire Punch|p2a: Milotic
|-resisted|p2a: Milotic
|-crit|p2a: Milotic
|-damage|p2a: Milotic|30/100
|
|-weather|Sandstorm|[upkeep]
|-damage|p2a: Milotic|24/100|[from] Sandstorm
|-heal|p1a: Jirachi|59/100|[from] item: Leftovers
|-heal|p2a: Milotic|30/100|[from] item: Leftovers
|upkeep
|turn|66
|
|t:|1729839379
|move|p1a: Jirachi|Thunderbolt|p2a: Milotic
|-supereffective|p2a: Milotic
|-damage|p2a: Milotic|0 fnt
|faint|p2a: Milotic
|
|t:|1729839386
|switch|p2a: Celebi|Celebi|79/100
|
|-weather|Sandstorm|[upkeep]
|-damage|p2a: Celebi|73/100|[from] Sandstorm
|-heal|p1a: Jirachi|66/100|[from] item: Leftovers
|-heal|p2a: Celebi|79/100|[from] item: Leftovers
|upkeep
|turn|67
|
|t:|1729839393
|move|p2a: Celebi|Calm Mind|p2a: Celebi
|-boost|p2a: Celebi|spa|1
|-boost|p2a: Celebi|spd|1
|move|p1a: Jirachi|Wish|p1a: Jirachi
|
|-weather|Sandstorm|[upkeep]
|-damage|p2a: Celebi|73/100|[from] Sandstorm
|-heal|p1a: Jirachi|72/100|[from] item: Leftovers
|-heal|p2a: Celebi|79/100|[from] item: Leftovers
|upkeep
|turn|68
|
|t:|1729839421
|move|p2a: Celebi|Hidden Power|p1a: Jirachi
|-resisted|p1a: Jirachi
|-damage|p1a: Jirachi|56/100
|move|p1a: Jirachi|Calm Mind|p1a: Jirachi
|-boost|p1a: Jirachi|spa|1
|-boost|p1a: Jirachi|spd|1
|
|-heal|p1a: Jirachi|100/100|[from] move: Wish|[wisher] Jirachi
|-weather|Sandstorm|[upkeep]
|-damage|p2a: Celebi|73/100|[from] Sandstorm
|-heal|p2a: Celebi|79/100|[from] item: Leftovers
|upkeep
|turn|69
|
|t:|1729839429
|move|p1a: Jirachi|Calm Mind|p1a: Jirachi
|-boost|p1a: Jirachi|spa|1
|-boost|p1a: Jirachi|spd|1
|move|p2a: Celebi|Calm Mind|p2a: Celebi
|-boost|p2a: Celebi|spa|1
|-boost|p2a: Celebi|spd|1
|
|-weather|Sandstorm|[upkeep]
|-damage|p2a: Celebi|73/100|[from] Sandstorm
|-heal|p2a: Celebi|79/100|[from] item: Leftovers
|upkeep
|turn|70
|
|t:|1729839435
|move|p2a: Celebi|Leech Seed|p1a: Jirachi
|-start|p1a: Jirachi|move: Leech Seed
|move|p1a: Jirachi|Calm Mind|p1a: Jirachi
|-boost|p1a: Jirachi|spa|1
|-boost|p1a: Jirachi|spd|1
|
|-weather|Sandstorm|[upkeep]
|-damage|p2a: Celebi|73/100|[from] Sandstorm
|-heal|p2a: Celebi|79/100|[from] item: Leftovers
|-damage|p1a: Jirachi|88/100|[from] Leech Seed|[of] p2a: Celebi
|-heal|p2a: Celebi|91/100|[silent]
|upkeep
|turn|71
|
|t:|1729839439
|move|p1a: Jirachi|Fire Punch|p2a: Celebi
|-supereffective|p2a: Celebi
|-damage|p2a: Celebi|58/100
|move|p2a: Celebi|Calm Mind|p2a: Celebi
|-boost|p2a: Celebi|spa|1
|-boost|p2a: Celebi|spd|1
|
|-weather|Sandstorm|[upkeep]
|-damage|p2a: Celebi|51/100|[from] Sandstorm
|-heal|p2a: Celebi|58/100|[from] item: Leftovers
|-heal|p1a: Jirachi|94/100|[from] item: Leftovers
|-damage|p1a: Jirachi|82/100|[from] Leech Seed|[of] p2a: Celebi
|-heal|p2a: Celebi|70/100|[silent]
|upkeep
|turn|72
|
|t:|1729839443
|move|p2a: Celebi|Calm Mind|p2a: Celebi
|-boost|p2a: Celebi|spa|1
|-boost|p2a: Celebi|spd|1
|move|p1a: Jirachi|Fire Punch|p2a: Celebi
|-supereffective|p2a: Celebi
|-damage|p2a: Celebi|48/100
|
|-weather|Sandstorm|[upkeep]
|-damage|p2a: Celebi|42/100|[from] Sandstorm
|-heal|p1a: Jirachi|88/100|[from] item: Leftovers
|-heal|p2a: Celebi|48/100|[from] item: Leftovers
|-damage|p1a: Jirachi|76/100|[from] Leech Seed|[of] p2a: Celebi
|-heal|p2a: Celebi|60/100|[silent]
|upkeep
|turn|73
|
|t:|1729839451
|switch|p1a: Skarmory|Skarmory, F|100/100
|move|p2a: Celebi|Calm Mind|p2a: Celebi
|-boost|p2a: Celebi|spa|1
|-boost|p2a: Celebi|spd|1
|
|-weather|Sandstorm|[upkeep]
|-damage|p2a: Celebi|54/100|[from] Sandstorm
|-heal|p2a: Celebi|60/100|[from] item: Leftovers
|upkeep
|turn|74
|
|t:|1729839455
|move|p2a: Celebi|Hidden Power|p1a: Skarmory
|-resisted|p1a: Skarmory
|-damage|p1a: Skarmory|80/100
|move|p1a: Skarmory|Roar|p2a: Celebi
|drag|p2a: Jirachi|Jirachi|58/100
|
|-weather|Sandstorm|[upkeep]
|-heal|p2a: Jirachi|64/100|[from] item: Leftovers
|-heal|p1a: Skarmory|86/100|[from] item: Leftovers
|upkeep
|turn|75
|
|t:|1729839473
|switch|p1a: Tyranitar|Tyranitar, M|74/100
|-damage|p1a: Tyranitar|62/100|[from] Spikes
|move|p2a: Jirachi|Fire Punch|p1a: Tyranitar
|-resisted|p1a: Tyranitar
|-damage|p1a: Tyranitar|55/100
|
|-weather|Sandstorm|[upkeep]
|-heal|p2a: Jirachi|70/100|[from] item: Leftovers
|-heal|p1a: Tyranitar|61/100|[from] item: Leftovers
|upkeep
|turn|76
|
|t:|1729839482
|move|p2a: Jirachi|Protect|p2a: Jirachi
|-singleturn|p2a: Jirachi|Protect
|move|p1a: Tyranitar|Fire Blast|p2a: Jirachi
|-activate|p2a: Jirachi|Protect
|
|-weather|Sandstorm|[upkeep]
|-heal|p2a: Jirachi|76/100|[from] item: Leftovers
|-heal|p1a: Tyranitar|67/100|[from] item: Leftovers
|upkeep
|turn|77
|
|t:|1729839504
|switch|p2a: Blissey|Blissey, F|82/100
|move|p1a: Tyranitar|Fire Blast|p2a: Blissey
|-damage|p2a: Blissey|67/100
|
|-weather|Sandstorm|[upkeep]
|-damage|p2a: Blissey|61/100|[from] Sandstorm
|-heal|p1a: Tyranitar|74/100|[from] item: Leftovers
|-heal|p2a: Blissey|67/100|[from] item: Leftovers
|upkeep
|turn|78
|
|t:|1729839511
|switch|p1a: Skarmory|Skarmory, F|86/100
|move|p2a: Blissey|Soft-Boiled|p2a: Blissey
|-heal|p2a: Blissey|100/100
|
|-weather|Sandstorm|[upkeep]
|-damage|p2a: Blissey|94/100|[from] Sandstorm
|-heal|p1a: Skarmory|92/100|[from] item: Leftovers
|-heal|p2a: Blissey|100/100|[from] item: Leftovers
|upkeep
|turn|79
|
|t:|1729839516
|switch|p2a: Claydol|Claydol|56/100
|move|p1a: Skarmory|Spikes|p2a: Claydol
|-sidestart|p2: aahaahaah|Spikes
|
|-weather|Sandstorm|[upkeep]
|-heal|p2a: Claydol|62/100|[from] item: Leftovers
|-heal|p1a: Skarmory|98/100|[from] item: Leftovers
|upkeep
|turn|80
|
|t:|1729839533
|switch|p1a: Tyranitar|Tyranitar, M|74/100
|-damage|p1a: Tyranitar|61/100|[from] Spikes
|move|p2a: Claydol|Rapid Spin|p1a: Tyranitar
|-resisted|p1a: Tyranitar
|-damage|p1a: Tyranitar|59/100
|-sideend|p2: aahaahaah|Spikes|[from] move: Rapid Spin|[of] p2a: Claydol
|
|-weather|Sandstorm|[upkeep]
|-heal|p2a: Claydol|68/100|[from] item: Leftovers
|-heal|p1a: Tyranitar|65/100|[from] item: Leftovers
|upkeep
|turn|81
|
|t:|1729839544
|switch|p2a: Blissey|Blissey, F|100/100
|move|p1a: Tyranitar|Crunch|p2a: Blissey
|-damage|p2a: Blissey|86/100
|-unboost|p2a: Blissey|spd|1
|
|-weather|Sandstorm|[upkeep]
|-damage|p2a: Blissey|80/100|[from] Sandstorm
|-heal|p1a: Tyranitar|72/100|[from] item: Leftovers
|-heal|p2a: Blissey|86/100|[from] item: Leftovers
|upkeep
|turn|82
|
|t:|1729839552
|move|p1a: Tyranitar|Crunch|p2a: Blissey
|-damage|p2a: Blissey|63/100
|move|p2a: Blissey|Seismic Toss|p1a: Tyranitar
|-damage|p1a: Tyranitar|47/100
|
|-weather|Sandstorm|[upkeep]
|-damage|p2a: Blissey|56/100|[from] Sandstorm
|-heal|p1a: Tyranitar|53/100|[from] item: Leftovers
|-heal|p2a: Blissey|63/100|[from] item: Leftovers
|upkeep
|turn|83
|
|t:|1729839559
|switch|p1a: Skarmory|Skarmory, F|98/100
|move|p2a: Blissey|Toxic|p1a: Skarmory
|-immune|p1a: Skarmory
|
|-weather|Sandstorm|[upkeep]
|-damage|p2a: Blissey|56/100|[from] Sandstorm
|-heal|p1a: Skarmory|100/100|[from] item: Leftovers
|-heal|p2a: Blissey|63/100|[from] item: Leftovers
|upkeep
|turn|84
|
|t:|1729839564
|switch|p2a: Claydol|Claydol|68/100
|move|p1a: Skarmory|Spikes|p2a: Claydol
|-sidestart|p2: aahaahaah|Spikes
|
|-weather|Sandstorm|[upkeep]
|-heal|p2a: Claydol|75/100|[from] item: Leftovers
|upkeep
|turn|85
|
|t:|1729839569
|switch|p1a: Tyranitar|Tyranitar, M|53/100
|-damage|p1a: Tyranitar|41/100|[from] Spikes
|move|p2a: Claydol|Rapid Spin|p1a: Tyranitar
|-resisted|p1a: Tyranitar
|-damage|p1a: Tyranitar|38/100
|-sideend|p2: aahaahaah|Spikes|[from] move: Rapid Spin|[of] p2a: Claydol
|
|-weather|Sandstorm|[upkeep]
|-heal|p2a: Claydol|81/100|[from] item: Leftovers
|-heal|p1a: Tyranitar|45/100|[from] item: Leftovers
|upkeep
|turn|86
|
|t:|1729839575
|-activate|p2a: Claydol|move: Pursuit
|move|p1a: Tyranitar|Pursuit|p2a: Claydol|[from]Pursuit
|-supereffective|p2a: Claydol
|-damage|p2a: Claydol|17/100
|switch|p2a: Blissey|Blissey, F|63/100
|
|-weather|Sandstorm|[upkeep]
|-damage|p2a: Blissey|56/100|[from] Sandstorm
|-heal|p1a: Tyranitar|51/100|[from] item: Leftovers
|-heal|p2a: Blissey|63/100|[from] item: Leftovers
|upkeep
|turn|87
|
|t:|1729839592
|switch|p1a: Skarmory|Skarmory, F|100/100
|move|p2a: Blissey|Soft-Boiled|p2a: Blissey
|-heal|p2a: Blissey|100/100
|
|-weather|Sandstorm|[upkeep]
|-damage|p2a: Blissey|94/100|[from] Sandstorm
|-heal|p2a: Blissey|100/100|[from] item: Leftovers
|upkeep
|turn|88
|
|t:|1729839599
|switch|p1a: Tyranitar|Tyranitar, M|51/100
|-damage|p1a: Tyranitar|38/100|[from] Spikes
|switch|p2a: Jirachi|Jirachi|76/100
|
|-weather|Sandstorm|[upkeep]
|-heal|p2a: Jirachi|83/100|[from] item: Leftovers
|-heal|p1a: Tyranitar|45/100|[from] item: Leftovers
|upkeep
|turn|89
|
|t:|1729839616
|move|p2a: Jirachi|Protect|p2a: Jirachi
|-singleturn|p2a: Jirachi|Protect
|move|p1a: Tyranitar|Fire Blast|p2a: Jirachi
|-activate|p2a: Jirachi|Protect
|
|-weather|Sandstorm|[upkeep]
|-heal|p2a: Jirachi|89/100|[from] item: Leftovers
|-heal|p1a: Tyranitar|51/100|[from] item: Leftovers
|upkeep
|turn|90
|
|t:|1729839624
|switch|p2a: Blissey|Blissey, F|100/100
|switch|p1a: Skarmory|Skarmory, F|100/100
|
|-weather|Sandstorm|[upkeep]
|-damage|p2a: Blissey|94/100|[from] Sandstorm
|-heal|p2a: Blissey|100/100|[from] item: Leftovers
|upkeep
|turn|91
|
|t:|1729839632
|switch|p2a: Skarmory|Skarmory, F|73/100
|move|p1a: Skarmory|Spikes|p2a: Skarmory
|-sidestart|p2: aahaahaah|Spikes
|
|-weather|Sandstorm|[upkeep]
|-heal|p2a: Skarmory|79/100|[from] item: Leftovers
|upkeep
|turn|92
|
|t:|1729839637
|move|p1a: Skarmory|Taunt|p2a: Skarmory
|-start|p2a: Skarmory|move: Taunt
|cant|p2a: Skarmory|move: Taunt|Spikes
|
|-weather|Sandstorm|[upkeep]
|-heal|p2a: Skarmory|85/100|[from] item: Leftovers
|upkeep
|turn|93
|
|t:|1729839644
|switch|p1a: Tyranitar|Tyranitar, M|51/100
|-damage|p1a: Tyranitar|38/100|[from] Spikes
|switch|p2a: Claydol|Claydol|17/100
|
|-weather|Sandstorm|[upkeep]
|-heal|p2a: Claydol|23/100|[from] item: Leftovers
|-heal|p1a: Tyranitar|45/100|[from] item: Leftovers
|upkeep
|turn|94
|
|t:|1729839656
|move|p2a: Claydol|Earthquake|p1a: Tyranitar
|-supereffective|p1a: Tyranitar
|-damage|p1a: Tyranitar|0 fnt
|faint|p1a: Tyranitar
|
|t:|1729839675
|switch|p1a: Gill|Swampert, F|97/100
|-damage|p1a: Gill|84/100|[from] Spikes
|
|-weather|Sandstorm|[upkeep]
|-heal|p2a: Claydol|29/100|[from] item: Leftovers
|-heal|p1a: Gill|91/100|[from] item: Leftovers
|upkeep
|turn|95
|
|t:|1729839680
|switch|p2a: Skarmory|Skarmory, F|85/100
|move|p1a: Gill|Surf|p2a: Skarmory
|-damage|p2a: Skarmory|46/100
|
|-weather|Sandstorm|[upkeep]
|-heal|p2a: Skarmory|52/100|[from] item: Leftovers
|-heal|p1a: Gill|97/100|[from] item: Leftovers
|upkeep
|turn|96
|
|t:|1729839688
|move|p2a: Skarmory|Protect|p2a: Skarmory
|-singleturn|p2a: Skarmory|Protect
|move|p1a: Gill|Surf|p2a: Skarmory
|-activate|p2a: Skarmory|Protect
|
|-weather|Sandstorm|[upkeep]
|-heal|p2a: Skarmory|58/100|[from] item: Leftovers
|-heal|p1a: Gill|100/100|[from] item: Leftovers
|upkeep
|turn|97
|
|t:|1729839693
|switch|p1a: Jirachi|Jirachi|76/100
|-damage|p1a: Jirachi|63/100|[from] Spikes
|move|p2a: Skarmory|Spikes|p1a: Jirachi
|-sidestart|p1: JCEntrena|Spikes
|
|-weather|Sandstorm|[upkeep]
|-heal|p1a: Jirachi|70/100|[from] item: Leftovers
|-heal|p2a: Skarmory|64/100|[from] item: Leftovers
|upkeep
|turn|98
|
|t:|1729839701
|move|p1a: Jirachi|Calm Mind|p1a: Jirachi
|-boost|p1a: Jirachi|spa|1
|-boost|p1a: Jirachi|spd|1
|move|p2a: Skarmory|Roar|p1a: Jirachi
|drag|p1a: Medikam|Medicham, M|18/100
|-damage|p1a: Medikam|2/100|[from] Spikes
|
|-weather|Sandstorm|[upkeep]
|-damage|p1a: Medikam|0 fnt|[from] Sandstorm
|faint|p1a: Medikam
|-heal|p2a: Skarmory|70/100|[from] item: Leftovers
|upkeep
|
|t:|1729839716
|switch|p1a: Zapdos|Zapdos|69/100
|turn|99
|
|t:|1729839725
|move|p2a: Skarmory|Protect|p2a: Skarmory
|-singleturn|p2a: Skarmory|Protect
|move|p1a: Zapdos|Thunderbolt|p2a: Skarmory
|-activate|p2a: Skarmory|Protect
|
|-weather|Sandstorm|[upkeep]
|-damage|p1a: Zapdos|63/100|[from] Sandstorm
|-heal|p1a: Zapdos|69/100|[from] item: Leftovers
|-heal|p2a: Skarmory|76/100|[from] item: Leftovers
|upkeep
|turn|100
|
|t:|1729839730
|switch|p2a: Blissey|Blissey, F|100/100
|-damage|p2a: Blissey|88/100|[from] Spikes
|move|p1a: Zapdos|Hidden Power|p2a: Blissey
|-damage|p2a: Blissey|78/100
|
|-weather|Sandstorm|[upkeep]
|-damage|p1a: Zapdos|63/100|[from] Sandstorm
|-damage|p2a: Blissey|72/100|[from] Sandstorm
|-heal|p1a: Zapdos|69/100|[from] item: Leftovers
|-heal|p2a: Blissey|78/100|[from] item: Leftovers
|upkeep
|turn|101
|
|t:|1729839739
|switch|p1a: Jirachi|Jirachi|70/100
|-damage|p1a: Jirachi|53/100|[from] Spikes
|move|p2a: Blissey|Seismic Toss|p1a: Jirachi
|-damage|p1a: Jirachi|28/100
|
|-weather|Sandstorm|[upkeep]
|-damage|p2a: Blissey|72/100|[from] Sandstorm
|-heal|p1a: Jirachi|34/100|[from] item: Leftovers
|-heal|p2a: Blissey|78/100|[from] item: Leftovers
|upkeep
|turn|102
|
|t:|1729839760
|move|p1a: Jirachi|Wish|p1a: Jirachi
|move|p2a: Blissey|Seismic Toss|p1a: Jirachi
|-damage|p1a: Jirachi|10/100
|
|-weather|Sandstorm|[upkeep]
|-damage|p2a: Blissey|72/100|[from] Sandstorm
|-heal|p1a: Jirachi|16/100|[from] item: Leftovers
|-heal|p2a: Blissey|78/100|[from] item: Leftovers
|upkeep
|turn|103
|
|t:|1729839779
|move|p1a: Jirachi|Thunderbolt|p2a: Blissey
|-damage|p2a: Blissey|69/100
|move|p2a: Blissey|Seismic Toss|p1a: Jirachi
|-damage|p1a: Jirachi|0 fnt
|faint|p1a: Jirachi
|
|t:|1729839785
|switch|p1a: Gill|Swampert, F|100/100
|-damage|p1a: Gill|84/100|[from] Spikes
|
|-heal|p1a: Gill|100/100|[from] move: Wish|[wisher] Jirachi
|-weather|Sandstorm|[upkeep]
|-damage|p2a: Blissey|63/100|[from] Sandstorm
|-heal|p2a: Blissey|69/100|[from] item: Leftovers
|upkeep
|turn|104
|
|t:|1729839796
|move|p1a: Gill|Toxic|p2a: Blissey
|-status|p2a: Blissey|tox
|move|p2a: Blissey|Soft-Boiled|p2a: Blissey
|-heal|p2a: Blissey|100/100 tox
|
|-weather|Sandstorm|[upkeep]
|-damage|p2a: Blissey|94/100 tox|[from] Sandstorm
|-heal|p2a: Blissey|100/100 tox|[from] item: Leftovers
|-damage|p2a: Blissey|94/100 tox|[from] psn
|upkeep
|turn|105
|
|t:|1729839804
|-curestatus|p2a: Blissey|tox|[from] ability: Natural Cure
|switch|p2a: Jirachi|Jirachi|89/100
|-damage|p2a: Jirachi|76/100|[from] Spikes
|move|p1a: Gill|Toxic|p2a: Jirachi
|-immune|p2a: Jirachi
|
|-weather|Sandstorm|[upkeep]
|-heal|p2a: Jirachi|83/100|[from] item: Leftovers
|upkeep
|turn|106
|
|t:|1729839811
|move|p2a: Jirachi|Wish|p2a: Jirachi
|move|p1a: Gill|Surf|p2a: Jirachi
|-damage|p2a: Jirachi|56/100
|
|-weather|Sandstorm|[upkeep]
|-heal|p2a: Jirachi|63/100|[from] item: Leftovers
|upkeep
|turn|107
|
|t:|1729839819
|switch|p2a: Skarmory|Skarmory, F|76/100
|move|p1a: Gill|Surf|p2a: Skarmory
|-damage|p2a: Skarmory|36/100
|
|-heal|p2a: Skarmory|86/100|[from] move: Wish|[wisher] Jirachi
|-weather|Sandstorm|[upkeep]
|-heal|p2a: Skarmory|92/100|[from] item: Leftovers
|upkeep
|turn|108
|
|t:|1729839825
|move|p2a: Skarmory|Spikes|p1a: Gill
|-sidestart|p1: JCEntrena|Spikes
|move|p1a: Gill|Surf|p2a: Skarmory
|-crit|p2a: Skarmory
|-damage|p2a: Skarmory|10/100
|
|-weather|Sandstorm|[upkeep]
|-heal|p2a: Skarmory|16/100|[from] item: Leftovers
|upkeep
|turn|109
|
|t:|1729839834
|move|p2a: Skarmory|Protect|p2a: Skarmory
|-singleturn|p2a: Skarmory|Protect
|move|p1a: Gill|Surf|p2a: Skarmory
|-activate|p2a: Skarmory|Protect
|
|-weather|Sandstorm|[upkeep]
|-heal|p2a: Skarmory|22/100|[from] item: Leftovers
|upkeep
|turn|110
|
|t:|1729839841
|move|p1a: Gill|Toxic|p2a: Skarmory|[miss]
|-miss|p1a: Gill|p2a: Skarmory
|move|p2a: Skarmory|Roar|p1a: Gill
|drag|p1a: Skarmory|Skarmory, F|100/100
|
|-weather|Sandstorm|[upkeep]
|-heal|p2a: Skarmory|28/100|[from] item: Leftovers
|upkeep
|turn|111
|
|t:|1729839848
|switch|p2a: Claydol|Claydol|29/100
|move|p1a: Skarmory|Roar|p2a: Claydol
|drag|p2a: Celebi|Celebi|60/100
|-damage|p2a: Celebi|48/100|[from] Spikes
|
|-weather|Sandstorm|[upkeep]
|-damage|p2a: Celebi|42/100|[from] Sandstorm
|-heal|p2a: Celebi|48/100|[from] item: Leftovers
|upkeep
|turn|112
|
|t:|1729839857
|move|p2a: Celebi|Recover|p2a: Celebi
|-heal|p2a: Celebi|98/100
|move|p1a: Skarmory|Taunt|p2a: Celebi
|-start|p2a: Celebi|move: Taunt
|
|-weather|Sandstorm|[upkeep]
|-damage|p2a: Celebi|92/100|[from] Sandstorm
|-heal|p2a: Celebi|98/100|[from] item: Leftovers
|upkeep
|turn|113
|
|t:|1729839862
|switch|p2a: Claydol|Claydol|29/100
|move|p1a: Skarmory|Spikes|p2a: Claydol
|-sidestart|p2: aahaahaah|Spikes
|
|-weather|Sandstorm|[upkeep]
|-heal|p2a: Claydol|35/100|[from] item: Leftovers
|upkeep
|turn|114
|
|t:|1729839873
|switch|p1a: Zapdos|Zapdos|69/100
|move|p2a: Claydol|Rapid Spin|p1a: Zapdos
|-damage|p1a: Zapdos|62/100
|-sideend|p2: aahaahaah|Spikes|[from] move: Rapid Spin|[of] p2a: Claydol
|
|-weather|Sandstorm|[upkeep]
|-damage|p1a: Zapdos|56/100|[from] Sandstorm
|-heal|p1a: Zapdos|62/100|[from] item: Leftovers
|-heal|p2a: Claydol|42/100|[from] item: Leftovers
|upkeep
|turn|115
|
|t:|1729839878
|switch|p2a: Blissey|Blissey, F|94/100
|move|p1a: Zapdos|Toxic|p2a: Blissey
|-status|p2a: Blissey|tox
|
|-weather|Sandstorm|[upkeep]
|-damage|p1a: Zapdos|56/100|[from] Sandstorm
|-damage|p2a: Blissey|88/100 tox|[from] Sandstorm
|-heal|p1a: Zapdos|62/100|[from] item: Leftovers
|-heal|p2a: Blissey|94/100 tox|[from] item: Leftovers
|-damage|p2a: Blissey|88/100 tox|[from] psn
|upkeep
|turn|116
|
|t:|1729839882
|move|p1a: Zapdos|Baton Pass|p1a: Zapdos
|
|t:|1729839884
|switch|p1a: Gill|Swampert, F|100/100|[from] Baton Pass
|-damage|p1a: Gill|76/100|[from] Spikes
|move|p2a: Blissey|Ice Beam|p1a: Gill
|-damage|p1a: Gill|55/100
|
|-weather|Sandstorm|[upkeep]
|-damage|p2a: Blissey|82/100 tox|[from] Sandstorm
|-heal|p1a: Gill|62/100|[from] item: Leftovers
|-heal|p2a: Blissey|88/100 tox|[from] item: Leftovers
|-damage|p2a: Blissey|76/100 tox|[from] psn
|upkeep
|turn|117
|
|t:|1729839892
|move|p1a: Gill|Surf|p2a: Blissey
|-damage|p2a: Blissey|63/100 tox
|move|p2a: Blissey|Seismic Toss|p1a: Gill
|-damage|p1a: Gill|37/100
|
|-weather|Sandstorm|[upkeep]
|-damage|p2a: Blissey|57/100 tox|[from] Sandstorm
|-heal|p1a: Gill|43/100|[from] item: Leftovers
|-heal|p2a: Blissey|63/100 tox|[from] item: Leftovers
|-damage|p2a: Blissey|45/100 tox|[from] psn
|upkeep
|turn|118
|
|t:|1729839902
|-curestatus|p2a: Blissey|tox|[from] ability: Natural Cure
|switch|p2a: Celebi|Celebi|98/100
|move|p1a: Gill|Surf|p2a: Celebi
|-resisted|p2a: Celebi
|-damage|p2a: Celebi|87/100
|
|-weather|Sandstorm|[upkeep]
|-damage|p2a: Celebi|81/100|[from] Sandstorm
|-heal|p2a: Celebi|87/100|[from] item: Leftovers
|-heal|p1a: Gill|49/100|[from] item: Leftovers
|upkeep
|turn|119
|
|t:|1729839908
|move|p1a: Gill|Protect|p1a: Gill
|-singleturn|p1a: Gill|Protect
|move|p2a: Celebi|Hidden Power|p1a: Gill
|-activate|p1a: Gill|Protect
|
|-weather|Sandstorm|[upkeep]
|-damage|p2a: Celebi|81/100|[from] Sandstorm
|-heal|p2a: Celebi|87/100|[from] item: Leftovers
|-heal|p1a: Gill|55/100|[from] item: Leftovers
|upkeep
|turn|120
|
|t:|1729839913
|switch|p1a: Zapdos|Zapdos|62/100
|move|p2a: Celebi|Hidden Power|p1a: Zapdos
|-resisted|p1a: Zapdos
|-damage|p1a: Zapdos|48/100
|
|-weather|Sandstorm|[upkeep]
|-damage|p1a: Zapdos|42/100|[from] Sandstorm
|-damage|p2a: Celebi|81/100|[from] Sandstorm
|-heal|p1a: Zapdos|48/100|[from] item: Leftovers
|-heal|p2a: Celebi|87/100|[from] item: Leftovers
|upkeep
|turn|121
|
|t:|1729839922
|switch|p2a: Skarmory|Skarmory, F|28/100
|move|p1a: Zapdos|Toxic|p2a: Skarmory
|-immune|p2a: Skarmory
|
|-weather|Sandstorm|[upkeep]
|-damage|p1a: Zapdos|42/100|[from] Sandstorm
|-heal|p1a: Zapdos|48/100|[from] item: Leftovers
|-heal|p2a: Skarmory|34/100|[from] item: Leftovers
|upkeep
|turn|122
|
|t:|1729839926
|move|p1a: Zapdos|Hidden Power|p2a: Skarmory
|-resisted|p2a: Skarmory
|-damage|p2a: Skarmory|26/100
|move|p2a: Skarmory|Toxic|p1a: Zapdos
|-status|p1a: Zapdos|tox
|
|-weather|Sandstorm|[upkeep]
|-damage|p1a: Zapdos|42/100 tox|[from] Sandstorm
|-heal|p1a: Zapdos|48/100 tox|[from] item: Leftovers
|-damage|p1a: Zapdos|42/100 tox|[from] psn
|-heal|p2a: Skarmory|32/100|[from] item: Leftovers
|upkeep
|turn|123
|
|t:|1729839932
|move|p1a: Zapdos|Thunderbolt|p2a: Skarmory
|-supereffective|p2a: Skarmory
|-damage|p2a: Skarmory|0 fnt
|faint|p2a: Skarmory
|
|t:|1729839935
|switch|p2a: Blissey|Blissey, F|45/100
|
|-weather|Sandstorm|[upkeep]
|-damage|p1a: Zapdos|36/100 tox|[from] Sandstorm
|-damage|p2a: Blissey|39/100|[from] Sandstorm
|-heal|p1a: Zapdos|42/100 tox|[from] item: Leftovers
|-damage|p1a: Zapdos|29/100 tox|[from] psn
|-heal|p2a: Blissey|45/100|[from] item: Leftovers
|upkeep
|turn|124
|
|t:|1729839938
|move|p1a: Zapdos|Toxic|p2a: Blissey
|-status|p2a: Blissey|tox
|move|p2a: Blissey|Soft-Boiled|p2a: Blissey
|-heal|p2a: Blissey|95/100 tox
|
|-weather|Sandstorm|[upkeep]
|-damage|p1a: Zapdos|23/100 tox|[from] Sandstorm
|-damage|p2a: Blissey|89/100 tox|[from] Sandstorm
|-heal|p1a: Zapdos|29/100 tox|[from] item: Leftovers
|-damage|p1a: Zapdos|11/100 tox|[from] psn
|-heal|p2a: Blissey|95/100 tox|[from] item: Leftovers
|-damage|p2a: Blissey|89/100 tox|[from] psn
|upkeep
|turn|125
|
|t:|1729839944
|-curestatus|p2a: Blissey|tox|[from] ability: Natural Cure
|switch|p2a: Celebi|Celebi|87/100
|move|p1a: Zapdos|Thunderbolt|p2a: Celebi
|-resisted|p2a: Celebi
|-damage|p2a: Celebi|70/100
|
|-weather|Sandstorm|[upkeep]
|-damage|p1a: Zapdos|5/100 tox|[from] Sandstorm
|-damage|p2a: Celebi|64/100|[from] Sandstorm
|-heal|p1a: Zapdos|11/100 tox|[from] item: Leftovers
|-damage|p1a: Zapdos|0 fnt|[from] psn
|faint|p1a: Zapdos
|-heal|p2a: Celebi|70/100|[from] item: Leftovers
|upkeep
|
|t:|1729839953
|switch|p1a: Skarmory|Skarmory, F|100/100
|turn|126
|
|t:|1729839956
|move|p2a: Celebi|Leech Seed|p1a: Skarmory|[miss]
|-miss|p2a: Celebi|p1a: Skarmory
|move|p1a: Skarmory|Spikes|p2a: Celebi
|-sidestart|p2: aahaahaah|Spikes
|
|-weather|Sandstorm|[upkeep]
|-damage|p2a: Celebi|64/100|[from] Sandstorm
|-heal|p2a: Celebi|70/100|[from] item: Leftovers
|upkeep
|turn|127
|
|t:|1729839962
|move|p2a: Celebi|Leech Seed|p1a: Skarmory
|-start|p1a: Skarmory|move: Leech Seed
|move|p1a: Skarmory|Roar|p2a: Celebi
|drag|p2a: Claydol|Claydol|42/100
|
|-weather|Sandstorm|[upkeep]
|-heal|p2a: Claydol|48/100|[from] item: Leftovers
|-damage|p1a: Skarmory|88/100|[from] Leech Seed|[of] p2a: Claydol
|-heal|p2a: Claydol|60/100|[silent]
|upkeep
|turn|128
|
|t:|1729839968
|switch|p1a: Gill|Swampert, F|55/100
|-damage|p1a: Gill|31/100|[from] Spikes
|move|p2a: Claydol|Rapid Spin|p1a: Gill
|-damage|p1a: Gill|27/100
|-sideend|p2: aahaahaah|Spikes|[from] move: Rapid Spin|[of] p2a: Claydol
|
|-weather|Sandstorm|[upkeep]
|-heal|p2a: Claydol|67/100|[from] item: Leftovers
|-heal|p1a: Gill|33/100|[from] item: Leftovers
|upkeep
|turn|129
|
|t:|1729839975
|switch|p2a: Celebi|Celebi|70/100
|move|p1a: Gill|Toxic|p2a: Celebi
|-status|p2a: Celebi|tox
|
|-weather|Sandstorm|[upkeep]
|-damage|p2a: Celebi|64/100 tox|[from] Sandstorm
|-heal|p2a: Celebi|70/100 tox|[from] item: Leftovers
|-damage|p2a: Celebi|64/100 tox|[from] psn
|-heal|p1a: Gill|39/100|[from] item: Leftovers
|upkeep
|turn|130
|
|t:|1729839981
|move|p1a: Gill|Protect|p1a: Gill
|-singleturn|p1a: Gill|Protect
|move|p2a: Celebi|Hidden Power|p1a: Gill
|-activate|p1a: Gill|Protect
|
|-weather|Sandstorm|[upkeep]
|-damage|p2a: Celebi|57/100 tox|[from] Sandstorm
|-heal|p2a: Celebi|64/100 tox|[from] item: Leftovers
|-damage|p2a: Celebi|51/100 tox|[from] psn
|-heal|p1a: Gill|46/100|[from] item: Leftovers
|upkeep
|turn|131
|
|t:|1729839992
|-curestatus|p2a: Celebi|tox|[from] ability: Natural Cure
|switch|p2a: Jirachi|Jirachi|63/100
|move|p1a: Gill|Surf|p2a: Jirachi
|-damage|p2a: Jirachi|40/100
|
|-weather|Sandstorm|[upkeep]
|-heal|p2a: Jirachi|47/100|[from] item: Leftovers
|-heal|p1a: Gill|52/100|[from] item: Leftovers
|upkeep
|turn|132
|
|t:|1729839999
|move|p2a: Jirachi|Wish|p2a: Jirachi
|move|p1a: Gill|Surf|p2a: Jirachi
|-crit|p2a: Jirachi
|-damage|p2a: Jirachi|0 fnt
|faint|p2a: Jirachi
|
|t:|1729840003
|switch|p2a: Celebi|Celebi|51/100
|
|-weather|Sandstorm|[upkeep]
|-damage|p2a: Celebi|45/100|[from] Sandstorm
|-heal|p2a: Celebi|51/100|[from] item: Leftovers
|-heal|p1a: Gill|58/100|[from] item: Leftovers
|upkeep
|turn|133
|
|t:|1729840008
|move|p1a: Gill|Protect|p1a: Gill
|-singleturn|p1a: Gill|Protect
|move|p2a: Celebi|Hidden Power|p1a: Gill
|-activate|p1a: Gill|Protect
|
|-heal|p2a: Celebi|100/100|[from] move: Wish|[wisher] Jirachi
|-weather|Sandstorm|[upkeep]
|-damage|p2a: Celebi|94/100|[from] Sandstorm
|-heal|p2a: Celebi|100/100|[from] item: Leftovers
|-heal|p1a: Gill|64/100|[from] item: Leftovers
|upkeep
|turn|134
|
|t:|1729840015
|switch|p1a: Skarmory|Skarmory, F|88/100
|move|p2a: Celebi|Hidden Power|p1a: Skarmory
|-resisted|p1a: Skarmory
|-damage|p1a: Skarmory|82/100
|
|-weather|Sandstorm|[upkeep]
|-damage|p2a: Celebi|94/100|[from] Sandstorm
|-heal|p2a: Celebi|100/100|[from] item: Leftovers
|-heal|p1a: Skarmory|88/100|[from] item: Leftovers
|upkeep
|turn|135
|
|t:|1729840019
|move|p2a: Celebi|Leech Seed|p1a: Skarmory
|-start|p1a: Skarmory|move: Leech Seed
|move|p1a: Skarmory|Spikes|p2a: Celebi
|-sidestart|p2: aahaahaah|Spikes
|
|-weather|Sandstorm|[upkeep]
|-damage|p2a: Celebi|94/100|[from] Sandstorm
|-heal|p2a: Celebi|100/100|[from] item: Leftovers
|-heal|p1a: Skarmory|94/100|[from] item: Leftovers
|-damage|p1a: Skarmory|82/100|[from] Leech Seed|[of] p2a: Celebi
|upkeep
|turn|136
|
|t:|1729840028
|move|p2a: Celebi|Calm Mind|p2a: Celebi
|-boost|p2a: Celebi|spa|1
|-boost|p2a: Celebi|spd|1
|move|p1a: Skarmory|Spikes|p2a: Celebi
|-sidestart|p2: aahaahaah|Spikes
|
|-weather|Sandstorm|[upkeep]
|-damage|p2a: Celebi|94/100|[from] Sandstorm
|-heal|p2a: Celebi|100/100|[from] item: Leftovers
|-heal|p1a: Skarmory|88/100|[from] item: Leftovers
|-damage|p1a: Skarmory|76/100|[from] Leech Seed|[of] p2a: Celebi
|upkeep
|turn|137
|
|t:|1729840035
|move|p2a: Celebi|Calm Mind|p2a: Celebi
|-boost|p2a: Celebi|spa|1
|-boost|p2a: Celebi|spd|1
|move|p1a: Skarmory|Roar|p2a: Celebi
|drag|p2a: Claydol|Claydol|67/100
|
|-weather|Sandstorm|[upkeep]
|-heal|p2a: Claydol|73/100|[from] item: Leftovers
|-heal|p1a: Skarmory|82/100|[from] item: Leftovers
|-damage|p1a: Skarmory|69/100|[from] Leech Seed|[of] p2a: Claydol
|-heal|p2a: Claydol|85/100|[silent]
|upkeep
|turn|138
|
|t:|1729840042
|move|p1a: Skarmory|Protect|p1a: Skarmory
|-singleturn|p1a: Skarmory|Protect
|move|p2a: Claydol|Rapid Spin|p1a: Skarmory
|-activate|p1a: Skarmory|Protect
|
|-weather|Sandstorm|[upkeep]
|-heal|p2a: Claydol|92/100|[from] item: Leftovers
|-heal|p1a: Skarmory|75/100|[from] item: Leftovers
|-damage|p1a: Skarmory|63/100|[from] Leech Seed|[of] p2a: Claydol
|-heal|p2a: Claydol|100/100|[silent]
|upkeep
|turn|139
|
|t:|1729840046
|switch|p1a: Gill|Swampert, F|64/100
|-damage|p1a: Gill|39/100|[from] Spikes
|move|p2a: Claydol|Rapid Spin|p1a: Gill
|-crit|p1a: Gill
|-damage|p1a: Gill|32/100
|-sideend|p2: aahaahaah|Spikes|[from] move: Rapid Spin|[of] p2a: Claydol
|
|-weather|Sandstorm|[upkeep]
|-heal|p1a: Gill|38/100|[from] item: Leftovers
|upkeep
|turn|140
|
|t:|1729840052
|switch|p2a: Celebi|Celebi|100/100
|move|p1a: Gill|Toxic|p2a: Celebi
|-status|p2a: Celebi|tox
|
|-weather|Sandstorm|[upkeep]
|-damage|p2a: Celebi|94/100 tox|[from] Sandstorm
|-heal|p2a: Celebi|100/100 tox|[from] item: Leftovers
|-damage|p2a: Celebi|94/100 tox|[from] psn
|-heal|p1a: Gill|44/100|[from] item: Leftovers
|upkeep
|turn|141
|
|t:|1729840061
|move|p1a: Gill|Protect|p1a: Gill
|-singleturn|p1a: Gill|Protect
|move|p2a: Celebi|Hidden Power|p1a: Gill
|-activate|p1a: Gill|Protect
|
|-weather|Sandstorm|[upkeep]
|-damage|p2a: Celebi|88/100 tox|[from] Sandstorm
|-heal|p2a: Celebi|94/100 tox|[from] item: Leftovers
|-damage|p2a: Celebi|82/100 tox|[from] psn
|-heal|p1a: Gill|50/100|[from] item: Leftovers
|upkeep
|turn|142
|
|t:|1729840071
|-curestatus|p2a: Celebi|tox|[from] ability: Natural Cure
|switch|p2a: Blissey|Blissey, F|89/100
|switch|p1a: Skarmory|Skarmory, F|63/100
|
|-weather|Sandstorm|[upkeep]
|-damage|p2a: Blissey|83/100|[from] Sandstorm
|-heal|p1a: Skarmory|69/100|[from] item: Leftovers
|-heal|p2a: Blissey|89/100|[from] item: Leftovers
|upkeep
|turn|143
|
|t:|1729840079
|move|p1a: Skarmory|Spikes|p2a: Blissey
|-sidestart|p2: aahaahaah|Spikes
|move|p2a: Blissey|Seismic Toss|p1a: Skarmory
|-damage|p1a: Skarmory|39/100
|
|-weather|Sandstorm|[upkeep]
|-damage|p2a: Blissey|83/100|[from] Sandstorm
|-heal|p1a: Skarmory|45/100|[from] item: Leftovers
|-heal|p2a: Blissey|89/100|[from] item: Leftovers
|upkeep
|turn|144
|
|t:|1729840085
|switch|p1a: Gill|Swampert, F|50/100
|-damage|p1a: Gill|25/100|[from] Spikes
|move|p2a: Blissey|Seismic Toss|p1a: Gill
|-damage|p1a: Gill|0 fnt
|faint|p1a: Gill
|
|t:|1729840092
|switch|p1a: Skarmory|Skarmory, F|45/100
|
|-weather|Sandstorm|[upkeep]
|-damage|p2a: Blissey|83/100|[from] Sandstorm
|-heal|p1a: Skarmory|51/100|[from] item: Leftovers
|-heal|p2a: Blissey|89/100|[from] item: Leftovers
|upkeep
|turn|145
|
|t:|1729840098
|move|p2a: Blissey|Seismic Toss|p1a: Skarmory
|-damage|p1a: Skarmory|21/100
|move|p1a: Skarmory|Roar|p2a: Blissey
|drag|p2a: Celebi|Celebi|82/100
|-damage|p2a: Celebi|70/100|[from] Spikes
|
|-weather|Sandstorm|[upkeep]
|-damage|p2a: Celebi|63/100|[from] Sandstorm
|-heal|p2a: Celebi|70/100|[from] item: Leftovers
|-heal|p1a: Skarmory|27/100|[from] item: Leftovers
|upkeep
|turn|146
|c|☆JCEntrena|gg, not much I can do
|c|☆aahaahaah|gg
|-message|JCEntrena forfeited.
|
|win|aahaahaah

</script>
<script type="application/json" class="data" id="replaydata-smogtours-gen3ou-801771">
{"id":"smogtours-gen3ou-801771","format":"[Gen 3] OU","players":["JCEntrena","aahaahaah"],"uploadtime":1729840116,"views":80,"formatid":"gen3ou","rating":null,"private":0,"password":null}
</script>

<script defer src="js/replays.js?9d40a366"></script>
