<!DOCTYPE html>
<meta charset="utf-8" />
<meta name="viewport" content="width=device-width" />

<title>[Gen 3] OU: sbibling vs. hey its me riley - Replays - Pok&eacute;mon Showdown!</title>

<meta name="description" content="Watch a replay of a Pok&eacute;mon battle between sbibling and hey its me riley! Format: [Gen 3] OU; Date: Oct 10, 2024" />
<!--

Hey, you! Looking in the source for the replay log?

You can find them in JSON format, just add `.json` at the end of a replay URL.

https://replay.pokemonshowdown.com/gen7randomdoublesbattle-865046831.json

Or, if you only need the log itself, add `.log` instead:

https://replay.pokemonshowdown.com/gen7randomdoublesbattle-865046831.log

-->

<link rel="stylesheet" href="//pokemonshowdown.com/style/global.css?0.023195364461161105" />
<link rel="stylesheet" href="//play.pokemonshowdown.com/style/font-awesome.css?0.13261647063804238" />
<link rel="stylesheet" href="//play.pokemonshowdown.com/style/battle.css?0.8753245789963631" />
<link rel="stylesheet" href="//play.pokemonshowdown.com/style/utilichart.css?0.8627959624976733" />

<!-- Global site tag (gtag.js) - Google Analytics -->
<script async src="https://www.googletagmanager.com/gtag/js?id=UA-26211653-1"></script>
<script>
  window.dataLayer = window.dataLayer || [];
  function gtag(){dataLayer.push(arguments);}
  gtag('js', new Date());

  gtag('config', 'UA-26211653-1');
</script>
<!-- End Google Analytics -->
<!-- Venatus Ad Manager - Install in <HEAD> of page -->
	<script src="https://hb.vntsm.com/v3/live/ad-manager.min.js" type="text/javascript" data-site-id="642aba63ec9a7b11c3c9c1be" data-mode="scan" async></script>
<!-- / Venatus Ad Manager -->

<style>
	@media (max-width:820px) {
		.battle {
			margin: 0 auto;
		}
		.battle-log {
			margin: 7px auto 0;
			max-width: 640px;
			height: 300px;
			position: static;
		}
	}
	.optgroup {
		display: inline-block;
		line-height: 22px;
		font-size: 10pt;
	}
	.optgroup .button {
		height: 25px;
		padding-top: 0;
		padding-bottom: 0;
	}
	.optgroup button.button {
		padding-left: 12px;
		padding-right: 12px;
	}
	.linklist {
		list-style: none;
		margin: 0.5em 0;
		padding: 0;
	}
	.linklist li {
		padding: 2px 0;
	}
	.sidebar {
		float: left;
		width: 320px;
	}
	.bar-wrapper {
		max-width: 1100px;
		margin: 0 auto;
	}
	.bar-wrapper.has-sidebar {
		max-width: 1430px;
	}
	.mainbar {
		margin: 0;
		padding-right: 1px;
	}
	.mainbar.has-sidebar {
		margin-left: 330px;
	}
	@media (min-width: 1511px) {
		.sidebar {
			width: 400px;
		}
		.bar-wrapper.has-sidebar {
			max-width: 1510px;
		}
		.mainbar.has-sidebar {
			margin-left: 410px;
		}
	}
	.section.first-section {
		margin-top: 9px;
	}
	.blocklink small {
		white-space: normal;
	}
	.button {
		vertical-align: middle;
	}
	.replay-controls {
		padding-top: 10px;
	}
	.replay-controls h1 {
		font-size: 16pt;
		font-weight: normal;
		color: #CCC;
	}
	.pagelink {
		text-align: center;
	}
	.pagelink a {
		width: 150px;
	}
	.textbox, .button {
		font-size: 11pt;
		vertical-align: middle;
	}
	@media (max-width: 450px) {
		.button {
			font-size: 9pt;
		}
	}
</style>

<div>

	<header>
		<div class="nav-wrapper"><ul class="nav">
			<li><a class="button nav-first" href="//pokemonshowdown.com/"><img src="//pokemonshowdown.com/images/pokemonshowdownbeta.png" srcset="//pokemonshowdown.com/images/pokemonshowdownbeta.png 1x, //pokemonshowdown.com/images/pokemonshowdownbeta@2x.png 2x" alt="Pok&eacute;mon Showdown" width="146" height="44" /> Home</a></li>
			<li><a class="button" href="//pokemonshowdown.com/dex/">Pok&eacute;dex</a></li>
			<li><a class="button cur" href="/">Replays</a></li>
			<li><a class="button" href="//pokemonshowdown.com/ladder/">Ladder</a></li>
			<li><a class="button nav-last" href="//pokemonshowdown.com/forums/">Forum</a></li>
			<li><a class="button greenbutton nav-first nav-last" href="//play.pokemonshowdown.com/">Play</a></li>
		</ul></div>
	</header>

	<div class="main" id="main">

		<noscript><section class="section">You need to enable JavaScript to use this page; sorry!</section></noscript>

	</div>

</div>

<script defer nomodule src="//play.pokemonshowdown.com/js/lib/ps-polyfill.js"></script>
<script defer src="//play.pokemonshowdown.com/js/lib/preact.min.js"></script>

<script defer src="//play.pokemonshowdown.com/config/config.js?2bddbc15"></script>
<script defer src="//play.pokemonshowdown.com/js/lib/jquery-1.11.0.min.js"></script>
<script defer src="//play.pokemonshowdown.com/js/lib/html-sanitizer-minified.js"></script>
<script defer src="//play.pokemonshowdown.com/js/battle-sound.js"></script>
<script defer src="//play.pokemonshowdown.com/js/battledata.js?0.7209276989879541"></script>
<script defer src="//play.pokemonshowdown.com/data/pokedex-mini.js?0.6111056340867951"></script>
<script defer src="//play.pokemonshowdown.com/data/pokedex-mini-bw.js?0.3532142036491459"></script>
<script defer src="//play.pokemonshowdown.com/data/graphics.js?0.24223875632456182"></script>
<script defer src="//play.pokemonshowdown.com/data/pokedex.js?0.38839984266356864"></script>
<script defer src="//play.pokemonshowdown.com/data/moves.js?0.21866028504024015"></script>
<script defer src="//play.pokemonshowdown.com/data/abilities.js?0.2005157953846628"></script>
<script defer src="//play.pokemonshowdown.com/data/items.js?0.9894211263848525"></script>
<script defer src="//play.pokemonshowdown.com/data/teambuilder-tables.js?0.6008791140282215"></script>
<script defer src="//play.pokemonshowdown.com/js/battle-tooltips.js?0.7580118955022959"></script>
<script defer src="//play.pokemonshowdown.com/js/battle.js?0.6057722274234274"></script>

<script defer src="js/utils.js?e31f9a17"></script>
<script defer src="js/replays-battle.js?7008c182"></script>

<!-- don't scrape this data! just add .json or .log after the URL!
Full API docs: https://github.com/smogon/pokemon-showdown-client/blob/master/WEB-API.md -->
<script type="text/plain" class="log" id="replaylog-smogtours-gen3ou-796839">
|inactive|Battle timer is ON: inactive players will automatically lose when time's up.
|t:|1728522421
|gametype|singles
|player|p1|sbibling|170|
|player|p2|hey its me riley|101|
|teamsize|p1|6
|teamsize|p2|6
|gen|3
|tier|[Gen 3] OU
|rule|Sleep Clause Mod: Limit one foe put to sleep
|rule|Switch Priority Clause Mod: Faster Pokémon switch first
|rule|Species Clause: Limit one of each Pokémon
|rule|OHKO Clause: OHKO moves are banned
|rule|Evasion Items Clause: Evasion items are banned
|rule|Evasion Moves Clause: Evasion moves are banned
|rule|Endless Battle Clause: Forcing endless battles is banned
|rule|HP Percentage Mod: HP is shown in percentages
|rule|One Boost Passer Clause: Limit one Baton Passer that has a way to boost its stats
|rule|Freeze Clause Mod: Limit one foe frozen
|
|t:|1728522421
|start
|switch|p1a: Zapdos|Zapdos|100/100
|switch|p2a: Salamence|Salamence, M|100/100
|-ability|p2a: Salamence|Intimidate|boost
|-unboost|p1a: Zapdos|atk|1
|turn|1
|
|t:|1728522428
|switch|p2a: Celebi|Celebi|100/100
|move|p1a: Zapdos|Hidden Power|p2a: Celebi
|-resisted|p2a: Celebi
|-damage|p2a: Celebi|92/100
|
|-heal|p2a: Celebi|98/100|[from] item: Leftovers
|upkeep
|turn|2
|
|t:|1728522444
|move|p1a: Zapdos|Thunder Wave|p2a: Celebi
|-status|p2a: Celebi|par
|cant|p2a: Celebi|par
|
|-heal|p2a: Celebi|100/100 par|[from] item: Leftovers
|upkeep
|turn|3
|
|t:|1728522448
|switch|p1a: Tyranitar|Tyranitar, M|100/100
|-weather|Sandstorm|[from] ability: Sand Stream|[of] p1a: Tyranitar
|move|p2a: Celebi|Leech Seed|p1a: Tyranitar|[miss]
|-miss|p2a: Celebi|p1a: Tyranitar
|
|-weather|Sandstorm|[upkeep]
|-damage|p2a: Celebi|94/100 par|[from] Sandstorm
|-heal|p2a: Celebi|100/100 par|[from] item: Leftovers
|upkeep
|turn|4
|
|t:|1728522460
|-curestatus|p2a: Celebi|par|[from] ability: Natural Cure
|switch|p2a: Salamence|Salamence, M|100/100
|-ability|p2a: Salamence|Intimidate|boost
|-unboost|p1a: Tyranitar|atk|1
|move|p1a: Tyranitar|Hidden Power|p2a: Salamence
|-resisted|p2a: Salamence
|-damage|p2a: Salamence|84/100
|
|-weather|Sandstorm|[upkeep]
|-damage|p2a: Salamence|78/100|[from] Sandstorm
|upkeep
|turn|5
|
|t:|1728522480
|switch|p1a: Salamence|Salamence, M|100/100
|-ability|p1a: Salamence|Intimidate|boost
|-unboost|p2a: Salamence|atk|1
|move|p2a: Salamence|Brick Break|p1a: Salamence
|-resisted|p1a: Salamence
|-damage|p1a: Salamence|84/100
|
|-weather|Sandstorm|[upkeep]
|-damage|p2a: Salamence|72/100|[from] Sandstorm
|-damage|p1a: Salamence|78/100|[from] Sandstorm
|-heal|p1a: Salamence|84/100|[from] item: Leftovers
|upkeep
|turn|6
|
|t:|1728522495
|switch|p2a: Claydol|Claydol|100/100
|switch|p1a: Swampert|Swampert, F|100/100
|
|-weather|Sandstorm|[upkeep]
|upkeep
|turn|7
|
|t:|1728522503
|switch|p2a: Celebi|Celebi|100/100
|move|p1a: Swampert|Hydro Pump|p2a: Celebi
|-resisted|p2a: Celebi
|-damage|p2a: Celebi|79/100
|
|-weather|Sandstorm|[upkeep]
|-damage|p2a: Celebi|73/100|[from] Sandstorm
|-heal|p2a: Celebi|79/100|[from] item: Leftovers
|upkeep
|turn|8
|
|t:|1728522512
|switch|p1a: Tyranitar|Tyranitar, M|100/100
|move|p2a: Celebi|Leech Seed|p1a: Tyranitar
|-start|p1a: Tyranitar|move: Leech Seed
|
|-weather|Sandstorm|[upkeep]
|-damage|p2a: Celebi|73/100|[from] Sandstorm
|-heal|p2a: Celebi|79/100|[from] item: Leftovers
|-damage|p1a: Tyranitar|88/100|[from] Leech Seed|[of] p2a: Celebi
|-heal|p2a: Celebi|91/100|[silent]
|upkeep
|turn|9
|
|t:|1728522525
|switch|p2a: Suicune|Suicune|100/100
|move|p1a: Tyranitar|Rock Slide|p2a: Suicune
|-damage|p2a: Suicune|65/100
|
|-weather|Sandstorm|[upkeep]
|-damage|p2a: Suicune|59/100|[from] Sandstorm
|-heal|p2a: Suicune|65/100|[from] item: Leftovers
|-damage|p1a: Tyranitar|76/100|[from] Leech Seed|[of] p2a: Suicune
|-heal|p2a: Suicune|77/100|[silent]
|upkeep
|turn|10
|
|t:|1728522541
|switch|p1a: Zapdos|Zapdos|100/100
|move|p2a: Suicune|Surf|p1a: Zapdos
|-damage|p1a: Zapdos|65/100
|
|-weather|Sandstorm|[upkeep]
|-damage|p1a: Zapdos|59/100|[from] Sandstorm
|-damage|p2a: Suicune|71/100|[from] Sandstorm
|-heal|p1a: Zapdos|65/100|[from] item: Leftovers
|-heal|p2a: Suicune|77/100|[from] item: Leftovers
|upkeep
|turn|11
|
|t:|1728522547
|switch|p2a: Celebi|Celebi|91/100
|move|p1a: Zapdos|Thunderbolt|p2a: Celebi
|-resisted|p2a: Celebi
|-damage|p2a: Celebi|72/100
|
|-weather|Sandstorm|[upkeep]
|-damage|p1a: Zapdos|59/100|[from] Sandstorm
|-damage|p2a: Celebi|66/100|[from] Sandstorm
|-heal|p1a: Zapdos|65/100|[from] item: Leftovers
|-heal|p2a: Celebi|72/100|[from] item: Leftovers
|upkeep
|turn|12
|
|t:|1728522555
|move|p1a: Zapdos|Baton Pass|p1a: Zapdos
|
|t:|1728522558
|switch|p1a: Camerupt|Camerupt, F|100/100|[from] Baton Pass
|move|p2a: Celebi|Leech Seed|p1a: Camerupt
|-start|p1a: Camerupt|move: Leech Seed
|
|-weather|Sandstorm|[upkeep]
|-damage|p2a: Celebi|66/100|[from] Sandstorm
|-heal|p2a: Celebi|72/100|[from] item: Leftovers
|-damage|p1a: Camerupt|88/100|[from] Leech Seed|[of] p2a: Celebi
|-heal|p2a: Celebi|83/100|[silent]
|upkeep
|turn|13
|
|t:|1728522567
|switch|p2a: Claydol|Claydol|100/100
|move|p1a: Camerupt|Overheat|p2a: Claydol
|-crit|p2a: Claydol
|-damage|p2a: Claydol|2/100
|-unboost|p1a: Camerupt|spa|2
|
|-weather|Sandstorm|[upkeep]
|-heal|p2a: Claydol|9/100|[from] item: Leftovers
|-heal|p1a: Camerupt|94/100|[from] item: Leftovers
|-damage|p1a: Camerupt|82/100|[from] Leech Seed|[of] p2a: Claydol
|-heal|p2a: Claydol|21/100|[silent]
|upkeep
|turn|14
|
|t:|1728522585
|switch|p1a: Jirachi|Jirachi|100/100
|move|p2a: Claydol|Psychic|p1a: Jirachi
|-resisted|p1a: Jirachi
|-damage|p1a: Jirachi|97/100
|
|-weather|Sandstorm|[upkeep]
|-heal|p1a: Jirachi|100/100|[from] item: Leftovers
|-heal|p2a: Claydol|28/100|[from] item: Leftovers
|upkeep
|turn|15
|
|t:|1728522590
|switch|p2a: Celebi|Celebi|83/100
|move|p1a: Jirachi|Body Slam|p2a: Celebi
|-damage|p2a: Celebi|69/100
|-status|p2a: Celebi|par
|
|-weather|Sandstorm|[upkeep]
|-damage|p2a: Celebi|63/100 par|[from] Sandstorm
|-heal|p2a: Celebi|69/100 par|[from] item: Leftovers
|upkeep
|turn|16
|
|t:|1728522595
|move|p1a: Jirachi|Fire Punch|p2a: Celebi
|-supereffective|p2a: Celebi
|-damage|p2a: Celebi|42/100 par
|cant|p2a: Celebi|par
|
|-weather|Sandstorm|[upkeep]
|-damage|p2a: Celebi|36/100 par|[from] Sandstorm
|-heal|p2a: Celebi|42/100 par|[from] item: Leftovers
|upkeep
|turn|17
|
|t:|1728522602
|switch|p1a: Salamence|Salamence, M|84/100
|-ability|p1a: Salamence|Intimidate|boost
|-unboost|p2a: Celebi|atk|1
|move|p2a: Celebi|Recover|p2a: Celebi
|-heal|p2a: Celebi|92/100 par
|
|-weather|Sandstorm|[upkeep]
|-damage|p1a: Salamence|78/100|[from] Sandstorm
|-damage|p2a: Celebi|86/100 par|[from] Sandstorm
|-heal|p1a: Salamence|84/100|[from] item: Leftovers
|-heal|p2a: Celebi|92/100 par|[from] item: Leftovers
|upkeep
|turn|18
|
|t:|1728522610
|-curestatus|p2a: Celebi|par|[from] ability: Natural Cure
|switch|p2a: Salamence|Salamence, M|72/100
|-ability|p2a: Salamence|Intimidate|boost
|-unboost|p1a: Salamence|atk|1
|move|p1a: Salamence|Dragon Dance|p1a: Salamence
|-boost|p1a: Salamence|atk|1
|-boost|p1a: Salamence|spe|1
|
|-weather|Sandstorm|[upkeep]
|-damage|p1a: Salamence|78/100|[from] Sandstorm
|-damage|p2a: Salamence|66/100|[from] Sandstorm
|-heal|p1a: Salamence|84/100|[from] item: Leftovers
|upkeep
|turn|19
|
|t:|1728522624
|move|p1a: Salamence|Rock Slide|p2a: Salamence
|-supereffective|p2a: Salamence
|-damage|p2a: Salamence|0 fnt
|faint|p2a: Salamence
|
|t:|1728522631
|switch|p2a: Snorlax|Snorlax, M|100/100
|
|-weather|Sandstorm|[upkeep]
|-damage|p1a: Salamence|78/100|[from] Sandstorm
|-damage|p2a: Snorlax|94/100|[from] Sandstorm
|-heal|p1a: Salamence|84/100|[from] item: Leftovers
|-heal|p2a: Snorlax|100/100|[from] item: Leftovers
|upkeep
|turn|20
|
|t:|1728522643
|switch|p1a: Tyranitar|Tyranitar, M|76/100
|move|p2a: Snorlax|Body Slam|p1a: Tyranitar
|-resisted|p1a: Tyranitar
|-damage|p1a: Tyranitar|59/100
|-status|p1a: Tyranitar|par
|
|-weather|Sandstorm|[upkeep]
|-damage|p2a: Snorlax|94/100|[from] Sandstorm
|-heal|p2a: Snorlax|100/100|[from] item: Leftovers
|upkeep
|turn|21
|
|t:|1728522659
|move|p2a: Snorlax|Curse|p2a: Snorlax
|-unboost|p2a: Snorlax|spe|1
|-boost|p2a: Snorlax|atk|1
|-boost|p2a: Snorlax|def|1
|cant|p1a: Tyranitar|par
|
|-weather|Sandstorm|[upkeep]
|-damage|p2a: Snorlax|94/100|[from] Sandstorm
|-heal|p2a: Snorlax|100/100|[from] item: Leftovers
|upkeep
|turn|22
|
|t:|1728522673
|switch|p1a: Camerupt|Camerupt, F|82/100
|move|p2a: Snorlax|Curse|p2a: Snorlax
|-unboost|p2a: Snorlax|spe|1
|-boost|p2a: Snorlax|atk|1
|-boost|p2a: Snorlax|def|1
|
|-weather|Sandstorm|[upkeep]
|-damage|p2a: Snorlax|94/100|[from] Sandstorm
|-heal|p1a: Camerupt|88/100|[from] item: Leftovers
|-heal|p2a: Snorlax|100/100|[from] item: Leftovers
|upkeep
|turn|23
|
|t:|1728522676
|switch|p2a: Claydol|Claydol|28/100
|move|p1a: Camerupt|Overheat|p2a: Claydol
|-damage|p2a: Claydol|0 fnt
|-unboost|p1a: Camerupt|spa|2
|faint|p2a: Claydol
|
|t:|1728522682
|switch|p2a: Suicune|Suicune|77/100
|
|-weather|Sandstorm|[upkeep]
|-damage|p2a: Suicune|71/100|[from] Sandstorm
|-heal|p2a: Suicune|77/100|[from] item: Leftovers
|-heal|p1a: Camerupt|94/100|[from] item: Leftovers
|upkeep
|turn|24
|
|t:|1728522689
|switch|p1a: Jirachi|Jirachi|100/100
|move|p2a: Suicune|Calm Mind|p2a: Suicune
|-boost|p2a: Suicune|spa|1
|-boost|p2a: Suicune|spd|1
|
|-weather|Sandstorm|[upkeep]
|-damage|p2a: Suicune|71/100|[from] Sandstorm
|-heal|p2a: Suicune|77/100|[from] item: Leftovers
|upkeep
|turn|25
|
|t:|1728522693
|move|p2a: Suicune|Surf|p1a: Jirachi
|-damage|p1a: Jirachi|74/100
|move|p1a: Jirachi|Body Slam|p2a: Suicune
|-damage|p2a: Suicune|66/100
|-status|p2a: Suicune|par
|
|-weather|Sandstorm|[upkeep]
|-damage|p2a: Suicune|59/100 par|[from] Sandstorm
|-heal|p1a: Jirachi|80/100|[from] item: Leftovers
|-heal|p2a: Suicune|66/100 par|[from] item: Leftovers
|upkeep
|turn|26
|
|t:|1728522698
|move|p1a: Jirachi|Wish|p1a: Jirachi
|move|p2a: Suicune|Calm Mind|p2a: Suicune
|-boost|p2a: Suicune|spa|1
|-boost|p2a: Suicune|spd|1
|
|-weather|Sandstorm|[upkeep]
|-damage|p2a: Suicune|59/100 par|[from] Sandstorm
|-heal|p1a: Jirachi|86/100|[from] item: Leftovers
|-heal|p2a: Suicune|66/100 par|[from] item: Leftovers
|upkeep
|turn|27
|
|t:|1728522701
|switch|p1a: Zapdos|Zapdos|65/100
|move|p2a: Suicune|Surf|p1a: Zapdos
|-damage|p1a: Zapdos|0 fnt
|faint|p1a: Zapdos
|
|t:|1728522713
|switch|p1a: Camerupt|Camerupt, F|94/100
|
|-heal|p1a: Camerupt|100/100|[from] move: Wish|[wisher] Jirachi
|-weather|Sandstorm|[upkeep]
|-damage|p2a: Suicune|59/100 par|[from] Sandstorm
|-heal|p2a: Suicune|66/100 par|[from] item: Leftovers
|upkeep
|turn|28
|
|t:|1728522718
|move|p1a: Camerupt|Explosion|p2a: Suicune
|-damage|p2a: Suicune|0 fnt
|faint|p1a: Camerupt
|faint|p2a: Suicune
|
|t:|1728522731
|switch|p2a: Snorlax|Snorlax, M|100/100
|switch|p1a: Tyranitar|Tyranitar, M|59/100 par
|
|-weather|Sandstorm|[upkeep]
|-damage|p2a: Snorlax|94/100|[from] Sandstorm
|-heal|p2a: Snorlax|100/100|[from] item: Leftovers
|upkeep
|turn|29
|
|t:|1728522735
|-singleturn|p1a: Tyranitar|move: Focus Punch
|move|p2a: Snorlax|Curse|p2a: Snorlax
|-unboost|p2a: Snorlax|spe|1
|-boost|p2a: Snorlax|atk|1
|-boost|p2a: Snorlax|def|1
|move|p1a: Tyranitar|Focus Punch|p2a: Snorlax
|-supereffective|p2a: Snorlax
|-damage|p2a: Snorlax|0 fnt
|faint|p2a: Snorlax
|
|t:|1728522741
|switch|p2a: Celebi|Celebi|92/100
|
|-weather|Sandstorm|[upkeep]
|-damage|p2a: Celebi|86/100|[from] Sandstorm
|-heal|p2a: Celebi|92/100|[from] item: Leftovers
|upkeep
|turn|30
|
|t:|1728522747
|switch|p1a: Salamence|Salamence, M|84/100
|-ability|p1a: Salamence|Intimidate|boost
|-unboost|p2a: Celebi|atk|1
|move|p2a: Celebi|Hidden Power|p1a: Salamence
|-resisted|p1a: Salamence
|-crit|p1a: Salamence
|-damage|p1a: Salamence|72/100
|
|-weather|Sandstorm|[upkeep]
|-damage|p1a: Salamence|66/100|[from] Sandstorm
|-damage|p2a: Celebi|86/100|[from] Sandstorm
|-heal|p1a: Salamence|72/100|[from] item: Leftovers
|-heal|p2a: Celebi|92/100|[from] item: Leftovers
|upkeep
|turn|31
|c|☆hey its me riley|gg
|-message|hey its me riley forfeited.
|
|win|sbibling

</script>
<script type="application/json" class="data" id="replaydata-smogtours-gen3ou-796839">
{"id":"smogtours-gen3ou-796839","format":"[Gen 3] OU","players":["sbibling","hey its me riley"],"uploadtime":1728522760,"views":80,"formatid":"gen3ou","rating":null,"private":0,"password":null}
</script>

<script defer src="js/replays.js?9d40a366"></script>
