<!DOCTYPE html>
<meta charset="utf-8" />
<meta name="viewport" content="width=device-width" />

<title>[Gen 3] OU: cyberas vs. alargemongoose - Replays - Pok&eacute;mon Showdown!</title>

<meta name="description" content="Watch a replay of a Pok&eacute;mon battle between cyberas and alargemongoose! Format: [Gen 3] OU; Date: Oct 31, 2024" />
<!--

Hey, you! Looking in the source for the replay log?

You can find them in JSON format, just add `.json` at the end of a replay URL.

https://replay.pokemonshowdown.com/gen7randomdoublesbattle-865046831.json

Or, if you only need the log itself, add `.log` instead:

https://replay.pokemonshowdown.com/gen7randomdoublesbattle-865046831.log

-->

<link rel="stylesheet" href="//pokemonshowdown.com/style/global.css?0.023195364461161105" />
<link rel="stylesheet" href="//play.pokemonshowdown.com/style/font-awesome.css?0.13261647063804238" />
<link rel="stylesheet" href="//play.pokemonshowdown.com/style/battle.css?0.8753245789963631" />
<link rel="stylesheet" href="//play.pokemonshowdown.com/style/utilichart.css?0.8627959624976733" />

<!-- Global site tag (gtag.js) - Google Analytics -->
<script async src="https://www.googletagmanager.com/gtag/js?id=UA-26211653-1"></script>
<script>
  window.dataLayer = window.dataLayer || [];
  function gtag(){dataLayer.push(arguments);}
  gtag('js', new Date());

  gtag('config', 'UA-26211653-1');
</script>
<!-- End Google Analytics -->
<!-- Venatus Ad Manager - Install in <HEAD> of page -->
	<script src="https://hb.vntsm.com/v3/live/ad-manager.min.js" type="text/javascript" data-site-id="642aba63ec9a7b11c3c9c1be" data-mode="scan" async></script>
<!-- / Venatus Ad Manager -->

<style>
	@media (max-width:820px) {
		.battle {
			margin: 0 auto;
		}
		.battle-log {
			margin: 7px auto 0;
			max-width: 640px;
			height: 300px;
			position: static;
		}
	}
	.optgroup {
		display: inline-block;
		line-height: 22px;
		font-size: 10pt;
	}
	.optgroup .button {
		height: 25px;
		padding-top: 0;
		padding-bottom: 0;
	}
	.optgroup button.button {
		padding-left: 12px;
		padding-right: 12px;
	}
	.linklist {
		list-style: none;
		margin: 0.5em 0;
		padding: 0;
	}
	.linklist li {
		padding: 2px 0;
	}
	.sidebar {
		float: left;
		width: 320px;
	}
	.bar-wrapper {
		max-width: 1100px;
		margin: 0 auto;
	}
	.bar-wrapper.has-sidebar {
		max-width: 1430px;
	}
	.mainbar {
		margin: 0;
		padding-right: 1px;
	}
	.mainbar.has-sidebar {
		margin-left: 330px;
	}
	@media (min-width: 1511px) {
		.sidebar {
			width: 400px;
		}
		.bar-wrapper.has-sidebar {
			max-width: 1510px;
		}
		.mainbar.has-sidebar {
			margin-left: 410px;
		}
	}
	.section.first-section {
		margin-top: 9px;
	}
	.blocklink small {
		white-space: normal;
	}
	.button {
		vertical-align: middle;
	}
	.replay-controls {
		padding-top: 10px;
	}
	.replay-controls h1 {
		font-size: 16pt;
		font-weight: normal;
		color: #CCC;
	}
	.pagelink {
		text-align: center;
	}
	.pagelink a {
		width: 150px;
	}
	.textbox, .button {
		font-size: 11pt;
		vertical-align: middle;
	}
	@media (max-width: 450px) {
		.button {
			font-size: 9pt;
		}
	}
</style>

<div>

	<header>
		<div class="nav-wrapper"><ul class="nav">
			<li><a class="button nav-first" href="//pokemonshowdown.com/"><img src="//pokemonshowdown.com/images/pokemonshowdownbeta.png" srcset="//pokemonshowdown.com/images/pokemonshowdownbeta.png 1x, //pokemonshowdown.com/images/pokemonshowdownbeta@2x.png 2x" alt="Pok&eacute;mon Showdown" width="146" height="44" /> Home</a></li>
			<li><a class="button" href="//pokemonshowdown.com/dex/">Pok&eacute;dex</a></li>
			<li><a class="button cur" href="/">Replays</a></li>
			<li><a class="button" href="//pokemonshowdown.com/ladder/">Ladder</a></li>
			<li><a class="button nav-last" href="//pokemonshowdown.com/forums/">Forum</a></li>
			<li><a class="button greenbutton nav-first nav-last" href="//play.pokemonshowdown.com/">Play</a></li>
		</ul></div>
	</header>

	<div class="main" id="main">

		<noscript><section class="section">You need to enable JavaScript to use this page; sorry!</section></noscript>

	</div>

</div>

<script defer nomodule src="//play.pokemonshowdown.com/js/lib/ps-polyfill.js"></script>
<script defer src="//play.pokemonshowdown.com/js/lib/preact.min.js"></script>

<script defer src="//play.pokemonshowdown.com/config/config.js?2bddbc15"></script>
<script defer src="//play.pokemonshowdown.com/js/lib/jquery-1.11.0.min.js"></script>
<script defer src="//play.pokemonshowdown.com/js/lib/html-sanitizer-minified.js"></script>
<script defer src="//play.pokemonshowdown.com/js/battle-sound.js"></script>
<script defer src="//play.pokemonshowdown.com/js/battledata.js?0.7209276989879541"></script>
<script defer src="//play.pokemonshowdown.com/data/pokedex-mini.js?0.6111056340867951"></script>
<script defer src="//play.pokemonshowdown.com/data/pokedex-mini-bw.js?0.3532142036491459"></script>
<script defer src="//play.pokemonshowdown.com/data/graphics.js?0.24223875632456182"></script>
<script defer src="//play.pokemonshowdown.com/data/pokedex.js?0.38839984266356864"></script>
<script defer src="//play.pokemonshowdown.com/data/moves.js?0.21866028504024015"></script>
<script defer src="//play.pokemonshowdown.com/data/abilities.js?0.2005157953846628"></script>
<script defer src="//play.pokemonshowdown.com/data/items.js?0.9894211263848525"></script>
<script defer src="//play.pokemonshowdown.com/data/teambuilder-tables.js?0.6008791140282215"></script>
<script defer src="//play.pokemonshowdown.com/js/battle-tooltips.js?0.7580118955022959"></script>
<script defer src="//play.pokemonshowdown.com/js/battle.js?0.6057722274234274"></script>

<script defer src="js/utils.js?e31f9a17"></script>
<script defer src="js/replays-battle.js?7008c182"></script>

<!-- don't scrape this data! just add .json or .log after the URL!
Full API docs: https://github.com/smogon/pokemon-showdown-client/blob/master/WEB-API.md -->
<script type="text/plain" class="log" id="replaylog-smogtours-gen3ou-803533">
|inactive|Battle timer is ON: inactive players will automatically lose when time's up.
|t:|1730337115
|gametype|singles
|player|p1|cyberas|101|
|player|p2|alargemongoose|fisherman|
|teamsize|p1|6
|teamsize|p2|6
|gen|3
|tier|[Gen 3] OU
|rule|Sleep Clause Mod: Limit one foe put to sleep
|rule|Switch Priority Clause Mod: Faster Pokémon switch first
|rule|Species Clause: Limit one of each Pokémon
|rule|OHKO Clause: OHKO moves are banned
|rule|Evasion Items Clause: Evasion items are banned
|rule|Evasion Moves Clause: Evasion moves are banned
|rule|Endless Battle Clause: Forcing endless battles is banned
|rule|HP Percentage Mod: HP is shown in percentages
|rule|One Boost Passer Clause: Limit one Baton Passer that has a way to boost its stats
|rule|Freeze Clause Mod: Limit one foe frozen
|
|t:|1730337115
|start
|switch|p1a: Regirock|Regirock|100/100
|switch|p2a: Venusaur|Venusaur, F|100/100
|turn|1
|c|☆alargemongoose|gl hf
|c|☆cyberas|hf
|
|t:|1730337130
|move|p2a: Venusaur|Sleep Powder|p1a: Regirock
|-status|p1a: Regirock|slp|[from] move: Sleep Powder
|cant|p1a: Regirock|slp
|
|upkeep
|turn|2
|
|t:|1730337143
|switch|p1a: Skarmory|Skarmory, F|100/100
|move|p2a: Venusaur|Leech Seed|p1a: Skarmory
|-start|p1a: Skarmory|move: Leech Seed
|
|-damage|p1a: Skarmory|88/100|[from] Leech Seed|[of] p2a: Venusaur
|upkeep
|turn|3
|
|t:|1730337156
|switch|p2a: Charizard|Charizard, F|100/100
|move|p1a: Skarmory|Spikes|p2a: Charizard
|-sidestart|p2: alargemongoose|Spikes
|
|-heal|p1a: Skarmory|94/100|[from] item: Leftovers
|-damage|p1a: Skarmory|82/100|[from] Leech Seed|[of] p2a: Charizard
|upkeep
|turn|4
|
|t:|1730337160
|switch|p1a: Zapdos|Zapdos|100/100
|move|p2a: Charizard|Substitute|p2a: Charizard
|-start|p2a: Charizard|Substitute
|-damage|p2a: Charizard|76/100
|
|-heal|p2a: Charizard|82/100|[from] item: Leftovers
|upkeep
|turn|5
|
|t:|1730337164
|move|p2a: Charizard|Flamethrower|p1a: Zapdos
|-damage|p1a: Zapdos|48/100
|move|p1a: Zapdos|Thunderbolt|p2a: Charizard
|-supereffective|p2a: Charizard
|-end|p2a: Charizard|Substitute
|
|-heal|p2a: Charizard|88/100|[from] item: Leftovers
|-heal|p1a: Zapdos|54/100|[from] item: Leftovers
|upkeep
|turn|6
|
|t:|1730337180
|switch|p2a: Venusaur|Venusaur, F|100/100
|-damage|p2a: Venusaur|88/100|[from] Spikes
|move|p1a: Zapdos|Thunderbolt|p2a: Venusaur
|-resisted|p2a: Venusaur
|-damage|p2a: Venusaur|63/100
|
|-heal|p2a: Venusaur|69/100|[from] item: Leftovers
|-heal|p1a: Zapdos|60/100|[from] item: Leftovers
|upkeep
|turn|7
|
|t:|1730337185
|move|p1a: Zapdos|Protect|p1a: Zapdos
|-singleturn|p1a: Zapdos|Protect
|move|p2a: Venusaur|Leech Seed|p1a: Zapdos
|-activate|p1a: Zapdos|Protect
|
|-heal|p2a: Venusaur|75/100|[from] item: Leftovers
|-heal|p1a: Zapdos|66/100|[from] item: Leftovers
|upkeep
|turn|8
|inactive|cyberas has 270 seconds left.
|
|t:|1730337228
|switch|p1a: Regirock|Regirock|100/100 slp
|move|p2a: Venusaur|Leech Seed|p1a: Regirock
|-start|p1a: Regirock|move: Leech Seed
|
|-heal|p2a: Venusaur|81/100|[from] item: Leftovers
|-damage|p1a: Regirock|88/100 slp|[from] Leech Seed|[of] p2a: Venusaur
|-heal|p2a: Venusaur|93/100|[silent]
|upkeep
|turn|9
|
|t:|1730337232
|move|p2a: Venusaur|Giga Drain|p1a: Regirock
|-supereffective|p1a: Regirock
|-damage|p1a: Regirock|29/100 slp
|-heal|p2a: Venusaur|100/100|[from] drain|[of] p1a: Regirock
|cant|p1a: Regirock|slp
|
|-damage|p1a: Regirock|16/100 slp|[from] Leech Seed|[of] p2a: Venusaur
|upkeep
|turn|10
|
|t:|1730337240
|switch|p1a: Skarmory|Skarmory, F|82/100
|move|p2a: Venusaur|Giga Drain|p1a: Skarmory
|-resisted|p1a: Skarmory
|-damage|p1a: Skarmory|76/100
|
|-heal|p1a: Skarmory|82/100|[from] item: Leftovers
|upkeep
|turn|11
|
|t:|1730337246
|move|p2a: Venusaur|Leech Seed|p1a: Skarmory
|-start|p1a: Skarmory|move: Leech Seed
|move|p1a: Skarmory|Drill Peck|p2a: Venusaur
|-supereffective|p2a: Venusaur
|-damage|p2a: Venusaur|40/100
|
|-heal|p2a: Venusaur|46/100|[from] item: Leftovers
|-heal|p1a: Skarmory|88/100|[from] item: Leftovers
|-damage|p1a: Skarmory|75/100|[from] Leech Seed|[of] p2a: Venusaur
|-heal|p2a: Venusaur|60/100|[silent]
|upkeep
|turn|12
|
|t:|1730337255
|switch|p2a: Claydol|Claydol|100/100
|switch|p1a: Tyranitar|Tyranitar, F|100/100
|-weather|Sandstorm|[from] ability: Sand Stream|[of] p1a: Tyranitar
|
|-weather|Sandstorm|[upkeep]
|upkeep
|turn|13
|
|t:|1730337269
|switch|p1a: Swampert|Swampert, M|100/100
|move|p2a: Claydol|Earthquake|p1a: Swampert
|-damage|p1a: Swampert|75/100
|
|-weather|Sandstorm|[upkeep]
|-heal|p1a: Swampert|81/100|[from] item: Leftovers
|upkeep
|turn|14
|
|t:|1730337275
|move|p2a: Claydol|Rapid Spin|p1a: Swampert
|-damage|p1a: Swampert|77/100
|-sideend|p2: alargemongoose|Spikes|[from] move: Rapid Spin|[of] p2a: Claydol
|move|p1a: Swampert|Ice Beam|p2a: Claydol
|-supereffective|p2a: Claydol
|-damage|p2a: Claydol|60/100
|
|-weather|Sandstorm|[upkeep]
|-heal|p2a: Claydol|66/100|[from] item: Leftovers
|-heal|p1a: Swampert|83/100|[from] item: Leftovers
|upkeep
|turn|15
|inactive|alargemongoose has 270 seconds left.
|
|t:|1730337309
|switch|p2a: Venusaur|Venusaur, F|60/100
|move|p1a: Swampert|Hydro Pump|p2a: Venusaur
|-resisted|p2a: Venusaur
|-damage|p2a: Venusaur|36/100
|
|-weather|Sandstorm|[upkeep]
|-damage|p2a: Venusaur|30/100|[from] Sandstorm
|-heal|p2a: Venusaur|36/100|[from] item: Leftovers
|-heal|p1a: Swampert|89/100|[from] item: Leftovers
|upkeep
|turn|16
|
|t:|1730337327
|switch|p1a: Skarmory|Skarmory, F|75/100
|move|p2a: Venusaur|Giga Drain|p1a: Skarmory
|-resisted|p1a: Skarmory
|-crit|p1a: Skarmory
|-damage|p1a: Skarmory|64/100
|-heal|p2a: Venusaur|42/100|[from] drain|[of] p1a: Skarmory
|
|-weather|Sandstorm|[upkeep]
|-damage|p2a: Venusaur|36/100|[from] Sandstorm
|-heal|p2a: Venusaur|42/100|[from] item: Leftovers
|-heal|p1a: Skarmory|70/100|[from] item: Leftovers
|upkeep
|turn|17
|inactive|alargemongoose has 270 seconds left.
|
|t:|1730337343
|switch|p2a: Charizard|Charizard, F|88/100
|move|p1a: Skarmory|Drill Peck|p2a: Charizard
|-damage|p2a: Charizard|50/100
|
|-weather|Sandstorm|[upkeep]
|-damage|p2a: Charizard|44/100|[from] Sandstorm
|-heal|p2a: Charizard|50/100|[from] item: Leftovers
|-heal|p1a: Skarmory|76/100|[from] item: Leftovers
|upkeep
|turn|18
|inactive|alargemongoose has 270 seconds left.
|
|t:|1730337356
|switch|p1a: Zapdos|Zapdos|66/100
|move|p2a: Charizard|Flamethrower|p1a: Zapdos
|-damage|p1a: Zapdos|17/100
|
|-weather|Sandstorm|[upkeep]
|-damage|p2a: Charizard|44/100|[from] Sandstorm
|-damage|p1a: Zapdos|11/100|[from] Sandstorm
|-heal|p2a: Charizard|50/100|[from] item: Leftovers
|-heal|p1a: Zapdos|17/100|[from] item: Leftovers
|upkeep
|turn|19
|inactive|alargemongoose has 270 seconds left.
|
|t:|1730337372
|move|p2a: Charizard|Flamethrower|p1a: Zapdos
|-damage|p1a: Zapdos|0 fnt
|faint|p1a: Zapdos
|
|t:|1730337375
|switch|p1a: Tyranitar|Tyranitar, F|100/100
|
|-weather|Sandstorm|[upkeep]
|-damage|p2a: Charizard|44/100|[from] Sandstorm
|-heal|p2a: Charizard|50/100|[from] item: Leftovers
|upkeep
|turn|20
|inactive|alargemongoose has 270 seconds left.
|
|t:|1730337389
|switch|p2a: Jirachi|Jirachi|100/100
|move|p1a: Tyranitar|Dragon Dance|p1a: Tyranitar
|-boost|p1a: Tyranitar|atk|1
|-boost|p1a: Tyranitar|spe|1
|
|-weather|Sandstorm|[upkeep]
|upkeep
|turn|21
|inactive|alargemongoose has 270 seconds left.
|
|t:|1730337404
|switch|p2a: Suicune|Suicune|100/100
|move|p1a: Tyranitar|Earthquake|p2a: Suicune
|-damage|p2a: Suicune|62/100
|
|-weather|Sandstorm|[upkeep]
|-damage|p2a: Suicune|55/100|[from] Sandstorm
|-heal|p2a: Suicune|62/100|[from] item: Leftovers
|upkeep
|turn|22
|
|t:|1730337409
|move|p1a: Tyranitar|Rock Slide|p2a: Suicune
|-damage|p2a: Suicune|17/100
|move|p2a: Suicune|Surf|p1a: Tyranitar
|-supereffective|p1a: Tyranitar
|-damage|p1a: Tyranitar|26/100
|
|-weather|Sandstorm|[upkeep]
|-damage|p2a: Suicune|11/100|[from] Sandstorm
|-heal|p1a: Tyranitar|32/100|[from] item: Leftovers
|-heal|p2a: Suicune|17/100|[from] item: Leftovers
|upkeep
|turn|23
|inactive|alargemongoose has 270 seconds left.
|
|t:|1730337430
|move|p1a: Tyranitar|Earthquake|p2a: Suicune
|-damage|p2a: Suicune|0 fnt
|faint|p2a: Suicune
|inactive|alargemongoose has 270 seconds left.
|
|t:|1730337441
|switch|p2a: Claydol|Claydol|66/100
|
|-weather|Sandstorm|[upkeep]
|-heal|p1a: Tyranitar|38/100|[from] item: Leftovers
|-heal|p2a: Claydol|72/100|[from] item: Leftovers
|upkeep
|turn|24
|
|t:|1730337446
|move|p1a: Tyranitar|Hidden Power|p2a: Claydol
|-supereffective|p2a: Claydol
|-damage|p2a: Claydol|5/100
|move|p2a: Claydol|Earthquake|p1a: Tyranitar
|-supereffective|p1a: Tyranitar
|-damage|p1a: Tyranitar|0 fnt
|faint|p1a: Tyranitar
|
|t:|1730337462
|switch|p1a: Skarmory|Skarmory, F|76/100
|
|-weather|Sandstorm|[upkeep]
|-heal|p2a: Claydol|11/100|[from] item: Leftovers
|-heal|p1a: Skarmory|82/100|[from] item: Leftovers
|upkeep
|turn|25
|
|t:|1730337472
|move|p2a: Claydol|Explosion|p1a: Skarmory
|-resisted|p1a: Skarmory
|-damage|p1a: Skarmory|37/100
|faint|p2a: Claydol
|
|t:|1730337475
|switch|p2a: Charizard|Charizard, F|50/100
|
|-weather|Sandstorm|[upkeep]
|-damage|p2a: Charizard|44/100|[from] Sandstorm
|-heal|p2a: Charizard|50/100|[from] item: Leftovers
|-heal|p1a: Skarmory|43/100|[from] item: Leftovers
|upkeep
|turn|26
|
|t:|1730337482
|switch|p1a: Blissey|Blissey, F|100/100
|move|p2a: Charizard|Flamethrower|p1a: Blissey
|-damage|p1a: Blissey|81/100
|
|-weather|Sandstorm|[upkeep]
|-damage|p2a: Charizard|44/100|[from] Sandstorm
|-damage|p1a: Blissey|75/100|[from] Sandstorm
|-heal|p2a: Charizard|50/100|[from] item: Leftovers
|-heal|p1a: Blissey|81/100|[from] item: Leftovers
|upkeep
|turn|27
|
|t:|1730337497
|-singleturn|p2a: Charizard|move: Focus Punch
|move|p1a: Blissey|Ice Beam|p2a: Charizard
|-damage|p2a: Charizard|19/100
|-status|p2a: Charizard|frz
|cant|p2a: Charizard|frz
|
|-weather|Sandstorm|[upkeep]
|-damage|p2a: Charizard|13/100 frz|[from] Sandstorm
|-damage|p1a: Blissey|75/100|[from] Sandstorm
|-heal|p2a: Charizard|19/100 frz|[from] item: Leftovers
|-heal|p1a: Blissey|81/100|[from] item: Leftovers
|upkeep
|turn|28
|
|t:|1730337511
|cant|p2a: Charizard|frz
|move|p1a: Blissey|Ice Beam|p2a: Charizard
|-damage|p2a: Charizard|0 fnt
|faint|p2a: Charizard
|
|t:|1730337515
|switch|p2a: Venusaur|Venusaur, F|42/100
|
|-weather|Sandstorm|[upkeep]
|-damage|p2a: Venusaur|36/100|[from] Sandstorm
|-damage|p1a: Blissey|75/100|[from] Sandstorm
|-heal|p2a: Venusaur|42/100|[from] item: Leftovers
|-heal|p1a: Blissey|81/100|[from] item: Leftovers
|upkeep
|turn|29
|
|t:|1730337525
|switch|p1a: Skarmory|Skarmory, F|43/100
|move|p2a: Venusaur|Leech Seed|p1a: Skarmory
|-start|p1a: Skarmory|move: Leech Seed
|
|-weather|Sandstorm|[upkeep]
|-damage|p2a: Venusaur|36/100|[from] Sandstorm
|-heal|p2a: Venusaur|42/100|[from] item: Leftovers
|-heal|p1a: Skarmory|49/100|[from] item: Leftovers
|-damage|p1a: Skarmory|37/100|[from] Leech Seed|[of] p2a: Venusaur
|-heal|p2a: Venusaur|55/100|[silent]
|upkeep
|turn|30
|
|t:|1730337530
|switch|p2a: Jirachi|Jirachi|100/100
|move|p1a: Skarmory|Spikes|p2a: Jirachi
|-sidestart|p2: alargemongoose|Spikes
|
|-weather|Sandstorm|[upkeep]
|-heal|p1a: Skarmory|43/100|[from] item: Leftovers
|-damage|p1a: Skarmory|30/100|[from] Leech Seed|[of] p2a: Jirachi
|upkeep
|turn|31
|
|t:|1730337539
|switch|p1a: Swampert|Swampert, M|89/100
|move|p2a: Jirachi|Substitute|p2a: Jirachi
|-start|p2a: Jirachi|Substitute
|-damage|p2a: Jirachi|75/100
|
|-weather|Sandstorm|[upkeep]
|-heal|p2a: Jirachi|82/100|[from] item: Leftovers
|-heal|p1a: Swampert|95/100|[from] item: Leftovers
|upkeep
|turn|32
|
|t:|1730337544
|move|p2a: Jirachi|Calm Mind|p2a: Jirachi
|-boost|p2a: Jirachi|spa|1
|-boost|p2a: Jirachi|spd|1
|move|p1a: Swampert|Earthquake|p2a: Jirachi
|-supereffective|p2a: Jirachi
|-end|p2a: Jirachi|Substitute
|
|-weather|Sandstorm|[upkeep]
|-heal|p2a: Jirachi|88/100|[from] item: Leftovers
|-heal|p1a: Swampert|100/100|[from] item: Leftovers
|upkeep
|turn|33
|
|t:|1730337548
|move|p2a: Jirachi|Hidden Power|p1a: Swampert
|-supereffective|p1a: Swampert
|-damage|p1a: Swampert|0 fnt
|faint|p1a: Swampert
|
|t:|1730337551
|switch|p1a: Blissey|Blissey, F|81/100
|
|-weather|Sandstorm|[upkeep]
|-damage|p1a: Blissey|75/100|[from] Sandstorm
|-heal|p2a: Jirachi|94/100|[from] item: Leftovers
|-heal|p1a: Blissey|81/100|[from] item: Leftovers
|upkeep
|turn|34
|
|t:|1730337557
|switch|p2a: Venusaur|Venusaur, F|55/100
|-damage|p2a: Venusaur|43/100|[from] Spikes
|move|p1a: Blissey|Flamethrower|p2a: Venusaur
|-supereffective|p2a: Venusaur
|-damage|p2a: Venusaur|0 fnt
|faint|p2a: Venusaur
|
|t:|1730337562
|switch|p2a: Tyranitar|Tyranitar, F|100/100
|-damage|p2a: Tyranitar|88/100|[from] Spikes
|
|-weather|Sandstorm|[upkeep]
|-damage|p1a: Blissey|75/100|[from] Sandstorm
|-heal|p2a: Tyranitar|94/100|[from] item: Leftovers
|-heal|p1a: Blissey|81/100|[from] item: Leftovers
|upkeep
|turn|35
|
|t:|1730337569
|move|p2a: Tyranitar|Rock Slide|p1a: Blissey|[miss]
|-miss|p2a: Tyranitar|p1a: Blissey
|move|p1a: Blissey|Toxic|p2a: Tyranitar
|-status|p2a: Tyranitar|tox
|
|-weather|Sandstorm|[upkeep]
|-damage|p1a: Blissey|75/100|[from] Sandstorm
|-heal|p2a: Tyranitar|100/100 tox|[from] item: Leftovers
|-damage|p2a: Tyranitar|94/100 tox|[from] psn
|-heal|p1a: Blissey|81/100|[from] item: Leftovers
|upkeep
|turn|36
|
|t:|1730337575
|switch|p1a: Regirock|Regirock|16/100 slp
|move|p2a: Tyranitar|Dragon Dance|p2a: Tyranitar
|-boost|p2a: Tyranitar|atk|1
|-boost|p2a: Tyranitar|spe|1
|
|-weather|Sandstorm|[upkeep]
|-heal|p2a: Tyranitar|100/100 tox|[from] item: Leftovers
|-damage|p2a: Tyranitar|88/100 tox|[from] psn
|upkeep
|turn|37
|
|t:|1730337580
|move|p2a: Tyranitar|Rock Slide|p1a: Regirock
|-damage|p1a: Regirock|0 fnt
|faint|p1a: Regirock
|
|t:|1730337583
|switch|p1a: Skarmory|Skarmory, F|30/100
|
|-weather|Sandstorm|[upkeep]
|-heal|p2a: Tyranitar|94/100 tox|[from] item: Leftovers
|-damage|p2a: Tyranitar|76/100 tox|[from] psn
|-heal|p1a: Skarmory|36/100|[from] item: Leftovers
|upkeep
|turn|38
|
|t:|1730337591
|move|p2a: Tyranitar|Rock Slide|p1a: Skarmory
|-damage|p1a: Skarmory|0 fnt
|faint|p1a: Skarmory
|
|t:|1730337594
|switch|p1a: Blissey|Blissey, F|81/100
|
|-weather|Sandstorm|[upkeep]
|-damage|p1a: Blissey|75/100|[from] Sandstorm
|-heal|p2a: Tyranitar|82/100 tox|[from] item: Leftovers
|-damage|p2a: Tyranitar|57/100 tox|[from] psn
|-heal|p1a: Blissey|81/100|[from] item: Leftovers
|upkeep
|turn|39
|
|t:|1730337596
|move|p2a: Tyranitar|Rock Slide|p1a: Blissey
|-damage|p1a: Blissey|20/100
|cant|p1a: Blissey|flinch
|
|-weather|Sandstorm|[upkeep]
|-damage|p1a: Blissey|14/100|[from] Sandstorm
|-heal|p2a: Tyranitar|63/100 tox|[from] item: Leftovers
|-damage|p2a: Tyranitar|32/100 tox|[from] psn
|-heal|p1a: Blissey|20/100|[from] item: Leftovers
|upkeep
|turn|40
|
|t:|1730337602
|move|p2a: Tyranitar|Earthquake|p1a: Blissey
|-damage|p1a: Blissey|0 fnt
|faint|p1a: Blissey
|
|win|alargemongoose
|c|☆alargemongoose|gg
|c|☆cyberas|gg

</script>
<script type="application/json" class="data" id="replaydata-smogtours-gen3ou-803533">
{"id":"smogtours-gen3ou-803533","format":"[Gen 3] OU","players":["cyberas","alargemongoose"],"uploadtime":1730337602,"views":88,"formatid":"gen3ou","rating":null,"private":0,"password":null}
</script>

<script defer src="js/replays.js?9d40a366"></script>
