<!DOCTYPE html>
<meta charset="utf-8" />
<meta name="viewport" content="width=device-width" />

<title>[Gen 3] OU: MCJD931 vs. witgiz - Replays - Pok&eacute;mon Showdown!</title>

<meta name="description" content="Watch a replay of a Pok&eacute;mon battle between MCJD931 and witgiz! Format: [Gen 3] OU; Date: Oct 13, 2024" />
<!--

Hey, you! Looking in the source for the replay log?

You can find them in JSON format, just add `.json` at the end of a replay URL.

https://replay.pokemonshowdown.com/gen7randomdoublesbattle-865046831.json

Or, if you only need the log itself, add `.log` instead:

https://replay.pokemonshowdown.com/gen7randomdoublesbattle-865046831.log

-->

<link rel="stylesheet" href="//pokemonshowdown.com/style/global.css?0.023195364461161105" />
<link rel="stylesheet" href="//play.pokemonshowdown.com/style/font-awesome.css?0.13261647063804238" />
<link rel="stylesheet" href="//play.pokemonshowdown.com/style/battle.css?0.8753245789963631" />
<link rel="stylesheet" href="//play.pokemonshowdown.com/style/utilichart.css?0.8627959624976733" />

<!-- Global site tag (gtag.js) - Google Analytics -->
<script async src="https://www.googletagmanager.com/gtag/js?id=UA-26211653-1"></script>
<script>
  window.dataLayer = window.dataLayer || [];
  function gtag(){dataLayer.push(arguments);}
  gtag('js', new Date());

  gtag('config', 'UA-26211653-1');
</script>
<!-- End Google Analytics -->
<!-- Venatus Ad Manager - Install in <HEAD> of page -->
	<script src="https://hb.vntsm.com/v3/live/ad-manager.min.js" type="text/javascript" data-site-id="642aba63ec9a7b11c3c9c1be" data-mode="scan" async></script>
<!-- / Venatus Ad Manager -->

<style>
	@media (max-width:820px) {
		.battle {
			margin: 0 auto;
		}
		.battle-log {
			margin: 7px auto 0;
			max-width: 640px;
			height: 300px;
			position: static;
		}
	}
	.optgroup {
		display: inline-block;
		line-height: 22px;
		font-size: 10pt;
	}
	.optgroup .button {
		height: 25px;
		padding-top: 0;
		padding-bottom: 0;
	}
	.optgroup button.button {
		padding-left: 12px;
		padding-right: 12px;
	}
	.linklist {
		list-style: none;
		margin: 0.5em 0;
		padding: 0;
	}
	.linklist li {
		padding: 2px 0;
	}
	.sidebar {
		float: left;
		width: 320px;
	}
	.bar-wrapper {
		max-width: 1100px;
		margin: 0 auto;
	}
	.bar-wrapper.has-sidebar {
		max-width: 1430px;
	}
	.mainbar {
		margin: 0;
		padding-right: 1px;
	}
	.mainbar.has-sidebar {
		margin-left: 330px;
	}
	@media (min-width: 1511px) {
		.sidebar {
			width: 400px;
		}
		.bar-wrapper.has-sidebar {
			max-width: 1510px;
		}
		.mainbar.has-sidebar {
			margin-left: 410px;
		}
	}
	.section.first-section {
		margin-top: 9px;
	}
	.blocklink small {
		white-space: normal;
	}
	.button {
		vertical-align: middle;
	}
	.replay-controls {
		padding-top: 10px;
	}
	.replay-controls h1 {
		font-size: 16pt;
		font-weight: normal;
		color: #CCC;
	}
	.pagelink {
		text-align: center;
	}
	.pagelink a {
		width: 150px;
	}
	.textbox, .button {
		font-size: 11pt;
		vertical-align: middle;
	}
	@media (max-width: 450px) {
		.button {
			font-size: 9pt;
		}
	}
</style>

<div>

	<header>
		<div class="nav-wrapper"><ul class="nav">
			<li><a class="button nav-first" href="//pokemonshowdown.com/"><img src="//pokemonshowdown.com/images/pokemonshowdownbeta.png" srcset="//pokemonshowdown.com/images/pokemonshowdownbeta.png 1x, //pokemonshowdown.com/images/pokemonshowdownbeta@2x.png 2x" alt="Pok&eacute;mon Showdown" width="146" height="44" /> Home</a></li>
			<li><a class="button" href="//pokemonshowdown.com/dex/">Pok&eacute;dex</a></li>
			<li><a class="button cur" href="/">Replays</a></li>
			<li><a class="button" href="//pokemonshowdown.com/ladder/">Ladder</a></li>
			<li><a class="button nav-last" href="//pokemonshowdown.com/forums/">Forum</a></li>
			<li><a class="button greenbutton nav-first nav-last" href="//play.pokemonshowdown.com/">Play</a></li>
		</ul></div>
	</header>

	<div class="main" id="main">

		<noscript><section class="section">You need to enable JavaScript to use this page; sorry!</section></noscript>

	</div>

</div>

<script defer nomodule src="//play.pokemonshowdown.com/js/lib/ps-polyfill.js"></script>
<script defer src="//play.pokemonshowdown.com/js/lib/preact.min.js"></script>

<script defer src="//play.pokemonshowdown.com/config/config.js?2bddbc15"></script>
<script defer src="//play.pokemonshowdown.com/js/lib/jquery-1.11.0.min.js"></script>
<script defer src="//play.pokemonshowdown.com/js/lib/html-sanitizer-minified.js"></script>
<script defer src="//play.pokemonshowdown.com/js/battle-sound.js"></script>
<script defer src="//play.pokemonshowdown.com/js/battledata.js?0.7209276989879541"></script>
<script defer src="//play.pokemonshowdown.com/data/pokedex-mini.js?0.6111056340867951"></script>
<script defer src="//play.pokemonshowdown.com/data/pokedex-mini-bw.js?0.3532142036491459"></script>
<script defer src="//play.pokemonshowdown.com/data/graphics.js?0.24223875632456182"></script>
<script defer src="//play.pokemonshowdown.com/data/pokedex.js?0.38839984266356864"></script>
<script defer src="//play.pokemonshowdown.com/data/moves.js?0.21866028504024015"></script>
<script defer src="//play.pokemonshowdown.com/data/abilities.js?0.2005157953846628"></script>
<script defer src="//play.pokemonshowdown.com/data/items.js?0.9894211263848525"></script>
<script defer src="//play.pokemonshowdown.com/data/teambuilder-tables.js?0.6008791140282215"></script>
<script defer src="//play.pokemonshowdown.com/js/battle-tooltips.js?0.7580118955022959"></script>
<script defer src="//play.pokemonshowdown.com/js/battle.js?0.6057722274234274"></script>

<script defer src="js/utils.js?e31f9a17"></script>
<script defer src="js/replays-battle.js?7008c182"></script>

<!-- don't scrape this data! just add .json or .log after the URL!
Full API docs: https://github.com/smogon/pokemon-showdown-client/blob/master/WEB-API.md -->
<script type="text/plain" class="log" id="replaylog-smogtours-gen3ou-797926">
|inactive|Battle timer is ON: inactive players will automatically lose when time's up.
|t:|1728785288
|gametype|singles
|player|p1|MCJD931|102|
|player|p2|witgiz|linebacker|
|teamsize|p1|6
|teamsize|p2|6
|gen|3
|tier|[Gen 3] OU
|rule|Sleep Clause Mod: Limit one foe put to sleep
|rule|Switch Priority Clause Mod: Faster Pokémon switch first
|rule|Species Clause: Limit one of each Pokémon
|rule|OHKO Clause: OHKO moves are banned
|rule|Evasion Items Clause: Evasion items are banned
|rule|Evasion Moves Clause: Evasion moves are banned
|rule|Endless Battle Clause: Forcing endless battles is banned
|rule|HP Percentage Mod: HP is shown in percentages
|rule|One Boost Passer Clause: Limit one Baton Passer that has a way to boost its stats
|rule|Freeze Clause Mod: Limit one foe frozen
|
|t:|1728785288
|start
|switch|p1a: Blissey|Blissey, F|100/100
|switch|p2a: NoOneAtAII|Zapdos|100/100
|turn|1
|
|t:|1728785293
|move|p2a: NoOneAtAII|Substitute|p2a: NoOneAtAII
|-start|p2a: NoOneAtAII|Substitute
|-damage|p2a: NoOneAtAII|76/100
|move|p1a: Blissey|Ice Beam|p2a: NoOneAtAII
|-supereffective|p2a: NoOneAtAII
|-end|p2a: NoOneAtAII|Substitute
|
|-heal|p2a: NoOneAtAII|82/100|[from] item: Leftovers
|upkeep
|turn|2
|
|t:|1728785301
|move|p2a: NoOneAtAII|Baton Pass|p2a: NoOneAtAII
|
|t:|1728785303
|switch|p2a: stiches3000|Smeargle, F|100/100|[from] Baton Pass
|move|p1a: Blissey|Ice Beam|p2a: stiches3000
|-damage|p2a: stiches3000|62/100
|
|-heal|p2a: stiches3000|68/100|[from] item: Leftovers
|upkeep
|turn|3
|
|t:|1728785310
|move|p2a: stiches3000|Spore|p1a: Blissey
|-status|p1a: Blissey|slp|[from] move: Spore
|cant|p1a: Blissey|slp
|
|-heal|p2a: stiches3000|74/100|[from] item: Leftovers
|upkeep
|turn|4
|
|t:|1728785328
|move|p2a: stiches3000|Dragon Dance|p2a: stiches3000
|-boost|p2a: stiches3000|atk|1
|-boost|p2a: stiches3000|spe|1
|cant|p1a: Blissey|slp
|
|-heal|p2a: stiches3000|80/100|[from] item: Leftovers
|upkeep
|turn|5
|
|t:|1728785335
|-curestatus|p1a: Blissey|slp|[from] ability: Natural Cure
|switch|p1a: Skarmory|Skarmory, F|100/100
|move|p2a: stiches3000|Dragon Dance|p2a: stiches3000
|-boost|p2a: stiches3000|atk|1
|-boost|p2a: stiches3000|spe|1
|
|-heal|p2a: stiches3000|86/100|[from] item: Leftovers
|upkeep
|turn|6
|
|t:|1728785339
|move|p2a: stiches3000|Spore|p1a: Skarmory
|-status|p1a: Skarmory|slp|[from] move: Spore
|cant|p1a: Skarmory|slp
|
|-heal|p2a: stiches3000|92/100|[from] item: Leftovers
|upkeep
|turn|7
|
|t:|1728785343
|move|p2a: stiches3000|Taunt|p1a: Skarmory
|-start|p1a: Skarmory|move: Taunt
|cant|p1a: Skarmory|slp
|
|-heal|p2a: stiches3000|98/100|[from] item: Leftovers
|upkeep
|turn|8
|
|t:|1728785348
|move|p2a: stiches3000|Baton Pass|p2a: stiches3000
|
|t:|1728785351
|switch|p2a: zoazo|Tyranitar, M|100/100|[from] Baton Pass
|-weather|Sandstorm|[from] ability: Sand Stream|[of] p2a: zoazo
|-curestatus|p1a: Skarmory|slp|[msg]
|move|p1a: Skarmory|Drill Peck|p2a: zoazo
|-resisted|p2a: zoazo
|-damage|p2a: zoazo|90/100
|
|-weather|Sandstorm|[upkeep]
|-end|p1a: Skarmory|move: Taunt|[silent]
|upkeep
|turn|9
|
|t:|1728785359
|move|p2a: zoazo|Taunt|p1a: Skarmory
|-start|p1a: Skarmory|move: Taunt
|cant|p1a: Skarmory|move: Taunt|Roar
|
|-weather|Sandstorm|[upkeep]
|upkeep
|turn|10
|inactive|MCJD931 has 270 seconds left.
|
|t:|1728785394
|switch|p1a: Claydol|Claydol|100/100
|move|p2a: zoazo|Rock Slide|p1a: Claydol
|-resisted|p1a: Claydol
|-damage|p1a: Claydol|67/100
|
|-weather|Sandstorm|[upkeep]
|-heal|p1a: Claydol|73/100|[from] item: Leftovers
|upkeep
|turn|11
|inactive|MCJD931 has 270 seconds left.
|
|t:|1728785421
|switch|p2a: Banterlife|Banette, F|100/100
|switch|p1a: Skarmory|Skarmory, F|100/100
|
|-weather|Sandstorm|[upkeep]
|-damage|p2a: Banterlife|95/100|[from] Sandstorm
|-heal|p2a: Banterlife|100/100|[from] item: Leftovers
|upkeep
|turn|12
|
|t:|1728785425
|move|p2a: Banterlife|Taunt|p1a: Skarmory
|-start|p1a: Skarmory|move: Taunt
|cant|p1a: Skarmory|move: Taunt|Spikes
|
|-weather|Sandstorm|[upkeep]
|-damage|p2a: Banterlife|95/100|[from] Sandstorm
|-heal|p2a: Banterlife|100/100|[from] item: Leftovers
|upkeep
|turn|13
|inactive|MCJD931 has 270 seconds left.
|
|t:|1728785443
|switch|p2a: stiches3000|Smeargle, F|98/100
|switch|p1a: Dugtrio|Dugtrio, F|100/100
|
|-weather|Sandstorm|[upkeep]
|-damage|p2a: stiches3000|92/100|[from] Sandstorm
|-heal|p2a: stiches3000|98/100|[from] item: Leftovers
|upkeep
|turn|14
|
|t:|1728785448
|move|p1a: Dugtrio|Earthquake|p2a: stiches3000
|-damage|p2a: stiches3000|0 fnt
|faint|p2a: stiches3000
|
|t:|1728785451
|switch|p2a: NoOneAtAII|Zapdos|82/100
|
|-weather|Sandstorm|[upkeep]
|-damage|p2a: NoOneAtAII|76/100|[from] Sandstorm
|-heal|p2a: NoOneAtAII|82/100|[from] item: Leftovers
|upkeep
|turn|15
|
|t:|1728785458
|switch|p1a: Blissey|Blissey, F|100/100
|move|p2a: NoOneAtAII|Substitute|p2a: NoOneAtAII
|-start|p2a: NoOneAtAII|Substitute
|-damage|p2a: NoOneAtAII|57/100
|
|-weather|Sandstorm|[upkeep]
|-damage|p2a: NoOneAtAII|51/100|[from] Sandstorm
|-damage|p1a: Blissey|94/100|[from] Sandstorm
|-heal|p2a: NoOneAtAII|57/100|[from] item: Leftovers
|-heal|p1a: Blissey|100/100|[from] item: Leftovers
|upkeep
|turn|16
|
|t:|1728785461
|move|p2a: NoOneAtAII|Baton Pass|p2a: NoOneAtAII
|
|t:|1728785473
|switch|p2a: zoazo|Tyranitar, M|90/100|[from] Baton Pass
|move|p1a: Blissey|Ice Beam|p2a: zoazo
|-activate|p2a: zoazo|Substitute|[damage]
|
|-weather|Sandstorm|[upkeep]
|-damage|p1a: Blissey|94/100|[from] Sandstorm
|-heal|p1a: Blissey|100/100|[from] item: Leftovers
|upkeep
|turn|17
|
|t:|1728785481
|switch|p1a: Skarmory|Skarmory, F|100/100
|move|p2a: zoazo|Dragon Dance|p2a: zoazo
|-boost|p2a: zoazo|atk|1
|-boost|p2a: zoazo|spe|1
|
|-weather|Sandstorm|[upkeep]
|upkeep
|turn|18
|
|t:|1728785491
|move|p1a: Skarmory|Protect|p1a: Skarmory
|-singleturn|p1a: Skarmory|Protect
|move|p2a: zoazo|Taunt|p1a: Skarmory
|-activate|p1a: Skarmory|Protect
|
|-weather|Sandstorm|[upkeep]
|upkeep
|turn|19
|
|t:|1728785498
|move|p2a: zoazo|Taunt|p1a: Skarmory
|-start|p1a: Skarmory|move: Taunt
|move|p1a: Skarmory|Drill Peck|p2a: zoazo
|-resisted|p2a: zoazo
|-end|p2a: zoazo|Substitute
|
|-weather|Sandstorm|[upkeep]
|upkeep
|turn|20
|
|t:|1728785506
|switch|p1a: Claydol|Claydol|73/100
|move|p2a: zoazo|Dragon Dance|p2a: zoazo
|-boost|p2a: zoazo|atk|1
|-boost|p2a: zoazo|spe|1
|
|-weather|Sandstorm|[upkeep]
|-heal|p1a: Claydol|79/100|[from] item: Leftovers
|upkeep
|turn|21
|
|t:|1728785511
|move|p2a: zoazo|Rock Slide|p1a: Claydol
|-resisted|p1a: Claydol
|-damage|p1a: Claydol|45/100
|cant|p1a: Claydol|flinch
|
|-weather|Sandstorm|[upkeep]
|-heal|p1a: Claydol|51/100|[from] item: Leftovers
|upkeep
|turn|22
|
|t:|1728785518
|move|p2a: zoazo|Rock Slide|p1a: Claydol
|-resisted|p1a: Claydol
|-damage|p1a: Claydol|15/100
|cant|p1a: Claydol|flinch
|
|-weather|Sandstorm|[upkeep]
|-heal|p1a: Claydol|21/100|[from] item: Leftovers
|upkeep
|turn|23
|
|t:|1728785524
|switch|p1a: Skarmory|Skarmory, F|100/100
|move|p2a: zoazo|Rock Slide|p1a: Skarmory
|-damage|p1a: Skarmory|39/100
|
|-weather|Sandstorm|[upkeep]
|-heal|p1a: Skarmory|45/100|[from] item: Leftovers
|upkeep
|turn|24
|
|t:|1728785530
|move|p1a: Skarmory|Protect|p1a: Skarmory
|-singleturn|p1a: Skarmory|Protect
|move|p2a: zoazo|Taunt|p1a: Skarmory
|-activate|p1a: Skarmory|Protect
|
|-weather|Sandstorm|[upkeep]
|-heal|p1a: Skarmory|51/100|[from] item: Leftovers
|upkeep
|turn|25
|inactive|MCJD931 has 270 seconds left.
|
|t:|1728785567
|switch|p1a: Milotic|Milotic, M|100/100
|move|p2a: zoazo|Taunt|p1a: Milotic
|-start|p1a: Milotic|move: Taunt
|
|-weather|Sandstorm|[upkeep]
|-damage|p1a: Milotic|94/100|[from] Sandstorm
|-heal|p1a: Milotic|100/100|[from] item: Leftovers
|upkeep
|turn|26
|
|t:|1728785571
|move|p2a: zoazo|Rock Slide|p1a: Milotic
|-damage|p1a: Milotic|40/100
|cant|p1a: Milotic|flinch
|
|-weather|Sandstorm|[upkeep]
|-damage|p1a: Milotic|34/100|[from] Sandstorm
|-heal|p1a: Milotic|40/100|[from] item: Leftovers
|-end|p1a: Milotic|move: Taunt|[silent]
|upkeep
|turn|27
|
|t:|1728785582
|move|p2a: zoazo|Earthquake|p1a: Milotic
|-damage|p1a: Milotic|0 fnt
|faint|p1a: Milotic
|
|t:|1728785586
|switch|p1a: Suicune|Suicune|100/100
|
|-weather|Sandstorm|[upkeep]
|-damage|p1a: Suicune|94/100|[from] Sandstorm
|-heal|p1a: Suicune|100/100|[from] item: Leftovers
|upkeep
|turn|28
|
|t:|1728785590
|move|p2a: zoazo|Rock Slide|p1a: Suicune
|-damage|p1a: Suicune|55/100
|cant|p1a: Suicune|flinch
|
|-weather|Sandstorm|[upkeep]
|-damage|p1a: Suicune|49/100|[from] Sandstorm
|-heal|p1a: Suicune|55/100|[from] item: Leftovers
|upkeep
|turn|29
|c|☆MCJD931|you're
|c|☆MCJD931|kidding
|
|t:|1728785602
|move|p2a: zoazo|Rock Slide|p1a: Suicune
|-damage|p1a: Suicune|9/100
|move|p1a: Suicune|Surf|p2a: zoazo
|-supereffective|p2a: zoazo
|-damage|p2a: zoazo|28/100
|
|-weather|Sandstorm|[upkeep]
|-damage|p1a: Suicune|3/100|[from] Sandstorm
|-heal|p1a: Suicune|9/100|[from] item: Leftovers
|upkeep
|turn|30
|inactive|MCJD931 has 270 seconds left.
|
|t:|1728785642
|switch|p1a: Skarmory|Skarmory, F|51/100
|move|p2a: zoazo|Earthquake|p1a: Skarmory
|-immune|p1a: Skarmory
|
|-weather|Sandstorm|[upkeep]
|-heal|p1a: Skarmory|57/100|[from] item: Leftovers
|upkeep
|turn|31
|inactive|MCJD931 has 270 seconds left.
|
|t:|1728785654
|move|p1a: Skarmory|Protect|p1a: Skarmory
|-singleturn|p1a: Skarmory|Protect
|move|p2a: zoazo|Taunt|p1a: Skarmory
|-activate|p1a: Skarmory|Protect
|
|-weather|Sandstorm|[upkeep]
|-heal|p1a: Skarmory|63/100|[from] item: Leftovers
|upkeep
|turn|32
|
|t:|1728785658
|switch|p1a: Claydol|Claydol|21/100
|move|p2a: zoazo|Taunt|p1a: Claydol
|-start|p1a: Claydol|move: Taunt
|
|-weather|Sandstorm|[upkeep]
|-heal|p1a: Claydol|27/100|[from] item: Leftovers
|upkeep
|turn|33
|
|t:|1728785674
|switch|p1a: Skarmory|Skarmory, F|63/100
|move|p2a: zoazo|Rock Slide|p1a: Skarmory
|-damage|p1a: Skarmory|5/100
|
|-weather|Sandstorm|[upkeep]
|-heal|p1a: Skarmory|11/100|[from] item: Leftovers
|upkeep
|turn|34
|
|t:|1728785682
|move|p1a: Skarmory|Protect|p1a: Skarmory
|-singleturn|p1a: Skarmory|Protect
|move|p2a: zoazo|Taunt|p1a: Skarmory
|-activate|p1a: Skarmory|Protect
|
|-weather|Sandstorm|[upkeep]
|-heal|p1a: Skarmory|17/100|[from] item: Leftovers
|upkeep
|turn|35
|inactive|MCJD931 has 270 seconds left.
|
|t:|1728785713
|move|p2a: zoazo|Taunt|p1a: Skarmory
|-start|p1a: Skarmory|move: Taunt
|cant|p1a: Skarmory|move: Taunt|Roar
|
|-weather|Sandstorm|[upkeep]
|-heal|p1a: Skarmory|23/100|[from] item: Leftovers
|upkeep
|turn|36
|
|t:|1728785726
|switch|p1a: Suicune|Suicune|9/100
|move|p2a: zoazo|Rock Slide|p1a: Suicune
|-damage|p1a: Suicune|0 fnt
|faint|p1a: Suicune
|
|t:|1728785734
|switch|p1a: Claydol|Claydol|27/100
|
|-weather|Sandstorm|[upkeep]
|-heal|p1a: Claydol|33/100|[from] item: Leftovers
|upkeep
|turn|37
|
|t:|1728785745
|switch|p1a: Dugtrio|Dugtrio, F|100/100
|move|p2a: zoazo|Rock Slide|p1a: Dugtrio
|-resisted|p1a: Dugtrio
|-crit|p1a: Dugtrio
|-damage|p1a: Dugtrio|0 fnt
|faint|p1a: Dugtrio
|
|t:|1728785755
|switch|p1a: Claydol|Claydol|33/100
|
|-weather|Sandstorm|[upkeep]
|-heal|p1a: Claydol|39/100|[from] item: Leftovers
|upkeep
|turn|38
|
|t:|1728785760
|move|p2a: zoazo|Rock Slide|p1a: Claydol
|-resisted|p1a: Claydol
|-damage|p1a: Claydol|4/100
|move|p1a: Claydol|Earthquake|p2a: zoazo
|-supereffective|p2a: zoazo
|-damage|p2a: zoazo|0 fnt
|faint|p2a: zoazo
|
|t:|1728785781
|switch|p2a: Banterlife|Banette, F|100/100
|
|-weather|Sandstorm|[upkeep]
|-damage|p2a: Banterlife|95/100|[from] Sandstorm
|-heal|p2a: Banterlife|100/100|[from] item: Leftovers
|-heal|p1a: Claydol|10/100|[from] item: Leftovers
|upkeep
|turn|39
|
|t:|1728785786
|switch|p1a: Blissey|Blissey, F|100/100
|move|p2a: Banterlife|Hidden Power|p1a: Blissey
|-supereffective|p1a: Blissey
|-damage|p1a: Blissey|50/100
|
|-weather|Sandstorm|[upkeep]
|-damage|p2a: Banterlife|95/100|[from] Sandstorm
|-damage|p1a: Blissey|44/100|[from] Sandstorm
|-heal|p2a: Banterlife|100/100|[from] item: Leftovers
|-heal|p1a: Blissey|50/100|[from] item: Leftovers
|upkeep
|turn|40
|
|t:|1728785796
|switch|p1a: Skarmory|Skarmory, F|23/100
|move|p2a: Banterlife|Hidden Power|p1a: Skarmory
|-damage|p1a: Skarmory|2/100
|
|-weather|Sandstorm|[upkeep]
|-damage|p2a: Banterlife|95/100|[from] Sandstorm
|-heal|p2a: Banterlife|100/100|[from] item: Leftovers
|-heal|p1a: Skarmory|8/100|[from] item: Leftovers
|upkeep
|turn|41
|
|t:|1728785800
|move|p1a: Skarmory|Protect|p1a: Skarmory
|-singleturn|p1a: Skarmory|Protect
|move|p2a: Banterlife|Hidden Power|p1a: Skarmory
|-activate|p1a: Skarmory|Protect
|
|-weather|Sandstorm|[upkeep]
|-damage|p2a: Banterlife|95/100|[from] Sandstorm
|-heal|p2a: Banterlife|100/100|[from] item: Leftovers
|-heal|p1a: Skarmory|14/100|[from] item: Leftovers
|upkeep
|turn|42
|
|t:|1728785814
|switch|p1a: Claydol|Claydol|10/100
|move|p2a: Banterlife|Hidden Power|p1a: Claydol
|-resisted|p1a: Claydol
|-damage|p1a: Claydol|0 fnt
|faint|p1a: Claydol
|
|t:|1728785821
|switch|p1a: Skarmory|Skarmory, F|14/100
|
|-weather|Sandstorm|[upkeep]
|-damage|p2a: Banterlife|95/100|[from] Sandstorm
|-heal|p2a: Banterlife|100/100|[from] item: Leftovers
|-heal|p1a: Skarmory|20/100|[from] item: Leftovers
|upkeep
|turn|43
|
|t:|1728785827
|move|p1a: Skarmory|Protect|p1a: Skarmory
|-singleturn|p1a: Skarmory|Protect
|move|p2a: Banterlife|Hidden Power|p1a: Skarmory
|-activate|p1a: Skarmory|Protect
|
|-weather|Sandstorm|[upkeep]
|-damage|p2a: Banterlife|95/100|[from] Sandstorm
|-heal|p2a: Banterlife|100/100|[from] item: Leftovers
|-heal|p1a: Skarmory|26/100|[from] item: Leftovers
|upkeep
|turn|44
|
|t:|1728785848
|move|p2a: Banterlife|Hidden Power|p1a: Skarmory
|-damage|p1a: Skarmory|8/100
|move|p1a: Skarmory|Drill Peck|p2a: Banterlife
|-damage|p2a: Banterlife|60/100
|
|-weather|Sandstorm|[upkeep]
|-damage|p2a: Banterlife|55/100|[from] Sandstorm
|-heal|p2a: Banterlife|60/100|[from] item: Leftovers
|-heal|p1a: Skarmory|14/100|[from] item: Leftovers
|upkeep
|turn|45
|
|t:|1728785863
|switch|p2a: NoOneAtAII|Zapdos|57/100
|move|p1a: Skarmory|Protect||[still]
|-fail|p1a: Skarmory
|
|-weather|Sandstorm|[upkeep]
|-damage|p2a: NoOneAtAII|51/100|[from] Sandstorm
|-heal|p2a: NoOneAtAII|57/100|[from] item: Leftovers
|-heal|p1a: Skarmory|20/100|[from] item: Leftovers
|upkeep
|turn|46
|
|t:|1728785869
|move|p1a: Skarmory|Protect|p1a: Skarmory
|-singleturn|p1a: Skarmory|Protect
|move|p2a: NoOneAtAII|Substitute|p2a: NoOneAtAII
|-start|p2a: NoOneAtAII|Substitute
|-damage|p2a: NoOneAtAII|32/100
|
|-weather|Sandstorm|[upkeep]
|-damage|p2a: NoOneAtAII|26/100|[from] Sandstorm
|-heal|p2a: NoOneAtAII|32/100|[from] item: Leftovers
|-heal|p1a: Skarmory|26/100|[from] item: Leftovers
|upkeep
|turn|47
|
|t:|1728785873
|switch|p1a: Blissey|Blissey, F|50/100
|move|p2a: NoOneAtAII|Baton Pass|p2a: NoOneAtAII
|
|t:|1728785879
|switch|p2a: Banterlife|Banette, F|60/100|[from] Baton Pass
|
|-weather|Sandstorm|[upkeep]
|-damage|p2a: Banterlife|55/100|[from] Sandstorm
|-damage|p1a: Blissey|44/100|[from] Sandstorm
|-heal|p2a: Banterlife|60/100|[from] item: Leftovers
|-heal|p1a: Blissey|50/100|[from] item: Leftovers
|upkeep
|turn|48
|
|t:|1728785885
|move|p2a: Banterlife|Hidden Power|p1a: Blissey
|-supereffective|p1a: Blissey
|-damage|p1a: Blissey|3/100
|move|p1a: Blissey|Soft-Boiled|p1a: Blissey
|-heal|p1a: Blissey|53/100
|
|-weather|Sandstorm|[upkeep]
|-damage|p2a: Banterlife|55/100|[from] Sandstorm
|-damage|p1a: Blissey|47/100|[from] Sandstorm
|-heal|p2a: Banterlife|60/100|[from] item: Leftovers
|-heal|p1a: Blissey|53/100|[from] item: Leftovers
|upkeep
|turn|49
|
|t:|1728785898
|move|p2a: Banterlife|Taunt|p1a: Blissey
|-start|p1a: Blissey|move: Taunt
|cant|p1a: Blissey|move: Taunt|Soft-Boiled
|
|-weather|Sandstorm|[upkeep]
|-damage|p2a: Banterlife|55/100|[from] Sandstorm
|-damage|p1a: Blissey|47/100|[from] Sandstorm
|-heal|p2a: Banterlife|60/100|[from] item: Leftovers
|-heal|p1a: Blissey|53/100|[from] item: Leftovers
|upkeep
|turn|50
|
|t:|1728785908
|move|p2a: Banterlife|Hidden Power|p1a: Blissey
|-supereffective|p1a: Blissey
|-damage|p1a: Blissey|3/100
|move|p1a: Blissey|Ice Beam|p2a: Banterlife
|-end|p2a: Banterlife|Substitute
|
|-weather|Sandstorm|[upkeep]
|-damage|p2a: Banterlife|55/100|[from] Sandstorm
|-damage|p1a: Blissey|0 fnt|[from] Sandstorm
|faint|p1a: Blissey
|-heal|p2a: Banterlife|60/100|[from] item: Leftovers
|upkeep
|
|t:|1728785913
|switch|p1a: Skarmory|Skarmory, F|26/100
|turn|51
|
|t:|1728785925
|move|p2a: Banterlife|Hidden Power|p1a: Skarmory
|-damage|p1a: Skarmory|8/100
|move|p1a: Skarmory|Drill Peck|p2a: Banterlife
|-damage|p2a: Banterlife|20/100
|
|-weather|Sandstorm|[upkeep]
|-damage|p2a: Banterlife|14/100|[from] Sandstorm
|-heal|p2a: Banterlife|20/100|[from] item: Leftovers
|-heal|p1a: Skarmory|14/100|[from] item: Leftovers
|upkeep
|turn|52
|
|t:|1728785934
|move|p1a: Skarmory|Protect|p1a: Skarmory
|-singleturn|p1a: Skarmory|Protect
|move|p2a: Banterlife|Hidden Power|p1a: Skarmory
|-activate|p1a: Skarmory|Protect
|
|-weather|Sandstorm|[upkeep]
|-damage|p2a: Banterlife|14/100|[from] Sandstorm
|-heal|p2a: Banterlife|20/100|[from] item: Leftovers
|-heal|p1a: Skarmory|20/100|[from] item: Leftovers
|upkeep
|turn|53
|
|t:|1728785959
|move|p2a: Banterlife|Hidden Power|p1a: Skarmory
|-damage|p1a: Skarmory|0 fnt
|faint|p1a: Skarmory
|
|win|witgiz
|c|☆witgiz|im genuinely so sorry for the hax
|player|p1|

</script>
<script type="application/json" class="data" id="replaydata-smogtours-gen3ou-797926">
{"id":"smogtours-gen3ou-797926","format":"[Gen 3] OU","players":["MCJD931","witgiz"],"uploadtime":1728785959,"views":144,"formatid":"gen3ou","rating":null,"private":0,"password":null}
</script>

<script defer src="js/replays.js?9d40a366"></script>
