<!DOCTYPE html>
<meta charset="utf-8" />
<meta name="viewport" content="width=device-width" />

<title>[Gen 3] OU: kug98 vs. Donly Phans - Replays - Pok&eacute;mon Showdown!</title>

<meta name="description" content="Watch a replay of a Pok&eacute;mon battle between kug98 and Donly Phans! Format: [Gen 3] OU; Date: Oct 19, 2024" />
<!--

Hey, you! Looking in the source for the replay log?

You can find them in JSON format, just add `.json` at the end of a replay URL.

https://replay.pokemonshowdown.com/gen7randomdoublesbattle-865046831.json

Or, if you only need the log itself, add `.log` instead:

https://replay.pokemonshowdown.com/gen7randomdoublesbattle-865046831.log

-->

<link rel="stylesheet" href="//pokemonshowdown.com/style/global.css?0.767286132409787" />
<link rel="stylesheet" href="//play.pokemonshowdown.com/style/font-awesome.css?0.9266228007934947" />
<link rel="stylesheet" href="//play.pokemonshowdown.com/style/battle.css?0.7924700842790926" />
<link rel="stylesheet" href="//play.pokemonshowdown.com/style/utilichart.css?0.8777417872839479" />

<!-- Global site tag (gtag.js) - Google Analytics -->
<script async src="https://www.googletagmanager.com/gtag/js?id=UA-26211653-1"></script>
<script>
  window.dataLayer = window.dataLayer || [];
  function gtag(){dataLayer.push(arguments);}
  gtag('js', new Date());

  gtag('config', 'UA-26211653-1');
</script>
<!-- End Google Analytics -->
<!-- Venatus Ad Manager - Install in <HEAD> of page -->
	<script src="https://hb.vntsm.com/v3/live/ad-manager.min.js" type="text/javascript" data-site-id="642aba63ec9a7b11c3c9c1be" data-mode="scan" async></script>
<!-- / Venatus Ad Manager -->

<style>
	@media (max-width:820px) {
		.battle {
			margin: 0 auto;
		}
		.battle-log {
			margin: 7px auto 0;
			max-width: 640px;
			height: 300px;
			position: static;
		}
	}
	.optgroup {
		display: inline-block;
		line-height: 22px;
		font-size: 10pt;
	}
	.optgroup .button {
		height: 25px;
		padding-top: 0;
		padding-bottom: 0;
	}
	.optgroup button.button {
		padding-left: 12px;
		padding-right: 12px;
	}
	.linklist {
		list-style: none;
		margin: 0.5em 0;
		padding: 0;
	}
	.linklist li {
		padding: 2px 0;
	}
	.sidebar {
		float: left;
		width: 320px;
	}
	.bar-wrapper {
		max-width: 1100px;
		margin: 0 auto;
	}
	.bar-wrapper.has-sidebar {
		max-width: 1430px;
	}
	.mainbar {
		margin: 0;
		padding-right: 1px;
	}
	.mainbar.has-sidebar {
		margin-left: 330px;
	}
	@media (min-width: 1511px) {
		.sidebar {
			width: 400px;
		}
		.bar-wrapper.has-sidebar {
			max-width: 1510px;
		}
		.mainbar.has-sidebar {
			margin-left: 410px;
		}
	}
	.section.first-section {
		margin-top: 9px;
	}
	.blocklink small {
		white-space: normal;
	}
	.button {
		vertical-align: middle;
	}
	.replay-controls {
		padding-top: 10px;
	}
	.replay-controls h1 {
		font-size: 16pt;
		font-weight: normal;
		color: #CCC;
	}
	.pagelink {
		text-align: center;
	}
	.pagelink a {
		width: 150px;
	}
	.textbox, .button {
		font-size: 11pt;
		vertical-align: middle;
	}
	@media (max-width: 450px) {
		.button {
			font-size: 9pt;
		}
	}
</style>

<div>

	<header>
		<div class="nav-wrapper"><ul class="nav">
			<li><a class="button nav-first" href="//pokemonshowdown.com/"><img src="//pokemonshowdown.com/images/pokemonshowdownbeta.png" srcset="//pokemonshowdown.com/images/pokemonshowdownbeta.png 1x, //pokemonshowdown.com/images/pokemonshowdownbeta@2x.png 2x" alt="Pok&eacute;mon Showdown" width="146" height="44" /> Home</a></li>
			<li><a class="button" href="//pokemonshowdown.com/dex/">Pok&eacute;dex</a></li>
			<li><a class="button cur" href="/">Replays</a></li>
			<li><a class="button" href="//pokemonshowdown.com/ladder/">Ladder</a></li>
			<li><a class="button nav-last" href="//pokemonshowdown.com/forums/">Forum</a></li>
			<li><a class="button greenbutton nav-first nav-last" href="//play.pokemonshowdown.com/">Play</a></li>
		</ul></div>
	</header>

	<div class="main" id="main">

		<noscript><section class="section">You need to enable JavaScript to use this page; sorry!</section></noscript>

	</div>

</div>

<script defer nomodule src="//play.pokemonshowdown.com/js/lib/ps-polyfill.js"></script>
<script defer src="//play.pokemonshowdown.com/js/lib/preact.min.js"></script>

<script defer src="//play.pokemonshowdown.com/config/config.js?6dec07f6"></script>
<script defer src="//play.pokemonshowdown.com/js/lib/jquery-1.11.0.min.js"></script>
<script defer src="//play.pokemonshowdown.com/js/lib/html-sanitizer-minified.js"></script>
<script defer src="//play.pokemonshowdown.com/js/battle-sound.js"></script>
<script defer src="//play.pokemonshowdown.com/js/battledata.js?0.6315294753075389"></script>
<script defer src="//play.pokemonshowdown.com/data/pokedex-mini.js?0.7603743185311358"></script>
<script defer src="//play.pokemonshowdown.com/data/pokedex-mini-bw.js?0.030888842834281283"></script>
<script defer src="//play.pokemonshowdown.com/data/graphics.js?0.05593094747507488"></script>
<script defer src="//play.pokemonshowdown.com/data/pokedex.js?0.47064822249611904"></script>
<script defer src="//play.pokemonshowdown.com/data/moves.js?0.8583693120512459"></script>
<script defer src="//play.pokemonshowdown.com/data/abilities.js?0.16017181182386842"></script>
<script defer src="//play.pokemonshowdown.com/data/items.js?0.4163379185673943"></script>
<script defer src="//play.pokemonshowdown.com/data/teambuilder-tables.js?0.31075597372830477"></script>
<script defer src="//play.pokemonshowdown.com/js/battle-tooltips.js?0.6536193500708172"></script>
<script defer src="//play.pokemonshowdown.com/js/battle.js?0.1916591943277901"></script>

<script defer src="js/utils.js?e31f9a17"></script>
<script defer src="js/replays-battle.js?7008c182"></script>

<!-- don't scrape this data! just add .json or .log after the URL!
Full API docs: https://github.com/smogon/pokemon-showdown-client/blob/master/WEB-API.md -->
<script type="text/plain" class="log" id="replaylog-smogtours-gen3ou-800004">
|inactive|Battle timer is ON: inactive players will automatically lose when time's up.
|t:|1729363773
|gametype|singles
|player|p1|kug98|102|
|player|p2|Donly Phans|noland-gen3|
|teamsize|p1|6
|teamsize|p2|6
|gen|3
|tier|[Gen 3] OU
|rule|Sleep Clause Mod: Limit one foe put to sleep
|rule|Switch Priority Clause Mod: Faster Pokémon switch first
|rule|Species Clause: Limit one of each Pokémon
|rule|OHKO Clause: OHKO moves are banned
|rule|Evasion Items Clause: Evasion items are banned
|rule|Evasion Moves Clause: Evasion moves are banned
|rule|Endless Battle Clause: Forcing endless battles is banned
|rule|HP Percentage Mod: HP is shown in percentages
|rule|One Boost Passer Clause: Limit one Baton Passer that has a way to boost its stats
|rule|Freeze Clause Mod: Limit one foe frozen
|
|t:|1729363773
|start
|switch|p1a: Dodrio|Dodrio, M|100/100
|switch|p2a: Prickly Opening|Zapdos|100/100
|turn|1
|inactive|kug98 has 270 seconds left.
|inactive|Donly Phans has 270 seconds left.
|inactive|Donly Phans has 240 seconds left.
|inactive|kug98 has 240 seconds left.
|inactive|Donly Phans has 210 seconds left.
|
|t:|1729363871
|switch|p1a: Blissey|Blissey, F|100/100
|move|p2a: Prickly Opening|Agility|p2a: Prickly Opening
|-boost|p2a: Prickly Opening|spe|2
|
|upkeep
|turn|2
|inactive|Donly Phans has 270 seconds left.
|
|t:|1729363890
|move|p2a: Prickly Opening|Baton Pass|p2a: Prickly Opening
|
|t:|1729363904
|switch|p2a: Blue Himself|Heracross, M|100/100|[from] Baton Pass
|move|p1a: Blissey|Ice Beam|p2a: Blue Himself
|-crit|p2a: Blue Himself
|-damage|p2a: Blue Himself|45/100
|
|-heal|p2a: Blue Himself|51/100|[from] item: Leftovers
|upkeep
|turn|3
|
|t:|1729363924
|switch|p1a: Gengar|Gengar, M|100/100
|move|p2a: Blue Himself|Swords Dance|p2a: Blue Himself
|-boost|p2a: Blue Himself|atk|2
|
|-heal|p2a: Blue Himself|57/100|[from] item: Leftovers
|upkeep
|turn|4
|
|t:|1729363932
|move|p2a: Blue Himself|Rock Slide|p1a: Gengar
|-damage|p1a: Gengar|0 fnt
|faint|p1a: Gengar
|
|t:|1729363939
|switch|p1a: Metagross|Metagross|100/100
|
|-heal|p2a: Blue Himself|63/100|[from] item: Leftovers
|upkeep
|turn|5
|inactive|Donly Phans has 270 seconds left.
|
|t:|1729363961
|move|p2a: Blue Himself|Megahorn|p1a: Metagross
|-damage|p1a: Metagross|13/100
|move|p1a: Metagross|Explosion|p2a: Blue Himself
|-crit|p2a: Blue Himself
|-damage|p2a: Blue Himself|0 fnt
|faint|p1a: Metagross
|faint|p2a: Blue Himself
|inactive|Donly Phans has 240 seconds left.
|
|t:|1729364001
|switch|p2a: Solomonce|Salamence, F|100/100
|switch|p1a: Dodrio|Dodrio, M|100/100
|-ability|p2a: Solomonce|Intimidate|boost
|-unboost|p1a: Dodrio|atk|1
|
|upkeep
|turn|6
|inactive|Donly Phans has 240 seconds left.
|
|t:|1729364036
|move|p1a: Dodrio|Baton Pass|p1a: Dodrio
|
|t:|1729364037
|switch|p1a: Celebi|Celebi|100/100|[from] Baton Pass
|move|p2a: Solomonce|Rock Slide|p1a: Celebi
|-damage|p1a: Celebi|71/100
|
|-heal|p1a: Celebi|78/100|[from] item: Leftovers
|upkeep
|turn|7
|inactive|Donly Phans has 210 seconds left.
|
|t:|1729364068
|move|p1a: Celebi|Hidden Power|p2a: Solomonce
|-supereffective|p2a: Solomonce
|-damage|p2a: Solomonce|5/100
|move|p2a: Solomonce|Dragon Dance|p2a: Solomonce
|-boost|p2a: Solomonce|atk|1
|-boost|p2a: Solomonce|spe|1
|
|-heal|p2a: Solomonce|12/100|[from] item: Leftovers
|-heal|p1a: Celebi|84/100|[from] item: Leftovers
|upkeep
|turn|8
|inactive|Donly Phans has 180 seconds left.
|
|t:|1729364103
|switch|p1a: Magneton|Magneton|100/100
|move|p2a: Solomonce|Hidden Power|p1a: Magneton
|-resisted|p1a: Magneton
|-damage|p1a: Magneton|78/100
|
|-heal|p2a: Solomonce|18/100|[from] item: Leftovers
|upkeep
|turn|9
|inactive|Donly Phans has 180 seconds left.
|
|t:|1729364114
|move|p2a: Solomonce|Earthquake|p1a: Magneton
|-supereffective|p1a: Magneton
|-damage|p1a: Magneton|0 fnt
|faint|p1a: Magneton
|
|t:|1729364116
|switch|p1a: Blissey|Blissey, F|100/100
|
|-heal|p2a: Solomonce|24/100|[from] item: Leftovers
|upkeep
|turn|10
|
|t:|1729364129
|switch|p2a: Green Man|Celebi|100/100
|move|p1a: Blissey|Ice Beam|p2a: Green Man
|-supereffective|p2a: Green Man
|-damage|p2a: Green Man|64/100
|
|-heal|p2a: Green Man|70/100|[from] item: Leftovers
|upkeep
|turn|11
|
|t:|1729364158
|switch|p1a: Dodrio|Dodrio, M|100/100
|move|p2a: Green Man|Leech Seed|p1a: Dodrio
|-start|p1a: Dodrio|move: Leech Seed
|
|-damage|p1a: Dodrio|88/100|[from] Leech Seed|[of] p2a: Green Man
|-heal|p2a: Green Man|78/100|[silent]
|-heal|p2a: Green Man|84/100|[from] item: Leftovers
|upkeep
|turn|12
|inactive|Donly Phans has 180 seconds left.
|
|t:|1729364194
|switch|p2a: Starter? Finisher|Swampert, M|100/100
|move|p1a: Dodrio|Baton Pass|p1a: Dodrio
|
|t:|1729364196
|switch|p1a: Celebi|Celebi|84/100|[from] Baton Pass
|
|-heal|p1a: Celebi|90/100|[from] item: Leftovers
|-damage|p1a: Celebi|78/100|[from] Leech Seed|[of] p2a: Starter? Finisher
|upkeep
|turn|13
|inactive|Donly Phans has 150 seconds left.
|
|t:|1729364230
|switch|p2a: Prickly Opening|Zapdos|100/100
|move|p1a: Celebi|Giga Drain|p2a: Prickly Opening
|-resisted|p2a: Prickly Opening
|-damage|p2a: Prickly Opening|88/100
|-heal|p1a: Celebi|83/100|[from] drain|[of] p2a: Prickly Opening
|
|-heal|p1a: Celebi|90/100|[from] item: Leftovers
|-damage|p1a: Celebi|77/100|[from] Leech Seed|[of] p2a: Prickly Opening
|-heal|p2a: Prickly Opening|100/100|[silent]
|upkeep
|turn|14
|inactive|Donly Phans has 150 seconds left.
|inactive|kug98 has 270 seconds left.
|inactive|Donly Phans has 120 seconds left.
|
|t:|1729364269
|switch|p1a: Blissey|Blissey, F|100/100
|move|p2a: Prickly Opening|Agility|p2a: Prickly Opening
|-boost|p2a: Prickly Opening|spe|2
|
|upkeep
|turn|15
|inactive|Donly Phans has 120 seconds left.
|
|t:|1729364287
|move|p2a: Prickly Opening|Baton Pass|p2a: Prickly Opening
|
|t:|1729364308
|switch|p2a: Green Man|Celebi|84/100|[from] Baton Pass
|move|p1a: Blissey|Sing|p2a: Green Man
|-status|p2a: Green Man|slp|[from] move: Sing
|
|-heal|p2a: Green Man|91/100 slp|[from] item: Leftovers
|upkeep
|turn|16
|inactive|Donly Phans has 90 seconds left.
|
|t:|1729364345
|-curestatus|p2a: Green Man|slp|[from] ability: Natural Cure
|switch|p2a: Starter? Finisher|Swampert, M|100/100
|move|p1a: Blissey|Ice Beam|p2a: Starter? Finisher
|-damage|p2a: Starter? Finisher|80/100
|
|-heal|p2a: Starter? Finisher|86/100|[from] item: Leftovers
|upkeep
|turn|17
|inactive|Donly Phans has 60 seconds left.
|inactive|Donly Phans has 30 seconds left.
|
|t:|1729364409
|switch|p2a: Clingy|Magneton|100/100
|move|p1a: Blissey|Sing|p2a: Clingy
|-status|p2a: Clingy|slp|[from] move: Sing
|
|upkeep
|turn|18
|inactive|Donly Phans has 30 seconds left.
|inactive|Donly Phans has 20 seconds left.
|inactive|Donly Phans has 15 seconds left.
|
|t:|1729364429
|switch|p2a: Starter? Finisher|Swampert, M|86/100
|switch|p1a: Celebi|Celebi|77/100
|
|-heal|p1a: Celebi|83/100|[from] item: Leftovers
|-heal|p2a: Starter? Finisher|92/100|[from] item: Leftovers
|upkeep
|turn|19
|inactive|Donly Phans has 25 seconds left this turn.
|inactive|Donly Phans has 20 seconds left.
|inactive|Donly Phans has 15 seconds left.
|inactive|Donly Phans has 10 seconds left.
|
|t:|1729364448
|switch|p2a: Prickly Opening|Zapdos|100/100
|move|p1a: Celebi|Hidden Power|p2a: Prickly Opening
|-supereffective|p2a: Prickly Opening
|-damage|p2a: Prickly Opening|59/100
|
|-heal|p1a: Celebi|90/100|[from] item: Leftovers
|-heal|p2a: Prickly Opening|65/100|[from] item: Leftovers
|upkeep
|turn|20
|inactive|Donly Phans has 20 seconds left this turn.
|inactive|Donly Phans has 15 seconds left.
|inactive|Donly Phans has 10 seconds left.
|inactive|Donly Phans has 5 seconds left.
|
|t:|1729364464
|move|p1a: Celebi|Hidden Power|p2a: Prickly Opening
|-supereffective|p2a: Prickly Opening
|-damage|p2a: Prickly Opening|25/100
|move|p2a: Prickly Opening|Agility|p2a: Prickly Opening
|-boost|p2a: Prickly Opening|spe|2
|
|-heal|p2a: Prickly Opening|32/100|[from] item: Leftovers
|-heal|p1a: Celebi|96/100|[from] item: Leftovers
|upkeep
|turn|21
|inactive|Donly Phans has 15 seconds left this turn.
|inactive|Donly Phans has 10 seconds left.
|
|t:|1729364472
|move|p2a: Prickly Opening|Baton Pass|p2a: Prickly Opening
|inactive|Donly Phans has 15 seconds left this turn.
|inactive|Donly Phans has 10 seconds left.
|inactive|Donly Phans has 5 seconds left.
|
|t:|1729364484
|switch|p2a: Green Man|Celebi|91/100|[from] Baton Pass
|move|p1a: Celebi|Hidden Power|p2a: Green Man
|-supereffective|p2a: Green Man
|-damage|p2a: Green Man|61/100
|
|-heal|p2a: Green Man|67/100|[from] item: Leftovers
|-heal|p1a: Celebi|100/100|[from] item: Leftovers
|upkeep
|turn|22
|inactive|Donly Phans has 15 seconds left this turn.
|inactive|Donly Phans has 10 seconds left.
|
|t:|1729364491
|move|p2a: Green Man|Recover|p2a: Green Man
|-heal|p2a: Green Man|100/100
|move|p1a: Celebi|Hidden Power|p2a: Green Man
|-supereffective|p2a: Green Man
|-damage|p2a: Green Man|70/100
|
|-heal|p2a: Green Man|76/100|[from] item: Leftovers
|upkeep
|turn|23
|inactive|Donly Phans has 20 seconds left this turn.
|inactive|Donly Phans has 15 seconds left.
|
|t:|1729364498
|switch|p1a: Dodrio|Dodrio, M|88/100
|move|p2a: Green Man|Psychic|p1a: Dodrio
|-damage|p1a: Dodrio|26/100
|
|-heal|p2a: Green Man|82/100|[from] item: Leftovers
|upkeep
|turn|24
|inactive|Donly Phans has 25 seconds left this turn.
|inactive|Donly Phans has 20 seconds left.
|inactive|Donly Phans has 15 seconds left.
|inactive|Donly Phans has 10 seconds left.
|
|t:|1729364516
|switch|p1a: Blissey|Blissey, F|100/100
|move|p2a: Green Man|Psychic|p1a: Blissey
|-damage|p1a: Blissey|87/100
|
|-heal|p2a: Green Man|88/100|[from] item: Leftovers
|-heal|p1a: Blissey|93/100|[from] item: Leftovers
|upkeep
|turn|25
|inactive|Donly Phans has 20 seconds left this turn.
|inactive|Donly Phans has 15 seconds left.
|
|t:|1729364522
|move|p2a: Green Man|Leech Seed|p1a: Blissey|[miss]
|-miss|p2a: Green Man|p1a: Blissey
|move|p1a: Blissey|Ice Beam|p2a: Green Man
|-supereffective|p2a: Green Man
|-damage|p2a: Green Man|49/100
|
|-heal|p2a: Green Man|55/100|[from] item: Leftovers
|-heal|p1a: Blissey|99/100|[from] item: Leftovers
|upkeep
|turn|26
|inactive|Donly Phans has 25 seconds left this turn.
|inactive|Donly Phans has 20 seconds left.
|
|t:|1729364527
|move|p2a: Green Man|Leech Seed|p1a: Blissey
|-start|p1a: Blissey|move: Leech Seed
|move|p1a: Blissey|Thunder Wave|p2a: Green Man
|-status|p2a: Green Man|par
|
|-heal|p1a: Blissey|100/100|[from] item: Leftovers
|-damage|p1a: Blissey|88/100|[from] Leech Seed|[of] p2a: Green Man
|-heal|p2a: Green Man|75/100 par|[silent]
|-heal|p2a: Green Man|81/100 par|[from] item: Leftovers
|upkeep
|turn|27
|inactive|Donly Phans has 30 seconds left this turn.
|
|t:|1729364535
|switch|p1a: Celebi|Celebi|100/100
|move|p2a: Green Man|Baton Pass|p2a: Green Man
|inactive|Donly Phans has 30 seconds left this turn.
|inactive|Donly Phans has 20 seconds left.
|
|t:|1729364549
|-curestatus|p2a: Green Man|par|[from] ability: Natural Cure
|switch|p2a: Prickly Opening|Zapdos|32/100|[from] Baton Pass
|
|-heal|p2a: Prickly Opening|38/100|[from] item: Leftovers
|upkeep
|turn|28
|inactive|Donly Phans has 30 seconds left this turn.
|inactive|Donly Phans has 20 seconds left.
|inactive|Donly Phans has 15 seconds left.
|
|t:|1729364566
|move|p2a: Prickly Opening|Thunderbolt|p1a: Celebi
|-resisted|p1a: Celebi
|-damage|p1a: Celebi|77/100
|move|p1a: Celebi|Hidden Power|p2a: Prickly Opening
|-supereffective|p2a: Prickly Opening
|-damage|p2a: Prickly Opening|0 fnt
|faint|p2a: Prickly Opening
|inactive|Donly Phans has 20 seconds left this turn.
|inactive|Donly Phans has 15 seconds left.
|inactive|Donly Phans has 10 seconds left.
|
|t:|1729364579
|switch|p2a: Green Man|Celebi|81/100
|
|-heal|p1a: Celebi|83/100|[from] item: Leftovers
|-heal|p2a: Green Man|87/100|[from] item: Leftovers
|upkeep
|turn|29
|inactive|Donly Phans has 20 seconds left this turn.
|inactive|Donly Phans has 15 seconds left.
|
|t:|1729364585
|switch|p1a: Blissey|Blissey, F|88/100
|move|p2a: Green Man|Psychic|p1a: Blissey
|-damage|p1a: Blissey|76/100
|
|-heal|p2a: Green Man|93/100|[from] item: Leftovers
|-heal|p1a: Blissey|82/100|[from] item: Leftovers
|upkeep
|turn|30
|inactive|Donly Phans has 25 seconds left this turn.
|
|t:|1729364589
|move|p2a: Green Man|Leech Seed|p1a: Blissey
|-start|p1a: Blissey|move: Leech Seed
|move|p1a: Blissey|Thunder Wave|p2a: Green Man
|-status|p2a: Green Man|par
|
|-heal|p1a: Blissey|88/100|[from] item: Leftovers
|-damage|p1a: Blissey|76/100|[from] Leech Seed|[of] p2a: Green Man
|-heal|p2a: Green Man|100/100 par|[silent]
|upkeep
|turn|31
|inactive|Donly Phans has 30 seconds left.
|
|t:|1729364595
|switch|p1a: Celebi|Celebi|83/100
|cant|p2a: Green Man|par
|
|-heal|p1a: Celebi|89/100|[from] item: Leftovers
|upkeep
|turn|32
|
|t:|1729364603
|move|p1a: Celebi|Hidden Power|p2a: Green Man
|-supereffective|p2a: Green Man
|-damage|p2a: Green Man|69/100 par
|move|p2a: Green Man|Psychic|p1a: Celebi
|-resisted|p1a: Celebi
|-damage|p1a: Celebi|74/100
|
|-heal|p1a: Celebi|80/100|[from] item: Leftovers
|-heal|p2a: Green Man|75/100 par|[from] item: Leftovers
|upkeep
|turn|33
|
|t:|1729364616
|-curestatus|p2a: Green Man|par|[from] ability: Natural Cure
|switch|p2a: Clingy|Magneton|100/100 slp
|move|p1a: Celebi|Hidden Power|p2a: Clingy
|-resisted|p2a: Clingy
|-damage|p2a: Clingy|83/100 slp
|
|-heal|p1a: Celebi|86/100|[from] item: Leftovers
|upkeep
|turn|34
|inactive|Donly Phans has 30 seconds left.
|
|t:|1729364637
|switch|p2a: Green Man|Celebi|75/100
|move|p1a: Celebi|Leech Seed|p2a: Green Man
|-immune|p2a: Green Man
|
|-heal|p1a: Celebi|93/100|[from] item: Leftovers
|-heal|p2a: Green Man|82/100|[from] item: Leftovers
|upkeep
|turn|35
|inactive|Donly Phans has 30 seconds left.
|
|t:|1729364644
|switch|p1a: Blissey|Blissey, F|76/100
|switch|p2a: Clingy|Magneton|83/100 slp
|
|-heal|p1a: Blissey|82/100|[from] item: Leftovers
|upkeep
|turn|36
|inactive|Donly Phans has 30 seconds left.
|
|t:|1729364655
|switch|p1a: Dodrio|Dodrio, M|26/100
|cant|p2a: Clingy|slp
|
|upkeep
|turn|37
|
|t:|1729364662
|move|p1a: Dodrio|Hidden Power|p2a: Clingy
|-supereffective|p2a: Clingy
|-damage|p2a: Clingy|0 fnt
|faint|p2a: Clingy
|
|t:|1729364666
|switch|p2a: Solomonce|Salamence, F|24/100
|-ability|p2a: Solomonce|Intimidate|boost
|-unboost|p1a: Dodrio|atk|1
|
|-heal|p2a: Solomonce|30/100|[from] item: Leftovers
|upkeep
|turn|38
|
|t:|1729364672
|switch|p1a: Blissey|Blissey, F|82/100
|move|p2a: Solomonce|Dragon Dance|p2a: Solomonce
|-boost|p2a: Solomonce|atk|1
|-boost|p2a: Solomonce|spe|1
|
|-heal|p2a: Solomonce|36/100|[from] item: Leftovers
|-heal|p1a: Blissey|88/100|[from] item: Leftovers
|upkeep
|turn|39
|inactive|Donly Phans has 30 seconds left.
|
|t:|1729364712
|move|p2a: Solomonce|Rock Slide|p1a: Blissey
|-damage|p1a: Blissey|42/100
|cant|p1a: Blissey|flinch
|
|-heal|p2a: Solomonce|42/100|[from] item: Leftovers
|-heal|p1a: Blissey|48/100|[from] item: Leftovers
|upkeep
|turn|40
|inactive|Donly Phans has 30 seconds left.
|
|t:|1729364722
|move|p2a: Solomonce|Hidden Power|p1a: Blissey
|-damage|p1a: Blissey|0 fnt
|faint|p1a: Blissey
|c|☆Donly Phans|wp me
|
|t:|1729364726
|switch|p1a: Celebi|Celebi|93/100
|
|-heal|p2a: Solomonce|48/100|[from] item: Leftovers
|-heal|p1a: Celebi|99/100|[from] item: Leftovers
|upkeep
|turn|41
|inactive|Donly Phans has 30 seconds left.
|inactive|Donly Phans has 20 seconds left.
|inactive|Donly Phans has 15 seconds left.
|
|t:|1729364760
|switch|p2a: Green Man|Celebi|82/100
|move|p1a: Celebi|Hidden Power|p2a: Green Man
|-supereffective|p2a: Green Man
|-damage|p2a: Green Man|48/100
|
|-heal|p1a: Celebi|100/100|[from] item: Leftovers
|-heal|p2a: Green Man|54/100|[from] item: Leftovers
|upkeep
|turn|42
|inactive|Donly Phans has 25 seconds left this turn.
|inactive|Donly Phans has 20 seconds left.
|
|t:|1729364767
|move|p1a: Celebi|Hidden Power|p2a: Green Man
|-supereffective|p2a: Green Man
|-damage|p2a: Green Man|21/100
|move|p2a: Green Man|Recover|p2a: Green Man
|-heal|p2a: Green Man|71/100
|
|-heal|p2a: Green Man|77/100|[from] item: Leftovers
|upkeep
|turn|43
|inactive|Donly Phans has 30 seconds left this turn.
|
|t:|1729364770
|move|p1a: Celebi|Psychic|p2a: Green Man
|-resisted|p2a: Green Man
|-damage|p2a: Green Man|62/100
|-unboost|p2a: Green Man|spd|1
|move|p2a: Green Man|Recover|p2a: Green Man
|-heal|p2a: Green Man|100/100
|
|upkeep
|turn|44
|inactive|Donly Phans has 30 seconds left.
|
|t:|1729364784
|move|p1a: Celebi|Psychic|p2a: Green Man
|-resisted|p2a: Green Man
|-damage|p2a: Green Man|79/100
|-unboost|p2a: Green Man|spd|1
|move|p2a: Green Man|Psychic|p1a: Celebi
|-resisted|p1a: Celebi
|-damage|p1a: Celebi|86/100
|
|-heal|p1a: Celebi|92/100|[from] item: Leftovers
|-heal|p2a: Green Man|85/100|[from] item: Leftovers
|upkeep
|turn|45
|inactive|Donly Phans has 30 seconds left.
|
|t:|1729364797
|move|p1a: Celebi|Hidden Power|p2a: Green Man
|-supereffective|p2a: Green Man
|-damage|p2a: Green Man|25/100
|move|p2a: Green Man|Recover|p2a: Green Man
|-heal|p2a: Green Man|75/100
|
|-heal|p1a: Celebi|98/100|[from] item: Leftovers
|-heal|p2a: Green Man|81/100|[from] item: Leftovers
|upkeep
|turn|46
|
|t:|1729364805
|switch|p2a: Starter? Finisher|Swampert, M|92/100
|move|p1a: Celebi|Giga Drain|p2a: Starter? Finisher
|-supereffective|p2a: Starter? Finisher
|-damage|p2a: Starter? Finisher|0 fnt
|-heal|p1a: Celebi|100/100|[from] drain|[of] p2a: Starter? Finisher
|faint|p2a: Starter? Finisher
|
|t:|1729364811
|switch|p2a: Green Man|Celebi|81/100
|
|-heal|p2a: Green Man|87/100|[from] item: Leftovers
|upkeep
|turn|47
|
|t:|1729364815
|move|p1a: Celebi|Psychic|p2a: Green Man
|-resisted|p2a: Green Man
|-damage|p2a: Green Man|73/100
|move|p2a: Green Man|Recover|p2a: Green Man
|-heal|p2a: Green Man|100/100
|
|upkeep
|turn|48
|
|t:|1729364818
|move|p1a: Celebi|Psychic|p2a: Green Man
|-resisted|p2a: Green Man
|-damage|p2a: Green Man|86/100
|move|p2a: Green Man|Psychic|p1a: Celebi
|-resisted|p1a: Celebi
|-damage|p1a: Celebi|87/100
|
|-heal|p1a: Celebi|93/100|[from] item: Leftovers
|-heal|p2a: Green Man|92/100|[from] item: Leftovers
|upkeep
|turn|49
|inactive|Donly Phans has 60 seconds left.
|
|t:|1729364826
|move|p1a: Celebi|Psychic|p2a: Green Man
|-resisted|p2a: Green Man
|-damage|p2a: Green Man|77/100
|move|p2a: Green Man|Psychic|p1a: Celebi
|-resisted|p1a: Celebi
|-damage|p1a: Celebi|79/100
|
|-heal|p1a: Celebi|85/100|[from] item: Leftovers
|-heal|p2a: Green Man|83/100|[from] item: Leftovers
|upkeep
|turn|50
|
|t:|1729364830
|move|p1a: Celebi|Psychic|p2a: Green Man
|-resisted|p2a: Green Man
|-damage|p2a: Green Man|68/100
|-unboost|p2a: Green Man|spd|1
|move|p2a: Green Man|Psychic|p1a: Celebi
|-resisted|p1a: Celebi
|-damage|p1a: Celebi|71/100
|
|-heal|p1a: Celebi|78/100|[from] item: Leftovers
|-heal|p2a: Green Man|74/100|[from] item: Leftovers
|upkeep
|turn|51
|
|t:|1729364839
|move|p1a: Celebi|Hidden Power|p2a: Green Man
|-supereffective|p2a: Green Man
|-damage|p2a: Green Man|25/100
|move|p2a: Green Man|Recover|p2a: Green Man
|-heal|p2a: Green Man|75/100
|
|-heal|p1a: Celebi|84/100|[from] item: Leftovers
|-heal|p2a: Green Man|82/100|[from] item: Leftovers
|upkeep
|turn|52
|
|t:|1729364843
|switch|p1a: Dodrio|Dodrio, M|26/100
|move|p2a: Green Man|Psychic|p1a: Dodrio
|-damage|p1a: Dodrio|0 fnt
|faint|p1a: Dodrio
|
|t:|1729364845
|switch|p1a: Celebi|Celebi|84/100
|
|-heal|p1a: Celebi|90/100|[from] item: Leftovers
|-heal|p2a: Green Man|88/100|[from] item: Leftovers
|upkeep
|turn|53
|inactive|Donly Phans has 90 seconds left.
|
|t:|1729364861
|move|p1a: Celebi|Psychic|p2a: Green Man
|-resisted|p2a: Green Man
|-damage|p2a: Green Man|67/100
|move|p2a: Green Man|Recover|p2a: Green Man
|-heal|p2a: Green Man|100/100
|
|-heal|p1a: Celebi|96/100|[from] item: Leftovers
|upkeep
|turn|54
|inactive|Donly Phans has 90 seconds left.
|
|t:|1729364866
|move|p1a: Celebi|Psychic|p2a: Green Man
|-resisted|p2a: Green Man
|-damage|p2a: Green Man|78/100
|move|p2a: Green Man|Psychic|p1a: Celebi
|-resisted|p1a: Celebi
|-damage|p1a: Celebi|82/100
|-unboost|p1a: Celebi|spd|1
|
|-heal|p1a: Celebi|88/100|[from] item: Leftovers
|-heal|p2a: Green Man|84/100|[from] item: Leftovers
|upkeep
|turn|55
|inactive|Donly Phans has 90 seconds left.
|
|t:|1729364877
|move|p1a: Celebi|Hidden Power|p2a: Green Man
|-supereffective|p2a: Green Man
|-damage|p2a: Green Man|39/100
|move|p2a: Green Man|Psychic|p1a: Celebi
|-resisted|p1a: Celebi
|-damage|p1a: Celebi|66/100
|
|-heal|p1a: Celebi|72/100|[from] item: Leftovers
|-heal|p2a: Green Man|45/100|[from] item: Leftovers
|upkeep
|turn|56
|inactive|Donly Phans has 90 seconds left.
|inactive|Donly Phans has 60 seconds left.
|inactive|Donly Phans has 30 seconds left.
|
|t:|1729364951
|switch|p2a: Solomonce|Salamence, F|48/100
|-ability|p2a: Solomonce|Intimidate|boost
|-unboost|p1a: Celebi|atk|1
|move|p1a: Celebi|Hidden Power|p2a: Solomonce
|-supereffective|p2a: Solomonce
|-damage|p2a: Solomonce|0 fnt
|faint|p2a: Solomonce
|inactive|Donly Phans has 30 seconds left.
|
|t:|1729364957
|switch|p2a: Green Man|Celebi|45/100
|
|-heal|p1a: Celebi|78/100|[from] item: Leftovers
|-heal|p2a: Green Man|51/100|[from] item: Leftovers
|upkeep
|turn|57
|
|t:|1729364962
|move|p1a: Celebi|Hidden Power|p2a: Green Man
|-supereffective|p2a: Green Man
|-damage|p2a: Green Man|19/100
|move|p2a: Green Man|Recover|p2a: Green Man
|-heal|p2a: Green Man|69/100
|
|-heal|p1a: Celebi|84/100|[from] item: Leftovers
|-heal|p2a: Green Man|75/100|[from] item: Leftovers
|upkeep
|turn|58
|
|t:|1729364972
|move|p1a: Celebi|Psychic|p2a: Green Man
|-resisted|p2a: Green Man
|-damage|p2a: Green Man|60/100
|move|p2a: Green Man|Psychic|p1a: Celebi
|-resisted|p1a: Celebi
|-damage|p1a: Celebi|62/100
|
|-heal|p1a: Celebi|68/100|[from] item: Leftovers
|-heal|p2a: Green Man|66/100|[from] item: Leftovers
|upkeep
|turn|59
|
|t:|1729364985
|move|p1a: Celebi|Psychic|p2a: Green Man
|-resisted|p2a: Green Man
|-damage|p2a: Green Man|52/100
|move|p2a: Green Man|Recover|p2a: Green Man
|-heal|p2a: Green Man|100/100
|
|-heal|p1a: Celebi|74/100|[from] item: Leftovers
|upkeep
|turn|60
|
|t:|1729364992
|move|p1a: Celebi|Psychic|p2a: Green Man
|-resisted|p2a: Green Man
|-damage|p2a: Green Man|86/100
|move|p2a: Green Man|Psychic|p1a: Celebi
|-resisted|p1a: Celebi
|-damage|p1a: Celebi|53/100
|
|-heal|p1a: Celebi|59/100|[from] item: Leftovers
|-heal|p2a: Green Man|92/100|[from] item: Leftovers
|upkeep
|turn|61
|
|t:|1729364996
|move|p1a: Celebi|Psychic|p2a: Green Man
|-resisted|p2a: Green Man
|-crit|p2a: Green Man
|-damage|p2a: Green Man|60/100
|move|p2a: Green Man|Psychic|p1a: Celebi
|-resisted|p1a: Celebi
|-damage|p1a: Celebi|38/100
|
|-heal|p1a: Celebi|44/100|[from] item: Leftovers
|-heal|p2a: Green Man|66/100|[from] item: Leftovers
|upkeep
|turn|62
|inactive|Donly Phans has 60 seconds left.
|
|t:|1729365005
|move|p1a: Celebi|Psychic|p2a: Green Man
|-resisted|p2a: Green Man
|-damage|p2a: Green Man|51/100
|move|p2a: Green Man|Psychic|p1a: Celebi
|-resisted|p1a: Celebi
|-damage|p1a: Celebi|22/100
|
|-heal|p1a: Celebi|29/100|[from] item: Leftovers
|-heal|p2a: Green Man|57/100|[from] item: Leftovers
|upkeep
|turn|63
|
|t:|1729365015
|move|p1a: Celebi|Hidden Power|p2a: Green Man
|-supereffective|p2a: Green Man
|-damage|p2a: Green Man|26/100
|move|p2a: Green Man|Psychic|p1a: Celebi
|-resisted|p1a: Celebi
|-damage|p1a: Celebi|9/100
|
|-heal|p1a: Celebi|15/100|[from] item: Leftovers
|-heal|p2a: Green Man|33/100|[from] item: Leftovers
|upkeep
|turn|64
|
|t:|1729365023
|move|p1a: Celebi|Hidden Power|p2a: Green Man
|-supereffective|p2a: Green Man
|-damage|p2a: Green Man|2/100
|move|p2a: Green Man|Recover|p2a: Green Man
|-heal|p2a: Green Man|52/100
|
|-heal|p1a: Celebi|21/100|[from] item: Leftovers
|-heal|p2a: Green Man|58/100|[from] item: Leftovers
|upkeep
|turn|65
|
|t:|1729365028
|move|p1a: Celebi|Psychic|p2a: Green Man
|-resisted|p2a: Green Man
|-damage|p2a: Green Man|44/100
|move|p2a: Green Man|Recover|p2a: Green Man
|-heal|p2a: Green Man|94/100
|
|-heal|p1a: Celebi|27/100|[from] item: Leftovers
|-heal|p2a: Green Man|100/100|[from] item: Leftovers
|upkeep
|turn|66
|
|t:|1729365035
|move|p1a: Celebi|Psychic|p2a: Green Man
|-resisted|p2a: Green Man
|-damage|p2a: Green Man|85/100
|move|p2a: Green Man|Leech Seed|p1a: Celebi
|-immune|p1a: Celebi
|
|-heal|p1a: Celebi|34/100|[from] item: Leftovers
|-heal|p2a: Green Man|91/100|[from] item: Leftovers
|upkeep
|turn|67
|
|t:|1729365037
|move|p1a: Celebi|Psychic|p2a: Green Man
|-resisted|p2a: Green Man
|-damage|p2a: Green Man|76/100
|move|p2a: Green Man|Leech Seed|p1a: Celebi
|-immune|p1a: Celebi
|
|-heal|p1a: Celebi|40/100|[from] item: Leftovers
|-heal|p2a: Green Man|83/100|[from] item: Leftovers
|upkeep
|turn|68
|
|t:|1729365047
|move|p1a: Celebi|Hidden Power|p2a: Green Man
|-supereffective|p2a: Green Man
|-damage|p2a: Green Man|53/100
|move|p2a: Green Man|Leech Seed|p1a: Celebi
|-immune|p1a: Celebi
|
|-heal|p1a: Celebi|46/100|[from] item: Leftovers
|-heal|p2a: Green Man|59/100|[from] item: Leftovers
|upkeep
|turn|69
|
|t:|1729365052
|move|p1a: Celebi|Hidden Power|p2a: Green Man
|-supereffective|p2a: Green Man
|-damage|p2a: Green Man|27/100
|move|p2a: Green Man|Recover|p2a: Green Man
|-heal|p2a: Green Man|77/100
|
|-heal|p1a: Celebi|52/100|[from] item: Leftovers
|-heal|p2a: Green Man|83/100|[from] item: Leftovers
|upkeep
|turn|70
|
|t:|1729365068
|move|p1a: Celebi|Leech Seed|p2a: Green Man
|-immune|p2a: Green Man
|move|p2a: Green Man|Recover|p2a: Green Man
|-heal|p2a: Green Man|100/100
|
|-heal|p1a: Celebi|58/100|[from] item: Leftovers
|upkeep
|turn|71
|
|t:|1729365072
|move|p1a: Celebi|Leech Seed|p2a: Green Man
|-immune|p2a: Green Man
|move|p2a: Green Man|Leech Seed|p1a: Celebi
|-immune|p1a: Celebi
|
|-heal|p1a: Celebi|64/100|[from] item: Leftovers
|upkeep
|turn|72
|
|t:|1729365076
|move|p1a: Celebi|Leech Seed|p2a: Green Man
|-immune|p2a: Green Man
|move|p2a: Green Man|Leech Seed|p1a: Celebi
|-immune|p1a: Celebi
|
|-heal|p1a: Celebi|71/100|[from] item: Leftovers
|upkeep
|turn|73
|
|t:|1729365078
|move|p1a: Celebi|Hidden Power|p2a: Green Man
|-supereffective|p2a: Green Man
|-damage|p2a: Green Man|70/100
|move|p2a: Green Man|Leech Seed|p1a: Celebi
|-immune|p1a: Celebi
|
|-heal|p1a: Celebi|77/100|[from] item: Leftovers
|-heal|p2a: Green Man|76/100|[from] item: Leftovers
|upkeep
|turn|74
|
|t:|1729365082
|move|p1a: Celebi|Hidden Power|p2a: Green Man
|-supereffective|p2a: Green Man
|-damage|p2a: Green Man|47/100
|move|p2a: Green Man|Leech Seed|p1a: Celebi
|-immune|p1a: Celebi
|
|-heal|p1a: Celebi|83/100|[from] item: Leftovers
|-heal|p2a: Green Man|53/100|[from] item: Leftovers
|upkeep
|turn|75
|-message|kug98 forfeited.
|
|win|Donly Phans
|c|☆kug98|ggs

</script>
<script type="application/json" class="data" id="replaydata-smogtours-gen3ou-800004">
{"id":"smogtours-gen3ou-800004","format":"[Gen 3] OU","players":["kug98","Donly Phans"],"uploadtime":1729365087,"views":92,"formatid":"gen3ou","rating":null,"private":0,"password":null}
</script>

<script defer src="js/replays.js?9d40a366"></script>
