<!DOCTYPE html>
<meta charset="utf-8" />
<meta name="viewport" content="width=device-width" />

<title>[Gen 3] OU: NoBottlecapsBlisy vs. MagsAndMiles - Replays - Pok&eacute;mon Showdown!</title>

<meta name="description" content="Watch a replay of a Pok&eacute;mon battle between NoBottlecapsBlisy and MagsAndMiles! Format: [Gen 3] OU; Date: Oct 2, 2024" />
<!--

Hey, you! Looking in the source for the replay log?

You can find them in JSON format, just add `.json` at the end of a replay URL.

https://replay.pokemonshowdown.com/gen7randomdoublesbattle-865046831.json

Or, if you only need the log itself, add `.log` instead:

https://replay.pokemonshowdown.com/gen7randomdoublesbattle-865046831.log

-->

<link rel="stylesheet" href="//pokemonshowdown.com/style/global.css?0.767286132409787" />
<link rel="stylesheet" href="//play.pokemonshowdown.com/style/font-awesome.css?0.9266228007934947" />
<link rel="stylesheet" href="//play.pokemonshowdown.com/style/battle.css?0.7924700842790926" />
<link rel="stylesheet" href="//play.pokemonshowdown.com/style/utilichart.css?0.8777417872839479" />

<!-- Global site tag (gtag.js) - Google Analytics -->
<script async src="https://www.googletagmanager.com/gtag/js?id=UA-26211653-1"></script>
<script>
  window.dataLayer = window.dataLayer || [];
  function gtag(){dataLayer.push(arguments);}
  gtag('js', new Date());

  gtag('config', 'UA-26211653-1');
</script>
<!-- End Google Analytics -->
<!-- Venatus Ad Manager - Install in <HEAD> of page -->
	<script src="https://hb.vntsm.com/v3/live/ad-manager.min.js" type="text/javascript" data-site-id="642aba63ec9a7b11c3c9c1be" data-mode="scan" async></script>
<!-- / Venatus Ad Manager -->

<style>
	@media (max-width:820px) {
		.battle {
			margin: 0 auto;
		}
		.battle-log {
			margin: 7px auto 0;
			max-width: 640px;
			height: 300px;
			position: static;
		}
	}
	.optgroup {
		display: inline-block;
		line-height: 22px;
		font-size: 10pt;
	}
	.optgroup .button {
		height: 25px;
		padding-top: 0;
		padding-bottom: 0;
	}
	.optgroup button.button {
		padding-left: 12px;
		padding-right: 12px;
	}
	.linklist {
		list-style: none;
		margin: 0.5em 0;
		padding: 0;
	}
	.linklist li {
		padding: 2px 0;
	}
	.sidebar {
		float: left;
		width: 320px;
	}
	.bar-wrapper {
		max-width: 1100px;
		margin: 0 auto;
	}
	.bar-wrapper.has-sidebar {
		max-width: 1430px;
	}
	.mainbar {
		margin: 0;
		padding-right: 1px;
	}
	.mainbar.has-sidebar {
		margin-left: 330px;
	}
	@media (min-width: 1511px) {
		.sidebar {
			width: 400px;
		}
		.bar-wrapper.has-sidebar {
			max-width: 1510px;
		}
		.mainbar.has-sidebar {
			margin-left: 410px;
		}
	}
	.section.first-section {
		margin-top: 9px;
	}
	.blocklink small {
		white-space: normal;
	}
	.button {
		vertical-align: middle;
	}
	.replay-controls {
		padding-top: 10px;
	}
	.replay-controls h1 {
		font-size: 16pt;
		font-weight: normal;
		color: #CCC;
	}
	.pagelink {
		text-align: center;
	}
	.pagelink a {
		width: 150px;
	}
	.textbox, .button {
		font-size: 11pt;
		vertical-align: middle;
	}
	@media (max-width: 450px) {
		.button {
			font-size: 9pt;
		}
	}
</style>

<div>

	<header>
		<div class="nav-wrapper"><ul class="nav">
			<li><a class="button nav-first" href="//pokemonshowdown.com/"><img src="//pokemonshowdown.com/images/pokemonshowdownbeta.png" srcset="//pokemonshowdown.com/images/pokemonshowdownbeta.png 1x, //pokemonshowdown.com/images/pokemonshowdownbeta@2x.png 2x" alt="Pok&eacute;mon Showdown" width="146" height="44" /> Home</a></li>
			<li><a class="button" href="//pokemonshowdown.com/dex/">Pok&eacute;dex</a></li>
			<li><a class="button cur" href="/">Replays</a></li>
			<li><a class="button" href="//pokemonshowdown.com/ladder/">Ladder</a></li>
			<li><a class="button nav-last" href="//pokemonshowdown.com/forums/">Forum</a></li>
			<li><a class="button greenbutton nav-first nav-last" href="//play.pokemonshowdown.com/">Play</a></li>
		</ul></div>
	</header>

	<div class="main" id="main">

		<noscript><section class="section">You need to enable JavaScript to use this page; sorry!</section></noscript>

	</div>

</div>

<script defer nomodule src="//play.pokemonshowdown.com/js/lib/ps-polyfill.js"></script>
<script defer src="//play.pokemonshowdown.com/js/lib/preact.min.js"></script>

<script defer src="//play.pokemonshowdown.com/config/config.js?6dec07f6"></script>
<script defer src="//play.pokemonshowdown.com/js/lib/jquery-1.11.0.min.js"></script>
<script defer src="//play.pokemonshowdown.com/js/lib/html-sanitizer-minified.js"></script>
<script defer src="//play.pokemonshowdown.com/js/battle-sound.js"></script>
<script defer src="//play.pokemonshowdown.com/js/battledata.js?0.6315294753075389"></script>
<script defer src="//play.pokemonshowdown.com/data/pokedex-mini.js?0.7603743185311358"></script>
<script defer src="//play.pokemonshowdown.com/data/pokedex-mini-bw.js?0.030888842834281283"></script>
<script defer src="//play.pokemonshowdown.com/data/graphics.js?0.05593094747507488"></script>
<script defer src="//play.pokemonshowdown.com/data/pokedex.js?0.47064822249611904"></script>
<script defer src="//play.pokemonshowdown.com/data/moves.js?0.8583693120512459"></script>
<script defer src="//play.pokemonshowdown.com/data/abilities.js?0.16017181182386842"></script>
<script defer src="//play.pokemonshowdown.com/data/items.js?0.4163379185673943"></script>
<script defer src="//play.pokemonshowdown.com/data/teambuilder-tables.js?0.31075597372830477"></script>
<script defer src="//play.pokemonshowdown.com/js/battle-tooltips.js?0.6536193500708172"></script>
<script defer src="//play.pokemonshowdown.com/js/battle.js?0.1916591943277901"></script>

<script defer src="js/utils.js?e31f9a17"></script>
<script defer src="js/replays-battle.js?7008c182"></script>

<!-- don't scrape this data! just add .json or .log after the URL!
Full API docs: https://github.com/smogon/pokemon-showdown-client/blob/master/WEB-API.md -->
<script type="text/plain" class="log" id="replaylog-smogtours-gen3ou-794115">
|inactive|Battle timer is ON: inactive players will automatically lose when time's up.
|t:|1727908341
|gametype|singles
|player|p1|NoBottlecapsBlisy|alder|
|player|p2|MagsAndMiles|2|
|teamsize|p1|6
|teamsize|p2|6
|gen|3
|tier|[Gen 3] OU
|rule|Sleep Clause Mod: Limit one foe put to sleep
|rule|Switch Priority Clause Mod: Faster Pokémon switch first
|rule|Species Clause: Limit one of each Pokémon
|rule|OHKO Clause: OHKO moves are banned
|rule|Evasion Items Clause: Evasion items are banned
|rule|Evasion Moves Clause: Evasion moves are banned
|rule|Endless Battle Clause: Forcing endless battles is banned
|rule|HP Percentage Mod: HP is shown in percentages
|rule|One Boost Passer Clause: Limit one Baton Passer that has a way to boost its stats
|rule|Freeze Clause Mod: Limit one foe frozen
|
|t:|1727908341
|start
|switch|p1a: Andy|Swellow, F|100/100
|switch|p2a: Tyranitar|Tyranitar, M|100/100
|-weather|Sandstorm|[from] ability: Sand Stream|[of] p2a: Tyranitar
|turn|1
|inactive|NoBottlecapsBlisy has 270 seconds left.
|
|t:|1727908393
|switch|p2a: Skarmory|Skarmory, M|100/100
|move|p1a: Andy|Substitute|p1a: Andy
|-start|p1a: Andy|Substitute
|-damage|p1a: Andy|76/100
|
|-weather|Sandstorm|[upkeep]
|-damage|p1a: Andy|70/100|[from] Sandstorm
|upkeep
|turn|2
|
|t:|1727908412
|move|p1a: Andy|Endeavor|p2a: Skarmory
|-damage|p2a: Skarmory|67/100
|move|p2a: Skarmory|Roar|p1a: Andy
|drag|p1a: Mr. Rock|Tyranitar, M|100/100
|
|-weather|Sandstorm|[upkeep]
|-heal|p2a: Skarmory|73/100|[from] item: Leftovers
|upkeep
|turn|3
|
|t:|1727908420
|switch|p1a: Hot Headed|Charizard, M|100/100
|move|p2a: Skarmory|Spikes|p1a: Hot Headed
|-sidestart|p1: NoBottlecapsBlisy|Spikes
|
|-weather|Sandstorm|[upkeep]
|-damage|p1a: Hot Headed|94/100|[from] Sandstorm
|-heal|p1a: Hot Headed|100/100|[from] item: Leftovers
|-heal|p2a: Skarmory|79/100|[from] item: Leftovers
|upkeep
|turn|4
|
|t:|1727908444
|move|p1a: Hot Headed|Substitute|p1a: Hot Headed
|-start|p1a: Hot Headed|Substitute
|-damage|p1a: Hot Headed|75/100
|move|p2a: Skarmory|Roar|p1a: Hot Headed
|drag|p1a: Andy|Swellow, F|70/100
|
|-weather|Sandstorm|[upkeep]
|-damage|p1a: Andy|63/100|[from] Sandstorm
|-heal|p2a: Skarmory|85/100|[from] item: Leftovers
|upkeep
|turn|5
|
|t:|1727908454
|move|p1a: Andy|Baton Pass|p1a: Andy
|
|t:|1727908456
|switch|p1a: Hot Headed|Charizard, M|75/100|[from] Baton Pass
|move|p2a: Skarmory|Toxic|p1a: Hot Headed
|-status|p1a: Hot Headed|tox
|
|-weather|Sandstorm|[upkeep]
|-damage|p1a: Hot Headed|69/100 tox|[from] Sandstorm
|-heal|p1a: Hot Headed|75/100 tox|[from] item: Leftovers
|-damage|p1a: Hot Headed|69/100 tox|[from] psn
|-heal|p2a: Skarmory|91/100|[from] item: Leftovers
|upkeep
|turn|6
|
|t:|1727908463
|move|p2a: Skarmory|Protect|p2a: Skarmory
|-singleturn|p2a: Skarmory|Protect
|move|p1a: Hot Headed|Fire Blast|p2a: Skarmory
|-activate|p2a: Skarmory|Protect
|
|-weather|Sandstorm|[upkeep]
|-damage|p1a: Hot Headed|63/100 tox|[from] Sandstorm
|-heal|p1a: Hot Headed|69/100 tox|[from] item: Leftovers
|-damage|p1a: Hot Headed|57/100 tox|[from] psn
|-heal|p2a: Skarmory|97/100|[from] item: Leftovers
|upkeep
|turn|7
|
|t:|1727908467
|switch|p2a: Blissey|Blissey, F|100/100
|move|p1a: Hot Headed|Fire Blast|p2a: Blissey
|-damage|p2a: Blissey|76/100
|
|-weather|Sandstorm|[upkeep]
|-damage|p1a: Hot Headed|51/100 tox|[from] Sandstorm
|-damage|p2a: Blissey|70/100|[from] Sandstorm
|-heal|p1a: Hot Headed|57/100 tox|[from] item: Leftovers
|-damage|p1a: Hot Headed|39/100 tox|[from] psn
|-heal|p2a: Blissey|76/100|[from] item: Leftovers
|upkeep
|turn|8
|
|t:|1727908494
|switch|p1a: Dr. Mud|Swampert, M|100/100
|-damage|p1a: Dr. Mud|88/100|[from] Spikes
|switch|p2a: Skarmory|Skarmory, M|97/100
|
|-weather|Sandstorm|[upkeep]
|-heal|p1a: Dr. Mud|94/100|[from] item: Leftovers
|-heal|p2a: Skarmory|100/100|[from] item: Leftovers
|upkeep
|turn|9
|
|t:|1727908508
|move|p1a: Dr. Mud|Hydro Pump|p2a: Skarmory
|-damage|p2a: Skarmory|55/100
|move|p2a: Skarmory|Spikes|p1a: Dr. Mud
|-sidestart|p1: NoBottlecapsBlisy|Spikes
|
|-weather|Sandstorm|[upkeep]
|-heal|p1a: Dr. Mud|100/100|[from] item: Leftovers
|-heal|p2a: Skarmory|61/100|[from] item: Leftovers
|upkeep
|turn|10
|
|t:|1727908517
|-singleturn|p1a: Dr. Mud|move: Focus Punch
|move|p2a: Skarmory|Toxic|p1a: Dr. Mud
|-status|p1a: Dr. Mud|tox
|move|p1a: Dr. Mud|Focus Punch|p2a: Skarmory
|-crit|p2a: Skarmory
|-damage|p2a: Skarmory|5/100
|
|-weather|Sandstorm|[upkeep]
|-damage|p1a: Dr. Mud|94/100 tox|[from] psn
|-heal|p2a: Skarmory|11/100|[from] item: Leftovers
|upkeep
|turn|11
|
|t:|1727908528
|-singleturn|p1a: Dr. Mud|move: Focus Punch
|move|p2a: Skarmory|Protect|p2a: Skarmory
|-singleturn|p2a: Skarmory|Protect
|move|p1a: Dr. Mud|Focus Punch|p2a: Skarmory
|-activate|p2a: Skarmory|Protect
|
|-weather|Sandstorm|[upkeep]
|-heal|p1a: Dr. Mud|100/100 tox|[from] item: Leftovers
|-damage|p1a: Dr. Mud|88/100 tox|[from] psn
|-heal|p2a: Skarmory|17/100|[from] item: Leftovers
|upkeep
|turn|12
|c|+Sheik|Revival?
|
|t:|1727908547
|-singleturn|p1a: Dr. Mud|move: Focus Punch
|move|p2a: Skarmory|Spikes|p1a: Dr. Mud
|-sidestart|p1: NoBottlecapsBlisy|Spikes
|move|p1a: Dr. Mud|Focus Punch|p2a: Skarmory
|-damage|p2a: Skarmory|0 fnt
|faint|p2a: Skarmory
|inactive|MagsAndMiles has 270 seconds left.
|
|t:|1727908568
|switch|p2a: Jirachi|Jirachi|100/100
|
|-weather|Sandstorm|[upkeep]
|-heal|p1a: Dr. Mud|94/100 tox|[from] item: Leftovers
|-damage|p1a: Dr. Mud|76/100 tox|[from] psn
|upkeep
|turn|13
|
|t:|1727908579
|move|p2a: Jirachi|Hidden Power|p1a: Dr. Mud
|-supereffective|p1a: Dr. Mud
|-damage|p1a: Dr. Mud|0 fnt
|faint|p1a: Dr. Mud
|
|t:|1727908588
|switch|p1a: Andy|Swellow, F|63/100
|
|-weather|Sandstorm|[upkeep]
|-damage|p1a: Andy|57/100|[from] Sandstorm
|upkeep
|turn|14
|
|t:|1727908593
|move|p1a: Andy|Substitute|p1a: Andy
|-start|p1a: Andy|Substitute
|-damage|p1a: Andy|32/100
|move|p2a: Jirachi|Thunderbolt|p1a: Andy
|-supereffective|p1a: Andy
|-crit|p1a: Andy
|-end|p1a: Andy|Substitute
|
|-weather|Sandstorm|[upkeep]
|-damage|p1a: Andy|26/100|[from] Sandstorm
|upkeep
|turn|15
|
|t:|1727908615
|move|p1a: Andy|Endeavor|p2a: Jirachi
|-damage|p2a: Jirachi|25/100
|move|p2a: Jirachi|Thunderbolt|p1a: Andy
|-supereffective|p1a: Andy
|-crit|p1a: Andy
|-damage|p1a: Andy|0 fnt
|faint|p1a: Andy
|inactive|NoBottlecapsBlisy has 270 seconds left.
|
|t:|1727908635
|switch|p1a: Jet Fuel|Metagross|100/100
|-damage|p1a: Jet Fuel|75/100|[from] Spikes
|
|-weather|Sandstorm|[upkeep]
|-heal|p2a: Jirachi|31/100|[from] item: Leftovers
|-heal|p1a: Jet Fuel|82/100|[from] item: Leftovers
|upkeep
|turn|16
|
|t:|1727908645
|switch|p2a: Aerodactyl|Aerodactyl, F|100/100
|move|p1a: Jet Fuel|Earthquake|p2a: Aerodactyl
|-immune|p2a: Aerodactyl
|
|-weather|Sandstorm|[upkeep]
|-heal|p1a: Jet Fuel|88/100|[from] item: Leftovers
|upkeep
|turn|17
|
|t:|1727908661
|move|p2a: Aerodactyl|Rock Slide|p1a: Jet Fuel
|-resisted|p1a: Jet Fuel
|-damage|p1a: Jet Fuel|71/100
|move|p1a: Jet Fuel|Meteor Mash|p2a: Aerodactyl
|-supereffective|p2a: Aerodactyl
|-damage|p2a: Aerodactyl|0 fnt
|faint|p2a: Aerodactyl
|
|t:|1727908669
|switch|p2a: Gengar|Gengar, F|100/100
|
|-weather|Sandstorm|[upkeep]
|-damage|p2a: Gengar|94/100|[from] Sandstorm
|-heal|p2a: Gengar|100/100|[from] item: Leftovers
|-heal|p1a: Jet Fuel|77/100|[from] item: Leftovers
|upkeep
|turn|18
|
|t:|1727908680
|move|p1a: Jet Fuel|Protect|p1a: Jet Fuel
|-singleturn|p1a: Jet Fuel|Protect
|move|p2a: Gengar|Will-O-Wisp|p1a: Jet Fuel|[miss]
|-miss|p2a: Gengar|p1a: Jet Fuel
|
|-weather|Sandstorm|[upkeep]
|-damage|p2a: Gengar|94/100|[from] Sandstorm
|-heal|p2a: Gengar|100/100|[from] item: Leftovers
|-heal|p1a: Jet Fuel|83/100|[from] item: Leftovers
|upkeep
|turn|19
|
|t:|1727908696
|switch|p1a: Ice 2 Meet U|Regice, shiny|100/100
|-damage|p1a: Ice 2 Meet U|75/100|[from] Spikes
|move|p2a: Gengar|Will-O-Wisp|p1a: Ice 2 Meet U
|-status|p1a: Ice 2 Meet U|brn
|
|-weather|Sandstorm|[upkeep]
|-damage|p2a: Gengar|94/100|[from] Sandstorm
|-damage|p1a: Ice 2 Meet U|69/100 brn|[from] Sandstorm
|-heal|p2a: Gengar|100/100|[from] item: Leftovers
|-heal|p1a: Ice 2 Meet U|75/100 brn|[from] item: Leftovers
|-damage|p1a: Ice 2 Meet U|63/100 brn|[from] brn
|upkeep
|turn|20
|inactive|NoBottlecapsBlisy has 270 seconds left.
|
|t:|1727908721
|switch|p2a: Blissey|Blissey, F|76/100
|move|p1a: Ice 2 Meet U|Thunder Wave|p2a: Blissey
|-status|p2a: Blissey|par
|
|-weather|Sandstorm|[upkeep]
|-damage|p1a: Ice 2 Meet U|57/100 brn|[from] Sandstorm
|-damage|p2a: Blissey|70/100 par|[from] Sandstorm
|-heal|p1a: Ice 2 Meet U|63/100 brn|[from] item: Leftovers
|-damage|p1a: Ice 2 Meet U|51/100 brn|[from] brn
|-heal|p2a: Blissey|76/100 par|[from] item: Leftovers
|upkeep
|turn|21
|inactive|NoBottlecapsBlisy has 270 seconds left.
|inactive|NoBottlecapsBlisy has 240 seconds left.
|inactive|NoBottlecapsBlisy has 210 seconds left.
|
|t:|1727908800
|move|p1a: Ice 2 Meet U|Ice Beam|p2a: Blissey
|-damage|p2a: Blissey|58/100 par
|move|p2a: Blissey|Thunder Wave||[still]
|-fail|p2a: Blissey
|
|-weather|Sandstorm|[upkeep]
|-damage|p1a: Ice 2 Meet U|45/100 brn|[from] Sandstorm
|-damage|p2a: Blissey|52/100 par|[from] Sandstorm
|-heal|p1a: Ice 2 Meet U|51/100 brn|[from] item: Leftovers
|-damage|p1a: Ice 2 Meet U|38/100 brn|[from] brn
|-heal|p2a: Blissey|58/100 par|[from] item: Leftovers
|upkeep
|turn|22
|
|t:|1727908805
|move|p1a: Ice 2 Meet U|Explosion|p2a: Blissey
|-damage|p2a: Blissey|28/100 par
|faint|p1a: Ice 2 Meet U
|inactive|NoBottlecapsBlisy has 210 seconds left.
|
|t:|1727908815
|switch|p1a: Jet Fuel|Metagross|83/100
|-damage|p1a: Jet Fuel|58/100|[from] Spikes
|
|-weather|Sandstorm|[upkeep]
|-damage|p2a: Blissey|22/100 par|[from] Sandstorm
|-heal|p1a: Jet Fuel|65/100|[from] item: Leftovers
|-heal|p2a: Blissey|28/100 par|[from] item: Leftovers
|upkeep
|turn|23
|inactive|NoBottlecapsBlisy has 210 seconds left.
|
|t:|1727908835
|move|p1a: Jet Fuel|Earthquake|p2a: Blissey
|-crit|p2a: Blissey
|-damage|p2a: Blissey|0 fnt
|faint|p2a: Blissey
|
|t:|1727908847
|switch|p2a: Gengar|Gengar, F|100/100
|
|-weather|Sandstorm|[upkeep]
|-damage|p2a: Gengar|94/100|[from] Sandstorm
|-heal|p2a: Gengar|100/100|[from] item: Leftovers
|-heal|p1a: Jet Fuel|71/100|[from] item: Leftovers
|upkeep
|turn|24
|
|t:|1727908851
|move|p2a: Gengar|Will-O-Wisp|p1a: Jet Fuel
|-status|p1a: Jet Fuel|brn
|move|p1a: Jet Fuel|Meteor Mash|p2a: Gengar
|-damage|p2a: Gengar|61/100
|-boost|p1a: Jet Fuel|atk|1
|
|-weather|Sandstorm|[upkeep]
|-damage|p2a: Gengar|55/100|[from] Sandstorm
|-heal|p2a: Gengar|61/100|[from] item: Leftovers
|-heal|p1a: Jet Fuel|77/100 brn|[from] item: Leftovers
|-damage|p1a: Jet Fuel|64/100 brn|[from] brn
|upkeep
|turn|25
|
|t:|1727908859
|move|p2a: Gengar|Thunderbolt|p1a: Jet Fuel
|-damage|p1a: Jet Fuel|36/100 brn
|move|p1a: Jet Fuel|Meteor Mash|p2a: Gengar
|-damage|p2a: Gengar|0 fnt
|faint|p2a: Gengar
|
|t:|1727908872
|switch|p2a: Tyranitar|Tyranitar, M|100/100
|
|-weather|Sandstorm|[upkeep]
|-heal|p1a: Jet Fuel|43/100 brn|[from] item: Leftovers
|-damage|p1a: Jet Fuel|30/100 brn|[from] brn
|upkeep
|turn|26
|inactive|NoBottlecapsBlisy has 240 seconds left.
|
|t:|1727908885
|move|p2a: Tyranitar|Earthquake|p1a: Jet Fuel
|-supereffective|p1a: Jet Fuel
|-damage|p1a: Jet Fuel|0 fnt
|faint|p1a: Jet Fuel
|
|t:|1727908888
|switch|p1a: Hot Headed|Charizard, M|39/100 tox
|
|-weather|Sandstorm|[upkeep]
|-damage|p1a: Hot Headed|33/100 tox|[from] Sandstorm
|-heal|p1a: Hot Headed|39/100 tox|[from] item: Leftovers
|-damage|p1a: Hot Headed|33/100 tox|[from] psn
|upkeep
|turn|27
|
|t:|1727908904
|move|p1a: Hot Headed|Hidden Power|p2a: Tyranitar
|-supereffective|p2a: Tyranitar
|-damage|p2a: Tyranitar|52/100
|move|p2a: Tyranitar|Dragon Dance|p2a: Tyranitar
|-boost|p2a: Tyranitar|atk|1
|-boost|p2a: Tyranitar|spe|1
|
|-weather|Sandstorm|[upkeep]
|-damage|p1a: Hot Headed|27/100 tox|[from] Sandstorm
|-heal|p1a: Hot Headed|33/100 tox|[from] item: Leftovers
|-damage|p1a: Hot Headed|21/100 tox|[from] psn
|upkeep
|turn|28
|
|t:|1727908911
|-singleturn|p1a: Hot Headed|move: Focus Punch
|move|p2a: Tyranitar|Rock Slide|p1a: Hot Headed
|-supereffective|p1a: Hot Headed
|-damage|p1a: Hot Headed|0 fnt
|faint|p1a: Hot Headed
|
|t:|1727908917
|switch|p1a: Mr. Rock|Tyranitar, M|100/100
|-damage|p1a: Mr. Rock|76/100|[from] Spikes
|
|-weather|Sandstorm|[upkeep]
|upkeep
|turn|29
|
|t:|1727908920
|move|p2a: Tyranitar|Earthquake|p1a: Mr. Rock
|-supereffective|p1a: Mr. Rock
|-crit|p1a: Mr. Rock
|-damage|p1a: Mr. Rock|0 fnt
|faint|p1a: Mr. Rock
|
|win|MagsAndMiles
|c|☆NoBottlecapsBlisy|gg
|c|☆MagsAndMiles|Good game!
|player|p1|
|c|☆MagsAndMiles|saving then can you send the second one?

</script>
<script type="application/json" class="data" id="replaydata-smogtours-gen3ou-794115">
{"id":"smogtours-gen3ou-794115","format":"[Gen 3] OU","players":["NoBottlecapsBlisy","MagsAndMiles"],"uploadtime":1727908920,"views":168,"formatid":"gen3ou","rating":null,"private":0,"password":null}
</script>

<script defer src="js/replays.js?9d40a366"></script>
