<!DOCTYPE html>
<meta charset="utf-8" />
<meta name="viewport" content="width=device-width" />

<title>[Gen 3] OU: JCEntrena vs. AnotherAshenSoul - Replays - Pok&eacute;mon Showdown!</title>

<meta name="description" content="Watch a replay of a Pok&eacute;mon battle between JCEntrena and AnotherAshenSoul! Format: [Gen 3] OU; Date: Oct 3, 2024" />
<!--

Hey, you! Looking in the source for the replay log?

You can find them in JSON format, just add `.json` at the end of a replay URL.

https://replay.pokemonshowdown.com/gen7randomdoublesbattle-865046831.json

Or, if you only need the log itself, add `.log` instead:

https://replay.pokemonshowdown.com/gen7randomdoublesbattle-865046831.log

-->

<link rel="stylesheet" href="//pokemonshowdown.com/style/global.css?0.767286132409787" />
<link rel="stylesheet" href="//play.pokemonshowdown.com/style/font-awesome.css?0.9266228007934947" />
<link rel="stylesheet" href="//play.pokemonshowdown.com/style/battle.css?0.7924700842790926" />
<link rel="stylesheet" href="//play.pokemonshowdown.com/style/utilichart.css?0.8777417872839479" />

<!-- Global site tag (gtag.js) - Google Analytics -->
<script async src="https://www.googletagmanager.com/gtag/js?id=UA-26211653-1"></script>
<script>
  window.dataLayer = window.dataLayer || [];
  function gtag(){dataLayer.push(arguments);}
  gtag('js', new Date());

  gtag('config', 'UA-26211653-1');
</script>
<!-- End Google Analytics -->
<!-- Venatus Ad Manager - Install in <HEAD> of page -->
	<script src="https://hb.vntsm.com/v3/live/ad-manager.min.js" type="text/javascript" data-site-id="642aba63ec9a7b11c3c9c1be" data-mode="scan" async></script>
<!-- / Venatus Ad Manager -->

<style>
	@media (max-width:820px) {
		.battle {
			margin: 0 auto;
		}
		.battle-log {
			margin: 7px auto 0;
			max-width: 640px;
			height: 300px;
			position: static;
		}
	}
	.optgroup {
		display: inline-block;
		line-height: 22px;
		font-size: 10pt;
	}
	.optgroup .button {
		height: 25px;
		padding-top: 0;
		padding-bottom: 0;
	}
	.optgroup button.button {
		padding-left: 12px;
		padding-right: 12px;
	}
	.linklist {
		list-style: none;
		margin: 0.5em 0;
		padding: 0;
	}
	.linklist li {
		padding: 2px 0;
	}
	.sidebar {
		float: left;
		width: 320px;
	}
	.bar-wrapper {
		max-width: 1100px;
		margin: 0 auto;
	}
	.bar-wrapper.has-sidebar {
		max-width: 1430px;
	}
	.mainbar {
		margin: 0;
		padding-right: 1px;
	}
	.mainbar.has-sidebar {
		margin-left: 330px;
	}
	@media (min-width: 1511px) {
		.sidebar {
			width: 400px;
		}
		.bar-wrapper.has-sidebar {
			max-width: 1510px;
		}
		.mainbar.has-sidebar {
			margin-left: 410px;
		}
	}
	.section.first-section {
		margin-top: 9px;
	}
	.blocklink small {
		white-space: normal;
	}
	.button {
		vertical-align: middle;
	}
	.replay-controls {
		padding-top: 10px;
	}
	.replay-controls h1 {
		font-size: 16pt;
		font-weight: normal;
		color: #CCC;
	}
	.pagelink {
		text-align: center;
	}
	.pagelink a {
		width: 150px;
	}
	.textbox, .button {
		font-size: 11pt;
		vertical-align: middle;
	}
	@media (max-width: 450px) {
		.button {
			font-size: 9pt;
		}
	}
</style>

<div>

	<header>
		<div class="nav-wrapper"><ul class="nav">
			<li><a class="button nav-first" href="//pokemonshowdown.com/"><img src="//pokemonshowdown.com/images/pokemonshowdownbeta.png" srcset="//pokemonshowdown.com/images/pokemonshowdownbeta.png 1x, //pokemonshowdown.com/images/pokemonshowdownbeta@2x.png 2x" alt="Pok&eacute;mon Showdown" width="146" height="44" /> Home</a></li>
			<li><a class="button" href="//pokemonshowdown.com/dex/">Pok&eacute;dex</a></li>
			<li><a class="button cur" href="/">Replays</a></li>
			<li><a class="button" href="//pokemonshowdown.com/ladder/">Ladder</a></li>
			<li><a class="button nav-last" href="//pokemonshowdown.com/forums/">Forum</a></li>
			<li><a class="button greenbutton nav-first nav-last" href="//play.pokemonshowdown.com/">Play</a></li>
		</ul></div>
	</header>

	<div class="main" id="main">

		<noscript><section class="section">You need to enable JavaScript to use this page; sorry!</section></noscript>

	</div>

</div>

<script defer nomodule src="//play.pokemonshowdown.com/js/lib/ps-polyfill.js"></script>
<script defer src="//play.pokemonshowdown.com/js/lib/preact.min.js"></script>

<script defer src="//play.pokemonshowdown.com/config/config.js?6dec07f6"></script>
<script defer src="//play.pokemonshowdown.com/js/lib/jquery-1.11.0.min.js"></script>
<script defer src="//play.pokemonshowdown.com/js/lib/html-sanitizer-minified.js"></script>
<script defer src="//play.pokemonshowdown.com/js/battle-sound.js"></script>
<script defer src="//play.pokemonshowdown.com/js/battledata.js?0.6315294753075389"></script>
<script defer src="//play.pokemonshowdown.com/data/pokedex-mini.js?0.7603743185311358"></script>
<script defer src="//play.pokemonshowdown.com/data/pokedex-mini-bw.js?0.030888842834281283"></script>
<script defer src="//play.pokemonshowdown.com/data/graphics.js?0.05593094747507488"></script>
<script defer src="//play.pokemonshowdown.com/data/pokedex.js?0.47064822249611904"></script>
<script defer src="//play.pokemonshowdown.com/data/moves.js?0.8583693120512459"></script>
<script defer src="//play.pokemonshowdown.com/data/abilities.js?0.16017181182386842"></script>
<script defer src="//play.pokemonshowdown.com/data/items.js?0.4163379185673943"></script>
<script defer src="//play.pokemonshowdown.com/data/teambuilder-tables.js?0.31075597372830477"></script>
<script defer src="//play.pokemonshowdown.com/js/battle-tooltips.js?0.6536193500708172"></script>
<script defer src="//play.pokemonshowdown.com/js/battle.js?0.1916591943277901"></script>

<script defer src="js/utils.js?e31f9a17"></script>
<script defer src="js/replays-battle.js?7008c182"></script>

<!-- don't scrape this data! just add .json or .log after the URL!
Full API docs: https://github.com/smogon/pokemon-showdown-client/blob/master/WEB-API.md -->
<script type="text/plain" class="log" id="replaylog-smogtours-gen3ou-794345">
|inactive|Battle timer is ON: inactive players will automatically lose when time's up.
|t:|1727985513
|gametype|singles
|player|p1|JCEntrena|veteran|
|player|p2|AnotherAshenSoul|102|
|teamsize|p1|6
|teamsize|p2|6
|gen|3
|tier|[Gen 3] OU
|rule|Sleep Clause Mod: Limit one foe put to sleep
|rule|Switch Priority Clause Mod: Faster Pokémon switch first
|rule|Species Clause: Limit one of each Pokémon
|rule|OHKO Clause: OHKO moves are banned
|rule|Evasion Items Clause: Evasion items are banned
|rule|Evasion Moves Clause: Evasion moves are banned
|rule|Endless Battle Clause: Forcing endless battles is banned
|rule|HP Percentage Mod: HP is shown in percentages
|rule|One Boost Passer Clause: Limit one Baton Passer that has a way to boost its stats
|rule|Freeze Clause Mod: Limit one foe frozen
|
|t:|1727985513
|start
|switch|p1a: Cif|Tyranitar, F|100/100
|switch|p2a: Microsoft Edge|Slaking, M|100/100
|-weather|Sandstorm|[from] ability: Sand Stream|[of] p1a: Cif
|turn|1
|c|☆JCEntrena|glhf!
|c|☆AnotherAshenSoul|u2 <3
|inactive|AnotherAshenSoul has 270 seconds left.
|
|t:|1727985545
|switch|p1a: Sky|Skarmory, F|100/100
|move|p2a: Microsoft Edge|Earthquake|p1a: Sky
|-immune|p1a: Sky
|
|-weather|Sandstorm|[upkeep]
|-damage|p2a: Microsoft Edge|94/100|[from] Sandstorm
|upkeep
|turn|2
|
|t:|1727985559
|switch|p2a: Safari|Magneton|100/100
|move|p1a: Sky|Spikes|p2a: Safari
|-sidestart|p2: AnotherAshenSoul|Spikes
|
|-weather|Sandstorm|[upkeep]
|upkeep
|turn|3
|
|t:|1727985565
|move|p2a: Safari|Thunderbolt|p1a: Sky
|-supereffective|p1a: Sky
|-damage|p1a: Sky|0 fnt
|faint|p1a: Sky
|inactive|JCEntrena has 270 seconds left.
|inactive|JCEntrena disconnected and has 300 seconds to reconnect!
|player|p1|
|inactive|JCEntrena reconnected and has 265 seconds left.
|player|p1|JCEntrena|veteran|
|
|t:|1727985622
|switch|p1a: Cif|Tyranitar, F|100/100
|
|-weather|Sandstorm|[upkeep]
|upkeep
|turn|4
|c|☆AnotherAshenSoul|u good?
|
|t:|1727985634
|switch|p2a: Google Chrome|Salamence, F|100/100
|-ability|p2a: Google Chrome|Intimidate|boost
|-unboost|p1a: Cif|atk|1
|move|p1a: Cif|Earthquake|p2a: Google Chrome
|-immune|p2a: Google Chrome
|
|-weather|Sandstorm|[upkeep]
|-damage|p2a: Google Chrome|94/100|[from] Sandstorm
|-heal|p2a: Google Chrome|100/100|[from] item: Leftovers
|upkeep
|turn|5
|c|☆JCEntrena|Yeah, it disconnects some times but I can rejoin
|inactive|JCEntrena has 270 seconds left.
|
|t:|1727985650
|switch|p1a: Tico|Swampert, M|100/100
|move|p2a: Google Chrome|Brick Break|p1a: Tico
|-damage|p1a: Tico|86/100
|
|-weather|Sandstorm|[upkeep]
|-damage|p2a: Google Chrome|94/100|[from] Sandstorm
|-heal|p2a: Google Chrome|100/100|[from] item: Leftovers
|-heal|p1a: Tico|93/100|[from] item: Leftovers
|upkeep
|turn|6
|inactive|JCEntrena has 270 seconds left.
|
|t:|1727985661
|switch|p2a: Mozilla Firefox|Suicune|100/100
|-damage|p2a: Mozilla Firefox|88/100|[from] Spikes
|move|p1a: Tico|Toxic|p2a: Mozilla Firefox
|-status|p2a: Mozilla Firefox|tox
|
|-weather|Sandstorm|[upkeep]
|-damage|p2a: Mozilla Firefox|82/100 tox|[from] Sandstorm
|-heal|p2a: Mozilla Firefox|88/100 tox|[from] item: Leftovers
|-damage|p2a: Mozilla Firefox|82/100 tox|[from] psn
|-heal|p1a: Tico|99/100|[from] item: Leftovers
|upkeep
|turn|7
|
|t:|1727985679
|switch|p1a: Spark|Pikachu, M, shiny|100/100
|move|p2a: Mozilla Firefox|Calm Mind|p2a: Mozilla Firefox
|-boost|p2a: Mozilla Firefox|spa|1
|-boost|p2a: Mozilla Firefox|spd|1
|
|-weather|Sandstorm|[upkeep]
|-damage|p1a: Spark|94/100|[from] Sandstorm
|-damage|p2a: Mozilla Firefox|76/100 tox|[from] Sandstorm
|-heal|p2a: Mozilla Firefox|82/100 tox|[from] item: Leftovers
|-damage|p2a: Mozilla Firefox|70/100 tox|[from] psn
|upkeep
|turn|8
|inactive|JCEntrena has 270 seconds left.
|
|t:|1727985694
|move|p1a: Spark|Volt Tackle|p2a: Mozilla Firefox
|-supereffective|p2a: Mozilla Firefox
|-damage|p2a: Mozilla Firefox|0 fnt
|-damage|p1a: Spark|54/100|[from] Recoil|[of] p2a: Mozilla Firefox
|faint|p2a: Mozilla Firefox
|
|t:|1727985714
|switch|p2a: Safari|Magneton|100/100
|-damage|p2a: Safari|88/100|[from] Spikes
|
|-weather|Sandstorm|[upkeep]
|-damage|p1a: Spark|48/100|[from] Sandstorm
|upkeep
|turn|9
|
|t:|1727985723
|move|p1a: Spark|Substitute|p1a: Spark
|-start|p1a: Spark|Substitute
|-damage|p1a: Spark|23/100
|move|p2a: Safari|Thunder Wave||[still]
|-fail|p2a: Safari
|
|-weather|Sandstorm|[upkeep]
|-damage|p1a: Spark|17/100|[from] Sandstorm
|upkeep
|turn|10
|
|t:|1727985733
|move|p1a: Spark|Encore|p2a: Safari
|-start|p2a: Safari|Encore
|move|p2a: Safari|Thunder Wave||[still]
|-fail|p2a: Safari
|
|-weather|Sandstorm|[upkeep]
|-damage|p1a: Spark|11/100|[from] Sandstorm
|upkeep
|turn|11
|
|t:|1727985743
|move|p1a: Spark|Hidden Power|p2a: Safari
|-resisted|p2a: Safari
|-damage|p2a: Safari|66/100
|move|p2a: Safari|Thunder Wave||[still]
|-fail|p2a: Safari
|
|-weather|Sandstorm|[upkeep]
|-damage|p1a: Spark|5/100|[from] Sandstorm
|upkeep
|turn|12
|
|t:|1727985758
|move|p1a: Spark|Volt Tackle|p2a: Safari
|-resisted|p2a: Safari
|-damage|p2a: Safari|9/100
|-damage|p1a: Spark|0 fnt|[from] Recoil|[of] p2a: Safari
|faint|p1a: Spark
|
|t:|1727985767
|switch|p1a: Tico|Swampert, M|99/100
|
|-weather|Sandstorm|[upkeep]
|-heal|p1a: Tico|100/100|[from] item: Leftovers
|upkeep
|turn|13
|
|t:|1727985777
|switch|p2a: Google Chrome|Salamence, F|100/100
|-ability|p2a: Google Chrome|Intimidate|boost
|-unboost|p1a: Tico|atk|1
|move|p1a: Tico|Surf|p2a: Google Chrome
|-resisted|p2a: Google Chrome
|-damage|p2a: Google Chrome|79/100
|
|-weather|Sandstorm|[upkeep]
|-damage|p2a: Google Chrome|73/100|[from] Sandstorm
|-heal|p2a: Google Chrome|79/100|[from] item: Leftovers
|upkeep
|turn|14
|
|t:|1727985806
|move|p2a: Google Chrome|Hidden Power|p1a: Tico
|-supereffective|p1a: Tico
|-damage|p1a: Tico|16/100
|move|p1a: Tico|Toxic|p2a: Google Chrome
|-status|p2a: Google Chrome|tox
|
|-weather|Sandstorm|[upkeep]
|-damage|p2a: Google Chrome|73/100 tox|[from] Sandstorm
|-heal|p2a: Google Chrome|79/100 tox|[from] item: Leftovers
|-damage|p2a: Google Chrome|73/100 tox|[from] psn
|-heal|p1a: Tico|22/100|[from] item: Leftovers
|upkeep
|turn|15
|
|t:|1727985816
|move|p1a: Tico|Protect|p1a: Tico
|-singleturn|p1a: Tico|Protect
|move|p2a: Google Chrome|Dragon Claw|p1a: Tico
|-activate|p1a: Tico|Protect
|
|-weather|Sandstorm|[upkeep]
|-damage|p2a: Google Chrome|67/100 tox|[from] Sandstorm
|-heal|p2a: Google Chrome|73/100 tox|[from] item: Leftovers
|-damage|p2a: Google Chrome|61/100 tox|[from] psn
|-heal|p1a: Tico|28/100|[from] item: Leftovers
|upkeep
|turn|16
|inactive|JCEntrena has 270 seconds left.
|
|t:|1727985839
|switch|p1a: Pauly|Jirachi, shiny|100/100
|move|p2a: Google Chrome|Hidden Power|p1a: Pauly
|-resisted|p1a: Pauly
|-damage|p1a: Pauly|93/100
|
|-weather|Sandstorm|[upkeep]
|-damage|p2a: Google Chrome|55/100 tox|[from] Sandstorm
|-heal|p2a: Google Chrome|61/100 tox|[from] item: Leftovers
|-damage|p2a: Google Chrome|43/100 tox|[from] psn
|-heal|p1a: Pauly|99/100|[from] item: Leftovers
|upkeep
|turn|17
|inactive|JCEntrena has 270 seconds left.
|
|t:|1727985852
|switch|p2a: Safari|Magneton|9/100
|-damage|p2a: Safari|0 fnt|[from] Spikes
|faint|p2a: Safari
|
|t:|1727985863
|switch|p2a: Microsoft Edge|Slaking, M|94/100
|-damage|p2a: Microsoft Edge|82/100|[from] Spikes
|
|-weather|Sandstorm|[upkeep]
|-damage|p2a: Microsoft Edge|76/100|[from] Sandstorm
|-heal|p1a: Pauly|100/100|[from] item: Leftovers
|upkeep
|turn|18
|
|t:|1727985875
|move|p1a: Pauly|Protect|p1a: Pauly
|-singleturn|p1a: Pauly|Protect
|move|p2a: Microsoft Edge|Earthquake|p1a: Pauly
|-activate|p1a: Pauly|Protect
|
|-weather|Sandstorm|[upkeep]
|-damage|p2a: Microsoft Edge|70/100|[from] Sandstorm
|upkeep
|turn|19
|
|t:|1727985883
|switch|p2a: Brave|Metagross|100/100
|-damage|p2a: Brave|88/100|[from] Spikes
|move|p1a: Pauly|Body Slam|p2a: Brave
|-resisted|p2a: Brave
|-damage|p2a: Brave|81/100
|-status|p2a: Brave|par
|
|-weather|Sandstorm|[upkeep]
|-heal|p2a: Brave|87/100 par|[from] item: Leftovers
|upkeep
|turn|20
|
|t:|1727985904
|move|p1a: Pauly|Wish|p1a: Pauly
|cant|p2a: Brave|par
|
|-weather|Sandstorm|[upkeep]
|-heal|p2a: Brave|93/100 par|[from] item: Leftovers
|upkeep
|turn|21
|
|t:|1727985912
|move|p1a: Pauly|Fire Punch|p2a: Brave
|-supereffective|p2a: Brave
|-damage|p2a: Brave|57/100 par
|move|p2a: Brave|Explosion|p1a: Pauly
|-resisted|p1a: Pauly
|-damage|p1a: Pauly|17/100
|faint|p2a: Brave
|
|t:|1727985935
|switch|p2a: Google Chrome|Salamence, F|43/100 tox
|-ability|p2a: Google Chrome|Intimidate|boost
|-unboost|p1a: Pauly|atk|1
|
|-heal|p1a: Pauly|67/100|[from] move: Wish|[wisher] Pauly
|-weather|Sandstorm|[upkeep]
|-damage|p2a: Google Chrome|37/100 tox|[from] Sandstorm
|-heal|p2a: Google Chrome|43/100 tox|[from] item: Leftovers
|-damage|p2a: Google Chrome|37/100 tox|[from] psn
|-heal|p1a: Pauly|73/100|[from] item: Leftovers
|upkeep
|turn|22
|
|t:|1727985948
|move|p2a: Google Chrome|Fire Blast|p1a: Pauly|[miss]
|-miss|p2a: Google Chrome|p1a: Pauly
|move|p1a: Pauly|Wish|p1a: Pauly
|
|-weather|Sandstorm|[upkeep]
|-damage|p2a: Google Chrome|31/100 tox|[from] Sandstorm
|-heal|p2a: Google Chrome|37/100 tox|[from] item: Leftovers
|-damage|p2a: Google Chrome|25/100 tox|[from] psn
|-heal|p1a: Pauly|79/100|[from] item: Leftovers
|upkeep
|turn|23
|
|t:|1727985959
|switch|p2a: Microsoft Edge|Slaking, M|70/100
|-damage|p2a: Microsoft Edge|57/100|[from] Spikes
|move|p1a: Pauly|Protect||[still]
|-fail|p1a: Pauly
|
|-heal|p1a: Pauly|100/100|[from] move: Wish|[wisher] Pauly
|-weather|Sandstorm|[upkeep]
|-damage|p2a: Microsoft Edge|51/100|[from] Sandstorm
|upkeep
|turn|24
|
|t:|1727985964
|move|p1a: Pauly|Protect|p1a: Pauly
|-singleturn|p1a: Pauly|Protect
|move|p2a: Microsoft Edge|Earthquake|p1a: Pauly
|-activate|p1a: Pauly|Protect
|
|-weather|Sandstorm|[upkeep]
|-damage|p2a: Microsoft Edge|45/100|[from] Sandstorm
|upkeep
|turn|25
|
|t:|1727985973
|cant|p2a: Microsoft Edge|ability: Truant
|move|p1a: Pauly|Wish|p1a: Pauly
|
|-weather|Sandstorm|[upkeep]
|-damage|p2a: Microsoft Edge|39/100|[from] Sandstorm
|upkeep
|turn|26
|
|t:|1727985982
|switch|p2a: Opera|Heracross, F|100/100
|-damage|p2a: Opera|88/100|[from] Spikes
|move|p1a: Pauly|Protect||[still]
|-fail|p1a: Pauly
|
|-weather|Sandstorm|[upkeep]
|-damage|p2a: Opera|82/100|[from] Sandstorm
|upkeep
|turn|27
|
|t:|1727985989
|move|p2a: Opera|Substitute|p2a: Opera
|-start|p2a: Opera|Substitute
|-damage|p2a: Opera|57/100
|move|p1a: Pauly|Fire Punch|p2a: Opera
|-supereffective|p2a: Opera
|-end|p2a: Opera|Substitute
|
|-weather|Sandstorm|[upkeep]
|-damage|p2a: Opera|51/100|[from] Sandstorm
|upkeep
|turn|28
|
|t:|1727985997
|move|p2a: Opera|Substitute|p2a: Opera
|-start|p2a: Opera|Substitute
|-damage|p2a: Opera|26/100
|move|p1a: Pauly|Fire Punch|p2a: Opera
|-supereffective|p2a: Opera
|-end|p2a: Opera|Substitute
|
|-weather|Sandstorm|[upkeep]
|-damage|p2a: Opera|20/100|[from] Sandstorm
|-enditem|p2a: Opera|Salac Berry|[eat]
|-boost|p2a: Opera|spe|1|[from] item: Salac Berry
|upkeep
|turn|29
|
|t:|1727986007
|move|p2a: Opera|Megahorn|p1a: Pauly|[miss]
|-miss|p2a: Opera|p1a: Pauly
|move|p1a: Pauly|Fire Punch|p2a: Opera
|-supereffective|p2a: Opera
|-damage|p2a: Opera|0 fnt
|faint|p2a: Opera
|
|t:|1727986010
|switch|p2a: Google Chrome|Salamence, F|25/100 tox
|-ability|p2a: Google Chrome|Intimidate|boost
|-unboost|p1a: Pauly|atk|1
|
|-weather|Sandstorm|[upkeep]
|-damage|p2a: Google Chrome|19/100 tox|[from] Sandstorm
|-heal|p2a: Google Chrome|25/100 tox|[from] item: Leftovers
|-damage|p2a: Google Chrome|19/100 tox|[from] psn
|upkeep
|turn|30
|
|t:|1727986023
|move|p2a: Google Chrome|Fire Blast|p1a: Pauly
|-supereffective|p1a: Pauly
|-damage|p1a: Pauly|51/100
|move|p1a: Pauly|Wish|p1a: Pauly
|
|-weather|Sandstorm|[upkeep]
|-damage|p2a: Google Chrome|13/100 tox|[from] Sandstorm
|-heal|p2a: Google Chrome|19/100 tox|[from] item: Leftovers
|-damage|p2a: Google Chrome|7/100 tox|[from] psn
|-heal|p1a: Pauly|57/100|[from] item: Leftovers
|upkeep
|turn|31
|
|t:|1727986033
|switch|p1a: Tico|Swampert, M|28/100
|move|p2a: Google Chrome|Fire Blast|p1a: Tico
|-resisted|p1a: Tico
|-damage|p1a: Tico|10/100
|
|-heal|p1a: Tico|60/100|[from] move: Wish|[wisher] Pauly
|-weather|Sandstorm|[upkeep]
|-damage|p2a: Google Chrome|1/100 tox|[from] Sandstorm
|-heal|p2a: Google Chrome|7/100 tox|[from] item: Leftovers
|-damage|p2a: Google Chrome|0 fnt|[from] psn
|faint|p2a: Google Chrome
|-heal|p1a: Tico|66/100|[from] item: Leftovers
|upkeep
|
|t:|1727986043
|switch|p2a: Microsoft Edge|Slaking, M|39/100
|-damage|p2a: Microsoft Edge|27/100|[from] Spikes
|turn|32
|
|t:|1727986047
|move|p1a: Tico|Protect|p1a: Tico
|-singleturn|p1a: Tico|Protect
|cant|p2a: Microsoft Edge|ability: Truant
|
|-weather|Sandstorm|[upkeep]
|-damage|p2a: Microsoft Edge|20/100|[from] Sandstorm
|-heal|p1a: Tico|72/100|[from] item: Leftovers
|upkeep
|turn|33
|
|t:|1727986056
|move|p2a: Microsoft Edge|Return|p1a: Tico
|-damage|p1a: Tico|6/100
|move|p1a: Tico|Surf|p2a: Microsoft Edge
|-damage|p2a: Microsoft Edge|0 fnt
|faint|p2a: Microsoft Edge
|
|win|JCEntrena
|c|☆JCEntrena|gg
|c|☆AnotherAshenSoul|gg
|player|p2|
|c|☆JCEntrena|Hard team to use, and having protect was nice for the slaking

</script>
<script type="application/json" class="data" id="replaydata-smogtours-gen3ou-794345">
{"id":"smogtours-gen3ou-794345","format":"[Gen 3] OU","players":["JCEntrena","AnotherAshenSoul"],"uploadtime":1727986056,"views":188,"formatid":"gen3ou","rating":null,"private":0,"password":null}
</script>

<script defer src="js/replays.js?9d40a366"></script>
