<!DOCTYPE html>
<meta charset="utf-8" />
<meta name="viewport" content="width=device-width" />

<title>[Gen 3] OU: luisin vs. EG Zelph - Replays - Pok&eacute;mon Showdown!</title>

<meta name="description" content="Watch a replay of a Pok&eacute;mon battle between luisin and EG Zelph! Format: [Gen 3] OU; Date: Oct 21, 2024" />
<!--

Hey, you! Looking in the source for the replay log?

You can find them in JSON format, just add `.json` at the end of a replay URL.

https://replay.pokemonshowdown.com/gen7randomdoublesbattle-865046831.json

Or, if you only need the log itself, add `.log` instead:

https://replay.pokemonshowdown.com/gen7randomdoublesbattle-865046831.log

-->

<link rel="stylesheet" href="//pokemonshowdown.com/style/global.css?0.023195364461161105" />
<link rel="stylesheet" href="//play.pokemonshowdown.com/style/font-awesome.css?0.13261647063804238" />
<link rel="stylesheet" href="//play.pokemonshowdown.com/style/battle.css?0.8753245789963631" />
<link rel="stylesheet" href="//play.pokemonshowdown.com/style/utilichart.css?0.8627959624976733" />

<!-- Global site tag (gtag.js) - Google Analytics -->
<script async src="https://www.googletagmanager.com/gtag/js?id=UA-26211653-1"></script>
<script>
  window.dataLayer = window.dataLayer || [];
  function gtag(){dataLayer.push(arguments);}
  gtag('js', new Date());

  gtag('config', 'UA-26211653-1');
</script>
<!-- End Google Analytics -->
<!-- Venatus Ad Manager - Install in <HEAD> of page -->
	<script src="https://hb.vntsm.com/v3/live/ad-manager.min.js" type="text/javascript" data-site-id="642aba63ec9a7b11c3c9c1be" data-mode="scan" async></script>
<!-- / Venatus Ad Manager -->

<style>
	@media (max-width:820px) {
		.battle {
			margin: 0 auto;
		}
		.battle-log {
			margin: 7px auto 0;
			max-width: 640px;
			height: 300px;
			position: static;
		}
	}
	.optgroup {
		display: inline-block;
		line-height: 22px;
		font-size: 10pt;
	}
	.optgroup .button {
		height: 25px;
		padding-top: 0;
		padding-bottom: 0;
	}
	.optgroup button.button {
		padding-left: 12px;
		padding-right: 12px;
	}
	.linklist {
		list-style: none;
		margin: 0.5em 0;
		padding: 0;
	}
	.linklist li {
		padding: 2px 0;
	}
	.sidebar {
		float: left;
		width: 320px;
	}
	.bar-wrapper {
		max-width: 1100px;
		margin: 0 auto;
	}
	.bar-wrapper.has-sidebar {
		max-width: 1430px;
	}
	.mainbar {
		margin: 0;
		padding-right: 1px;
	}
	.mainbar.has-sidebar {
		margin-left: 330px;
	}
	@media (min-width: 1511px) {
		.sidebar {
			width: 400px;
		}
		.bar-wrapper.has-sidebar {
			max-width: 1510px;
		}
		.mainbar.has-sidebar {
			margin-left: 410px;
		}
	}
	.section.first-section {
		margin-top: 9px;
	}
	.blocklink small {
		white-space: normal;
	}
	.button {
		vertical-align: middle;
	}
	.replay-controls {
		padding-top: 10px;
	}
	.replay-controls h1 {
		font-size: 16pt;
		font-weight: normal;
		color: #CCC;
	}
	.pagelink {
		text-align: center;
	}
	.pagelink a {
		width: 150px;
	}
	.textbox, .button {
		font-size: 11pt;
		vertical-align: middle;
	}
	@media (max-width: 450px) {
		.button {
			font-size: 9pt;
		}
	}
</style>

<div>

	<header>
		<div class="nav-wrapper"><ul class="nav">
			<li><a class="button nav-first" href="//pokemonshowdown.com/"><img src="//pokemonshowdown.com/images/pokemonshowdownbeta.png" srcset="//pokemonshowdown.com/images/pokemonshowdownbeta.png 1x, //pokemonshowdown.com/images/pokemonshowdownbeta@2x.png 2x" alt="Pok&eacute;mon Showdown" width="146" height="44" /> Home</a></li>
			<li><a class="button" href="//pokemonshowdown.com/dex/">Pok&eacute;dex</a></li>
			<li><a class="button cur" href="/">Replays</a></li>
			<li><a class="button" href="//pokemonshowdown.com/ladder/">Ladder</a></li>
			<li><a class="button nav-last" href="//pokemonshowdown.com/forums/">Forum</a></li>
			<li><a class="button greenbutton nav-first nav-last" href="//play.pokemonshowdown.com/">Play</a></li>
		</ul></div>
	</header>

	<div class="main" id="main">

		<noscript><section class="section">You need to enable JavaScript to use this page; sorry!</section></noscript>

	</div>

</div>

<script defer nomodule src="//play.pokemonshowdown.com/js/lib/ps-polyfill.js"></script>
<script defer src="//play.pokemonshowdown.com/js/lib/preact.min.js"></script>

<script defer src="//play.pokemonshowdown.com/config/config.js?2bddbc15"></script>
<script defer src="//play.pokemonshowdown.com/js/lib/jquery-1.11.0.min.js"></script>
<script defer src="//play.pokemonshowdown.com/js/lib/html-sanitizer-minified.js"></script>
<script defer src="//play.pokemonshowdown.com/js/battle-sound.js"></script>
<script defer src="//play.pokemonshowdown.com/js/battledata.js?0.7209276989879541"></script>
<script defer src="//play.pokemonshowdown.com/data/pokedex-mini.js?0.6111056340867951"></script>
<script defer src="//play.pokemonshowdown.com/data/pokedex-mini-bw.js?0.3532142036491459"></script>
<script defer src="//play.pokemonshowdown.com/data/graphics.js?0.24223875632456182"></script>
<script defer src="//play.pokemonshowdown.com/data/pokedex.js?0.38839984266356864"></script>
<script defer src="//play.pokemonshowdown.com/data/moves.js?0.21866028504024015"></script>
<script defer src="//play.pokemonshowdown.com/data/abilities.js?0.2005157953846628"></script>
<script defer src="//play.pokemonshowdown.com/data/items.js?0.9894211263848525"></script>
<script defer src="//play.pokemonshowdown.com/data/teambuilder-tables.js?0.6008791140282215"></script>
<script defer src="//play.pokemonshowdown.com/js/battle-tooltips.js?0.7580118955022959"></script>
<script defer src="//play.pokemonshowdown.com/js/battle.js?0.6057722274234274"></script>

<script defer src="js/utils.js?e31f9a17"></script>
<script defer src="js/replays-battle.js?7008c182"></script>

<!-- don't scrape this data! just add .json or .log after the URL!
Full API docs: https://github.com/smogon/pokemon-showdown-client/blob/master/WEB-API.md -->
<script type="text/plain" class="log" id="replaylog-gen3ou-2228046712-5n3c01vsaighd322t2sibjy41o2p7yipw">
|j|☆luisin
|j|☆EG Zelph
|t:|1729554388
|gametype|singles
|player|p1|luisin|#luisin|
|player|p2|EG Zelph|parasollady|
|teamsize|p1|6
|teamsize|p2|6
|gen|3
|tier|[Gen 3] OU
|rule|Sleep Clause Mod: Limit one foe put to sleep
|rule|Switch Priority Clause Mod: Faster Pokémon switch first
|rule|Species Clause: Limit one of each Pokémon
|rule|OHKO Clause: OHKO moves are banned
|rule|Evasion Items Clause: Evasion items are banned
|rule|Evasion Moves Clause: Evasion moves are banned
|rule|Endless Battle Clause: Forcing endless battles is banned
|rule|HP Percentage Mod: HP is shown in percentages
|rule|One Boost Passer Clause: Limit one Baton Passer that has a way to boost its stats
|rule|Freeze Clause Mod: Limit one foe frozen
|
|t:|1729554388
|start
|switch|p1a: Métalosse|Metagross|100/100
|switch|p2a: Tyranitar|Tyranitar, M|100/100
|-weather|Sandstorm|[from] ability: Sand Stream|[of] p2a: Tyranitar
|turn|1
|inactive|Battle timer is ON: inactive players will automatically lose when time's up. (requested by luisin)
|inactive|EG Zelph also wants the timer to be on.
|
|t:|1729554394
|switch|p2a: Moltres|Moltres|100/100
|move|p1a: Métalosse|Meteor Mash|p2a: Moltres
|-resisted|p2a: Moltres
|-damage|p2a: Moltres|72/100
|
|-weather|Sandstorm|[upkeep]
|-damage|p2a: Moltres|66/100|[from] Sandstorm
|-heal|p2a: Moltres|72/100|[from] item: Leftovers
|upkeep
|turn|2
|
|t:|1729554406
|move|p1a: Métalosse|Protect|p1a: Métalosse
|-singleturn|p1a: Métalosse|Protect
|move|p2a: Moltres|Will-O-Wisp|p1a: Métalosse
|-activate|p1a: Métalosse|Protect
|
|-weather|Sandstorm|[upkeep]
|-damage|p2a: Moltres|66/100|[from] Sandstorm
|-heal|p2a: Moltres|72/100|[from] item: Leftovers
|upkeep
|turn|3
|
|t:|1729554413
|switch|p1a: Leuphorie|Blissey, F|100/100
|move|p2a: Moltres|Overheat|p1a: Leuphorie
|-damage|p1a: Leuphorie|70/100
|-unboost|p2a: Moltres|spa|2
|
|-weather|Sandstorm|[upkeep]
|-damage|p2a: Moltres|66/100|[from] Sandstorm
|-damage|p1a: Leuphorie|64/100|[from] Sandstorm
|-heal|p2a: Moltres|72/100|[from] item: Leftovers
|-heal|p1a: Leuphorie|70/100|[from] item: Leftovers
|upkeep
|turn|4
|
|t:|1729554422
|switch|p2a: Skarmory|Skarmory, M|100/100
|move|p1a: Leuphorie|Toxic|p2a: Skarmory
|-immune|p2a: Skarmory
|
|-weather|Sandstorm|[upkeep]
|-damage|p1a: Leuphorie|64/100|[from] Sandstorm
|-heal|p1a: Leuphorie|70/100|[from] item: Leftovers
|upkeep
|turn|5
|
|t:|1729554426
|move|p2a: Skarmory|Spikes|p1a: Leuphorie
|-sidestart|p1: luisin|Spikes
|move|p1a: Leuphorie|Thunderbolt|p2a: Skarmory
|-supereffective|p2a: Skarmory
|-damage|p2a: Skarmory|52/100
|
|-weather|Sandstorm|[upkeep]
|-damage|p1a: Leuphorie|64/100|[from] Sandstorm
|-heal|p2a: Skarmory|59/100|[from] item: Leftovers
|-heal|p1a: Leuphorie|70/100|[from] item: Leftovers
|upkeep
|turn|6
|
|t:|1729554432
|move|p2a: Skarmory|Protect|p2a: Skarmory
|-singleturn|p2a: Skarmory|Protect
|move|p1a: Leuphorie|Thunderbolt|p2a: Skarmory
|-activate|p2a: Skarmory|Protect
|
|-weather|Sandstorm|[upkeep]
|-damage|p1a: Leuphorie|64/100|[from] Sandstorm
|-heal|p2a: Skarmory|65/100|[from] item: Leftovers
|-heal|p1a: Leuphorie|70/100|[from] item: Leftovers
|upkeep
|turn|7
|
|t:|1729554436
|switch|p2a: Tyranitar|Tyranitar, M|100/100
|move|p1a: Leuphorie|Thunderbolt|p2a: Tyranitar
|-crit|p2a: Tyranitar
|-damage|p2a: Tyranitar|58/100
|
|-weather|Sandstorm|[upkeep]
|-damage|p1a: Leuphorie|64/100|[from] Sandstorm
|-heal|p2a: Tyranitar|64/100|[from] item: Leftovers
|-heal|p1a: Leuphorie|70/100|[from] item: Leftovers
|upkeep
|turn|8
|
|t:|1729554443
|-singleturn|p2a: Tyranitar|move: Focus Punch
|switch|p1a: Kaorine|Claydol|100/100
|move|p2a: Tyranitar|Focus Punch|p1a: Kaorine
|-resisted|p1a: Kaorine
|-damage|p1a: Kaorine|70/100
|
|-weather|Sandstorm|[upkeep]
|-heal|p1a: Kaorine|76/100|[from] item: Leftovers
|-heal|p2a: Tyranitar|70/100|[from] item: Leftovers
|upkeep
|turn|9
|
|t:|1729554449
|move|p1a: Kaorine|Rapid Spin|p2a: Tyranitar
|-resisted|p2a: Tyranitar
|-damage|p2a: Tyranitar|69/100
|-sideend|p1: luisin|Spikes|[from] move: Rapid Spin|[of] p1a: Kaorine
|move|p2a: Tyranitar|Hidden Power|p1a: Kaorine
|-supereffective|p1a: Kaorine
|-damage|p1a: Kaorine|21/100
|
|-weather|Sandstorm|[upkeep]
|-heal|p1a: Kaorine|27/100|[from] item: Leftovers
|-heal|p2a: Tyranitar|75/100|[from] item: Leftovers
|upkeep
|turn|10
|
|t:|1729554455
|switch|p1a: Métalosse|Metagross|100/100
|switch|p2a: Skarmory|Skarmory, M|65/100
|
|-weather|Sandstorm|[upkeep]
|-heal|p2a: Skarmory|71/100|[from] item: Leftovers
|upkeep
|turn|11
|
|t:|1729554459
|switch|p1a: Kaorine|Claydol|27/100
|move|p2a: Skarmory|Spikes|p1a: Kaorine
|-sidestart|p1: luisin|Spikes
|
|-weather|Sandstorm|[upkeep]
|-heal|p1a: Kaorine|33/100|[from] item: Leftovers
|-heal|p2a: Skarmory|77/100|[from] item: Leftovers
|upkeep
|turn|12
|
|t:|1729554461
|move|p1a: Kaorine|Rapid Spin|p2a: Skarmory
|-resisted|p2a: Skarmory
|-damage|p2a: Skarmory|75/100
|-sideend|p1: luisin|Spikes|[from] move: Rapid Spin|[of] p1a: Kaorine
|move|p2a: Skarmory|Drill Peck|p1a: Kaorine
|-damage|p1a: Kaorine|10/100
|
|-weather|Sandstorm|[upkeep]
|-heal|p1a: Kaorine|16/100|[from] item: Leftovers
|-heal|p2a: Skarmory|81/100|[from] item: Leftovers
|upkeep
|turn|13
|
|t:|1729554464
|move|p1a: Kaorine|Explosion|p2a: Skarmory
|-resisted|p2a: Skarmory
|-damage|p2a: Skarmory|39/100
|faint|p1a: Kaorine
|
|t:|1729554473
|switch|p1a: Leuphorie|Blissey, F|70/100
|
|-weather|Sandstorm|[upkeep]
|-damage|p1a: Leuphorie|64/100|[from] Sandstorm
|-heal|p2a: Skarmory|45/100|[from] item: Leftovers
|-heal|p1a: Leuphorie|70/100|[from] item: Leftovers
|upkeep
|turn|14
|
|t:|1729554478
|switch|p2a: Tyranitar|Tyranitar, M|75/100
|switch|p1a: Métalosse|Metagross|100/100
|
|-weather|Sandstorm|[upkeep]
|-heal|p2a: Tyranitar|81/100|[from] item: Leftovers
|upkeep
|turn|15
|
|t:|1729554483
|switch|p2a: Swampert|Swampert, M|100/100
|move|p1a: Métalosse|Meteor Mash|p2a: Swampert|[miss]
|-miss|p1a: Métalosse|p2a: Swampert
|
|-weather|Sandstorm|[upkeep]
|upkeep
|turn|16
|
|t:|1729554489
|switch|p1a: Airmure|Skarmory, M|100/100
|switch|p2a: Skarmory|Skarmory, M|45/100
|
|-weather|Sandstorm|[upkeep]
|-heal|p2a: Skarmory|51/100|[from] item: Leftovers
|upkeep
|turn|17
|
|t:|1729554492
|move|p2a: Skarmory|Spikes|p1a: Airmure
|-sidestart|p1: luisin|Spikes
|move|p1a: Airmure|Thief|p2a: Skarmory
|-resisted|p2a: Skarmory
|-damage|p2a: Skarmory|49/100
|-enditem|p2a: Skarmory|Leftovers|[silent]|[from] move: Thief|[of] p1a: Airmure
|-item|p1a: Airmure|Leftovers|[from] move: Thief|[of] p2a: Skarmory
|
|-weather|Sandstorm|[upkeep]
|upkeep
|turn|18
|
|t:|1729554495
|move|p2a: Skarmory|Spikes|p1a: Airmure
|-sidestart|p1: luisin|Spikes
|move|p1a: Airmure|Spikes|p2a: Skarmory
|-sidestart|p2: EG Zelph|Spikes
|
|-weather|Sandstorm|[upkeep]
|upkeep
|turn|19
|
|t:|1729554498
|move|p2a: Skarmory|Spikes|p1a: Airmure
|-sidestart|p1: luisin|Spikes
|move|p1a: Airmure|Spikes|p2a: Skarmory
|-sidestart|p2: EG Zelph|Spikes
|
|-weather|Sandstorm|[upkeep]
|upkeep
|turn|20
|
|t:|1729554502
|switch|p2a: Moltres|Moltres|72/100
|move|p1a: Airmure|Spikes|p2a: Moltres
|-sidestart|p2: EG Zelph|Spikes
|
|-weather|Sandstorm|[upkeep]
|-damage|p2a: Moltres|66/100|[from] Sandstorm
|-heal|p2a: Moltres|72/100|[from] item: Leftovers
|upkeep
|turn|21
|
|t:|1729554506
|move|p1a: Airmure|Protect|p1a: Airmure
|-singleturn|p1a: Airmure|Protect
|move|p2a: Moltres|Flamethrower|p1a: Airmure
|-activate|p1a: Airmure|Protect
|
|-weather|Sandstorm|[upkeep]
|-damage|p2a: Moltres|66/100|[from] Sandstorm
|-heal|p2a: Moltres|72/100|[from] item: Leftovers
|upkeep
|turn|22
|
|t:|1729554511
|switch|p1a: Léviator|Gyarados, M|100/100
|-ability|p1a: Léviator|Intimidate|boost
|-unboost|p2a: Moltres|atk|1
|move|p2a: Moltres|Flamethrower|p1a: Léviator
|-resisted|p1a: Léviator
|-damage|p1a: Léviator|78/100
|
|-weather|Sandstorm|[upkeep]
|-damage|p2a: Moltres|66/100|[from] Sandstorm
|-damage|p1a: Léviator|72/100|[from] Sandstorm
|-heal|p2a: Moltres|72/100|[from] item: Leftovers
|-heal|p1a: Léviator|78/100|[from] item: Leftovers
|upkeep
|turn|23
|
|t:|1729554520
|move|p2a: Moltres|Will-O-Wisp|p1a: Léviator|[miss]
|-miss|p2a: Moltres|p1a: Léviator
|move|p1a: Léviator|Hidden Power|p2a: Moltres
|-supereffective|p2a: Moltres
|-damage|p2a: Moltres|0 fnt
|faint|p2a: Moltres
|
|t:|1729554523
|switch|p2a: Gengar|Gengar, F|100/100
|
|-weather|Sandstorm|[upkeep]
|-damage|p2a: Gengar|94/100|[from] Sandstorm
|-damage|p1a: Léviator|72/100|[from] Sandstorm
|-heal|p2a: Gengar|100/100|[from] item: Leftovers
|-heal|p1a: Léviator|78/100|[from] item: Leftovers
|upkeep
|turn|24
|c|☆luisin|mb
|
|t:|1729554545
|switch|p1a: Armaldo|Armaldo, M|100/100
|-damage|p1a: Armaldo|76/100|[from] Spikes
|move|p2a: Gengar|Will-O-Wisp|p1a: Armaldo|[miss]
|-miss|p2a: Gengar|p1a: Armaldo
|
|-weather|Sandstorm|[upkeep]
|-damage|p2a: Gengar|94/100|[from] Sandstorm
|-heal|p2a: Gengar|100/100|[from] item: Leftovers
|-heal|p1a: Armaldo|82/100|[from] item: Leftovers
|upkeep
|turn|25
|
|t:|1729554551
|move|p2a: Gengar|Will-O-Wisp|p1a: Armaldo
|-status|p1a: Armaldo|brn
|move|p1a: Armaldo|Knock Off|p2a: Gengar
|-supereffective|p2a: Gengar
|-damage|p2a: Gengar|92/100
|-enditem|p2a: Gengar|Leftovers|[from] move: Knock Off|[of] p1a: Armaldo
|-hint|In Gens 3-4, Knock Off only makes the target's item unusable; it cannot obtain a new item.
|
|-weather|Sandstorm|[upkeep]
|-damage|p2a: Gengar|86/100|[from] Sandstorm
|-heal|p1a: Armaldo|88/100 brn|[from] item: Leftovers
|-damage|p1a: Armaldo|76/100 brn|[from] brn
|upkeep
|turn|26
|
|t:|1729554557
|switch|p2a: Skarmory|Skarmory, M|49/100
|move|p1a: Armaldo|Rock Slide|p2a: Skarmory
|-crit|p2a: Skarmory
|-damage|p2a: Skarmory|26/100
|
|-weather|Sandstorm|[upkeep]
|-heal|p1a: Armaldo|82/100 brn|[from] item: Leftovers
|-damage|p1a: Armaldo|69/100 brn|[from] brn
|upkeep
|turn|27
|
|t:|1729554565
|switch|p1a: Airmure|Skarmory, M|100/100
|move|p2a: Skarmory|Protect||[still]
|-fail|p2a: Skarmory
|
|-weather|Sandstorm|[upkeep]
|upkeep
|turn|28
|
|t:|1729554570
|move|p2a: Skarmory|Roar|p1a: Airmure
|drag|p1a: Métalosse|Metagross|100/100
|-damage|p1a: Métalosse|76/100|[from] Spikes
|
|-weather|Sandstorm|[upkeep]
|-heal|p1a: Métalosse|82/100|[from] item: Leftovers
|upkeep
|turn|29
|
|t:|1729554575
|move|p1a: Métalosse|Meteor Mash|p2a: Skarmory
|-resisted|p2a: Skarmory
|-damage|p2a: Skarmory|8/100
|move|p2a: Skarmory|Roar|p1a: Métalosse
|drag|p1a: Armaldo|Armaldo, M|69/100 brn
|-damage|p1a: Armaldo|45/100 brn|[from] Spikes
|
|-weather|Sandstorm|[upkeep]
|-heal|p1a: Armaldo|51/100 brn|[from] item: Leftovers
|-damage|p1a: Armaldo|38/100 brn|[from] brn
|upkeep
|turn|30
|
|t:|1729554579
|move|p2a: Skarmory|Protect|p2a: Skarmory
|-singleturn|p2a: Skarmory|Protect
|move|p1a: Armaldo|Rock Slide|p2a: Skarmory
|-activate|p2a: Skarmory|Protect
|
|-weather|Sandstorm|[upkeep]
|-heal|p1a: Armaldo|45/100 brn|[from] item: Leftovers
|-damage|p1a: Armaldo|32/100 brn|[from] brn
|upkeep
|turn|31
|
|t:|1729554584
|move|p2a: Skarmory|Drill Peck|p1a: Armaldo
|-damage|p1a: Armaldo|11/100 brn
|move|p1a: Armaldo|Rock Slide|p2a: Skarmory
|-damage|p2a: Skarmory|0 fnt
|faint|p2a: Skarmory
|
|t:|1729554597
|switch|p2a: Gengar|Gengar, F|86/100
|
|-weather|Sandstorm|[upkeep]
|-damage|p2a: Gengar|79/100|[from] Sandstorm
|-heal|p1a: Armaldo|17/100 brn|[from] item: Leftovers
|-damage|p1a: Armaldo|5/100 brn|[from] brn
|upkeep
|turn|32
|
|t:|1729554601
|move|p2a: Gengar|Thunderbolt|p1a: Armaldo
|-damage|p1a: Armaldo|0 fnt
|faint|p1a: Armaldo
|
|t:|1729554617
|switch|p1a: Leuphorie|Blissey, F|70/100
|-damage|p1a: Leuphorie|45/100|[from] Spikes
|
|-weather|Sandstorm|[upkeep]
|-damage|p2a: Gengar|73/100|[from] Sandstorm
|-damage|p1a: Leuphorie|39/100|[from] Sandstorm
|-heal|p1a: Leuphorie|45/100|[from] item: Leftovers
|upkeep
|turn|33
|
|t:|1729554622
|move|p2a: Gengar|Taunt|p1a: Leuphorie
|-start|p1a: Leuphorie|move: Taunt
|cant|p1a: Leuphorie|move: Taunt|Soft-Boiled
|
|-weather|Sandstorm|[upkeep]
|-damage|p2a: Gengar|67/100|[from] Sandstorm
|-damage|p1a: Leuphorie|39/100|[from] Sandstorm
|-heal|p1a: Leuphorie|45/100|[from] item: Leftovers
|upkeep
|turn|34
|
|t:|1729554625
|switch|p2a: Tyranitar|Tyranitar, M|81/100
|-damage|p2a: Tyranitar|56/100|[from] Spikes
|move|p1a: Leuphorie|Ice Beam|p2a: Tyranitar
|-damage|p2a: Tyranitar|35/100
|-status|p2a: Tyranitar|frz
|
|-weather|Sandstorm|[upkeep]
|-damage|p1a: Leuphorie|39/100|[from] Sandstorm
|-heal|p2a: Tyranitar|41/100 frz|[from] item: Leftovers
|-heal|p1a: Leuphorie|45/100|[from] item: Leftovers
|-end|p1a: Leuphorie|move: Taunt|[silent]
|upkeep
|turn|35
|
|t:|1729554631
|-singleturn|p2a: Tyranitar|move: Focus Punch
|move|p1a: Leuphorie|Soft-Boiled|p1a: Leuphorie
|-heal|p1a: Leuphorie|95/100
|cant|p2a: Tyranitar|frz
|
|-weather|Sandstorm|[upkeep]
|-damage|p1a: Leuphorie|89/100|[from] Sandstorm
|-heal|p2a: Tyranitar|47/100 frz|[from] item: Leftovers
|-heal|p1a: Leuphorie|95/100|[from] item: Leftovers
|upkeep
|turn|36
|
|t:|1729554636
|cant|p2a: Tyranitar|frz
|move|p1a: Leuphorie|Ice Beam|p2a: Tyranitar
|-damage|p2a: Tyranitar|25/100 frz
|
|-weather|Sandstorm|[upkeep]
|-damage|p1a: Leuphorie|89/100|[from] Sandstorm
|-heal|p2a: Tyranitar|31/100 frz|[from] item: Leftovers
|-heal|p1a: Leuphorie|95/100|[from] item: Leftovers
|upkeep
|turn|37
|
|t:|1729554641
|switch|p1a: Léviator|Gyarados, M|78/100
|-ability|p1a: Léviator|Intimidate|boost
|-unboost|p2a: Tyranitar|atk|1
|-curestatus|p2a: Tyranitar|frz|[msg]
|move|p2a: Tyranitar|Rock Slide|p1a: Léviator
|-supereffective|p1a: Léviator
|-damage|p1a: Léviator|9/100
|
|-weather|Sandstorm|[upkeep]
|-damage|p1a: Léviator|3/100|[from] Sandstorm
|-heal|p1a: Léviator|9/100|[from] item: Leftovers
|-heal|p2a: Tyranitar|37/100|[from] item: Leftovers
|upkeep
|turn|38
|
|t:|1729554652
|switch|p2a: Swampert|Swampert, M|100/100
|-damage|p2a: Swampert|76/100|[from] Spikes
|move|p1a: Léviator|Earthquake|p2a: Swampert
|-damage|p2a: Swampert|42/100
|
|-weather|Sandstorm|[upkeep]
|-damage|p1a: Léviator|3/100|[from] Sandstorm
|-heal|p1a: Léviator|9/100|[from] item: Leftovers
|-heal|p2a: Swampert|48/100|[from] item: Leftovers
|upkeep
|turn|39
|
|t:|1729554659
|move|p1a: Léviator|Earthquake|p2a: Swampert
|-crit|p2a: Swampert
|-damage|p2a: Swampert|0 fnt
|faint|p2a: Swampert
|
|t:|1729554662
|switch|p2a: Gengar|Gengar, F|67/100
|
|-weather|Sandstorm|[upkeep]
|-damage|p2a: Gengar|61/100|[from] Sandstorm
|-damage|p1a: Léviator|3/100|[from] Sandstorm
|-heal|p1a: Léviator|9/100|[from] item: Leftovers
|upkeep
|turn|40
|
|t:|1729554667
|switch|p1a: Leuphorie|Blissey, F|95/100
|-damage|p1a: Leuphorie|70/100|[from] Spikes
|move|p2a: Gengar|Thunderbolt|p1a: Leuphorie
|-damage|p1a: Leuphorie|60/100
|
|-weather|Sandstorm|[upkeep]
|-damage|p2a: Gengar|55/100|[from] Sandstorm
|-damage|p1a: Leuphorie|54/100|[from] Sandstorm
|-heal|p1a: Leuphorie|60/100|[from] item: Leftovers
|upkeep
|turn|41
|
|t:|1729554671
|move|p2a: Gengar|Will-O-Wisp|p1a: Leuphorie
|-status|p1a: Leuphorie|brn
|move|p1a: Leuphorie|Ice Beam|p2a: Gengar
|-damage|p2a: Gengar|23/100
|
|-weather|Sandstorm|[upkeep]
|-damage|p2a: Gengar|17/100|[from] Sandstorm
|-damage|p1a: Leuphorie|54/100 brn|[from] Sandstorm
|-heal|p1a: Leuphorie|60/100 brn|[from] item: Leftovers
|-damage|p1a: Leuphorie|47/100 brn|[from] brn
|upkeep
|turn|42
|
|t:|1729554676
|move|p2a: Gengar|Taunt|p1a: Leuphorie
|-start|p1a: Leuphorie|move: Taunt
|move|p1a: Leuphorie|Ice Beam|p2a: Gengar
|-damage|p2a: Gengar|0 fnt
|faint|p2a: Gengar
|
|t:|1729554686
|switch|p2a: Tyranitar|Tyranitar, M|37/100
|-damage|p2a: Tyranitar|12/100|[from] Spikes
|
|-weather|Sandstorm|[upkeep]
|-damage|p1a: Leuphorie|41/100 brn|[from] Sandstorm
|-heal|p2a: Tyranitar|18/100|[from] item: Leftovers
|-heal|p1a: Leuphorie|47/100 brn|[from] item: Leftovers
|-damage|p1a: Leuphorie|35/100 brn|[from] brn
|upkeep
|turn|43
|
|t:|1729554691
|move|p2a: Tyranitar|Rock Slide|p1a: Leuphorie
|-damage|p1a: Leuphorie|0 fnt
|faint|p1a: Leuphorie
|
|t:|1729554702
|switch|p1a: Léviator|Gyarados, M|9/100
|-ability|p1a: Léviator|Intimidate|boost
|-unboost|p2a: Tyranitar|atk|1
|
|-weather|Sandstorm|[upkeep]
|-damage|p1a: Léviator|3/100|[from] Sandstorm
|-heal|p1a: Léviator|9/100|[from] item: Leftovers
|-heal|p2a: Tyranitar|24/100|[from] item: Leftovers
|upkeep
|turn|44
|
|t:|1729554706
|move|p1a: Léviator|Earthquake|p2a: Tyranitar
|-supereffective|p2a: Tyranitar
|-damage|p2a: Tyranitar|0 fnt
|faint|p2a: Tyranitar
|
|t:|1729554708
|switch|p2a: Celebi|Celebi|100/100
|-damage|p2a: Celebi|76/100|[from] Spikes
|
|-weather|Sandstorm|[upkeep]
|-damage|p2a: Celebi|69/100|[from] Sandstorm
|-damage|p1a: Léviator|3/100|[from] Sandstorm
|-heal|p2a: Celebi|76/100|[from] item: Leftovers
|-heal|p1a: Léviator|9/100|[from] item: Leftovers
|upkeep
|turn|45
|
|t:|1729554711
|move|p2a: Celebi|Psychic|p1a: Léviator
|-damage|p1a: Léviator|0 fnt
|faint|p1a: Léviator
|
|t:|1729554712
|switch|p1a: Métalosse|Metagross|82/100
|-damage|p1a: Métalosse|57/100|[from] Spikes
|
|-weather|Sandstorm|[upkeep]
|-damage|p2a: Celebi|69/100|[from] Sandstorm
|-heal|p2a: Celebi|76/100|[from] item: Leftovers
|-heal|p1a: Métalosse|63/100|[from] item: Leftovers
|upkeep
|turn|46
|
|t:|1729554715
|move|p1a: Métalosse|Protect|p1a: Métalosse
|-singleturn|p1a: Métalosse|Protect
|move|p2a: Celebi|Hidden Power|p1a: Métalosse
|-activate|p1a: Métalosse|Protect
|
|-weather|Sandstorm|[upkeep]
|-damage|p2a: Celebi|69/100|[from] Sandstorm
|-heal|p2a: Celebi|76/100|[from] item: Leftovers
|-heal|p1a: Métalosse|69/100|[from] item: Leftovers
|upkeep
|turn|47
|
|t:|1729554718
|move|p2a: Celebi|Hidden Power|p1a: Métalosse
|-supereffective|p1a: Métalosse
|-damage|p1a: Métalosse|22/100
|move|p1a: Métalosse|Explosion|p2a: Celebi
|-damage|p2a: Celebi|0 fnt
|faint|p1a: Métalosse
|faint|p2a: Celebi
|
|win|luisin
|c|☆luisin|gg

</script>
<script type="application/json" class="data" id="replaydata-gen3ou-2228046712-5n3c01vsaighd322t2sibjy41o2p7yipw">
{"id":"gen3ou-2228046712","format":"[Gen 3] OU","players":["luisin","EG Zelph"],"uploadtime":1729554720,"views":78,"formatid":"gen3ou","rating":null,"private":1,"password":"5n3c01vsaighd322t2sibjy41o2p7yi"}
</script>

<script defer src="js/replays.js?9d40a366"></script>
