<!DOCTYPE html>
<meta charset="utf-8" />
<meta name="viewport" content="width=device-width" />

<title>[Gen 3] OU: reptikrook vs. Yoink 0 - Replays - Pok&eacute;mon Showdown!</title>

<meta name="description" content="Watch a replay of a Pok&eacute;mon battle between reptikrook and Yoink 0! Format: [Gen 3] OU; Date: Oct 19, 2024" />
<!--

Hey, you! Looking in the source for the replay log?

You can find them in JSON format, just add `.json` at the end of a replay URL.

https://replay.pokemonshowdown.com/gen7randomdoublesbattle-865046831.json

Or, if you only need the log itself, add `.log` instead:

https://replay.pokemonshowdown.com/gen7randomdoublesbattle-865046831.log

-->

<link rel="stylesheet" href="//pokemonshowdown.com/style/global.css?0.767286132409787" />
<link rel="stylesheet" href="//play.pokemonshowdown.com/style/font-awesome.css?0.9266228007934947" />
<link rel="stylesheet" href="//play.pokemonshowdown.com/style/battle.css?0.7924700842790926" />
<link rel="stylesheet" href="//play.pokemonshowdown.com/style/utilichart.css?0.8777417872839479" />

<!-- Global site tag (gtag.js) - Google Analytics -->
<script async src="https://www.googletagmanager.com/gtag/js?id=UA-26211653-1"></script>
<script>
  window.dataLayer = window.dataLayer || [];
  function gtag(){dataLayer.push(arguments);}
  gtag('js', new Date());

  gtag('config', 'UA-26211653-1');
</script>
<!-- End Google Analytics -->
<!-- Venatus Ad Manager - Install in <HEAD> of page -->
	<script src="https://hb.vntsm.com/v3/live/ad-manager.min.js" type="text/javascript" data-site-id="642aba63ec9a7b11c3c9c1be" data-mode="scan" async></script>
<!-- / Venatus Ad Manager -->

<style>
	@media (max-width:820px) {
		.battle {
			margin: 0 auto;
		}
		.battle-log {
			margin: 7px auto 0;
			max-width: 640px;
			height: 300px;
			position: static;
		}
	}
	.optgroup {
		display: inline-block;
		line-height: 22px;
		font-size: 10pt;
	}
	.optgroup .button {
		height: 25px;
		padding-top: 0;
		padding-bottom: 0;
	}
	.optgroup button.button {
		padding-left: 12px;
		padding-right: 12px;
	}
	.linklist {
		list-style: none;
		margin: 0.5em 0;
		padding: 0;
	}
	.linklist li {
		padding: 2px 0;
	}
	.sidebar {
		float: left;
		width: 320px;
	}
	.bar-wrapper {
		max-width: 1100px;
		margin: 0 auto;
	}
	.bar-wrapper.has-sidebar {
		max-width: 1430px;
	}
	.mainbar {
		margin: 0;
		padding-right: 1px;
	}
	.mainbar.has-sidebar {
		margin-left: 330px;
	}
	@media (min-width: 1511px) {
		.sidebar {
			width: 400px;
		}
		.bar-wrapper.has-sidebar {
			max-width: 1510px;
		}
		.mainbar.has-sidebar {
			margin-left: 410px;
		}
	}
	.section.first-section {
		margin-top: 9px;
	}
	.blocklink small {
		white-space: normal;
	}
	.button {
		vertical-align: middle;
	}
	.replay-controls {
		padding-top: 10px;
	}
	.replay-controls h1 {
		font-size: 16pt;
		font-weight: normal;
		color: #CCC;
	}
	.pagelink {
		text-align: center;
	}
	.pagelink a {
		width: 150px;
	}
	.textbox, .button {
		font-size: 11pt;
		vertical-align: middle;
	}
	@media (max-width: 450px) {
		.button {
			font-size: 9pt;
		}
	}
</style>

<div>

	<header>
		<div class="nav-wrapper"><ul class="nav">
			<li><a class="button nav-first" href="//pokemonshowdown.com/"><img src="//pokemonshowdown.com/images/pokemonshowdownbeta.png" srcset="//pokemonshowdown.com/images/pokemonshowdownbeta.png 1x, //pokemonshowdown.com/images/pokemonshowdownbeta@2x.png 2x" alt="Pok&eacute;mon Showdown" width="146" height="44" /> Home</a></li>
			<li><a class="button" href="//pokemonshowdown.com/dex/">Pok&eacute;dex</a></li>
			<li><a class="button cur" href="/">Replays</a></li>
			<li><a class="button" href="//pokemonshowdown.com/ladder/">Ladder</a></li>
			<li><a class="button nav-last" href="//pokemonshowdown.com/forums/">Forum</a></li>
			<li><a class="button greenbutton nav-first nav-last" href="//play.pokemonshowdown.com/">Play</a></li>
		</ul></div>
	</header>

	<div class="main" id="main">

		<noscript><section class="section">You need to enable JavaScript to use this page; sorry!</section></noscript>

	</div>

</div>

<script defer nomodule src="//play.pokemonshowdown.com/js/lib/ps-polyfill.js"></script>
<script defer src="//play.pokemonshowdown.com/js/lib/preact.min.js"></script>

<script defer src="//play.pokemonshowdown.com/config/config.js?6dec07f6"></script>
<script defer src="//play.pokemonshowdown.com/js/lib/jquery-1.11.0.min.js"></script>
<script defer src="//play.pokemonshowdown.com/js/lib/html-sanitizer-minified.js"></script>
<script defer src="//play.pokemonshowdown.com/js/battle-sound.js"></script>
<script defer src="//play.pokemonshowdown.com/js/battledata.js?0.6315294753075389"></script>
<script defer src="//play.pokemonshowdown.com/data/pokedex-mini.js?0.7603743185311358"></script>
<script defer src="//play.pokemonshowdown.com/data/pokedex-mini-bw.js?0.030888842834281283"></script>
<script defer src="//play.pokemonshowdown.com/data/graphics.js?0.05593094747507488"></script>
<script defer src="//play.pokemonshowdown.com/data/pokedex.js?0.47064822249611904"></script>
<script defer src="//play.pokemonshowdown.com/data/moves.js?0.8583693120512459"></script>
<script defer src="//play.pokemonshowdown.com/data/abilities.js?0.16017181182386842"></script>
<script defer src="//play.pokemonshowdown.com/data/items.js?0.4163379185673943"></script>
<script defer src="//play.pokemonshowdown.com/data/teambuilder-tables.js?0.31075597372830477"></script>
<script defer src="//play.pokemonshowdown.com/js/battle-tooltips.js?0.6536193500708172"></script>
<script defer src="//play.pokemonshowdown.com/js/battle.js?0.1916591943277901"></script>

<script defer src="js/utils.js?e31f9a17"></script>
<script defer src="js/replays-battle.js?7008c182"></script>

<!-- don't scrape this data! just add .json or .log after the URL!
Full API docs: https://github.com/smogon/pokemon-showdown-client/blob/master/WEB-API.md -->
<script type="text/plain" class="log" id="replaylog-smogtours-gen3ou-799884">
|inactive|Battle timer is ON: inactive players will automatically lose when time's up.
|t:|1729349586
|gametype|singles
|player|p1|reptikrook|169|
|player|p2|Yoink 0|2|
|teamsize|p1|6
|teamsize|p2|6
|gen|3
|tier|[Gen 3] OU
|rule|Sleep Clause Mod: Limit one foe put to sleep
|rule|Switch Priority Clause Mod: Faster Pokémon switch first
|rule|Species Clause: Limit one of each Pokémon
|rule|OHKO Clause: OHKO moves are banned
|rule|Evasion Items Clause: Evasion items are banned
|rule|Evasion Moves Clause: Evasion moves are banned
|rule|Endless Battle Clause: Forcing endless battles is banned
|rule|HP Percentage Mod: HP is shown in percentages
|rule|One Boost Passer Clause: Limit one Baton Passer that has a way to boost its stats
|rule|Freeze Clause Mod: Limit one foe frozen
|
|t:|1729349586
|start
|switch|p1a: Harold|Hariyama, F|100/100
|switch|p2a: Tyranitar|Tyranitar, M, shiny|100/100
|-weather|Sandstorm|[from] ability: Sand Stream|[of] p2a: Tyranitar
|turn|1
|inactive|Yoink 0 has 270 seconds left.
|
|t:|1729349623
|switch|p2a: Starmie|Starmie, shiny|100/100
|move|p1a: Harold|Brick Break|p2a: Starmie
|-resisted|p2a: Starmie
|-damage|p2a: Starmie|76/100
|
|-weather|Sandstorm|[upkeep]
|-damage|p2a: Starmie|70/100|[from] Sandstorm
|-damage|p1a: Harold|94/100|[from] Sandstorm
|-heal|p2a: Starmie|76/100|[from] item: Leftovers
|-heal|p1a: Harold|100/100|[from] item: Leftovers
|upkeep
|turn|2
|
|t:|1729349636
|switch|p2a: Heracross|Heracross, M|100/100
|switch|p1a: Yolko Oh No|Blissey, F|100/100
|
|-weather|Sandstorm|[upkeep]
|-damage|p2a: Heracross|95/100|[from] Sandstorm
|-damage|p1a: Yolko Oh No|94/100|[from] Sandstorm
|-heal|p2a: Heracross|100/100|[from] item: Leftovers
|-heal|p1a: Yolko Oh No|100/100|[from] item: Leftovers
|upkeep
|turn|3
|
|t:|1729349648
|switch|p1a: Grin|Gengar, F|100/100
|move|p2a: Heracross|Substitute|p2a: Heracross
|-start|p2a: Heracross|Substitute
|-damage|p2a: Heracross|76/100
|
|-weather|Sandstorm|[upkeep]
|-damage|p1a: Grin|94/100|[from] Sandstorm
|-damage|p2a: Heracross|70/100|[from] Sandstorm
|-heal|p1a: Grin|100/100|[from] item: Leftovers
|-heal|p2a: Heracross|76/100|[from] item: Leftovers
|upkeep
|turn|4
|
|t:|1729349658
|move|p1a: Grin|Fire Punch|p2a: Heracross
|-supereffective|p2a: Heracross
|-end|p2a: Heracross|Substitute
|move|p2a: Heracross|Rock Slide|p1a: Grin
|-damage|p1a: Grin|44/100
|
|-weather|Sandstorm|[upkeep]
|-damage|p1a: Grin|38/100|[from] Sandstorm
|-damage|p2a: Heracross|70/100|[from] Sandstorm
|-heal|p1a: Grin|44/100|[from] item: Leftovers
|-heal|p2a: Heracross|76/100|[from] item: Leftovers
|upkeep
|turn|5
|
|t:|1729349674
|switch|p2a: Tyranitar|Tyranitar, M, shiny|100/100
|move|p1a: Grin|Thunderbolt|p2a: Tyranitar
|-damage|p2a: Tyranitar|75/100
|
|-weather|Sandstorm|[upkeep]
|-damage|p1a: Grin|38/100|[from] Sandstorm
|-heal|p1a: Grin|44/100|[from] item: Leftovers
|-heal|p2a: Tyranitar|81/100|[from] item: Leftovers
|upkeep
|turn|6
|
|t:|1729349684
|move|p1a: Grin|Will-O-Wisp|p2a: Tyranitar
|-status|p2a: Tyranitar|brn
|move|p2a: Tyranitar|Rock Slide|p1a: Grin
|-damage|p1a: Grin|0 fnt
|faint|p1a: Grin
|
|t:|1729349693
|switch|p1a: Harold|Hariyama, F|100/100
|
|-weather|Sandstorm|[upkeep]
|-damage|p1a: Harold|94/100|[from] Sandstorm
|-heal|p2a: Tyranitar|87/100 brn|[from] item: Leftovers
|-damage|p2a: Tyranitar|75/100 brn|[from] brn
|-heal|p1a: Harold|100/100|[from] item: Leftovers
|upkeep
|turn|7
|
|t:|1729349701
|switch|p2a: Starmie|Starmie, shiny|76/100
|move|p1a: Harold|Knock Off|p2a: Starmie
|-supereffective|p2a: Starmie
|-damage|p2a: Starmie|70/100
|-enditem|p2a: Starmie|Leftovers|[from] move: Knock Off|[of] p1a: Harold
|-hint|In Gens 3-4, Knock Off only makes the target's item unusable; it cannot obtain a new item.
|
|-weather|Sandstorm|[upkeep]
|-damage|p2a: Starmie|64/100|[from] Sandstorm
|-damage|p1a: Harold|94/100|[from] Sandstorm
|-heal|p1a: Harold|100/100|[from] item: Leftovers
|upkeep
|turn|8
|
|t:|1729349716
|switch|p1a: Yolko Oh No|Blissey, F|100/100
|move|p2a: Starmie|Recover|p2a: Starmie
|-heal|p2a: Starmie|100/100
|
|-weather|Sandstorm|[upkeep]
|-damage|p2a: Starmie|94/100|[from] Sandstorm
|-damage|p1a: Yolko Oh No|94/100|[from] Sandstorm
|-heal|p1a: Yolko Oh No|100/100|[from] item: Leftovers
|upkeep
|turn|9
|
|t:|1729349727
|switch|p2a: Jirachi|Jirachi|100/100
|move|p1a: Yolko Oh No|Hidden Power|p2a: Jirachi
|-resisted|p2a: Jirachi
|-damage|p2a: Jirachi|95/100
|
|-weather|Sandstorm|[upkeep]
|-damage|p1a: Yolko Oh No|94/100|[from] Sandstorm
|-heal|p2a: Jirachi|100/100|[from] item: Leftovers
|-heal|p1a: Yolko Oh No|100/100|[from] item: Leftovers
|upkeep
|turn|10
|
|t:|1729349737
|move|p2a: Jirachi|Wish|p2a: Jirachi
|move|p1a: Yolko Oh No|Calm Mind|p1a: Yolko Oh No
|-boost|p1a: Yolko Oh No|spa|1
|-boost|p1a: Yolko Oh No|spd|1
|
|-weather|Sandstorm|[upkeep]
|-damage|p1a: Yolko Oh No|94/100|[from] Sandstorm
|-heal|p1a: Yolko Oh No|100/100|[from] item: Leftovers
|upkeep
|turn|11
|
|t:|1729349745
|switch|p2a: Heracross|Heracross, M|76/100
|move|p1a: Yolko Oh No|Ice Beam|p2a: Heracross
|-damage|p2a: Heracross|45/100
|
|-heal|p2a: Heracross|95/100|[from] move: Wish|[wisher] Jirachi
|-weather|Sandstorm|[upkeep]
|-damage|p2a: Heracross|89/100|[from] Sandstorm
|-damage|p1a: Yolko Oh No|94/100|[from] Sandstorm
|-heal|p2a: Heracross|95/100|[from] item: Leftovers
|-heal|p1a: Yolko Oh No|100/100|[from] item: Leftovers
|upkeep
|turn|12
|
|t:|1729349756
|switch|p1a: Walnut|Forretress, M|100/100
|move|p2a: Heracross|Megahorn|p1a: Walnut
|-resisted|p1a: Walnut
|-damage|p1a: Walnut|77/100
|
|-weather|Sandstorm|[upkeep]
|-damage|p2a: Heracross|89/100|[from] Sandstorm
|-heal|p2a: Heracross|95/100|[from] item: Leftovers
|-heal|p1a: Walnut|84/100|[from] item: Leftovers
|upkeep
|turn|13
|
|t:|1729349768
|move|p2a: Heracross|Substitute|p2a: Heracross
|-start|p2a: Heracross|Substitute
|-damage|p2a: Heracross|70/100
|move|p1a: Walnut|Spikes|p2a: Heracross
|-sidestart|p2: Yoink 0|Spikes
|
|-weather|Sandstorm|[upkeep]
|-damage|p2a: Heracross|64/100|[from] Sandstorm
|-heal|p2a: Heracross|70/100|[from] item: Leftovers
|-heal|p1a: Walnut|90/100|[from] item: Leftovers
|upkeep
|turn|14
|
|t:|1729349776
|-singleturn|p2a: Heracross|move: Focus Punch
|move|p1a: Walnut|Spikes|p2a: Heracross
|-sidestart|p2: Yoink 0|Spikes
|move|p2a: Heracross|Focus Punch|p1a: Walnut
|-damage|p1a: Walnut|32/100
|
|-weather|Sandstorm|[upkeep]
|-damage|p2a: Heracross|64/100|[from] Sandstorm
|-heal|p2a: Heracross|70/100|[from] item: Leftovers
|-heal|p1a: Walnut|38/100|[from] item: Leftovers
|upkeep
|turn|15
|
|t:|1729349787
|-singleturn|p2a: Heracross|move: Focus Punch
|move|p1a: Walnut|Explosion|p2a: Heracross
|-end|p2a: Heracross|Substitute
|faint|p1a: Walnut
|
|t:|1729349794
|switch|p1a: Moltres|Moltres|100/100
|
|-weather|Sandstorm|[upkeep]
|-damage|p2a: Heracross|64/100|[from] Sandstorm
|-damage|p1a: Moltres|94/100|[from] Sandstorm
|-heal|p2a: Heracross|70/100|[from] item: Leftovers
|-heal|p1a: Moltres|100/100|[from] item: Leftovers
|upkeep
|turn|16
|
|t:|1729349803
|switch|p1a: Harold|Hariyama, F|100/100
|move|p2a: Heracross|Rock Slide|p1a: Harold
|-resisted|p1a: Harold
|-damage|p1a: Harold|85/100
|
|-weather|Sandstorm|[upkeep]
|-damage|p2a: Heracross|64/100|[from] Sandstorm
|-damage|p1a: Harold|79/100|[from] Sandstorm
|-heal|p2a: Heracross|70/100|[from] item: Leftovers
|-heal|p1a: Harold|85/100|[from] item: Leftovers
|upkeep
|turn|17
|
|t:|1729349813
|-singleturn|p1a: Harold|move: Focus Punch
|switch|p2a: Starmie|Starmie, shiny|94/100
|-damage|p2a: Starmie|78/100|[from] Spikes
|move|p1a: Harold|Focus Punch|p2a: Starmie
|-resisted|p2a: Starmie
|-damage|p2a: Starmie|32/100
|
|-weather|Sandstorm|[upkeep]
|-damage|p2a: Starmie|26/100|[from] Sandstorm
|-damage|p1a: Harold|79/100|[from] Sandstorm
|-heal|p1a: Harold|85/100|[from] item: Leftovers
|upkeep
|turn|18
|
|t:|1729349831
|-singleturn|p1a: Harold|move: Focus Punch
|move|p2a: Starmie|Recover|p2a: Starmie
|-heal|p2a: Starmie|76/100
|move|p1a: Harold|Focus Punch|p2a: Starmie
|-resisted|p2a: Starmie
|-damage|p2a: Starmie|32/100
|
|-weather|Sandstorm|[upkeep]
|-damage|p2a: Starmie|25/100|[from] Sandstorm
|-damage|p1a: Harold|79/100|[from] Sandstorm
|-heal|p1a: Harold|85/100|[from] item: Leftovers
|upkeep
|turn|19
|
|t:|1729349842
|switch|p1a: Yolko Oh No|Blissey, F|100/100
|move|p2a: Starmie|Rapid Spin|p1a: Yolko Oh No
|-damage|p1a: Yolko Oh No|98/100
|-sideend|p2: Yoink 0|Spikes|[from] move: Rapid Spin|[of] p2a: Starmie
|
|-weather|Sandstorm|[upkeep]
|-damage|p2a: Starmie|19/100|[from] Sandstorm
|-damage|p1a: Yolko Oh No|92/100|[from] Sandstorm
|-heal|p1a: Yolko Oh No|98/100|[from] item: Leftovers
|upkeep
|turn|20
|
|t:|1729349854
|switch|p2a: Jirachi|Jirachi|100/100
|switch|p1a: Moltres|Moltres|100/100
|
|-weather|Sandstorm|[upkeep]
|-damage|p1a: Moltres|94/100|[from] Sandstorm
|-heal|p1a: Moltres|100/100|[from] item: Leftovers
|upkeep
|turn|21
|
|t:|1729349862
|move|p2a: Jirachi|Protect|p2a: Jirachi
|-singleturn|p2a: Jirachi|Protect
|move|p1a: Moltres|Flamethrower|p2a: Jirachi
|-activate|p2a: Jirachi|Protect
|
|-weather|Sandstorm|[upkeep]
|-damage|p1a: Moltres|94/100|[from] Sandstorm
|-heal|p1a: Moltres|100/100|[from] item: Leftovers
|upkeep
|turn|22
|
|t:|1729349870
|switch|p2a: Tyranitar|Tyranitar, M, shiny|75/100 brn
|move|p1a: Moltres|Hidden Power|p2a: Tyranitar
|-supereffective|p2a: Tyranitar
|-damage|p2a: Tyranitar|34/100 brn
|
|-weather|Sandstorm|[upkeep]
|-damage|p1a: Moltres|94/100|[from] Sandstorm
|-heal|p1a: Moltres|100/100|[from] item: Leftovers
|-heal|p2a: Tyranitar|40/100 brn|[from] item: Leftovers
|-damage|p2a: Tyranitar|27/100 brn|[from] brn
|upkeep
|turn|23
|
|t:|1729349883
|switch|p2a: Zapdos|Zapdos|100/100
|move|p1a: Moltres|Hidden Power|p2a: Zapdos
|-resisted|p2a: Zapdos
|-damage|p2a: Zapdos|92/100
|
|-weather|Sandstorm|[upkeep]
|-damage|p2a: Zapdos|86/100|[from] Sandstorm
|-damage|p1a: Moltres|94/100|[from] Sandstorm
|-heal|p2a: Zapdos|92/100|[from] item: Leftovers
|-heal|p1a: Moltres|100/100|[from] item: Leftovers
|upkeep
|turn|24
|
|t:|1729349893
|switch|p1a: Yolko Oh No|Blissey, F|98/100
|move|p2a: Zapdos|Baton Pass|p2a: Zapdos
|
|t:|1729349899
|switch|p2a: Heracross|Heracross, M|70/100|[from] Baton Pass
|
|-weather|Sandstorm|[upkeep]
|-damage|p2a: Heracross|64/100|[from] Sandstorm
|-damage|p1a: Yolko Oh No|92/100|[from] Sandstorm
|-heal|p2a: Heracross|70/100|[from] item: Leftovers
|-heal|p1a: Yolko Oh No|98/100|[from] item: Leftovers
|upkeep
|turn|25
|
|t:|1729349912
|switch|p1a: Harold|Hariyama, F|85/100
|move|p2a: Heracross|Megahorn|p1a: Harold
|-resisted|p1a: Harold
|-damage|p1a: Harold|51/100
|
|-weather|Sandstorm|[upkeep]
|-damage|p2a: Heracross|64/100|[from] Sandstorm
|-damage|p1a: Harold|45/100|[from] Sandstorm
|-heal|p2a: Heracross|70/100|[from] item: Leftovers
|-heal|p1a: Harold|51/100|[from] item: Leftovers
|upkeep
|turn|26
|
|t:|1729349922
|switch|p2a: Jirachi|Jirachi|100/100
|move|p1a: Harold|Fake Out|p2a: Jirachi
|-resisted|p2a: Jirachi
|-damage|p2a: Jirachi|96/100
|
|-weather|Sandstorm|[upkeep]
|-damage|p1a: Harold|45/100|[from] Sandstorm
|-heal|p2a: Jirachi|100/100|[from] item: Leftovers
|-heal|p1a: Harold|51/100|[from] item: Leftovers
|upkeep
|turn|27
|c|☆Yoink 0|fake out yama is kinda wild
|c|☆Yoink 0|so many moves to run on it
|inactive|Yoink 0 has 270 seconds left.
|
|t:|1729349956
|move|p2a: Jirachi|Wish|p2a: Jirachi
|move|p1a: Harold|Knock Off|p2a: Jirachi
|-damage|p2a: Jirachi|99/100
|-enditem|p2a: Jirachi|Leftovers|[from] move: Knock Off|[of] p1a: Harold
|
|-weather|Sandstorm|[upkeep]
|-damage|p1a: Harold|45/100|[from] Sandstorm
|-heal|p1a: Harold|51/100|[from] item: Leftovers
|upkeep
|turn|28
|
|t:|1729349965
|move|p2a: Jirachi|Body Slam|p1a: Harold
|-damage|p1a: Harold|30/100
|-status|p1a: Harold|par
|move|p1a: Harold|Knock Off|p2a: Jirachi
|-damage|p2a: Jirachi|97/100
|
|-heal|p2a: Jirachi|100/100|[from] move: Wish|[wisher] Jirachi
|-weather|Sandstorm|[upkeep]
|-damage|p1a: Harold|24/100 par|[from] Sandstorm
|-heal|p1a: Harold|30/100 par|[from] item: Leftovers
|upkeep
|turn|29
|
|t:|1729349977
|-singleturn|p1a: Harold|move: Focus Punch
|move|p2a: Jirachi|Body Slam|p1a: Harold
|-damage|p1a: Harold|11/100 par
|move|p1a: Harold|Focus Punch||[still]
|cant|p1a: Harold|Focus Punch|Focus Punch
|
|-weather|Sandstorm|[upkeep]
|-damage|p1a: Harold|5/100 par|[from] Sandstorm
|-heal|p1a: Harold|11/100 par|[from] item: Leftovers
|upkeep
|turn|30
|
|t:|1729349986
|move|p2a: Jirachi|Body Slam|p1a: Harold
|-damage|p1a: Harold|0 fnt
|faint|p1a: Harold
|
|t:|1729349991
|switch|p1a: Khamsin|Tyranitar, F|100/100
|
|-weather|Sandstorm|[upkeep]
|upkeep
|turn|31
|
|t:|1729349994
|switch|p2a: Swampert|Swampert, M, shiny|100/100
|move|p1a: Khamsin|Dragon Dance|p1a: Khamsin
|-boost|p1a: Khamsin|atk|1
|-boost|p1a: Khamsin|spe|1
|
|-weather|Sandstorm|[upkeep]
|upkeep
|turn|32
|
|t:|1729350001
|switch|p1a: Yolko Oh No|Blissey, F|98/100
|move|p2a: Swampert|Surf|p1a: Yolko Oh No
|-damage|p1a: Yolko Oh No|82/100
|
|-weather|Sandstorm|[upkeep]
|-damage|p1a: Yolko Oh No|76/100|[from] Sandstorm
|-heal|p1a: Yolko Oh No|82/100|[from] item: Leftovers
|upkeep
|turn|33
|
|t:|1729350011
|switch|p2a: Jirachi|Jirachi|100/100
|move|p1a: Yolko Oh No|Hidden Power|p2a: Jirachi
|-resisted|p2a: Jirachi
|-damage|p2a: Jirachi|95/100
|
|-weather|Sandstorm|[upkeep]
|-damage|p1a: Yolko Oh No|76/100|[from] Sandstorm
|-heal|p1a: Yolko Oh No|82/100|[from] item: Leftovers
|upkeep
|turn|34
|
|t:|1729350019
|switch|p1a: Moltres|Moltres|100/100
|move|p2a: Jirachi|Wish|p2a: Jirachi
|
|-weather|Sandstorm|[upkeep]
|-damage|p1a: Moltres|94/100|[from] Sandstorm
|-heal|p1a: Moltres|100/100|[from] item: Leftovers
|upkeep
|turn|35
|
|t:|1729350026
|switch|p2a: Tyranitar|Tyranitar, M, shiny|27/100 brn
|move|p1a: Moltres|Flamethrower|p2a: Tyranitar
|-resisted|p2a: Tyranitar
|-damage|p2a: Tyranitar|3/100 brn
|
|-heal|p2a: Tyranitar|53/100 brn|[from] move: Wish|[wisher] Jirachi
|-weather|Sandstorm|[upkeep]
|-damage|p1a: Moltres|94/100|[from] Sandstorm
|-heal|p1a: Moltres|100/100|[from] item: Leftovers
|-heal|p2a: Tyranitar|60/100 brn|[from] item: Leftovers
|-damage|p2a: Tyranitar|47/100 brn|[from] brn
|upkeep
|turn|36
|
|t:|1729350038
|move|p1a: Moltres|Hidden Power|p2a: Tyranitar
|-supereffective|p2a: Tyranitar
|-damage|p2a: Tyranitar|2/100 brn
|move|p2a: Tyranitar|Rock Slide|p1a: Moltres
|-supereffective|p1a: Moltres
|-damage|p1a: Moltres|19/100
|
|-weather|Sandstorm|[upkeep]
|-damage|p1a: Moltres|13/100|[from] Sandstorm
|-heal|p1a: Moltres|19/100|[from] item: Leftovers
|-heal|p2a: Tyranitar|8/100 brn|[from] item: Leftovers
|-damage|p2a: Tyranitar|0 fnt|[from] brn
|faint|p2a: Tyranitar
|upkeep
|
|t:|1729350058
|switch|p2a: Starmie|Starmie, shiny|19/100
|turn|37
|
|t:|1729350066
|switch|p1a: Yolko Oh No|Blissey, F|82/100
|move|p2a: Starmie|Recover|p2a: Starmie
|-heal|p2a: Starmie|69/100
|
|-weather|Sandstorm|[upkeep]
|-damage|p2a: Starmie|63/100|[from] Sandstorm
|-damage|p1a: Yolko Oh No|76/100|[from] Sandstorm
|-heal|p1a: Yolko Oh No|82/100|[from] item: Leftovers
|upkeep
|turn|38
|
|t:|1729350075
|switch|p2a: Jirachi|Jirachi|95/100
|move|p1a: Yolko Oh No|Ice Beam|p2a: Jirachi
|-resisted|p2a: Jirachi
|-crit|p2a: Jirachi
|-damage|p2a: Jirachi|81/100
|
|-weather|Sandstorm|[upkeep]
|-damage|p1a: Yolko Oh No|76/100|[from] Sandstorm
|-heal|p1a: Yolko Oh No|82/100|[from] item: Leftovers
|upkeep
|turn|39
|
|t:|1729350085
|move|p2a: Jirachi|Body Slam|p1a: Yolko Oh No
|-damage|p1a: Yolko Oh No|64/100
|-status|p1a: Yolko Oh No|par
|move|p1a: Yolko Oh No|Calm Mind|p1a: Yolko Oh No
|-boost|p1a: Yolko Oh No|spa|1
|-boost|p1a: Yolko Oh No|spd|1
|
|-weather|Sandstorm|[upkeep]
|-damage|p1a: Yolko Oh No|58/100 par|[from] Sandstorm
|-heal|p1a: Yolko Oh No|64/100 par|[from] item: Leftovers
|upkeep
|turn|40
|
|t:|1729350095
|move|p2a: Jirachi|Wish|p2a: Jirachi
|move|p1a: Yolko Oh No|Ice Beam|p2a: Jirachi
|-resisted|p2a: Jirachi
|-damage|p2a: Jirachi|70/100
|
|-weather|Sandstorm|[upkeep]
|-damage|p1a: Yolko Oh No|58/100 par|[from] Sandstorm
|-heal|p1a: Yolko Oh No|64/100 par|[from] item: Leftovers
|upkeep
|turn|41
|
|t:|1729350102
|switch|p2a: Heracross|Heracross, M|70/100
|move|p1a: Yolko Oh No|Ice Beam|p2a: Heracross
|-damage|p2a: Heracross|38/100
|
|-heal|p2a: Heracross|88/100|[from] move: Wish|[wisher] Jirachi
|-weather|Sandstorm|[upkeep]
|-damage|p2a: Heracross|82/100|[from] Sandstorm
|-damage|p1a: Yolko Oh No|58/100 par|[from] Sandstorm
|-heal|p2a: Heracross|88/100|[from] item: Leftovers
|-heal|p1a: Yolko Oh No|64/100 par|[from] item: Leftovers
|upkeep
|turn|42
|
|t:|1729350113
|move|p2a: Heracross|Megahorn|p1a: Yolko Oh No
|-crit|p1a: Yolko Oh No
|-damage|p1a: Yolko Oh No|0 fnt
|faint|p1a: Yolko Oh No
|
|t:|1729350117
|switch|p1a: Moltres|Moltres|19/100
|
|-weather|Sandstorm|[upkeep]
|-damage|p2a: Heracross|82/100|[from] Sandstorm
|-damage|p1a: Moltres|13/100|[from] Sandstorm
|-heal|p2a: Heracross|88/100|[from] item: Leftovers
|-heal|p1a: Moltres|19/100|[from] item: Leftovers
|upkeep
|turn|43
|
|t:|1729350126
|move|p2a: Heracross|Rock Slide|p1a: Moltres
|-supereffective|p1a: Moltres
|-damage|p1a: Moltres|0 fnt
|faint|p1a: Moltres
|c|☆Yoink 0|gg
|
|t:|1729350130
|switch|p1a: Khamsin|Tyranitar, F|100/100
|
|-weather|Sandstorm|[upkeep]
|-damage|p2a: Heracross|82/100|[from] Sandstorm
|-heal|p2a: Heracross|88/100|[from] item: Leftovers
|upkeep
|turn|44
|c|☆Yoink 0|gl with future rounds
|
|t:|1729350139
|-singleturn|p2a: Heracross|move: Focus Punch
|move|p1a: Khamsin|Dragon Dance|p1a: Khamsin
|-boost|p1a: Khamsin|atk|1
|-boost|p1a: Khamsin|spe|1
|move|p2a: Heracross|Focus Punch|p1a: Khamsin
|-supereffective|p1a: Khamsin
|-damage|p1a: Khamsin|0 fnt
|faint|p1a: Khamsin
|
|win|Yoink 0
|c|☆reptikrook|gg
|player|p1|
|player|p2|
|player|p2|Yoink 0|2|

</script>
<script type="application/json" class="data" id="replaydata-smogtours-gen3ou-799884">
{"id":"smogtours-gen3ou-799884","format":"[Gen 3] OU","players":["reptikrook","Yoink 0"],"uploadtime":1729350139,"views":79,"formatid":"gen3ou","rating":null,"private":0,"password":null}
</script>

<script defer src="js/replays.js?9d40a366"></script>
