<!DOCTYPE html>
<meta charset="utf-8" />
<meta name="viewport" content="width=device-width" />

<title>[Gen 3] OU: blanched vs. Schmohg - Replays - Pok&eacute;mon Showdown!</title>

<meta name="description" content="Watch a replay of a Pok&eacute;mon battle between blanched and Schmohg! Format: [Gen 3] OU; Date: Oct 17, 2024" />
<!--

Hey, you! Looking in the source for the replay log?

You can find them in JSON format, just add `.json` at the end of a replay URL.

https://replay.pokemonshowdown.com/gen7randomdoublesbattle-865046831.json

Or, if you only need the log itself, add `.log` instead:

https://replay.pokemonshowdown.com/gen7randomdoublesbattle-865046831.log

-->

<link rel="stylesheet" href="//pokemonshowdown.com/style/global.css?0.023195364461161105" />
<link rel="stylesheet" href="//play.pokemonshowdown.com/style/font-awesome.css?0.13261647063804238" />
<link rel="stylesheet" href="//play.pokemonshowdown.com/style/battle.css?0.8753245789963631" />
<link rel="stylesheet" href="//play.pokemonshowdown.com/style/utilichart.css?0.8627959624976733" />

<!-- Global site tag (gtag.js) - Google Analytics -->
<script async src="https://www.googletagmanager.com/gtag/js?id=UA-26211653-1"></script>
<script>
  window.dataLayer = window.dataLayer || [];
  function gtag(){dataLayer.push(arguments);}
  gtag('js', new Date());

  gtag('config', 'UA-26211653-1');
</script>
<!-- End Google Analytics -->
<!-- Venatus Ad Manager - Install in <HEAD> of page -->
	<script src="https://hb.vntsm.com/v3/live/ad-manager.min.js" type="text/javascript" data-site-id="642aba63ec9a7b11c3c9c1be" data-mode="scan" async></script>
<!-- / Venatus Ad Manager -->

<style>
	@media (max-width:820px) {
		.battle {
			margin: 0 auto;
		}
		.battle-log {
			margin: 7px auto 0;
			max-width: 640px;
			height: 300px;
			position: static;
		}
	}
	.optgroup {
		display: inline-block;
		line-height: 22px;
		font-size: 10pt;
	}
	.optgroup .button {
		height: 25px;
		padding-top: 0;
		padding-bottom: 0;
	}
	.optgroup button.button {
		padding-left: 12px;
		padding-right: 12px;
	}
	.linklist {
		list-style: none;
		margin: 0.5em 0;
		padding: 0;
	}
	.linklist li {
		padding: 2px 0;
	}
	.sidebar {
		float: left;
		width: 320px;
	}
	.bar-wrapper {
		max-width: 1100px;
		margin: 0 auto;
	}
	.bar-wrapper.has-sidebar {
		max-width: 1430px;
	}
	.mainbar {
		margin: 0;
		padding-right: 1px;
	}
	.mainbar.has-sidebar {
		margin-left: 330px;
	}
	@media (min-width: 1511px) {
		.sidebar {
			width: 400px;
		}
		.bar-wrapper.has-sidebar {
			max-width: 1510px;
		}
		.mainbar.has-sidebar {
			margin-left: 410px;
		}
	}
	.section.first-section {
		margin-top: 9px;
	}
	.blocklink small {
		white-space: normal;
	}
	.button {
		vertical-align: middle;
	}
	.replay-controls {
		padding-top: 10px;
	}
	.replay-controls h1 {
		font-size: 16pt;
		font-weight: normal;
		color: #CCC;
	}
	.pagelink {
		text-align: center;
	}
	.pagelink a {
		width: 150px;
	}
	.textbox, .button {
		font-size: 11pt;
		vertical-align: middle;
	}
	@media (max-width: 450px) {
		.button {
			font-size: 9pt;
		}
	}
</style>

<div>

	<header>
		<div class="nav-wrapper"><ul class="nav">
			<li><a class="button nav-first" href="//pokemonshowdown.com/"><img src="//pokemonshowdown.com/images/pokemonshowdownbeta.png" srcset="//pokemonshowdown.com/images/pokemonshowdownbeta.png 1x, //pokemonshowdown.com/images/pokemonshowdownbeta@2x.png 2x" alt="Pok&eacute;mon Showdown" width="146" height="44" /> Home</a></li>
			<li><a class="button" href="//pokemonshowdown.com/dex/">Pok&eacute;dex</a></li>
			<li><a class="button cur" href="/">Replays</a></li>
			<li><a class="button" href="//pokemonshowdown.com/ladder/">Ladder</a></li>
			<li><a class="button nav-last" href="//pokemonshowdown.com/forums/">Forum</a></li>
			<li><a class="button greenbutton nav-first nav-last" href="//play.pokemonshowdown.com/">Play</a></li>
		</ul></div>
	</header>

	<div class="main" id="main">

		<noscript><section class="section">You need to enable JavaScript to use this page; sorry!</section></noscript>

	</div>

</div>

<script defer nomodule src="//play.pokemonshowdown.com/js/lib/ps-polyfill.js"></script>
<script defer src="//play.pokemonshowdown.com/js/lib/preact.min.js"></script>

<script defer src="//play.pokemonshowdown.com/config/config.js?2bddbc15"></script>
<script defer src="//play.pokemonshowdown.com/js/lib/jquery-1.11.0.min.js"></script>
<script defer src="//play.pokemonshowdown.com/js/lib/html-sanitizer-minified.js"></script>
<script defer src="//play.pokemonshowdown.com/js/battle-sound.js"></script>
<script defer src="//play.pokemonshowdown.com/js/battledata.js?0.7209276989879541"></script>
<script defer src="//play.pokemonshowdown.com/data/pokedex-mini.js?0.6111056340867951"></script>
<script defer src="//play.pokemonshowdown.com/data/pokedex-mini-bw.js?0.3532142036491459"></script>
<script defer src="//play.pokemonshowdown.com/data/graphics.js?0.24223875632456182"></script>
<script defer src="//play.pokemonshowdown.com/data/pokedex.js?0.38839984266356864"></script>
<script defer src="//play.pokemonshowdown.com/data/moves.js?0.21866028504024015"></script>
<script defer src="//play.pokemonshowdown.com/data/abilities.js?0.2005157953846628"></script>
<script defer src="//play.pokemonshowdown.com/data/items.js?0.9894211263848525"></script>
<script defer src="//play.pokemonshowdown.com/data/teambuilder-tables.js?0.6008791140282215"></script>
<script defer src="//play.pokemonshowdown.com/js/battle-tooltips.js?0.7580118955022959"></script>
<script defer src="//play.pokemonshowdown.com/js/battle.js?0.6057722274234274"></script>

<script defer src="js/utils.js?e31f9a17"></script>
<script defer src="js/replays-battle.js?7008c182"></script>

<!-- don't scrape this data! just add .json or .log after the URL!
Full API docs: https://github.com/smogon/pokemon-showdown-client/blob/master/WEB-API.md -->
<script type="text/plain" class="log" id="replaylog-smogtours-gen3ou-799202">
|inactive|Battle timer is ON: inactive players will automatically lose when time's up.
|t:|1729123352
|gametype|singles
|player|p1|blanched|#1v1plviiithwackeys|
|player|p2|Schmohg|musician|
|teamsize|p1|6
|teamsize|p2|6
|gen|3
|tier|[Gen 3] OU
|rule|Sleep Clause Mod: Limit one foe put to sleep
|rule|Switch Priority Clause Mod: Faster Pokémon switch first
|rule|Species Clause: Limit one of each Pokémon
|rule|OHKO Clause: OHKO moves are banned
|rule|Evasion Items Clause: Evasion items are banned
|rule|Evasion Moves Clause: Evasion moves are banned
|rule|Endless Battle Clause: Forcing endless battles is banned
|rule|HP Percentage Mod: HP is shown in percentages
|rule|One Boost Passer Clause: Limit one Baton Passer that has a way to boost its stats
|rule|Freeze Clause Mod: Limit one foe frozen
|
|t:|1729123352
|start
|switch|p1a: Medicham|Medicham, F|100/100
|switch|p2a: Skarmory|Skarmory, M|100/100
|turn|1
|c|☆blanched|hf
|
|t:|1729123363
|-singleturn|p1a: Medicham|move: Focus Punch
|move|p2a: Skarmory|Spikes|p1a: Medicham
|-sidestart|p1: blanched|Spikes
|move|p1a: Medicham|Focus Punch|p2a: Skarmory
|-damage|p2a: Skarmory|23/100
|
|-heal|p2a: Skarmory|29/100|[from] item: Leftovers
|upkeep
|turn|2
|c|☆Schmohg|u2
|
|t:|1729123375
|-singleturn|p1a: Medicham|move: Focus Punch
|move|p2a: Skarmory|Protect|p2a: Skarmory
|-singleturn|p2a: Skarmory|Protect
|move|p1a: Medicham|Focus Punch|p2a: Skarmory
|-activate|p2a: Skarmory|Protect
|
|-heal|p2a: Skarmory|35/100|[from] item: Leftovers
|upkeep
|turn|3
|
|t:|1729123383
|move|p1a: Medicham|Shadow Ball|p2a: Skarmory
|-resisted|p2a: Skarmory
|-damage|p2a: Skarmory|21/100
|move|p2a: Skarmory|Drill Peck|p1a: Medicham
|-supereffective|p1a: Medicham
|-damage|p1a: Medicham|27/100
|
|-heal|p2a: Skarmory|27/100|[from] item: Leftovers
|upkeep
|turn|4
|
|t:|1729123393
|move|p1a: Medicham|Brick Break|p2a: Skarmory
|-crit|p2a: Skarmory
|-damage|p2a: Skarmory|0 fnt
|faint|p2a: Skarmory
|
|t:|1729123414
|switch|p2a: Flygon|Flygon, M|100/100
|
|upkeep
|turn|5
|
|t:|1729123424
|switch|p1a: Suicune|Suicune|100/100
|-damage|p1a: Suicune|88/100|[from] Spikes
|move|p2a: Flygon|Earthquake|p1a: Suicune
|-damage|p1a: Suicune|62/100
|
|-heal|p1a: Suicune|69/100|[from] item: Leftovers
|upkeep
|turn|6
|
|t:|1729123432
|switch|p2a: Blissey|Blissey, F|100/100
|move|p1a: Suicune|Ice Beam|p2a: Blissey
|-damage|p2a: Blissey|91/100
|
|-heal|p1a: Suicune|75/100|[from] item: Leftovers
|-heal|p2a: Blissey|97/100|[from] item: Leftovers
|upkeep
|turn|7
|
|t:|1729123447
|switch|p1a: Metagross|Metagross|100/100
|-damage|p1a: Metagross|88/100|[from] Spikes
|switch|p2a: Zapdos|Zapdos|100/100
|
|-heal|p1a: Metagross|94/100|[from] item: Leftovers
|upkeep
|turn|8
|
|t:|1729123474
|switch|p1a: Snorlax|Snorlax, M|100/100
|-damage|p1a: Snorlax|88/100|[from] Spikes
|move|p2a: Zapdos|Thunderbolt|p1a: Snorlax
|-damage|p1a: Snorlax|67/100
|
|-heal|p1a: Snorlax|73/100|[from] item: Leftovers
|upkeep
|turn|9
|inactive|Schmohg has 270 seconds left.
|
|t:|1729123489
|switch|p2a: Misdreavus|Misdreavus, F|100/100
|move|p1a: Snorlax|Body Slam|p2a: Misdreavus
|-immune|p2a: Misdreavus
|
|-heal|p1a: Snorlax|79/100|[from] item: Leftovers
|upkeep
|turn|10
|
|t:|1729123497
|move|p2a: Misdreavus|Mean Look|p1a: Snorlax
|-activate|p1a: Snorlax|trapped
|move|p1a: Snorlax|Shadow Ball|p2a: Misdreavus
|-supereffective|p2a: Misdreavus
|-damage|p2a: Misdreavus|24/100
|
|-heal|p2a: Misdreavus|30/100|[from] item: Leftovers
|-heal|p1a: Snorlax|85/100|[from] item: Leftovers
|upkeep
|turn|11
|inactive|Schmohg has 270 seconds left.
|
|t:|1729123522
|switch|p2a: Blissey|Blissey, F|97/100
|move|p1a: Snorlax|Body Slam|p2a: Blissey
|-damage|p2a: Blissey|55/100
|-status|p2a: Blissey|par
|
|-heal|p1a: Snorlax|91/100|[from] item: Leftovers
|-heal|p2a: Blissey|61/100 par|[from] item: Leftovers
|upkeep
|turn|12
|inactive|Schmohg has 270 seconds left.
|
|t:|1729123535
|move|p1a: Snorlax|Body Slam|p2a: Blissey
|-damage|p2a: Blissey|20/100 par
|move|p2a: Blissey|Soft-Boiled|p2a: Blissey
|-heal|p2a: Blissey|70/100 par
|
|-heal|p1a: Snorlax|98/100|[from] item: Leftovers
|-heal|p2a: Blissey|76/100 par|[from] item: Leftovers
|upkeep
|turn|13
|inactive|Schmohg has 270 seconds left.
|
|t:|1729123546
|-curestatus|p2a: Blissey|par|[from] ability: Natural Cure
|switch|p2a: Misdreavus|Misdreavus, F|30/100
|move|p1a: Snorlax|Body Slam|p2a: Misdreavus
|-immune|p2a: Misdreavus
|
|-heal|p2a: Misdreavus|36/100|[from] item: Leftovers
|-heal|p1a: Snorlax|100/100|[from] item: Leftovers
|upkeep
|turn|14
|inactive|Schmohg has 270 seconds left.
|
|t:|1729123554
|switch|p2a: Flygon|Flygon, M|100/100
|move|p1a: Snorlax|Shadow Ball|p2a: Flygon
|-damage|p2a: Flygon|79/100
|
|-heal|p2a: Flygon|85/100|[from] item: Leftovers
|upkeep
|turn|15
|
|t:|1729123572
|switch|p1a: Magneton|Magneton|100/100
|-damage|p1a: Magneton|88/100|[from] Spikes
|move|p2a: Flygon|Earthquake|p1a: Magneton
|-supereffective|p1a: Magneton
|-damage|p1a: Magneton|0 fnt
|faint|p1a: Magneton
|
|t:|1729123582
|switch|p1a: Suicune|Suicune|75/100
|-damage|p1a: Suicune|62/100|[from] Spikes
|
|-heal|p2a: Flygon|91/100|[from] item: Leftovers
|-heal|p1a: Suicune|69/100|[from] item: Leftovers
|upkeep
|turn|16
|
|t:|1729123594
|switch|p2a: Blissey|Blissey, F|76/100
|move|p1a: Suicune|Calm Mind|p1a: Suicune
|-boost|p1a: Suicune|spa|1
|-boost|p1a: Suicune|spd|1
|
|-heal|p1a: Suicune|75/100|[from] item: Leftovers
|-heal|p2a: Blissey|82/100|[from] item: Leftovers
|upkeep
|turn|17
|
|t:|1729123600
|move|p1a: Suicune|Calm Mind|p1a: Suicune
|-boost|p1a: Suicune|spa|1
|-boost|p1a: Suicune|spd|1
|move|p2a: Blissey|Seismic Toss|p1a: Suicune
|-damage|p1a: Suicune|50/100
|
|-heal|p1a: Suicune|56/100|[from] item: Leftovers
|-heal|p2a: Blissey|88/100|[from] item: Leftovers
|upkeep
|turn|18
|
|t:|1729123603
|move|p1a: Suicune|Calm Mind|p1a: Suicune
|-boost|p1a: Suicune|spa|1
|-boost|p1a: Suicune|spd|1
|move|p2a: Blissey|Seismic Toss|p1a: Suicune
|-damage|p1a: Suicune|31/100
|
|-heal|p1a: Suicune|38/100|[from] item: Leftovers
|-heal|p2a: Blissey|94/100|[from] item: Leftovers
|upkeep
|turn|19
|
|t:|1729123607
|switch|p2a: Zapdos|Zapdos|100/100
|move|p1a: Suicune|Calm Mind|p1a: Suicune
|-boost|p1a: Suicune|spa|1
|-boost|p1a: Suicune|spd|1
|
|-heal|p1a: Suicune|44/100|[from] item: Leftovers
|upkeep
|turn|20
|
|t:|1729123613
|switch|p2a: Blissey|Blissey, F|94/100
|move|p1a: Suicune|Ice Beam|p2a: Blissey
|-damage|p2a: Blissey|66/100
|
|-heal|p1a: Suicune|50/100|[from] item: Leftovers
|-heal|p2a: Blissey|72/100|[from] item: Leftovers
|upkeep
|turn|21
|
|t:|1729123617
|move|p1a: Suicune|Surf|p2a: Blissey
|-damage|p2a: Blissey|28/100
|move|p2a: Blissey|Seismic Toss|p1a: Suicune
|-damage|p1a: Suicune|25/100
|
|-heal|p1a: Suicune|31/100|[from] item: Leftovers
|-heal|p2a: Blissey|34/100|[from] item: Leftovers
|upkeep
|turn|22
|
|t:|1729123626
|move|p1a: Suicune|Surf|p2a: Blissey
|-damage|p2a: Blissey|0 fnt
|faint|p2a: Blissey
|
|t:|1729123628
|switch|p2a: Zapdos|Zapdos|100/100
|
|-heal|p1a: Suicune|38/100|[from] item: Leftovers
|upkeep
|turn|23
|
|t:|1729123632
|move|p2a: Zapdos|Thunderbolt|p1a: Suicune
|-supereffective|p1a: Suicune
|-crit|p1a: Suicune
|-damage|p1a: Suicune|0 fnt
|faint|p1a: Suicune
|inactive|blanched has 270 seconds left.
|
|t:|1729123664
|switch|p1a: Snorlax|Snorlax, M|100/100
|-damage|p1a: Snorlax|88/100|[from] Spikes
|
|-heal|p1a: Snorlax|94/100|[from] item: Leftovers
|upkeep
|turn|24
|
|t:|1729123677
|move|p1a: Snorlax|Body Slam|p2a: Zapdos
|-damage|p2a: Zapdos|62/100
|move|p2a: Zapdos|Roar|p1a: Snorlax
|drag|p1a: Salamence|Salamence, M|100/100
|-ability|p1a: Salamence|Intimidate|boost
|-unboost|p2a: Zapdos|atk|1
|
|-heal|p2a: Zapdos|68/100|[from] item: Leftovers
|upkeep
|turn|25
|
|t:|1729123689
|move|p1a: Salamence|Dragon Dance|p1a: Salamence
|-boost|p1a: Salamence|atk|1
|-boost|p1a: Salamence|spe|1
|move|p2a: Zapdos|Rest|p2a: Zapdos
|-status|p2a: Zapdos|slp|[from] move: Rest
|-heal|p2a: Zapdos|100/100 slp|[silent]
|
|upkeep
|turn|26
|
|t:|1729123699
|move|p1a: Salamence|Hidden Power|p2a: Zapdos
|-resisted|p2a: Zapdos
|-damage|p2a: Zapdos|70/100 slp
|cant|p2a: Zapdos|slp
|move|p2a: Zapdos|Sleep Talk|p2a: Zapdos
|move|p2a: Zapdos|Rest|p2a: Zapdos|[from]Sleep Talk
|
|-heal|p2a: Zapdos|76/100 slp|[from] item: Leftovers
|upkeep
|turn|27
|
|t:|1729123708
|move|p1a: Salamence|Rock Slide|p2a: Zapdos
|-supereffective|p2a: Zapdos
|-damage|p2a: Zapdos|0 fnt
|faint|p2a: Zapdos
|
|t:|1729123716
|switch|p2a: Flygon|Flygon, M|91/100
|
|-heal|p2a: Flygon|97/100|[from] item: Leftovers
|upkeep
|turn|28
|
|t:|1729123722
|move|p2a: Flygon|Protect|p2a: Flygon
|-singleturn|p2a: Flygon|Protect
|move|p1a: Salamence|Hidden Power|p2a: Flygon
|-activate|p2a: Flygon|Protect
|
|-heal|p2a: Flygon|100/100|[from] item: Leftovers
|upkeep
|turn|29
|
|t:|1729123735
|move|p1a: Salamence|Dragon Dance|p1a: Salamence
|-boost|p1a: Salamence|atk|1
|-boost|p1a: Salamence|spe|1
|move|p2a: Flygon|Rock Slide|p1a: Salamence
|-supereffective|p1a: Salamence
|-damage|p1a: Salamence|61/100
|
|upkeep
|turn|30
|
|t:|1729123744
|move|p1a: Salamence|Hidden Power|p2a: Flygon
|-damage|p2a: Flygon|41/100
|move|p2a: Flygon|Rock Slide|p1a: Salamence|[miss]
|-miss|p2a: Flygon|p1a: Salamence
|
|-heal|p2a: Flygon|47/100|[from] item: Leftovers
|upkeep
|turn|31
|
|t:|1729123751
|move|p2a: Flygon|Protect|p2a: Flygon
|-singleturn|p2a: Flygon|Protect
|move|p1a: Salamence|Hidden Power|p2a: Flygon
|-activate|p2a: Flygon|Protect
|
|-heal|p2a: Flygon|53/100|[from] item: Leftovers
|upkeep
|turn|32
|
|t:|1729123757
|switch|p2a: Misdreavus|Misdreavus, F|36/100
|move|p1a: Salamence|Hidden Power|p2a: Misdreavus
|-damage|p2a: Misdreavus|0 fnt
|faint|p2a: Misdreavus
|
|t:|1729123759
|switch|p2a: Flygon|Flygon, M|53/100
|
|-heal|p2a: Flygon|59/100|[from] item: Leftovers
|upkeep
|turn|33
|
|t:|1729123764
|move|p1a: Salamence|Dragon Dance|p1a: Salamence
|-boost|p1a: Salamence|atk|1
|-boost|p1a: Salamence|spe|1
|move|p2a: Flygon|Rock Slide|p1a: Salamence
|-supereffective|p1a: Salamence
|-damage|p1a: Salamence|18/100
|
|-heal|p2a: Flygon|65/100|[from] item: Leftovers
|upkeep
|turn|34
|
|t:|1729123768
|move|p2a: Flygon|Protect|p2a: Flygon
|-singleturn|p2a: Flygon|Protect
|move|p1a: Salamence|Hidden Power|p2a: Flygon
|-activate|p2a: Flygon|Protect
|
|-heal|p2a: Flygon|71/100|[from] item: Leftovers
|upkeep
|turn|35
|
|t:|1729123770
|move|p1a: Salamence|Hidden Power|p2a: Flygon
|-damage|p2a: Flygon|0 fnt
|faint|p2a: Flygon
|
|t:|1729123772
|switch|p2a: Moltres|Moltres|100/100
|
|upkeep
|turn|36
|
|t:|1729123775
|move|p1a: Salamence|Hidden Power|p2a: Moltres
|-damage|p2a: Moltres|0 fnt
|faint|p2a: Moltres
|
|win|blanched
|c|☆Schmohg|gg
|c|☆blanched|gg
|player|p1|
|player|p2|
|player|p2|Schmohg|musician|

</script>
<script type="application/json" class="data" id="replaydata-smogtours-gen3ou-799202">
{"id":"smogtours-gen3ou-799202","format":"[Gen 3] OU","players":["blanched","Schmohg"],"uploadtime":1729123775,"views":80,"formatid":"gen3ou","rating":null,"private":0,"password":null}
</script>

<script defer src="js/replays.js?9d40a366"></script>
