<!DOCTYPE html>
<meta charset="utf-8" />
<meta name="viewport" content="width=device-width" />

<title>[Gen 3] OU: MasquerainGaming vs. KoboldSorcerer - Replays - Pok&eacute;mon Showdown!</title>

<meta name="description" content="Watch a replay of a Pok&eacute;mon battle between MasquerainGaming and KoboldSorcerer! Format: [Gen 3] OU; Date: Oct 24, 2024" />
<!--

Hey, you! Looking in the source for the replay log?

You can find them in JSON format, just add `.json` at the end of a replay URL.

https://replay.pokemonshowdown.com/gen7randomdoublesbattle-865046831.json

Or, if you only need the log itself, add `.log` instead:

https://replay.pokemonshowdown.com/gen7randomdoublesbattle-865046831.log

-->

<link rel="stylesheet" href="//pokemonshowdown.com/style/global.css?0.023195364461161105" />
<link rel="stylesheet" href="//play.pokemonshowdown.com/style/font-awesome.css?0.13261647063804238" />
<link rel="stylesheet" href="//play.pokemonshowdown.com/style/battle.css?0.8753245789963631" />
<link rel="stylesheet" href="//play.pokemonshowdown.com/style/utilichart.css?0.8627959624976733" />

<!-- Global site tag (gtag.js) - Google Analytics -->
<script async src="https://www.googletagmanager.com/gtag/js?id=UA-26211653-1"></script>
<script>
  window.dataLayer = window.dataLayer || [];
  function gtag(){dataLayer.push(arguments);}
  gtag('js', new Date());

  gtag('config', 'UA-26211653-1');
</script>
<!-- End Google Analytics -->
<!-- Venatus Ad Manager - Install in <HEAD> of page -->
	<script src="https://hb.vntsm.com/v3/live/ad-manager.min.js" type="text/javascript" data-site-id="642aba63ec9a7b11c3c9c1be" data-mode="scan" async></script>
<!-- / Venatus Ad Manager -->

<style>
	@media (max-width:820px) {
		.battle {
			margin: 0 auto;
		}
		.battle-log {
			margin: 7px auto 0;
			max-width: 640px;
			height: 300px;
			position: static;
		}
	}
	.optgroup {
		display: inline-block;
		line-height: 22px;
		font-size: 10pt;
	}
	.optgroup .button {
		height: 25px;
		padding-top: 0;
		padding-bottom: 0;
	}
	.optgroup button.button {
		padding-left: 12px;
		padding-right: 12px;
	}
	.linklist {
		list-style: none;
		margin: 0.5em 0;
		padding: 0;
	}
	.linklist li {
		padding: 2px 0;
	}
	.sidebar {
		float: left;
		width: 320px;
	}
	.bar-wrapper {
		max-width: 1100px;
		margin: 0 auto;
	}
	.bar-wrapper.has-sidebar {
		max-width: 1430px;
	}
	.mainbar {
		margin: 0;
		padding-right: 1px;
	}
	.mainbar.has-sidebar {
		margin-left: 330px;
	}
	@media (min-width: 1511px) {
		.sidebar {
			width: 400px;
		}
		.bar-wrapper.has-sidebar {
			max-width: 1510px;
		}
		.mainbar.has-sidebar {
			margin-left: 410px;
		}
	}
	.section.first-section {
		margin-top: 9px;
	}
	.blocklink small {
		white-space: normal;
	}
	.button {
		vertical-align: middle;
	}
	.replay-controls {
		padding-top: 10px;
	}
	.replay-controls h1 {
		font-size: 16pt;
		font-weight: normal;
		color: #CCC;
	}
	.pagelink {
		text-align: center;
	}
	.pagelink a {
		width: 150px;
	}
	.textbox, .button {
		font-size: 11pt;
		vertical-align: middle;
	}
	@media (max-width: 450px) {
		.button {
			font-size: 9pt;
		}
	}
</style>

<div>

	<header>
		<div class="nav-wrapper"><ul class="nav">
			<li><a class="button nav-first" href="//pokemonshowdown.com/"><img src="//pokemonshowdown.com/images/pokemonshowdownbeta.png" srcset="//pokemonshowdown.com/images/pokemonshowdownbeta.png 1x, //pokemonshowdown.com/images/pokemonshowdownbeta@2x.png 2x" alt="Pok&eacute;mon Showdown" width="146" height="44" /> Home</a></li>
			<li><a class="button" href="//pokemonshowdown.com/dex/">Pok&eacute;dex</a></li>
			<li><a class="button cur" href="/">Replays</a></li>
			<li><a class="button" href="//pokemonshowdown.com/ladder/">Ladder</a></li>
			<li><a class="button nav-last" href="//pokemonshowdown.com/forums/">Forum</a></li>
			<li><a class="button greenbutton nav-first nav-last" href="//play.pokemonshowdown.com/">Play</a></li>
		</ul></div>
	</header>

	<div class="main" id="main">

		<noscript><section class="section">You need to enable JavaScript to use this page; sorry!</section></noscript>

	</div>

</div>

<script defer nomodule src="//play.pokemonshowdown.com/js/lib/ps-polyfill.js"></script>
<script defer src="//play.pokemonshowdown.com/js/lib/preact.min.js"></script>

<script defer src="//play.pokemonshowdown.com/config/config.js?2bddbc15"></script>
<script defer src="//play.pokemonshowdown.com/js/lib/jquery-1.11.0.min.js"></script>
<script defer src="//play.pokemonshowdown.com/js/lib/html-sanitizer-minified.js"></script>
<script defer src="//play.pokemonshowdown.com/js/battle-sound.js"></script>
<script defer src="//play.pokemonshowdown.com/js/battledata.js?0.7209276989879541"></script>
<script defer src="//play.pokemonshowdown.com/data/pokedex-mini.js?0.6111056340867951"></script>
<script defer src="//play.pokemonshowdown.com/data/pokedex-mini-bw.js?0.3532142036491459"></script>
<script defer src="//play.pokemonshowdown.com/data/graphics.js?0.24223875632456182"></script>
<script defer src="//play.pokemonshowdown.com/data/pokedex.js?0.38839984266356864"></script>
<script defer src="//play.pokemonshowdown.com/data/moves.js?0.21866028504024015"></script>
<script defer src="//play.pokemonshowdown.com/data/abilities.js?0.2005157953846628"></script>
<script defer src="//play.pokemonshowdown.com/data/items.js?0.9894211263848525"></script>
<script defer src="//play.pokemonshowdown.com/data/teambuilder-tables.js?0.6008791140282215"></script>
<script defer src="//play.pokemonshowdown.com/js/battle-tooltips.js?0.7580118955022959"></script>
<script defer src="//play.pokemonshowdown.com/js/battle.js?0.6057722274234274"></script>

<script defer src="js/utils.js?e31f9a17"></script>
<script defer src="js/replays-battle.js?7008c182"></script>

<!-- don't scrape this data! just add .json or .log after the URL!
Full API docs: https://github.com/smogon/pokemon-showdown-client/blob/master/WEB-API.md -->
<script type="text/plain" class="log" id="replaylog-smogtours-gen3ou-801629">
|inactive|Battle timer is ON: inactive players will automatically lose when time's up.
|t:|1729800289
|gametype|singles
|player|p1|MasquerainGaming|skierf|
|player|p2|KoboldSorcerer|1|
|teamsize|p1|6
|teamsize|p2|6
|gen|3
|tier|[Gen 3] OU
|rule|Sleep Clause Mod: Limit one foe put to sleep
|rule|Switch Priority Clause Mod: Faster Pokémon switch first
|rule|Species Clause: Limit one of each Pokémon
|rule|OHKO Clause: OHKO moves are banned
|rule|Evasion Items Clause: Evasion items are banned
|rule|Evasion Moves Clause: Evasion moves are banned
|rule|Endless Battle Clause: Forcing endless battles is banned
|rule|HP Percentage Mod: HP is shown in percentages
|rule|One Boost Passer Clause: Limit one Baton Passer that has a way to boost its stats
|rule|Freeze Clause Mod: Limit one foe frozen
|
|t:|1729800289
|start
|switch|p1a: Metagross|Metagross|100/100
|switch|p2a: Skarmory|Skarmory, F|100/100
|turn|1
|c|☆KoboldSorcerer|glhf!
|
|t:|1729800306
|move|p1a: Metagross|Meteor Mash|p2a: Skarmory
|-resisted|p2a: Skarmory
|-damage|p2a: Skarmory|69/100
|move|p2a: Skarmory|Spikes|p1a: Metagross
|-sidestart|p1: MasquerainGaming|Spikes
|
|-heal|p2a: Skarmory|75/100|[from] item: Leftovers
|upkeep
|turn|2
|
|t:|1729800325
|switch|p2a: Swampert|Swampert, F|100/100
|move|p1a: Metagross|Meteor Mash|p2a: Swampert
|-resisted|p2a: Swampert
|-damage|p2a: Swampert|67/100
|
|-heal|p2a: Swampert|73/100|[from] item: Leftovers
|upkeep
|turn|3
|
|t:|1729800346
|switch|p1a: Porygon2|Porygon2|100/100
|-damage|p1a: Porygon2|88/100|[from] Spikes
|-ability|p1a: Porygon2|Torrent|[from] ability: Trace|[of] p2a: Swampert
|move|p2a: Swampert|Hydro Pump|p1a: Porygon2|[miss]
|-miss|p2a: Swampert|p1a: Porygon2
|
|-heal|p1a: Porygon2|94/100|[from] item: Leftovers
|-heal|p2a: Swampert|79/100|[from] item: Leftovers
|upkeep
|turn|4
|
|t:|1729800368
|switch|p2a: Blissey|Blissey, F, shiny|100/100
|move|p1a: Porygon2|Hidden Power|p2a: Blissey
|-damage|p2a: Blissey|93/100
|
|-heal|p1a: Porygon2|100/100|[from] item: Leftovers
|-heal|p2a: Blissey|99/100|[from] item: Leftovers
|upkeep
|turn|5
|inactive|MasquerainGaming has 270 seconds left.
|inactive|KoboldSorcerer has 270 seconds left.
|
|t:|1729800398
|switch|p1a: Swampert|Swampert, M|100/100
|-damage|p1a: Swampert|88/100|[from] Spikes
|move|p2a: Blissey|Fire Blast|p1a: Swampert
|-resisted|p1a: Swampert
|-damage|p1a: Swampert|67/100
|
|-heal|p1a: Swampert|74/100|[from] item: Leftovers
|-heal|p2a: Blissey|100/100|[from] item: Leftovers
|upkeep
|turn|6
|inactive|KoboldSorcerer has 270 seconds left.
|
|t:|1729800418
|-singleturn|p1a: Swampert|move: Focus Punch
|move|p2a: Blissey|Ice Beam|p1a: Swampert
|-damage|p1a: Swampert|45/100
|move|p1a: Swampert|Focus Punch||[still]
|cant|p1a: Swampert|Focus Punch|Focus Punch
|
|-heal|p1a: Swampert|51/100|[from] item: Leftovers
|upkeep
|turn|7
|inactive|KoboldSorcerer has 270 seconds left.
|inactive|MasquerainGaming has 240 seconds left.
|
|t:|1729800440
|switch|p1a: Metagross|Metagross|100/100
|-damage|p1a: Metagross|88/100|[from] Spikes
|switch|p2a: Starmie|Starmie|100/100
|
|upkeep
|turn|8
|inactive|MasquerainGaming has 240 seconds left.
|
|t:|1729800459
|move|p2a: Starmie|Thunder Wave|p1a: Metagross
|-status|p1a: Metagross|par
|move|p1a: Metagross|Earthquake|p2a: Starmie
|-damage|p2a: Starmie|24/100
|
|-heal|p2a: Starmie|30/100|[from] item: Leftovers
|upkeep
|turn|9
|inactive|MasquerainGaming has 240 seconds left.
|inactive|KoboldSorcerer has 270 seconds left.
|
|t:|1729800477
|switch|p2a: Skarmory|Skarmory, F|75/100
|move|p1a: Metagross|Earthquake|p2a: Skarmory
|-immune|p2a: Skarmory
|
|-heal|p2a: Skarmory|81/100|[from] item: Leftovers
|upkeep
|turn|10
|inactive|KoboldSorcerer has 270 seconds left.
|
|t:|1729800490
|switch|p1a: Jirachi|Jirachi|100/100
|-damage|p1a: Jirachi|88/100|[from] Spikes
|move|p2a: Skarmory|Spikes|p1a: Jirachi
|-sidestart|p1: MasquerainGaming|Spikes
|
|-heal|p1a: Jirachi|94/100|[from] item: Leftovers
|-heal|p2a: Skarmory|87/100|[from] item: Leftovers
|upkeep
|turn|11
|
|t:|1729800502
|move|p1a: Jirachi|Fire Punch|p2a: Skarmory
|-supereffective|p2a: Skarmory
|-damage|p2a: Skarmory|45/100
|-status|p2a: Skarmory|brn
|move|p2a: Skarmory|Roar|p1a: Jirachi
|drag|p1a: Metagross|Metagross|88/100 par
|-damage|p1a: Metagross|72/100 par|[from] Spikes
|
|-heal|p2a: Skarmory|51/100 brn|[from] item: Leftovers
|-damage|p2a: Skarmory|39/100 brn|[from] brn
|upkeep
|turn|12
|
|t:|1729800515
|move|p2a: Skarmory|Spikes|p1a: Metagross
|-sidestart|p1: MasquerainGaming|Spikes
|move|p1a: Metagross|Meteor Mash|p2a: Skarmory
|-resisted|p2a: Skarmory
|-damage|p2a: Skarmory|8/100 brn
|-boost|p1a: Metagross|atk|1
|
|-heal|p2a: Skarmory|14/100 brn|[from] item: Leftovers
|-damage|p2a: Skarmory|2/100 brn|[from] brn
|upkeep
|turn|13
|
|t:|1729800530
|move|p1a: Metagross|Meteor Mash|p2a: Skarmory|[miss]
|-miss|p1a: Metagross|p2a: Skarmory
|move|p2a: Skarmory|Roar|p1a: Metagross
|drag|p1a: Swampert|Swampert, M|51/100
|-damage|p1a: Swampert|26/100|[from] Spikes
|
|-heal|p1a: Swampert|32/100|[from] item: Leftovers
|-heal|p2a: Skarmory|8/100 brn|[from] item: Leftovers
|-damage|p2a: Skarmory|0 fnt|[from] brn
|faint|p2a: Skarmory
|upkeep
|inactive|KoboldSorcerer has 270 seconds left.
|
|t:|1729800547
|switch|p2a: Swampert|Swampert, F|79/100
|turn|14
|inactive|MasquerainGaming has 240 seconds left.
|
|t:|1729800554
|move|p2a: Swampert|Protect|p2a: Swampert
|-singleturn|p2a: Swampert|Protect
|move|p1a: Swampert|Hydro Pump|p2a: Swampert
|-activate|p2a: Swampert|Protect
|
|-heal|p1a: Swampert|38/100|[from] item: Leftovers
|-heal|p2a: Swampert|86/100|[from] item: Leftovers
|upkeep
|turn|15
|
|t:|1729800564
|move|p1a: Swampert|Hydro Pump|p2a: Swampert|[miss]
|-miss|p1a: Swampert|p2a: Swampert
|move|p2a: Swampert|Hydro Pump|p1a: Swampert|[miss]
|-miss|p2a: Swampert|p1a: Swampert
|
|-heal|p1a: Swampert|44/100|[from] item: Leftovers
|-heal|p2a: Swampert|92/100|[from] item: Leftovers
|upkeep
|turn|16
|c|☆KoboldSorcerer|hydro pump is taking the day off
|inactive|KoboldSorcerer has 270 seconds left.
|
|t:|1729800590
|move|p1a: Swampert|Hydro Pump|p2a: Swampert|[miss]
|-miss|p1a: Swampert|p2a: Swampert
|move|p2a: Swampert|Hydro Pump|p1a: Swampert
|-damage|p1a: Swampert|0 fnt
|faint|p1a: Swampert
|c|☆MasquerainGaming|yeah lol
|inactive|MasquerainGaming has 240 seconds left.
|
|t:|1729800605
|switch|p1a: Porygon2|Porygon2|100/100
|-damage|p1a: Porygon2|76/100|[from] Spikes
|-ability|p1a: Porygon2|Torrent|[from] ability: Trace|[of] p2a: Swampert
|
|-heal|p1a: Porygon2|82/100|[from] item: Leftovers
|-heal|p2a: Swampert|98/100|[from] item: Leftovers
|upkeep
|turn|17
|inactive|MasquerainGaming has 240 seconds left.
|inactive|KoboldSorcerer has 270 seconds left.
|
|t:|1729800631
|switch|p1a: Jirachi|Jirachi|94/100
|-damage|p1a: Jirachi|69/100|[from] Spikes
|move|p2a: Swampert|Protect||[still]
|-fail|p2a: Swampert
|
|-heal|p1a: Jirachi|75/100|[from] item: Leftovers
|-heal|p2a: Swampert|100/100|[from] item: Leftovers
|upkeep
|turn|18
|inactive|MasquerainGaming has 210 seconds left.
|
|t:|1729800663
|move|p1a: Jirachi|Psychic|p2a: Swampert
|-damage|p2a: Swampert|67/100
|move|p2a: Swampert|Earthquake|p1a: Jirachi
|-supereffective|p1a: Jirachi
|-damage|p1a: Jirachi|12/100
|
|-heal|p1a: Jirachi|18/100|[from] item: Leftovers
|-heal|p2a: Swampert|74/100|[from] item: Leftovers
|upkeep
|turn|19
|
|t:|1729800680
|switch|p1a: Porygon2|Porygon2|82/100
|-damage|p1a: Porygon2|57/100|[from] Spikes
|-ability|p1a: Porygon2|Torrent|[from] ability: Trace|[of] p2a: Swampert
|move|p2a: Swampert|Earthquake|p1a: Porygon2
|-damage|p1a: Porygon2|28/100
|
|-heal|p1a: Porygon2|34/100|[from] item: Leftovers
|-heal|p2a: Swampert|80/100|[from] item: Leftovers
|upkeep
|turn|20
|
|t:|1729800694
|switch|p2a: Starmie|Starmie|30/100
|move|p1a: Porygon2|Recover|p1a: Porygon2
|-heal|p1a: Porygon2|84/100
|
|-heal|p2a: Starmie|36/100|[from] item: Leftovers
|-heal|p1a: Porygon2|90/100|[from] item: Leftovers
|upkeep
|turn|21
|
|t:|1729800715
|switch|p2a: Tyranitar|Tyranitar, F|100/100
|-weather|Sandstorm|[from] ability: Sand Stream|[of] p2a: Tyranitar
|move|p1a: Porygon2|Thunderbolt|p2a: Tyranitar
|-damage|p2a: Tyranitar|81/100
|
|-weather|Sandstorm|[upkeep]
|-damage|p1a: Porygon2|84/100|[from] Sandstorm
|-heal|p2a: Tyranitar|87/100|[from] item: Leftovers
|-heal|p1a: Porygon2|90/100|[from] item: Leftovers
|upkeep
|turn|22
|inactive|MasquerainGaming has 180 seconds left.
|inactive|KoboldSorcerer has 270 seconds left.
|
|t:|1729800746
|switch|p1a: Metagross|Metagross|72/100 par
|-damage|p1a: Metagross|47/100 par|[from] Spikes
|move|p2a: Tyranitar|Earthquake|p1a: Metagross
|-supereffective|p1a: Metagross
|-damage|p1a: Metagross|0 fnt
|faint|p1a: Metagross
|
|t:|1729800761
|switch|p1a: Tyranitar|Tyranitar, M|100/100
|-damage|p1a: Tyranitar|76/100|[from] Spikes
|
|-weather|Sandstorm|[upkeep]
|-heal|p2a: Tyranitar|93/100|[from] item: Leftovers
|upkeep
|turn|23
|inactive|KoboldSorcerer has 270 seconds left.
|
|t:|1729800789
|-singleturn|p2a: Tyranitar|move: Focus Punch
|move|p1a: Tyranitar|Dragon Dance|p1a: Tyranitar
|-boost|p1a: Tyranitar|atk|1
|-boost|p1a: Tyranitar|spe|1
|move|p2a: Tyranitar|Focus Punch|p1a: Tyranitar
|-supereffective|p1a: Tyranitar
|-damage|p1a: Tyranitar|0 fnt
|faint|p1a: Tyranitar
|c|☆KoboldSorcerer|:)
|
|t:|1729800799
|switch|p1a: Porygon2|Porygon2|90/100
|-damage|p1a: Porygon2|65/100|[from] Spikes
|-ability|p1a: Porygon2|Sand Stream|[from] ability: Trace|[of] p2a: Tyranitar
|
|-weather|Sandstorm|[upkeep]
|-damage|p1a: Porygon2|59/100|[from] Sandstorm
|-heal|p2a: Tyranitar|99/100|[from] item: Leftovers
|-heal|p1a: Porygon2|65/100|[from] item: Leftovers
|upkeep
|turn|24
|inactive|KoboldSorcerer has 270 seconds left.
|inactive|MasquerainGaming has 150 seconds left.
|
|t:|1729800817
|switch|p2a: Gengar|Gengar, F|100/100
|move|p1a: Porygon2|Hidden Power|p2a: Gengar
|-resisted|p2a: Gengar
|-damage|p2a: Gengar|90/100
|
|-weather|Sandstorm|[upkeep]
|-damage|p2a: Gengar|84/100|[from] Sandstorm
|-damage|p1a: Porygon2|59/100|[from] Sandstorm
|-heal|p2a: Gengar|90/100|[from] item: Leftovers
|-heal|p1a: Porygon2|65/100|[from] item: Leftovers
|upkeep
|turn|25
|inactive|MasquerainGaming has 150 seconds left.
|
|t:|1729800829
|move|p2a: Gengar|Will-O-Wisp|p1a: Porygon2
|-status|p1a: Porygon2|brn
|move|p1a: Porygon2|Ice Beam|p2a: Gengar
|-damage|p2a: Gengar|60/100
|
|-weather|Sandstorm|[upkeep]
|-damage|p2a: Gengar|54/100|[from] Sandstorm
|-damage|p1a: Porygon2|59/100 brn|[from] Sandstorm
|-heal|p2a: Gengar|60/100|[from] item: Leftovers
|-heal|p1a: Porygon2|65/100 brn|[from] item: Leftovers
|-damage|p1a: Porygon2|53/100 brn|[from] brn
|upkeep
|turn|26
|inactive|MasquerainGaming has 150 seconds left.
|
|t:|1729800851
|switch|p2a: Blissey|Blissey, F, shiny|100/100
|move|p1a: Porygon2|Recover|p1a: Porygon2
|-heal|p1a: Porygon2|100/100 brn
|
|-weather|Sandstorm|[upkeep]
|-damage|p1a: Porygon2|94/100 brn|[from] Sandstorm
|-damage|p2a: Blissey|94/100|[from] Sandstorm
|-heal|p1a: Porygon2|100/100 brn|[from] item: Leftovers
|-damage|p1a: Porygon2|88/100 brn|[from] brn
|-heal|p2a: Blissey|100/100|[from] item: Leftovers
|upkeep
|turn|27
|
|t:|1729800874
|switch|p1a: Jirachi|Jirachi|18/100
|-damage|p1a: Jirachi|0 fnt|[from] Spikes
|faint|p1a: Jirachi
|
|t:|1729800878
|switch|p1a: Raikou|Raikou|100/100
|-damage|p1a: Raikou|75/100|[from] Spikes
|
|-weather|Sandstorm|[upkeep]
|-damage|p1a: Raikou|69/100|[from] Sandstorm
|-damage|p2a: Blissey|94/100|[from] Sandstorm
|-heal|p1a: Raikou|75/100|[from] item: Leftovers
|-heal|p2a: Blissey|100/100|[from] item: Leftovers
|upkeep
|turn|28
|inactive|KoboldSorcerer has 270 seconds left.
|
|t:|1729800898
|move|p1a: Raikou|Hidden Power|p2a: Blissey
|-damage|p2a: Blissey|92/100
|move|p2a: Blissey|Ice Beam|p1a: Raikou
|-damage|p1a: Raikou|54/100
|
|-weather|Sandstorm|[upkeep]
|-damage|p1a: Raikou|48/100|[from] Sandstorm
|-damage|p2a: Blissey|86/100|[from] Sandstorm
|-heal|p1a: Raikou|54/100|[from] item: Leftovers
|-heal|p2a: Blissey|92/100|[from] item: Leftovers
|upkeep
|turn|29
|
|t:|1729800911
|move|p1a: Raikou|Calm Mind|p1a: Raikou
|-boost|p1a: Raikou|spa|1
|-boost|p1a: Raikou|spd|1
|move|p2a: Blissey|Fire Blast|p1a: Raikou
|-damage|p1a: Raikou|34/100
|-status|p1a: Raikou|brn
|
|-weather|Sandstorm|[upkeep]
|-damage|p1a: Raikou|27/100 brn|[from] Sandstorm
|-damage|p2a: Blissey|86/100|[from] Sandstorm
|-heal|p1a: Raikou|34/100 brn|[from] item: Leftovers
|-damage|p1a: Raikou|21/100 brn|[from] brn
|-heal|p2a: Blissey|92/100|[from] item: Leftovers
|upkeep
|turn|30
|-message|MasquerainGaming forfeited.
|
|win|KoboldSorcerer
|player|p1|
|c|☆KoboldSorcerer|okay unreal luck
|player|p2|
|player|p2|KoboldSorcerer|1|
|player|p2|
|player|p2|KoboldSorcerer|1|

</script>
<script type="application/json" class="data" id="replaydata-smogtours-gen3ou-801629">
{"id":"smogtours-gen3ou-801629","format":"[Gen 3] OU","players":["MasquerainGaming","KoboldSorcerer"],"uploadtime":1729800919,"views":68,"formatid":"gen3ou","rating":null,"private":0,"password":null}
</script>

<script defer src="js/replays.js?9d40a366"></script>
