<!DOCTYPE html>
<meta charset="utf-8" />
<meta name="viewport" content="width=device-width" />

<title>[Gen 3] OU: T1W1B vs. Zpanther - Replays - Pok&eacute;mon Showdown!</title>

<meta name="description" content="Watch a replay of a Pok&eacute;mon battle between T1W1B and Zpanther! Format: [Gen 3] OU; Date: Oct 12, 2024" />
<!--

Hey, you! Looking in the source for the replay log?

You can find them in JSON format, just add `.json` at the end of a replay URL.

https://replay.pokemonshowdown.com/gen7randomdoublesbattle-865046831.json

Or, if you only need the log itself, add `.log` instead:

https://replay.pokemonshowdown.com/gen7randomdoublesbattle-865046831.log

-->

<link rel="stylesheet" href="//pokemonshowdown.com/style/global.css?0.023195364461161105" />
<link rel="stylesheet" href="//play.pokemonshowdown.com/style/font-awesome.css?0.13261647063804238" />
<link rel="stylesheet" href="//play.pokemonshowdown.com/style/battle.css?0.8753245789963631" />
<link rel="stylesheet" href="//play.pokemonshowdown.com/style/utilichart.css?0.8627959624976733" />

<!-- Global site tag (gtag.js) - Google Analytics -->
<script async src="https://www.googletagmanager.com/gtag/js?id=UA-26211653-1"></script>
<script>
  window.dataLayer = window.dataLayer || [];
  function gtag(){dataLayer.push(arguments);}
  gtag('js', new Date());

  gtag('config', 'UA-26211653-1');
</script>
<!-- End Google Analytics -->
<!-- Venatus Ad Manager - Install in <HEAD> of page -->
	<script src="https://hb.vntsm.com/v3/live/ad-manager.min.js" type="text/javascript" data-site-id="642aba63ec9a7b11c3c9c1be" data-mode="scan" async></script>
<!-- / Venatus Ad Manager -->

<style>
	@media (max-width:820px) {
		.battle {
			margin: 0 auto;
		}
		.battle-log {
			margin: 7px auto 0;
			max-width: 640px;
			height: 300px;
			position: static;
		}
	}
	.optgroup {
		display: inline-block;
		line-height: 22px;
		font-size: 10pt;
	}
	.optgroup .button {
		height: 25px;
		padding-top: 0;
		padding-bottom: 0;
	}
	.optgroup button.button {
		padding-left: 12px;
		padding-right: 12px;
	}
	.linklist {
		list-style: none;
		margin: 0.5em 0;
		padding: 0;
	}
	.linklist li {
		padding: 2px 0;
	}
	.sidebar {
		float: left;
		width: 320px;
	}
	.bar-wrapper {
		max-width: 1100px;
		margin: 0 auto;
	}
	.bar-wrapper.has-sidebar {
		max-width: 1430px;
	}
	.mainbar {
		margin: 0;
		padding-right: 1px;
	}
	.mainbar.has-sidebar {
		margin-left: 330px;
	}
	@media (min-width: 1511px) {
		.sidebar {
			width: 400px;
		}
		.bar-wrapper.has-sidebar {
			max-width: 1510px;
		}
		.mainbar.has-sidebar {
			margin-left: 410px;
		}
	}
	.section.first-section {
		margin-top: 9px;
	}
	.blocklink small {
		white-space: normal;
	}
	.button {
		vertical-align: middle;
	}
	.replay-controls {
		padding-top: 10px;
	}
	.replay-controls h1 {
		font-size: 16pt;
		font-weight: normal;
		color: #CCC;
	}
	.pagelink {
		text-align: center;
	}
	.pagelink a {
		width: 150px;
	}
	.textbox, .button {
		font-size: 11pt;
		vertical-align: middle;
	}
	@media (max-width: 450px) {
		.button {
			font-size: 9pt;
		}
	}
</style>

<div>

	<header>
		<div class="nav-wrapper"><ul class="nav">
			<li><a class="button nav-first" href="//pokemonshowdown.com/"><img src="//pokemonshowdown.com/images/pokemonshowdownbeta.png" srcset="//pokemonshowdown.com/images/pokemonshowdownbeta.png 1x, //pokemonshowdown.com/images/pokemonshowdownbeta@2x.png 2x" alt="Pok&eacute;mon Showdown" width="146" height="44" /> Home</a></li>
			<li><a class="button" href="//pokemonshowdown.com/dex/">Pok&eacute;dex</a></li>
			<li><a class="button cur" href="/">Replays</a></li>
			<li><a class="button" href="//pokemonshowdown.com/ladder/">Ladder</a></li>
			<li><a class="button nav-last" href="//pokemonshowdown.com/forums/">Forum</a></li>
			<li><a class="button greenbutton nav-first nav-last" href="//play.pokemonshowdown.com/">Play</a></li>
		</ul></div>
	</header>

	<div class="main" id="main">

		<noscript><section class="section">You need to enable JavaScript to use this page; sorry!</section></noscript>

	</div>

</div>

<script defer nomodule src="//play.pokemonshowdown.com/js/lib/ps-polyfill.js"></script>
<script defer src="//play.pokemonshowdown.com/js/lib/preact.min.js"></script>

<script defer src="//play.pokemonshowdown.com/config/config.js?2bddbc15"></script>
<script defer src="//play.pokemonshowdown.com/js/lib/jquery-1.11.0.min.js"></script>
<script defer src="//play.pokemonshowdown.com/js/lib/html-sanitizer-minified.js"></script>
<script defer src="//play.pokemonshowdown.com/js/battle-sound.js"></script>
<script defer src="//play.pokemonshowdown.com/js/battledata.js?0.7209276989879541"></script>
<script defer src="//play.pokemonshowdown.com/data/pokedex-mini.js?0.6111056340867951"></script>
<script defer src="//play.pokemonshowdown.com/data/pokedex-mini-bw.js?0.3532142036491459"></script>
<script defer src="//play.pokemonshowdown.com/data/graphics.js?0.24223875632456182"></script>
<script defer src="//play.pokemonshowdown.com/data/pokedex.js?0.38839984266356864"></script>
<script defer src="//play.pokemonshowdown.com/data/moves.js?0.21866028504024015"></script>
<script defer src="//play.pokemonshowdown.com/data/abilities.js?0.2005157953846628"></script>
<script defer src="//play.pokemonshowdown.com/data/items.js?0.9894211263848525"></script>
<script defer src="//play.pokemonshowdown.com/data/teambuilder-tables.js?0.6008791140282215"></script>
<script defer src="//play.pokemonshowdown.com/js/battle-tooltips.js?0.7580118955022959"></script>
<script defer src="//play.pokemonshowdown.com/js/battle.js?0.6057722274234274"></script>

<script defer src="js/utils.js?e31f9a17"></script>
<script defer src="js/replays-battle.js?7008c182"></script>

<!-- don't scrape this data! just add .json or .log after the URL!
Full API docs: https://github.com/smogon/pokemon-showdown-client/blob/master/WEB-API.md -->
<script type="text/plain" class="log" id="replaylog-smogtours-gen3ou-797529">
|inactive|Battle timer is ON: inactive players will automatically lose when time's up.
|t:|1728749969
|gametype|singles
|player|p1|T1W1B|whitney|
|player|p2|Zpanther|rose-zerosuit|
|teamsize|p1|6
|teamsize|p2|6
|gen|3
|tier|[Gen 3] OU
|rule|Sleep Clause Mod: Limit one foe put to sleep
|rule|Switch Priority Clause Mod: Faster Pokémon switch first
|rule|Species Clause: Limit one of each Pokémon
|rule|OHKO Clause: OHKO moves are banned
|rule|Evasion Items Clause: Evasion items are banned
|rule|Evasion Moves Clause: Evasion moves are banned
|rule|Endless Battle Clause: Forcing endless battles is banned
|rule|HP Percentage Mod: HP is shown in percentages
|rule|One Boost Passer Clause: Limit one Baton Passer that has a way to boost its stats
|rule|Freeze Clause Mod: Limit one foe frozen
|
|t:|1728749969
|start
|switch|p1a: Hariyama|Hariyama, F|100/100
|switch|p2a: Zapdos|Zapdos|100/100
|turn|1
|c|☆Zpanther|hf
|c|☆T1W1B|hf again to u 2
|
|t:|1728749989
|move|p2a: Zapdos|Substitute|p2a: Zapdos
|-start|p2a: Zapdos|Substitute
|-damage|p2a: Zapdos|76/100
|move|p1a: Hariyama|Knock Off|p2a: Zapdos
|-crit|p2a: Zapdos
|-activate|p2a: Zapdos|Substitute|[damage]
|
|-heal|p2a: Zapdos|82/100|[from] item: Leftovers
|upkeep
|turn|2
|
|t:|1728749992
|move|p2a: Zapdos|Thunderbolt|p1a: Hariyama
|-damage|p1a: Hariyama|58/100
|move|p1a: Hariyama|Whirlwind|p2a: Zapdos
|drag|p2a: Suicune|Suicune|100/100
|
|-heal|p1a: Hariyama|64/100|[from] item: Leftovers
|upkeep
|turn|3
|
|t:|1728750011
|move|p2a: Suicune|Hydro Pump|p1a: Hariyama
|-damage|p1a: Hariyama|18/100
|move|p1a: Hariyama|Knock Off|p2a: Suicune
|-damage|p2a: Suicune|98/100
|-enditem|p2a: Suicune|Leftovers|[from] move: Knock Off|[of] p1a: Hariyama
|-hint|In Gens 3-4, Knock Off only makes the target's item unusable; it cannot obtain a new item.
|
|-heal|p1a: Hariyama|24/100|[from] item: Leftovers
|upkeep
|turn|4
|
|t:|1728750015
|switch|p1a: Blissey|Blissey, F|100/100
|move|p2a: Suicune|Calm Mind|p2a: Suicune
|-boost|p2a: Suicune|spa|1
|-boost|p2a: Suicune|spd|1
|
|upkeep
|turn|5
|
|t:|1728750022
|switch|p2a: Metagross|Metagross|100/100
|move|p1a: Blissey|Thunder Wave|p2a: Metagross
|-status|p2a: Metagross|par
|
|upkeep
|turn|6
|
|t:|1728750030
|switch|p1a: Forretress|Forretress, F|100/100
|switch|p2a: Zapdos|Zapdos|82/100
|
|-heal|p2a: Zapdos|88/100|[from] item: Leftovers
|upkeep
|turn|7
|
|t:|1728750040
|switch|p1a: Blissey|Blissey, F|100/100
|move|p2a: Zapdos|Substitute|p2a: Zapdos
|-start|p2a: Zapdos|Substitute
|-damage|p2a: Zapdos|63/100
|
|-heal|p2a: Zapdos|69/100|[from] item: Leftovers
|upkeep
|turn|8
|
|t:|1728750043
|move|p2a: Zapdos|Baton Pass|p2a: Zapdos
|
|t:|1728750045
|switch|p2a: Dugtrio|Dugtrio, M|100/100|[from] Baton Pass
|move|p1a: Blissey|Seismic Toss|p2a: Dugtrio
|-end|p2a: Dugtrio|Substitute
|
|upkeep
|turn|9
|
|t:|1728750056
|move|p2a: Dugtrio|Beat Up|p1a: Blissey
|-damage|p1a: Blissey|91/100
|-damage|p1a: Blissey|81/100
|-damage|p1a: Blissey|66/100
|-damage|p1a: Blissey|54/100
|-damage|p1a: Blissey|46/100
|-hitcount|p1a: Blissey|5
|move|p1a: Blissey|Seismic Toss|p2a: Dugtrio
|-damage|p2a: Dugtrio|55/100
|
|-heal|p1a: Blissey|52/100|[from] item: Leftovers
|upkeep
|turn|10
|
|t:|1728750065
|move|p2a: Dugtrio|Beat Up|p1a: Blissey
|-damage|p1a: Blissey|43/100
|-damage|p1a: Blissey|32/100
|-crit|p1a: Blissey
|-damage|p1a: Blissey|1/100
|-damage|p1a: Blissey|0 fnt
|-hitcount|p1a: Blissey|4
|faint|p1a: Blissey
|inactive|T1W1B has 270 seconds left.
|
|t:|1728750103
|switch|p1a: Tyranitar|Tyranitar, M|100/100
|-weather|Sandstorm|[from] ability: Sand Stream|[of] p1a: Tyranitar
|
|-weather|Sandstorm|[upkeep]
|upkeep
|turn|11
|
|t:|1728750112
|-activate|p2a: Dugtrio|move: Pursuit
|move|p1a: Tyranitar|Pursuit|p2a: Dugtrio|[from]Pursuit
|-damage|p2a: Dugtrio|0 fnt
|faint|p2a: Dugtrio
|-hint|Previously chosen switches continue in Gen 2-4 after a Pursuit target faints.
|switch|p2a: Suicune|Suicune|98/100
|
|-weather|Sandstorm|[upkeep]
|-damage|p2a: Suicune|92/100|[from] Sandstorm
|upkeep
|turn|12
|
|t:|1728750118
|switch|p1a: Milotic|Milotic, M|100/100
|move|p2a: Suicune|Hydro Pump|p1a: Milotic
|-resisted|p1a: Milotic
|-damage|p1a: Milotic|80/100
|
|-weather|Sandstorm|[upkeep]
|-damage|p2a: Suicune|86/100|[from] Sandstorm
|-damage|p1a: Milotic|74/100|[from] Sandstorm
|-heal|p1a: Milotic|80/100|[from] item: Leftovers
|upkeep
|turn|13
|
|t:|1728750127
|move|p2a: Suicune|Calm Mind|p2a: Suicune
|-boost|p2a: Suicune|spa|1
|-boost|p2a: Suicune|spd|1
|move|p1a: Milotic|Toxic|p2a: Suicune
|-status|p2a: Suicune|tox
|
|-weather|Sandstorm|[upkeep]
|-damage|p2a: Suicune|80/100 tox|[from] Sandstorm
|-damage|p1a: Milotic|74/100|[from] Sandstorm
|-damage|p2a: Suicune|74/100 tox|[from] psn
|-heal|p1a: Milotic|80/100|[from] item: Leftovers
|upkeep
|turn|14
|
|t:|1728750145
|switch|p1a: Gengar|Gengar, M|100/100
|move|p2a: Suicune|Hidden Power|p1a: Gengar
|-resisted|p1a: Gengar
|-damage|p1a: Gengar|80/100
|
|-weather|Sandstorm|[upkeep]
|-damage|p1a: Gengar|74/100|[from] Sandstorm
|-damage|p2a: Suicune|68/100 tox|[from] Sandstorm
|-heal|p1a: Gengar|80/100|[from] item: Leftovers
|-damage|p2a: Suicune|55/100 tox|[from] psn
|upkeep
|turn|15
|
|t:|1728750152
|switch|p1a: Milotic|Milotic, M|80/100
|move|p2a: Suicune|Hydro Pump|p1a: Milotic|[miss]
|-miss|p2a: Suicune|p1a: Milotic
|
|-weather|Sandstorm|[upkeep]
|-damage|p2a: Suicune|49/100 tox|[from] Sandstorm
|-damage|p1a: Milotic|74/100|[from] Sandstorm
|-damage|p2a: Suicune|31/100 tox|[from] psn
|-heal|p1a: Milotic|80/100|[from] item: Leftovers
|upkeep
|turn|16
|
|t:|1728750161
|switch|p1a: Tyranitar|Tyranitar, M|100/100
|move|p2a: Suicune|Hidden Power|p1a: Tyranitar
|-supereffective|p1a: Tyranitar
|-damage|p1a: Tyranitar|49/100
|
|-weather|Sandstorm|[upkeep]
|-damage|p2a: Suicune|25/100 tox|[from] Sandstorm
|-damage|p2a: Suicune|0 fnt|[from] psn
|faint|p2a: Suicune
|-heal|p1a: Tyranitar|55/100|[from] item: Leftovers
|upkeep
|
|t:|1728750175
|switch|p2a: Tyranitar|Tyranitar, M|100/100
|turn|17
|inactive|T1W1B has 270 seconds left.
|
|t:|1728750211
|switch|p1a: Milotic|Milotic, M|80/100
|move|p2a: Tyranitar|Dragon Dance|p2a: Tyranitar
|-boost|p2a: Tyranitar|atk|1
|-boost|p2a: Tyranitar|spe|1
|
|-weather|Sandstorm|[upkeep]
|-damage|p1a: Milotic|74/100|[from] Sandstorm
|-heal|p1a: Milotic|80/100|[from] item: Leftovers
|upkeep
|turn|18
|inactive|T1W1B has 270 seconds left.
|
|t:|1728750221
|move|p2a: Tyranitar|Rock Slide|p1a: Milotic
|-damage|p1a: Milotic|39/100
|move|p1a: Milotic|Surf|p2a: Tyranitar
|-supereffective|p2a: Tyranitar
|-damage|p2a: Tyranitar|41/100
|
|-weather|Sandstorm|[upkeep]
|-damage|p1a: Milotic|33/100|[from] Sandstorm
|-heal|p2a: Tyranitar|47/100|[from] item: Leftovers
|-heal|p1a: Milotic|39/100|[from] item: Leftovers
|upkeep
|turn|19
|inactive|T1W1B has 270 seconds left.
|
|t:|1728750233
|switch|p1a: Hariyama|Hariyama, F|24/100
|move|p2a: Tyranitar|Rock Slide|p1a: Hariyama
|-resisted|p1a: Hariyama
|-damage|p1a: Hariyama|0 fnt
|faint|p1a: Hariyama
|
|t:|1728750237
|switch|p1a: Forretress|Forretress, F|100/100
|
|-weather|Sandstorm|[upkeep]
|-heal|p2a: Tyranitar|53/100|[from] item: Leftovers
|upkeep
|turn|20
|
|t:|1728750247
|move|p2a: Tyranitar|Rock Slide|p1a: Forretress
|-damage|p1a: Forretress|60/100
|cant|p1a: Forretress|flinch
|
|-weather|Sandstorm|[upkeep]
|-heal|p2a: Tyranitar|59/100|[from] item: Leftovers
|-heal|p1a: Forretress|66/100|[from] item: Leftovers
|upkeep
|turn|21
|
|t:|1728750259
|move|p2a: Tyranitar|Rock Slide|p1a: Forretress
|-damage|p1a: Forretress|24/100
|move|p1a: Forretress|Earthquake|p2a: Tyranitar
|-supereffective|p2a: Tyranitar
|-damage|p2a: Tyranitar|26/100
|
|-weather|Sandstorm|[upkeep]
|-heal|p2a: Tyranitar|32/100|[from] item: Leftovers
|-heal|p1a: Forretress|30/100|[from] item: Leftovers
|upkeep
|turn|22
|
|t:|1728750269
|move|p2a: Tyranitar|Earthquake|p1a: Forretress
|-damage|p1a: Forretress|0 fnt
|faint|p1a: Forretress
|
|t:|1728750282
|switch|p1a: Milotic|Milotic, M|39/100
|
|-weather|Sandstorm|[upkeep]
|-damage|p1a: Milotic|33/100|[from] Sandstorm
|-heal|p2a: Tyranitar|38/100|[from] item: Leftovers
|-heal|p1a: Milotic|39/100|[from] item: Leftovers
|upkeep
|turn|23
|
|t:|1728750290
|move|p2a: Tyranitar|Rock Slide|p1a: Milotic
|-damage|p1a: Milotic|0 fnt
|faint|p1a: Milotic
|
|t:|1728750293
|switch|p1a: Gengar|Gengar, M|80/100
|
|-weather|Sandstorm|[upkeep]
|-damage|p1a: Gengar|74/100|[from] Sandstorm
|-heal|p1a: Gengar|80/100|[from] item: Leftovers
|-heal|p2a: Tyranitar|44/100|[from] item: Leftovers
|upkeep
|turn|24
|
|t:|1728750310
|move|p1a: Gengar|Will-O-Wisp|p2a: Tyranitar
|-status|p2a: Tyranitar|brn
|move|p2a: Tyranitar|Rock Slide|p1a: Gengar
|-damage|p1a: Gengar|35/100
|
|-weather|Sandstorm|[upkeep]
|-damage|p1a: Gengar|28/100|[from] Sandstorm
|-heal|p1a: Gengar|35/100|[from] item: Leftovers
|-heal|p2a: Tyranitar|50/100 brn|[from] item: Leftovers
|-damage|p2a: Tyranitar|38/100 brn|[from] brn
|upkeep
|turn|25
|
|t:|1728750319
|move|p1a: Gengar|Thunderbolt|p2a: Tyranitar
|-damage|p2a: Tyranitar|17/100 brn
|move|p2a: Tyranitar|Rock Slide|p1a: Gengar
|-damage|p1a: Gengar|0 fnt
|faint|p1a: Gengar
|
|t:|1728750320
|switch|p1a: Tyranitar|Tyranitar, M|55/100
|
|-weather|Sandstorm|[upkeep]
|-heal|p2a: Tyranitar|23/100 brn|[from] item: Leftovers
|-damage|p2a: Tyranitar|10/100 brn|[from] brn
|-heal|p1a: Tyranitar|61/100|[from] item: Leftovers
|upkeep
|turn|26
|
|t:|1728750324
|move|p2a: Tyranitar|Earthquake|p1a: Tyranitar
|-supereffective|p1a: Tyranitar
|-damage|p1a: Tyranitar|19/100
|move|p1a: Tyranitar|Crunch|p2a: Tyranitar
|-resisted|p2a: Tyranitar
|-damage|p2a: Tyranitar|0 fnt
|faint|p2a: Tyranitar
|
|t:|1728750328
|switch|p2a: Celebi|Celebi|100/100
|
|-weather|Sandstorm|[upkeep]
|-damage|p2a: Celebi|94/100|[from] Sandstorm
|-heal|p2a: Celebi|100/100|[from] item: Leftovers
|-heal|p1a: Tyranitar|25/100|[from] item: Leftovers
|upkeep
|turn|27
|c|☆Zpanther|ggs
|
|t:|1728750334
|move|p2a: Celebi|Giga Drain|p1a: Tyranitar
|-supereffective|p1a: Tyranitar
|-damage|p1a: Tyranitar|0 fnt
|faint|p1a: Tyranitar
|
|win|Zpanther
|c|☆T1W1B|ggs

</script>
<script type="application/json" class="data" id="replaydata-smogtours-gen3ou-797529">
{"id":"smogtours-gen3ou-797529","format":"[Gen 3] OU","players":["T1W1B","Zpanther"],"uploadtime":1728750334,"views":120,"formatid":"gen3ou","rating":null,"private":0,"password":null}
</script>

<script defer src="js/replays.js?9d40a366"></script>
