<!DOCTYPE html>
<meta charset="utf-8" />
<meta name="viewport" content="width=device-width" />

<title>[Gen 3] OU: TheLargestLad vs. xXEricXx - Replays - Pok&eacute;mon Showdown!</title>

<meta name="description" content="Watch a replay of a Pok&eacute;mon battle between TheLargestLad and xXEricXx! Format: [Gen 3] OU; Date: Oct 20, 2024" />
<!--

Hey, you! Looking in the source for the replay log?

You can find them in JSON format, just add `.json` at the end of a replay URL.

https://replay.pokemonshowdown.com/gen7randomdoublesbattle-865046831.json

Or, if you only need the log itself, add `.log` instead:

https://replay.pokemonshowdown.com/gen7randomdoublesbattle-865046831.log

-->

<link rel="stylesheet" href="//pokemonshowdown.com/style/global.css?0.767286132409787" />
<link rel="stylesheet" href="//play.pokemonshowdown.com/style/font-awesome.css?0.9266228007934947" />
<link rel="stylesheet" href="//play.pokemonshowdown.com/style/battle.css?0.7924700842790926" />
<link rel="stylesheet" href="//play.pokemonshowdown.com/style/utilichart.css?0.8777417872839479" />

<!-- Global site tag (gtag.js) - Google Analytics -->
<script async src="https://www.googletagmanager.com/gtag/js?id=UA-26211653-1"></script>
<script>
  window.dataLayer = window.dataLayer || [];
  function gtag(){dataLayer.push(arguments);}
  gtag('js', new Date());

  gtag('config', 'UA-26211653-1');
</script>
<!-- End Google Analytics -->
<!-- Venatus Ad Manager - Install in <HEAD> of page -->
	<script src="https://hb.vntsm.com/v3/live/ad-manager.min.js" type="text/javascript" data-site-id="642aba63ec9a7b11c3c9c1be" data-mode="scan" async></script>
<!-- / Venatus Ad Manager -->

<style>
	@media (max-width:820px) {
		.battle {
			margin: 0 auto;
		}
		.battle-log {
			margin: 7px auto 0;
			max-width: 640px;
			height: 300px;
			position: static;
		}
	}
	.optgroup {
		display: inline-block;
		line-height: 22px;
		font-size: 10pt;
	}
	.optgroup .button {
		height: 25px;
		padding-top: 0;
		padding-bottom: 0;
	}
	.optgroup button.button {
		padding-left: 12px;
		padding-right: 12px;
	}
	.linklist {
		list-style: none;
		margin: 0.5em 0;
		padding: 0;
	}
	.linklist li {
		padding: 2px 0;
	}
	.sidebar {
		float: left;
		width: 320px;
	}
	.bar-wrapper {
		max-width: 1100px;
		margin: 0 auto;
	}
	.bar-wrapper.has-sidebar {
		max-width: 1430px;
	}
	.mainbar {
		margin: 0;
		padding-right: 1px;
	}
	.mainbar.has-sidebar {
		margin-left: 330px;
	}
	@media (min-width: 1511px) {
		.sidebar {
			width: 400px;
		}
		.bar-wrapper.has-sidebar {
			max-width: 1510px;
		}
		.mainbar.has-sidebar {
			margin-left: 410px;
		}
	}
	.section.first-section {
		margin-top: 9px;
	}
	.blocklink small {
		white-space: normal;
	}
	.button {
		vertical-align: middle;
	}
	.replay-controls {
		padding-top: 10px;
	}
	.replay-controls h1 {
		font-size: 16pt;
		font-weight: normal;
		color: #CCC;
	}
	.pagelink {
		text-align: center;
	}
	.pagelink a {
		width: 150px;
	}
	.textbox, .button {
		font-size: 11pt;
		vertical-align: middle;
	}
	@media (max-width: 450px) {
		.button {
			font-size: 9pt;
		}
	}
</style>

<div>

	<header>
		<div class="nav-wrapper"><ul class="nav">
			<li><a class="button nav-first" href="//pokemonshowdown.com/"><img src="//pokemonshowdown.com/images/pokemonshowdownbeta.png" srcset="//pokemonshowdown.com/images/pokemonshowdownbeta.png 1x, //pokemonshowdown.com/images/pokemonshowdownbeta@2x.png 2x" alt="Pok&eacute;mon Showdown" width="146" height="44" /> Home</a></li>
			<li><a class="button" href="//pokemonshowdown.com/dex/">Pok&eacute;dex</a></li>
			<li><a class="button cur" href="/">Replays</a></li>
			<li><a class="button" href="//pokemonshowdown.com/ladder/">Ladder</a></li>
			<li><a class="button nav-last" href="//pokemonshowdown.com/forums/">Forum</a></li>
			<li><a class="button greenbutton nav-first nav-last" href="//play.pokemonshowdown.com/">Play</a></li>
		</ul></div>
	</header>

	<div class="main" id="main">

		<noscript><section class="section">You need to enable JavaScript to use this page; sorry!</section></noscript>

	</div>

</div>

<script defer nomodule src="//play.pokemonshowdown.com/js/lib/ps-polyfill.js"></script>
<script defer src="//play.pokemonshowdown.com/js/lib/preact.min.js"></script>

<script defer src="//play.pokemonshowdown.com/config/config.js?6dec07f6"></script>
<script defer src="//play.pokemonshowdown.com/js/lib/jquery-1.11.0.min.js"></script>
<script defer src="//play.pokemonshowdown.com/js/lib/html-sanitizer-minified.js"></script>
<script defer src="//play.pokemonshowdown.com/js/battle-sound.js"></script>
<script defer src="//play.pokemonshowdown.com/js/battledata.js?0.6315294753075389"></script>
<script defer src="//play.pokemonshowdown.com/data/pokedex-mini.js?0.7603743185311358"></script>
<script defer src="//play.pokemonshowdown.com/data/pokedex-mini-bw.js?0.030888842834281283"></script>
<script defer src="//play.pokemonshowdown.com/data/graphics.js?0.05593094747507488"></script>
<script defer src="//play.pokemonshowdown.com/data/pokedex.js?0.47064822249611904"></script>
<script defer src="//play.pokemonshowdown.com/data/moves.js?0.8583693120512459"></script>
<script defer src="//play.pokemonshowdown.com/data/abilities.js?0.16017181182386842"></script>
<script defer src="//play.pokemonshowdown.com/data/items.js?0.4163379185673943"></script>
<script defer src="//play.pokemonshowdown.com/data/teambuilder-tables.js?0.31075597372830477"></script>
<script defer src="//play.pokemonshowdown.com/js/battle-tooltips.js?0.6536193500708172"></script>
<script defer src="//play.pokemonshowdown.com/js/battle.js?0.1916591943277901"></script>

<script defer src="js/utils.js?e31f9a17"></script>
<script defer src="js/replays-battle.js?7008c182"></script>

<!-- don't scrape this data! just add .json or .log after the URL!
Full API docs: https://github.com/smogon/pokemon-showdown-client/blob/master/WEB-API.md -->
<script type="text/plain" class="log" id="replaylog-smogtours-gen3ou-800523">
|inactive|Battle timer is ON: inactive players will automatically lose when time's up.
|t:|1729441731
|gametype|singles
|player|p1|TheLargestLad|wattson|
|player|p2|xXEricXx|red|
|teamsize|p1|6
|teamsize|p2|6
|gen|3
|tier|[Gen 3] OU
|rule|Sleep Clause Mod: Limit one foe put to sleep
|rule|Switch Priority Clause Mod: Faster Pokémon switch first
|rule|Species Clause: Limit one of each Pokémon
|rule|OHKO Clause: OHKO moves are banned
|rule|Evasion Items Clause: Evasion items are banned
|rule|Evasion Moves Clause: Evasion moves are banned
|rule|Endless Battle Clause: Forcing endless battles is banned
|rule|HP Percentage Mod: HP is shown in percentages
|rule|One Boost Passer Clause: Limit one Baton Passer that has a way to boost its stats
|rule|Freeze Clause Mod: Limit one foe frozen
|
|t:|1729441731
|start
|switch|p1a: Soil Enthusiast|Tyranitar, F|100/100
|switch|p2a: Tyranitar|Tyranitar, M|100/100
|-weather|Sandstorm|[from] ability: Sand Stream|[of] p2a: Tyranitar
|turn|1
|c|☆xXEricXx|hf
|inactive|xXEricXx has 270 seconds left.
|
|t:|1729441790
|switch|p1a: Green.|Flygon, F|100/100
|move|p2a: Tyranitar|Earthquake|p1a: Green.
|-immune|p1a: Green.
|
|-weather|Sandstorm|[upkeep]
|upkeep
|turn|2
|
|t:|1729441797
|switch|p2a: Skarmory|Skarmory, M|100/100
|move|p1a: Green.|Toxic|p2a: Skarmory
|-immune|p2a: Skarmory
|
|-weather|Sandstorm|[upkeep]
|upkeep
|turn|3
|
|t:|1729441814
|switch|p1a: Lead Poisoning|Gengar, M|100/100
|move|p2a: Skarmory|Toxic|p1a: Lead Poisoning|[miss]
|-miss|p2a: Skarmory|p1a: Lead Poisoning
|
|-weather|Sandstorm|[upkeep]
|-damage|p1a: Lead Poisoning|94/100|[from] Sandstorm
|-heal|p1a: Lead Poisoning|100/100|[from] item: Leftovers
|upkeep
|turn|4
|
|t:|1729441822
|switch|p2a: Blissey|Blissey, F|100/100
|move|p1a: Lead Poisoning|Taunt|p2a: Blissey
|-start|p2a: Blissey|move: Taunt
|
|-weather|Sandstorm|[upkeep]
|-damage|p1a: Lead Poisoning|94/100|[from] Sandstorm
|-damage|p2a: Blissey|94/100|[from] Sandstorm
|-heal|p1a: Lead Poisoning|100/100|[from] item: Leftovers
|-heal|p2a: Blissey|100/100|[from] item: Leftovers
|upkeep
|turn|5
|
|t:|1729441829
|move|p1a: Lead Poisoning|Will-O-Wisp|p2a: Blissey
|-status|p2a: Blissey|brn
|move|p2a: Blissey|Ice Beam|p1a: Lead Poisoning
|-damage|p1a: Lead Poisoning|69/100
|
|-weather|Sandstorm|[upkeep]
|-damage|p1a: Lead Poisoning|63/100|[from] Sandstorm
|-damage|p2a: Blissey|94/100 brn|[from] Sandstorm
|-heal|p1a: Lead Poisoning|69/100|[from] item: Leftovers
|-heal|p2a: Blissey|100/100 brn|[from] item: Leftovers
|-damage|p2a: Blissey|88/100 brn|[from] brn
|-end|p2a: Blissey|move: Taunt|[silent]
|upkeep
|turn|6
|
|t:|1729441857
|move|p1a: Lead Poisoning|Taunt|p2a: Blissey
|-start|p2a: Blissey|move: Taunt
|move|p2a: Blissey|Ice Beam|p1a: Lead Poisoning
|-crit|p1a: Lead Poisoning
|-damage|p1a: Lead Poisoning|13/100
|-status|p1a: Lead Poisoning|frz
|
|-weather|Sandstorm|[upkeep]
|-damage|p1a: Lead Poisoning|6/100 frz|[from] Sandstorm
|-damage|p2a: Blissey|82/100 brn|[from] Sandstorm
|-heal|p1a: Lead Poisoning|13/100 frz|[from] item: Leftovers
|-heal|p2a: Blissey|88/100 brn|[from] item: Leftovers
|-damage|p2a: Blissey|76/100 brn|[from] brn
|upkeep
|turn|7
|
|t:|1729441876
|cant|p1a: Lead Poisoning|frz
|move|p2a: Blissey|Ice Beam|p1a: Lead Poisoning
|-damage|p1a: Lead Poisoning|0 fnt
|faint|p1a: Lead Poisoning
|
|t:|1729441881
|switch|p1a: Soil Enthusiast|Tyranitar, F|100/100
|
|-weather|Sandstorm|[upkeep]
|-damage|p2a: Blissey|69/100 brn|[from] Sandstorm
|-heal|p2a: Blissey|76/100 brn|[from] item: Leftovers
|-damage|p2a: Blissey|63/100 brn|[from] brn
|-end|p2a: Blissey|move: Taunt|[silent]
|upkeep
|turn|8
|
|t:|1729441904
|-curestatus|p2a: Blissey|brn|[from] ability: Natural Cure
|switch|p2a: Skarmory|Skarmory, M|100/100
|move|p1a: Soil Enthusiast|Crunch|p2a: Skarmory
|-resisted|p2a: Skarmory
|-damage|p2a: Skarmory|81/100
|
|-weather|Sandstorm|[upkeep]
|-heal|p2a: Skarmory|87/100|[from] item: Leftovers
|upkeep
|turn|9
|
|t:|1729441913
|switch|p1a: Dashie Games|Skarmory, M|100/100
|move|p2a: Skarmory|Spikes|p1a: Dashie Games
|-sidestart|p1: TheLargestLad|Spikes
|
|-weather|Sandstorm|[upkeep]
|-heal|p2a: Skarmory|93/100|[from] item: Leftovers
|upkeep
|turn|10
|inactive|xXEricXx has 270 seconds left.
|
|t:|1729441952
|switch|p2a: Jirachi|Jirachi|100/100
|move|p1a: Dashie Games|Spikes|p2a: Jirachi
|-sidestart|p2: xXEricXx|Spikes
|
|-weather|Sandstorm|[upkeep]
|upkeep
|turn|11
|
|t:|1729441960
|move|p2a: Jirachi|Calm Mind|p2a: Jirachi
|-boost|p2a: Jirachi|spa|1
|-boost|p2a: Jirachi|spd|1
|move|p1a: Dashie Games|Roar|p2a: Jirachi
|drag|p2a: Zapdos|Zapdos|100/100
|
|-weather|Sandstorm|[upkeep]
|-damage|p2a: Zapdos|94/100|[from] Sandstorm
|-heal|p2a: Zapdos|100/100|[from] item: Leftovers
|upkeep
|turn|12
|
|t:|1729441968
|move|p1a: Dashie Games|Protect|p1a: Dashie Games
|-singleturn|p1a: Dashie Games|Protect
|move|p2a: Zapdos|Thunderbolt|p1a: Dashie Games
|-activate|p1a: Dashie Games|Protect
|
|-weather|Sandstorm|[upkeep]
|-damage|p2a: Zapdos|94/100|[from] Sandstorm
|-heal|p2a: Zapdos|100/100|[from] item: Leftovers
|upkeep
|turn|13
|
|t:|1729441971
|switch|p1a: Green.|Flygon, F|100/100
|move|p2a: Zapdos|Thunderbolt|p1a: Green.
|-immune|p1a: Green.
|
|-weather|Sandstorm|[upkeep]
|-damage|p2a: Zapdos|94/100|[from] Sandstorm
|-heal|p2a: Zapdos|100/100|[from] item: Leftovers
|upkeep
|turn|14
|
|t:|1729441977
|move|p2a: Zapdos|Protect|p2a: Zapdos
|-singleturn|p2a: Zapdos|Protect
|move|p1a: Green.|Protect||[still]
|-fail|p1a: Green.
|
|-weather|Sandstorm|[upkeep]
|-damage|p2a: Zapdos|94/100|[from] Sandstorm
|-heal|p2a: Zapdos|100/100|[from] item: Leftovers
|upkeep
|turn|15
|
|t:|1729441981
|move|p2a: Zapdos|Hidden Power|p1a: Green.
|-supereffective|p1a: Green.
|-damage|p1a: Green.|0 fnt
|faint|p1a: Green.
|
|t:|1729441992
|switch|p1a: Starbaby|Jirachi|100/100
|-damage|p1a: Starbaby|88/100|[from] Spikes
|
|-weather|Sandstorm|[upkeep]
|-damage|p2a: Zapdos|94/100|[from] Sandstorm
|-heal|p2a: Zapdos|100/100|[from] item: Leftovers
|-heal|p1a: Starbaby|94/100|[from] item: Leftovers
|upkeep
|turn|16
|
|t:|1729442008
|switch|p2a: Skarmory|Skarmory, M|93/100
|move|p1a: Starbaby|Body Slam|p2a: Skarmory
|-resisted|p2a: Skarmory
|-damage|p2a: Skarmory|86/100
|
|-weather|Sandstorm|[upkeep]
|-heal|p1a: Starbaby|100/100|[from] item: Leftovers
|-heal|p2a: Skarmory|92/100|[from] item: Leftovers
|upkeep
|turn|17
|
|t:|1729442018
|move|p1a: Starbaby|Fire Punch|p2a: Skarmory
|-supereffective|p2a: Skarmory
|-damage|p2a: Skarmory|57/100
|move|p2a: Skarmory|Spikes|p1a: Starbaby
|-sidestart|p1: TheLargestLad|Spikes
|
|-weather|Sandstorm|[upkeep]
|-heal|p2a: Skarmory|63/100|[from] item: Leftovers
|upkeep
|turn|18
|
|t:|1729442024
|move|p1a: Starbaby|Fire Punch|p2a: Skarmory
|-supereffective|p2a: Skarmory
|-damage|p2a: Skarmory|28/100
|move|p2a: Skarmory|Spikes|p1a: Starbaby
|-sidestart|p1: TheLargestLad|Spikes
|
|-weather|Sandstorm|[upkeep]
|-heal|p2a: Skarmory|34/100|[from] item: Leftovers
|upkeep
|turn|19
|
|t:|1729442031
|move|p2a: Skarmory|Protect|p2a: Skarmory
|-singleturn|p2a: Skarmory|Protect
|move|p1a: Starbaby|Fire Punch|p2a: Skarmory
|-activate|p2a: Skarmory|Protect
|
|-weather|Sandstorm|[upkeep]
|-heal|p2a: Skarmory|40/100|[from] item: Leftovers
|upkeep
|turn|20
|
|t:|1729442032
|move|p1a: Starbaby|Fire Punch|p2a: Skarmory
|-supereffective|p2a: Skarmory
|-damage|p2a: Skarmory|6/100
|move|p2a: Skarmory|Roar|p1a: Starbaby
|drag|p1a: Bucket|Moltres|100/100
|
|-weather|Sandstorm|[upkeep]
|-damage|p1a: Bucket|94/100|[from] Sandstorm
|-heal|p1a: Bucket|100/100|[from] item: Leftovers
|-heal|p2a: Skarmory|12/100|[from] item: Leftovers
|upkeep
|turn|21
|
|t:|1729442045
|switch|p1a: Starbaby|Jirachi|100/100
|-damage|p1a: Starbaby|76/100|[from] Spikes
|move|p2a: Skarmory|Protect||[still]
|-fail|p2a: Skarmory
|
|-weather|Sandstorm|[upkeep]
|-heal|p1a: Starbaby|82/100|[from] item: Leftovers
|-heal|p2a: Skarmory|18/100|[from] item: Leftovers
|upkeep
|turn|22
|
|t:|1729442066
|move|p1a: Starbaby|Fire Punch|p2a: Skarmory
|-supereffective|p2a: Skarmory
|-damage|p2a: Skarmory|0 fnt
|faint|p2a: Skarmory
|inactive|xXEricXx has 270 seconds left.
|
|t:|1729442082
|switch|p2a: Blissey|Blissey, F|63/100
|-damage|p2a: Blissey|51/100|[from] Spikes
|
|-weather|Sandstorm|[upkeep]
|-damage|p2a: Blissey|45/100|[from] Sandstorm
|-heal|p1a: Starbaby|88/100|[from] item: Leftovers
|-heal|p2a: Blissey|51/100|[from] item: Leftovers
|upkeep
|turn|23
|
|t:|1729442093
|move|p1a: Starbaby|Body Slam|p2a: Blissey
|-damage|p2a: Blissey|31/100
|-status|p2a: Blissey|par
|move|p2a: Blissey|Soft-Boiled|p2a: Blissey
|-heal|p2a: Blissey|81/100 par
|
|-weather|Sandstorm|[upkeep]
|-damage|p2a: Blissey|75/100 par|[from] Sandstorm
|-heal|p1a: Starbaby|94/100|[from] item: Leftovers
|-heal|p2a: Blissey|81/100 par|[from] item: Leftovers
|upkeep
|turn|24
|
|t:|1729442102
|switch|p1a: Dashie Games|Skarmory, M|100/100
|move|p2a: Blissey|Soft-Boiled|p2a: Blissey
|-heal|p2a: Blissey|100/100 par
|
|-weather|Sandstorm|[upkeep]
|-damage|p2a: Blissey|94/100 par|[from] Sandstorm
|-heal|p2a: Blissey|100/100 par|[from] item: Leftovers
|upkeep
|turn|25
|
|t:|1729442105
|move|p1a: Dashie Games|Spikes|p2a: Blissey
|-sidestart|p2: xXEricXx|Spikes
|move|p2a: Blissey|Thunderbolt|p1a: Dashie Games
|-supereffective|p1a: Dashie Games
|-damage|p1a: Dashie Games|50/100
|
|-weather|Sandstorm|[upkeep]
|-damage|p2a: Blissey|94/100 par|[from] Sandstorm
|-heal|p1a: Dashie Games|56/100|[from] item: Leftovers
|-heal|p2a: Blissey|100/100 par|[from] item: Leftovers
|upkeep
|turn|26
|
|t:|1729442110
|switch|p1a: Starbaby|Jirachi|94/100
|-damage|p1a: Starbaby|69/100|[from] Spikes
|move|p2a: Blissey|Thunderbolt|p1a: Starbaby
|-damage|p1a: Starbaby|53/100
|
|-weather|Sandstorm|[upkeep]
|-damage|p2a: Blissey|94/100 par|[from] Sandstorm
|-heal|p1a: Starbaby|59/100|[from] item: Leftovers
|-heal|p2a: Blissey|100/100 par|[from] item: Leftovers
|upkeep
|turn|27
|
|t:|1729442115
|move|p1a: Starbaby|Wish|p1a: Starbaby
|move|p2a: Blissey|Calm Mind|p2a: Blissey
|-boost|p2a: Blissey|spa|1
|-boost|p2a: Blissey|spd|1
|
|-weather|Sandstorm|[upkeep]
|-damage|p2a: Blissey|94/100 par|[from] Sandstorm
|-heal|p1a: Starbaby|66/100|[from] item: Leftovers
|-heal|p2a: Blissey|100/100 par|[from] item: Leftovers
|upkeep
|turn|28
|
|t:|1729442122
|move|p1a: Starbaby|Body Slam|p2a: Blissey
|-damage|p2a: Blissey|79/100 par
|cant|p2a: Blissey|par
|
|-heal|p1a: Starbaby|100/100|[from] move: Wish|[wisher] Starbaby
|-weather|Sandstorm|[upkeep]
|-damage|p2a: Blissey|73/100 par|[from] Sandstorm
|-heal|p2a: Blissey|79/100 par|[from] item: Leftovers
|upkeep
|turn|29
|
|t:|1729442127
|move|p1a: Starbaby|Body Slam|p2a: Blissey
|-crit|p2a: Blissey
|-damage|p2a: Blissey|34/100 par
|move|p2a: Blissey|Soft-Boiled|p2a: Blissey
|-heal|p2a: Blissey|84/100 par
|
|-weather|Sandstorm|[upkeep]
|-damage|p2a: Blissey|78/100 par|[from] Sandstorm
|-heal|p2a: Blissey|84/100 par|[from] item: Leftovers
|upkeep
|turn|30
|
|t:|1729442132
|move|p1a: Starbaby|Body Slam|p2a: Blissey
|-damage|p2a: Blissey|64/100 par
|move|p2a: Blissey|Soft-Boiled|p2a: Blissey
|-heal|p2a: Blissey|100/100 par
|
|-weather|Sandstorm|[upkeep]
|-damage|p2a: Blissey|94/100 par|[from] Sandstorm
|-heal|p2a: Blissey|100/100 par|[from] item: Leftovers
|upkeep
|turn|31
|
|t:|1729442137
|move|p1a: Starbaby|Body Slam|p2a: Blissey
|-damage|p2a: Blissey|80/100 par
|move|p2a: Blissey|Calm Mind|p2a: Blissey
|-boost|p2a: Blissey|spa|1
|-boost|p2a: Blissey|spd|1
|
|-weather|Sandstorm|[upkeep]
|-damage|p2a: Blissey|74/100 par|[from] Sandstorm
|-heal|p2a: Blissey|80/100 par|[from] item: Leftovers
|upkeep
|turn|32
|
|t:|1729442143
|move|p1a: Starbaby|Body Slam|p2a: Blissey
|-damage|p2a: Blissey|58/100 par
|cant|p2a: Blissey|par
|
|-weather|Sandstorm|[upkeep]
|-damage|p2a: Blissey|52/100 par|[from] Sandstorm
|-heal|p2a: Blissey|58/100 par|[from] item: Leftovers
|upkeep
|turn|33
|
|t:|1729442146
|move|p1a: Starbaby|Body Slam|p2a: Blissey
|-damage|p2a: Blissey|36/100 par
|move|p2a: Blissey|Soft-Boiled|p2a: Blissey
|-heal|p2a: Blissey|86/100 par
|
|-weather|Sandstorm|[upkeep]
|-damage|p2a: Blissey|79/100 par|[from] Sandstorm
|-heal|p2a: Blissey|86/100 par|[from] item: Leftovers
|upkeep
|turn|34
|
|t:|1729442153
|move|p1a: Starbaby|Body Slam|p2a: Blissey
|-damage|p2a: Blissey|63/100 par
|move|p2a: Blissey|Soft-Boiled|p2a: Blissey
|-heal|p2a: Blissey|100/100 par
|
|-weather|Sandstorm|[upkeep]
|-damage|p2a: Blissey|94/100 par|[from] Sandstorm
|-heal|p2a: Blissey|100/100 par|[from] item: Leftovers
|upkeep
|turn|35
|
|t:|1729442156
|move|p1a: Starbaby|Body Slam|p2a: Blissey
|-damage|p2a: Blissey|81/100 par
|cant|p2a: Blissey|par
|
|-weather|Sandstorm|[upkeep]
|-damage|p2a: Blissey|75/100 par|[from] Sandstorm
|-heal|p2a: Blissey|81/100 par|[from] item: Leftovers
|upkeep
|turn|36
|
|t:|1729442158
|move|p1a: Starbaby|Body Slam|p2a: Blissey
|-damage|p2a: Blissey|60/100 par
|cant|p2a: Blissey|par
|
|-weather|Sandstorm|[upkeep]
|-damage|p2a: Blissey|54/100 par|[from] Sandstorm
|-heal|p2a: Blissey|60/100 par|[from] item: Leftovers
|upkeep
|turn|37
|
|t:|1729442162
|move|p1a: Starbaby|Body Slam|p2a: Blissey
|-crit|p2a: Blissey
|-damage|p2a: Blissey|21/100 par
|move|p2a: Blissey|Soft-Boiled|p2a: Blissey
|-heal|p2a: Blissey|71/100 par
|
|-weather|Sandstorm|[upkeep]
|-damage|p2a: Blissey|65/100 par|[from] Sandstorm
|-heal|p2a: Blissey|71/100 par|[from] item: Leftovers
|upkeep
|turn|38
|
|t:|1729442167
|move|p1a: Starbaby|Body Slam|p2a: Blissey
|-damage|p2a: Blissey|49/100 par
|move|p2a: Blissey|Soft-Boiled|p2a: Blissey
|-heal|p2a: Blissey|99/100 par
|
|-weather|Sandstorm|[upkeep]
|-damage|p2a: Blissey|92/100 par|[from] Sandstorm
|-heal|p2a: Blissey|99/100 par|[from] item: Leftovers
|upkeep
|turn|39
|
|t:|1729442174
|move|p1a: Starbaby|Body Slam|p2a: Blissey
|-damage|p2a: Blissey|75/100 par
|move|p2a: Blissey|Calm Mind|p2a: Blissey
|-boost|p2a: Blissey|spa|1
|-boost|p2a: Blissey|spd|1
|
|-weather|Sandstorm|[upkeep]
|-damage|p2a: Blissey|69/100 par|[from] Sandstorm
|-heal|p2a: Blissey|75/100 par|[from] item: Leftovers
|upkeep
|turn|40
|
|t:|1729442177
|move|p1a: Starbaby|Body Slam|p2a: Blissey
|-crit|p2a: Blissey
|-damage|p2a: Blissey|33/100 par
|move|p2a: Blissey|Soft-Boiled|p2a: Blissey
|-heal|p2a: Blissey|83/100 par
|
|-weather|Sandstorm|[upkeep]
|-damage|p2a: Blissey|77/100 par|[from] Sandstorm
|-heal|p2a: Blissey|83/100 par|[from] item: Leftovers
|upkeep
|turn|41
|
|t:|1729442187
|move|p1a: Starbaby|Body Slam|p2a: Blissey
|-damage|p2a: Blissey|61/100 par
|cant|p2a: Blissey|par
|
|-weather|Sandstorm|[upkeep]
|-damage|p2a: Blissey|55/100 par|[from] Sandstorm
|-heal|p2a: Blissey|61/100 par|[from] item: Leftovers
|upkeep
|turn|42
|
|t:|1729442195
|move|p1a: Starbaby|Body Slam|p2a: Blissey
|-damage|p2a: Blissey|38/100 par
|move|p2a: Blissey|Soft-Boiled|p2a: Blissey
|-heal|p2a: Blissey|88/100 par
|
|-weather|Sandstorm|[upkeep]
|-damage|p2a: Blissey|82/100 par|[from] Sandstorm
|-heal|p2a: Blissey|88/100 par|[from] item: Leftovers
|upkeep
|turn|43
|
|t:|1729442198
|move|p1a: Starbaby|Body Slam|p2a: Blissey
|-damage|p2a: Blissey|66/100 par
|move|p2a: Blissey|Thunderbolt|p1a: Starbaby
|-crit|p1a: Starbaby
|-damage|p1a: Starbaby|18/100
|
|-weather|Sandstorm|[upkeep]
|-damage|p2a: Blissey|60/100 par|[from] Sandstorm
|-heal|p1a: Starbaby|24/100|[from] item: Leftovers
|-heal|p2a: Blissey|66/100 par|[from] item: Leftovers
|upkeep
|turn|44
|
|t:|1729442204
|move|p1a: Starbaby|Body Slam|p2a: Blissey
|-damage|p2a: Blissey|43/100 par
|move|p2a: Blissey|Thunderbolt|p1a: Starbaby
|-damage|p1a: Starbaby|0 fnt
|faint|p1a: Starbaby
|
|t:|1729442210
|switch|p1a: Soil Enthusiast|Tyranitar, F|100/100
|-damage|p1a: Soil Enthusiast|75/100|[from] Spikes
|
|-weather|Sandstorm|[upkeep]
|-damage|p2a: Blissey|37/100 par|[from] Sandstorm
|-heal|p1a: Soil Enthusiast|82/100|[from] item: Leftovers
|-heal|p2a: Blissey|43/100 par|[from] item: Leftovers
|upkeep
|turn|45
|
|t:|1729442223
|-curestatus|p2a: Blissey|par|[from] ability: Natural Cure
|switch|p2a: Swampert|Swampert, M|100/100
|-damage|p2a: Swampert|84/100|[from] Spikes
|move|p1a: Soil Enthusiast|Earthquake|p2a: Swampert
|-damage|p2a: Swampert|65/100
|
|-weather|Sandstorm|[upkeep]
|-heal|p1a: Soil Enthusiast|88/100|[from] item: Leftovers
|-heal|p2a: Swampert|71/100|[from] item: Leftovers
|upkeep
|turn|46
|
|t:|1729442230
|switch|p1a: Dashie Games|Skarmory, M|56/100
|move|p2a: Swampert|Hydro Pump|p1a: Dashie Games|[miss]
|-miss|p2a: Swampert|p1a: Dashie Games
|
|-weather|Sandstorm|[upkeep]
|-heal|p1a: Dashie Games|62/100|[from] item: Leftovers
|-heal|p2a: Swampert|77/100|[from] item: Leftovers
|upkeep
|turn|47
|
|t:|1729442235
|switch|p2a: Jirachi|Jirachi|100/100
|-damage|p2a: Jirachi|84/100|[from] Spikes
|move|p1a: Dashie Games|Protect||[still]
|-fail|p1a: Dashie Games
|
|-weather|Sandstorm|[upkeep]
|-heal|p2a: Jirachi|90/100|[from] item: Leftovers
|-heal|p1a: Dashie Games|68/100|[from] item: Leftovers
|upkeep
|turn|48
|
|t:|1729442243
|switch|p1a: Bucket|Moltres|100/100
|move|p2a: Jirachi|Calm Mind|p2a: Jirachi
|-boost|p2a: Jirachi|spa|1
|-boost|p2a: Jirachi|spd|1
|
|-weather|Sandstorm|[upkeep]
|-damage|p1a: Bucket|94/100|[from] Sandstorm
|-heal|p2a: Jirachi|96/100|[from] item: Leftovers
|-heal|p1a: Bucket|100/100|[from] item: Leftovers
|upkeep
|turn|49
|
|t:|1729442271
|move|p2a: Jirachi|Psychic|p1a: Bucket
|-damage|p1a: Bucket|49/100
|move|p1a: Bucket|Fire Blast|p2a: Jirachi
|-supereffective|p2a: Jirachi
|-damage|p2a: Jirachi|28/100
|
|-weather|Sandstorm|[upkeep]
|-damage|p1a: Bucket|43/100|[from] Sandstorm
|-heal|p2a: Jirachi|34/100|[from] item: Leftovers
|-heal|p1a: Bucket|49/100|[from] item: Leftovers
|upkeep
|turn|50
|
|t:|1729442280
|move|p2a: Jirachi|Psychic|p1a: Bucket
|-damage|p1a: Bucket|0 fnt
|faint|p1a: Bucket
|
|t:|1729442284
|switch|p1a: Soil Enthusiast|Tyranitar, F|88/100
|-damage|p1a: Soil Enthusiast|63/100|[from] Spikes
|
|-weather|Sandstorm|[upkeep]
|-heal|p2a: Jirachi|40/100|[from] item: Leftovers
|-heal|p1a: Soil Enthusiast|69/100|[from] item: Leftovers
|upkeep
|turn|51
|
|t:|1729442287
|move|p2a: Jirachi|Hidden Power|p1a: Soil Enthusiast
|-supereffective|p1a: Soil Enthusiast
|-damage|p1a: Soil Enthusiast|27/100
|move|p1a: Soil Enthusiast|Earthquake|p2a: Jirachi
|-supereffective|p2a: Jirachi
|-damage|p2a: Jirachi|0 fnt
|faint|p2a: Jirachi
|
|t:|1729442291
|switch|p2a: Zapdos|Zapdos|100/100
|
|-weather|Sandstorm|[upkeep]
|-damage|p2a: Zapdos|94/100|[from] Sandstorm
|-heal|p2a: Zapdos|100/100|[from] item: Leftovers
|-heal|p1a: Soil Enthusiast|33/100|[from] item: Leftovers
|upkeep
|turn|52
|
|t:|1729442293
|move|p2a: Zapdos|Thunderbolt|p1a: Soil Enthusiast
|-damage|p1a: Soil Enthusiast|0 fnt
|faint|p1a: Soil Enthusiast
|
|t:|1729442295
|switch|p1a: Dashie Games|Skarmory, M|68/100
|
|-weather|Sandstorm|[upkeep]
|-damage|p2a: Zapdos|94/100|[from] Sandstorm
|-heal|p2a: Zapdos|100/100|[from] item: Leftovers
|-heal|p1a: Dashie Games|74/100|[from] item: Leftovers
|upkeep
|turn|53
|c|☆TheLargestLad|ggs
|
|t:|1729442299
|move|p2a: Zapdos|Thunderbolt|p1a: Dashie Games
|-supereffective|p1a: Dashie Games
|-crit|p1a: Dashie Games
|-damage|p1a: Dashie Games|0 fnt
|faint|p1a: Dashie Games
|
|win|xXEricXx
|c|☆xXEricXx|ggs

</script>
<script type="application/json" class="data" id="replaydata-smogtours-gen3ou-800523">
{"id":"smogtours-gen3ou-800523","format":"[Gen 3] OU","players":["TheLargestLad","xXEricXx"],"uploadtime":1729442299,"views":111,"formatid":"gen3ou","rating":null,"private":0,"password":null}
</script>

<script defer src="js/replays.js?9d40a366"></script>
