<!DOCTYPE html>
<meta charset="utf-8" />
<meta name="viewport" content="width=device-width" />

<title>[Gen 3] OU: Emerald_Harrold vs. cyberodin - Replays - Pok&eacute;mon Showdown!</title>

<meta name="description" content="Watch a replay of a Pok&eacute;mon battle between Emerald_Harrold and cyberodin! Format: [Gen 3] OU; Date: Nov 5, 2024" />
<!--

Hey, you! Looking in the source for the replay log?

You can find them in JSON format, just add `.json` at the end of a replay URL.

https://replay.pokemonshowdown.com/gen7randomdoublesbattle-865046831.json

Or, if you only need the log itself, add `.log` instead:

https://replay.pokemonshowdown.com/gen7randomdoublesbattle-865046831.log

-->

<link rel="stylesheet" href="//pokemonshowdown.com/style/global.css?0.023195364461161105" />
<link rel="stylesheet" href="//play.pokemonshowdown.com/style/font-awesome.css?0.13261647063804238" />
<link rel="stylesheet" href="//play.pokemonshowdown.com/style/battle.css?0.8753245789963631" />
<link rel="stylesheet" href="//play.pokemonshowdown.com/style/utilichart.css?0.8627959624976733" />

<!-- Global site tag (gtag.js) - Google Analytics -->
<script async src="https://www.googletagmanager.com/gtag/js?id=UA-26211653-1"></script>
<script>
  window.dataLayer = window.dataLayer || [];
  function gtag(){dataLayer.push(arguments);}
  gtag('js', new Date());

  gtag('config', 'UA-26211653-1');
</script>
<!-- End Google Analytics -->
<!-- Venatus Ad Manager - Install in <HEAD> of page -->
	<script src="https://hb.vntsm.com/v3/live/ad-manager.min.js" type="text/javascript" data-site-id="642aba63ec9a7b11c3c9c1be" data-mode="scan" async></script>
<!-- / Venatus Ad Manager -->

<style>
	@media (max-width:820px) {
		.battle {
			margin: 0 auto;
		}
		.battle-log {
			margin: 7px auto 0;
			max-width: 640px;
			height: 300px;
			position: static;
		}
	}
	.optgroup {
		display: inline-block;
		line-height: 22px;
		font-size: 10pt;
	}
	.optgroup .button {
		height: 25px;
		padding-top: 0;
		padding-bottom: 0;
	}
	.optgroup button.button {
		padding-left: 12px;
		padding-right: 12px;
	}
	.linklist {
		list-style: none;
		margin: 0.5em 0;
		padding: 0;
	}
	.linklist li {
		padding: 2px 0;
	}
	.sidebar {
		float: left;
		width: 320px;
	}
	.bar-wrapper {
		max-width: 1100px;
		margin: 0 auto;
	}
	.bar-wrapper.has-sidebar {
		max-width: 1430px;
	}
	.mainbar {
		margin: 0;
		padding-right: 1px;
	}
	.mainbar.has-sidebar {
		margin-left: 330px;
	}
	@media (min-width: 1511px) {
		.sidebar {
			width: 400px;
		}
		.bar-wrapper.has-sidebar {
			max-width: 1510px;
		}
		.mainbar.has-sidebar {
			margin-left: 410px;
		}
	}
	.section.first-section {
		margin-top: 9px;
	}
	.blocklink small {
		white-space: normal;
	}
	.button {
		vertical-align: middle;
	}
	.replay-controls {
		padding-top: 10px;
	}
	.replay-controls h1 {
		font-size: 16pt;
		font-weight: normal;
		color: #CCC;
	}
	.pagelink {
		text-align: center;
	}
	.pagelink a {
		width: 150px;
	}
	.textbox, .button {
		font-size: 11pt;
		vertical-align: middle;
	}
	@media (max-width: 450px) {
		.button {
			font-size: 9pt;
		}
	}
</style>

<div>

	<header>
		<div class="nav-wrapper"><ul class="nav">
			<li><a class="button nav-first" href="//pokemonshowdown.com/"><img src="//pokemonshowdown.com/images/pokemonshowdownbeta.png" srcset="//pokemonshowdown.com/images/pokemonshowdownbeta.png 1x, //pokemonshowdown.com/images/pokemonshowdownbeta@2x.png 2x" alt="Pok&eacute;mon Showdown" width="146" height="44" /> Home</a></li>
			<li><a class="button" href="//pokemonshowdown.com/dex/">Pok&eacute;dex</a></li>
			<li><a class="button cur" href="/">Replays</a></li>
			<li><a class="button" href="//pokemonshowdown.com/ladder/">Ladder</a></li>
			<li><a class="button nav-last" href="//pokemonshowdown.com/forums/">Forum</a></li>
			<li><a class="button greenbutton nav-first nav-last" href="//play.pokemonshowdown.com/">Play</a></li>
		</ul></div>
	</header>

	<div class="main" id="main">

		<noscript><section class="section">You need to enable JavaScript to use this page; sorry!</section></noscript>

	</div>

</div>

<script defer nomodule src="//play.pokemonshowdown.com/js/lib/ps-polyfill.js"></script>
<script defer src="//play.pokemonshowdown.com/js/lib/preact.min.js"></script>

<script defer src="//play.pokemonshowdown.com/config/config.js?2bddbc15"></script>
<script defer src="//play.pokemonshowdown.com/js/lib/jquery-1.11.0.min.js"></script>
<script defer src="//play.pokemonshowdown.com/js/lib/html-sanitizer-minified.js"></script>
<script defer src="//play.pokemonshowdown.com/js/battle-sound.js"></script>
<script defer src="//play.pokemonshowdown.com/js/battledata.js?0.7209276989879541"></script>
<script defer src="//play.pokemonshowdown.com/data/pokedex-mini.js?0.6111056340867951"></script>
<script defer src="//play.pokemonshowdown.com/data/pokedex-mini-bw.js?0.3532142036491459"></script>
<script defer src="//play.pokemonshowdown.com/data/graphics.js?0.24223875632456182"></script>
<script defer src="//play.pokemonshowdown.com/data/pokedex.js?0.38839984266356864"></script>
<script defer src="//play.pokemonshowdown.com/data/moves.js?0.21866028504024015"></script>
<script defer src="//play.pokemonshowdown.com/data/abilities.js?0.2005157953846628"></script>
<script defer src="//play.pokemonshowdown.com/data/items.js?0.9894211263848525"></script>
<script defer src="//play.pokemonshowdown.com/data/teambuilder-tables.js?0.6008791140282215"></script>
<script defer src="//play.pokemonshowdown.com/js/battle-tooltips.js?0.7580118955022959"></script>
<script defer src="//play.pokemonshowdown.com/js/battle.js?0.6057722274234274"></script>

<script defer src="js/utils.js?e31f9a17"></script>
<script defer src="js/replays-battle.js?7008c182"></script>

<!-- don't scrape this data! just add .json or .log after the URL!
Full API docs: https://github.com/smogon/pokemon-showdown-client/blob/master/WEB-API.md -->
<script type="text/plain" class="log" id="replaylog-smogtours-gen3ou-804855">
|inactive|Battle timer is ON: inactive players will automatically lose when time's up.
|t:|1730773338
|gametype|singles
|player|p1|Emerald_Harrold|brandon-gen3|
|player|p2|cyberodin|#wcop2020latinamerica|
|teamsize|p1|6
|teamsize|p2|6
|gen|3
|tier|[Gen 3] OU
|rule|Sleep Clause Mod: Limit one foe put to sleep
|rule|Switch Priority Clause Mod: Faster Pokémon switch first
|rule|Species Clause: Limit one of each Pokémon
|rule|OHKO Clause: OHKO moves are banned
|rule|Evasion Items Clause: Evasion items are banned
|rule|Evasion Moves Clause: Evasion moves are banned
|rule|Endless Battle Clause: Forcing endless battles is banned
|rule|HP Percentage Mod: HP is shown in percentages
|rule|One Boost Passer Clause: Limit one Baton Passer that has a way to boost its stats
|rule|Freeze Clause Mod: Limit one foe frozen
|
|t:|1730773338
|start
|switch|p1a: Livin on the Edge|Skarmory, M|100/100
|switch|p2a: Snorlax|Snorlax, F|100/100
|turn|1
|c|☆Emerald_Harrold|hf!
|c|☆cyberodin|Gl hf
|inactive|cyberodin has 270 seconds left.
|
|t:|1730773379
|-singleturn|p2a: Snorlax|move: Focus Punch
|move|p1a: Livin on the Edge|Spikes|p2a: Snorlax
|-sidestart|p2: cyberodin|Spikes
|move|p2a: Snorlax|Focus Punch|p1a: Livin on the Edge
|-damage|p1a: Livin on the Edge|67/100
|
|-heal|p1a: Livin on the Edge|73/100|[from] item: Leftovers
|upkeep
|turn|2
|
|t:|1730773399
|-singleturn|p2a: Snorlax|move: Focus Punch
|move|p1a: Livin on the Edge|Protect|p1a: Livin on the Edge
|-singleturn|p1a: Livin on the Edge|Protect
|move|p2a: Snorlax|Focus Punch|p1a: Livin on the Edge
|-activate|p1a: Livin on the Edge|Protect
|
|-heal|p1a: Livin on the Edge|79/100|[from] item: Leftovers
|upkeep
|turn|3
|
|t:|1730773407
|-singleturn|p2a: Snorlax|move: Focus Punch
|move|p1a: Livin on the Edge|Drill Peck|p2a: Snorlax
|-damage|p2a: Snorlax|80/100
|move|p2a: Snorlax|Focus Punch||[still]
|cant|p2a: Snorlax|Focus Punch|Focus Punch
|
|-heal|p1a: Livin on the Edge|85/100|[from] item: Leftovers
|upkeep
|turn|4
|
|t:|1730773429
|-singleturn|p2a: Snorlax|move: Focus Punch
|move|p1a: Livin on the Edge|Spikes|p2a: Snorlax
|-sidestart|p2: cyberodin|Spikes
|move|p2a: Snorlax|Focus Punch|p1a: Livin on the Edge
|-damage|p1a: Livin on the Edge|52/100
|
|-heal|p1a: Livin on the Edge|58/100|[from] item: Leftovers
|upkeep
|turn|5
|
|t:|1730773437
|switch|p2a: Suicune|Suicune|100/100
|-damage|p2a: Suicune|84/100|[from] Spikes
|move|p1a: Livin on the Edge|Drill Peck|p2a: Suicune
|-damage|p2a: Suicune|64/100
|
|-heal|p2a: Suicune|70/100|[from] item: Leftovers
|-heal|p1a: Livin on the Edge|64/100|[from] item: Leftovers
|upkeep
|turn|6
|
|t:|1730773448
|move|p2a: Suicune|Ice Beam|p1a: Livin on the Edge
|-damage|p1a: Livin on the Edge|38/100
|move|p1a: Livin on the Edge|Roar|p2a: Suicune
|drag|p2a: Aerodactyl|Aerodactyl, F|100/100
|
|-heal|p1a: Livin on the Edge|44/100|[from] item: Leftovers
|upkeep
|turn|7
|
|t:|1730773458
|switch|p2a: Suicune|Suicune|70/100
|-damage|p2a: Suicune|53/100|[from] Spikes
|move|p1a: Livin on the Edge|Protect||[still]
|-fail|p1a: Livin on the Edge
|
|-heal|p2a: Suicune|59/100|[from] item: Leftovers
|-heal|p1a: Livin on the Edge|50/100|[from] item: Leftovers
|upkeep
|turn|8
|
|t:|1730773463
|move|p2a: Suicune|Hydro Pump|p1a: Livin on the Edge
|-damage|p1a: Livin on the Edge|9/100
|move|p1a: Livin on the Edge|Roar|p2a: Suicune
|drag|p2a: Metagross|Metagross|100/100
|-damage|p2a: Metagross|84/100|[from] Spikes
|
|-heal|p1a: Livin on the Edge|15/100|[from] item: Leftovers
|upkeep
|turn|9
|
|t:|1730773485
|move|p2a: Metagross|Meteor Mash|p1a: Livin on the Edge
|-resisted|p1a: Livin on the Edge
|-damage|p1a: Livin on the Edge|0 fnt
|faint|p1a: Livin on the Edge
|
|t:|1730773491
|switch|p1a: Haulin' Ass|Dugtrio, M|100/100
|
|upkeep
|turn|10
|
|t:|1730773494
|move|p1a: Haulin' Ass|Earthquake|p2a: Metagross
|-supereffective|p2a: Metagross
|-damage|p2a: Metagross|0 fnt
|faint|p2a: Metagross
|
|t:|1730773502
|switch|p2a: Aerodactyl|Aerodactyl, F|100/100
|
|upkeep
|turn|11
|
|t:|1730773509
|switch|p1a: What Don't Kill Ya|Claydol|100/100
|move|p2a: Aerodactyl|Double-Edge|p1a: What Don't Kill Ya
|-damage|p1a: What Don't Kill Ya|46/100
|
|-heal|p1a: What Don't Kill Ya|52/100|[from] item: Leftovers
|upkeep
|turn|12
|
|t:|1730773517
|switch|p1a: Never Say Die|Tyranitar, F|100/100
|-weather|Sandstorm|[from] ability: Sand Stream|[of] p1a: Never Say Die
|move|p2a: Aerodactyl|Double-Edge|p1a: Never Say Die
|-resisted|p1a: Never Say Die
|-damage|p1a: Never Say Die|74/100
|
|-weather|Sandstorm|[upkeep]
|upkeep
|turn|13
|
|t:|1730773536
|switch|p2a: Snorlax|Snorlax, F|80/100
|-damage|p2a: Snorlax|64/100|[from] Spikes
|move|p1a: Never Say Die|Dragon Dance|p1a: Never Say Die
|-boost|p1a: Never Say Die|atk|1
|-boost|p1a: Never Say Die|spe|1
|
|-weather|Sandstorm|[upkeep]
|-damage|p2a: Snorlax|58/100|[from] Sandstorm
|upkeep
|turn|14
|
|t:|1730773544
|move|p1a: Never Say Die|Rock Slide|p2a: Snorlax
|-damage|p2a: Snorlax|12/100
|move|p2a: Snorlax|Self-Destruct|p1a: Never Say Die
|-resisted|p1a: Never Say Die
|-damage|p1a: Never Say Die|0 fnt
|faint|p2a: Snorlax
|faint|p1a: Never Say Die
|
|t:|1730773568
|switch|p1a: Hangin by a Thread|Blissey, F|100/100
|switch|p2a: Aerodactyl|Aerodactyl, F|100/100
|
|-weather|Sandstorm|[upkeep]
|-damage|p1a: Hangin by a Thread|94/100|[from] Sandstorm
|-heal|p1a: Hangin by a Thread|100/100|[from] item: Leftovers
|upkeep
|turn|15
|
|t:|1730773585
|move|p2a: Aerodactyl|Rock Slide|p1a: Hangin by a Thread
|-damage|p1a: Hangin by a Thread|51/100
|move|p1a: Hangin by a Thread|Ice Beam|p2a: Aerodactyl
|-supereffective|p2a: Aerodactyl
|-damage|p2a: Aerodactyl|34/100
|
|-weather|Sandstorm|[upkeep]
|-damage|p1a: Hangin by a Thread|45/100|[from] Sandstorm
|-heal|p1a: Hangin by a Thread|51/100|[from] item: Leftovers
|upkeep
|turn|16
|
|t:|1730773595
|switch|p1a: What Don't Kill Ya|Claydol|52/100
|move|p2a: Aerodactyl|Rock Slide|p1a: What Don't Kill Ya
|-resisted|p1a: What Don't Kill Ya
|-damage|p1a: What Don't Kill Ya|24/100
|
|-weather|Sandstorm|[upkeep]
|-heal|p1a: What Don't Kill Ya|31/100|[from] item: Leftovers
|upkeep
|turn|17
|
|t:|1730773618
|switch|p2a: Tyranitar|Tyranitar, F|100/100
|-damage|p2a: Tyranitar|84/100|[from] Spikes
|move|p1a: What Don't Kill Ya|Psychic|p2a: Tyranitar
|-immune|p2a: Tyranitar
|
|-weather|Sandstorm|[upkeep]
|-heal|p1a: What Don't Kill Ya|37/100|[from] item: Leftovers
|upkeep
|turn|18
|
|t:|1730773640
|switch|p1a: To the Limit|Milotic, M|100/100
|move|p2a: Tyranitar|Ice Beam|p1a: To the Limit
|-resisted|p1a: To the Limit
|-damage|p1a: To the Limit|94/100
|
|-weather|Sandstorm|[upkeep]
|-damage|p1a: To the Limit|88/100|[from] Sandstorm
|-heal|p1a: To the Limit|94/100|[from] item: Leftovers
|upkeep
|turn|19
|
|t:|1730773647
|switch|p2a: Jirachi|Jirachi|100/100
|-damage|p2a: Jirachi|84/100|[from] Spikes
|move|p1a: To the Limit|Surf|p2a: Jirachi
|-damage|p2a: Jirachi|58/100
|
|-weather|Sandstorm|[upkeep]
|-damage|p1a: To the Limit|88/100|[from] Sandstorm
|-heal|p2a: Jirachi|64/100|[from] item: Leftovers
|-heal|p1a: To the Limit|94/100|[from] item: Leftovers
|upkeep
|turn|20
|inactive|Emerald_Harrold has 270 seconds left.
|
|t:|1730773695
|switch|p1a: What Don't Kill Ya|Claydol|37/100
|move|p2a: Jirachi|Calm Mind|p2a: Jirachi
|-boost|p2a: Jirachi|spa|1
|-boost|p2a: Jirachi|spd|1
|
|-weather|Sandstorm|[upkeep]
|-heal|p2a: Jirachi|70/100|[from] item: Leftovers
|-heal|p1a: What Don't Kill Ya|43/100|[from] item: Leftovers
|upkeep
|turn|21
|
|t:|1730773703
|move|p2a: Jirachi|Hidden Power|p1a: What Don't Kill Ya
|-supereffective|p1a: What Don't Kill Ya
|-damage|p1a: What Don't Kill Ya|0 fnt
|faint|p1a: What Don't Kill Ya
|
|t:|1730773705
|switch|p1a: Haulin' Ass|Dugtrio, M|100/100
|
|-weather|Sandstorm|[upkeep]
|-heal|p2a: Jirachi|76/100|[from] item: Leftovers
|upkeep
|turn|22
|
|t:|1730773722
|move|p1a: Haulin' Ass|Earthquake|p2a: Jirachi
|-supereffective|p2a: Jirachi
|-damage|p2a: Jirachi|0 fnt
|faint|p2a: Jirachi
|
|t:|1730773731
|switch|p2a: Aerodactyl|Aerodactyl, F|34/100
|
|-weather|Sandstorm|[upkeep]
|upkeep
|turn|23
|
|t:|1730773746
|switch|p1a: Hangin by a Thread|Blissey, F|51/100
|move|p2a: Aerodactyl|Rock Slide|p1a: Hangin by a Thread
|-damage|p1a: Hangin by a Thread|1/100
|
|-weather|Sandstorm|[upkeep]
|-damage|p1a: Hangin by a Thread|0 fnt|[from] Sandstorm
|faint|p1a: Hangin by a Thread
|upkeep
|
|t:|1730773748
|switch|p1a: To the Limit|Milotic, M|94/100
|turn|24
|
|t:|1730773766
|switch|p2a: Suicune|Suicune|59/100
|-damage|p2a: Suicune|43/100|[from] Spikes
|switch|p1a: Haulin' Ass|Dugtrio, M|100/100
|
|-weather|Sandstorm|[upkeep]
|-damage|p2a: Suicune|36/100|[from] Sandstorm
|-heal|p2a: Suicune|43/100|[from] item: Leftovers
|upkeep
|turn|25
|
|t:|1730773776
|move|p1a: Haulin' Ass|Earthquake|p2a: Suicune
|-damage|p2a: Suicune|0 fnt
|faint|p2a: Suicune
|
|t:|1730773782
|switch|p2a: Aerodactyl|Aerodactyl, F|34/100
|
|-weather|Sandstorm|[upkeep]
|upkeep
|turn|26
|
|t:|1730773789
|switch|p1a: To the Limit|Milotic, M|94/100
|move|p2a: Aerodactyl|Rock Slide|p1a: To the Limit
|-damage|p1a: To the Limit|55/100
|
|-weather|Sandstorm|[upkeep]
|-damage|p1a: To the Limit|49/100|[from] Sandstorm
|-heal|p1a: To the Limit|55/100|[from] item: Leftovers
|upkeep
|turn|27
|
|t:|1730773795
|move|p2a: Aerodactyl|Rock Slide|p1a: To the Limit
|-damage|p1a: To the Limit|20/100
|move|p1a: To the Limit|Surf|p2a: Aerodactyl
|-supereffective|p2a: Aerodactyl
|-damage|p2a: Aerodactyl|0 fnt
|faint|p2a: Aerodactyl
|
|t:|1730773802
|switch|p2a: Tyranitar|Tyranitar, F|84/100
|-damage|p2a: Tyranitar|67/100|[from] Spikes
|
|-weather|Sandstorm|[upkeep]
|-damage|p1a: To the Limit|13/100|[from] Sandstorm
|-heal|p1a: To the Limit|20/100|[from] item: Leftovers
|upkeep
|turn|28
|
|t:|1730773805
|move|p2a: Tyranitar|Dragon Dance|p2a: Tyranitar
|-boost|p2a: Tyranitar|atk|1
|-boost|p2a: Tyranitar|spe|1
|move|p1a: To the Limit|Surf|p2a: Tyranitar
|-supereffective|p2a: Tyranitar
|-damage|p2a: Tyranitar|0 fnt
|faint|p2a: Tyranitar
|
|win|Emerald_Harrold
|c|☆Emerald_Harrold|gg
|c|☆cyberodin|gg

</script>
<script type="application/json" class="data" id="replaydata-smogtours-gen3ou-804855">
{"id":"smogtours-gen3ou-804855","format":"[Gen 3] OU","players":["Emerald_Harrold","cyberodin"],"uploadtime":1730773805,"views":54,"formatid":"gen3ou","rating":null,"private":0,"password":null}
</script>

<script defer src="js/replays.js?9d40a366"></script>
