<!DOCTYPE html>
<meta charset="utf-8" />
<meta name="viewport" content="width=device-width" />

<title>[Gen 3] OU: TaviTavi vs. auxplr - Replays - Pok&eacute;mon Showdown!</title>

<meta name="description" content="Watch a replay of a Pok&eacute;mon battle between TaviTavi and auxplr! Format: [Gen 3] OU; Date: Oct 2, 2024" />
<!--

Hey, you! Looking in the source for the replay log?

You can find them in JSON format, just add `.json` at the end of a replay URL.

https://replay.pokemonshowdown.com/gen7randomdoublesbattle-865046831.json

Or, if you only need the log itself, add `.log` instead:

https://replay.pokemonshowdown.com/gen7randomdoublesbattle-865046831.log

-->

<link rel="stylesheet" href="//pokemonshowdown.com/style/global.css?0.767286132409787" />
<link rel="stylesheet" href="//play.pokemonshowdown.com/style/font-awesome.css?0.9266228007934947" />
<link rel="stylesheet" href="//play.pokemonshowdown.com/style/battle.css?0.7924700842790926" />
<link rel="stylesheet" href="//play.pokemonshowdown.com/style/utilichart.css?0.8777417872839479" />

<!-- Global site tag (gtag.js) - Google Analytics -->
<script async src="https://www.googletagmanager.com/gtag/js?id=UA-26211653-1"></script>
<script>
  window.dataLayer = window.dataLayer || [];
  function gtag(){dataLayer.push(arguments);}
  gtag('js', new Date());

  gtag('config', 'UA-26211653-1');
</script>
<!-- End Google Analytics -->
<!-- Venatus Ad Manager - Install in <HEAD> of page -->
	<script src="https://hb.vntsm.com/v3/live/ad-manager.min.js" type="text/javascript" data-site-id="642aba63ec9a7b11c3c9c1be" data-mode="scan" async></script>
<!-- / Venatus Ad Manager -->

<style>
	@media (max-width:820px) {
		.battle {
			margin: 0 auto;
		}
		.battle-log {
			margin: 7px auto 0;
			max-width: 640px;
			height: 300px;
			position: static;
		}
	}
	.optgroup {
		display: inline-block;
		line-height: 22px;
		font-size: 10pt;
	}
	.optgroup .button {
		height: 25px;
		padding-top: 0;
		padding-bottom: 0;
	}
	.optgroup button.button {
		padding-left: 12px;
		padding-right: 12px;
	}
	.linklist {
		list-style: none;
		margin: 0.5em 0;
		padding: 0;
	}
	.linklist li {
		padding: 2px 0;
	}
	.sidebar {
		float: left;
		width: 320px;
	}
	.bar-wrapper {
		max-width: 1100px;
		margin: 0 auto;
	}
	.bar-wrapper.has-sidebar {
		max-width: 1430px;
	}
	.mainbar {
		margin: 0;
		padding-right: 1px;
	}
	.mainbar.has-sidebar {
		margin-left: 330px;
	}
	@media (min-width: 1511px) {
		.sidebar {
			width: 400px;
		}
		.bar-wrapper.has-sidebar {
			max-width: 1510px;
		}
		.mainbar.has-sidebar {
			margin-left: 410px;
		}
	}
	.section.first-section {
		margin-top: 9px;
	}
	.blocklink small {
		white-space: normal;
	}
	.button {
		vertical-align: middle;
	}
	.replay-controls {
		padding-top: 10px;
	}
	.replay-controls h1 {
		font-size: 16pt;
		font-weight: normal;
		color: #CCC;
	}
	.pagelink {
		text-align: center;
	}
	.pagelink a {
		width: 150px;
	}
	.textbox, .button {
		font-size: 11pt;
		vertical-align: middle;
	}
	@media (max-width: 450px) {
		.button {
			font-size: 9pt;
		}
	}
</style>

<div>

	<header>
		<div class="nav-wrapper"><ul class="nav">
			<li><a class="button nav-first" href="//pokemonshowdown.com/"><img src="//pokemonshowdown.com/images/pokemonshowdownbeta.png" srcset="//pokemonshowdown.com/images/pokemonshowdownbeta.png 1x, //pokemonshowdown.com/images/pokemonshowdownbeta@2x.png 2x" alt="Pok&eacute;mon Showdown" width="146" height="44" /> Home</a></li>
			<li><a class="button" href="//pokemonshowdown.com/dex/">Pok&eacute;dex</a></li>
			<li><a class="button cur" href="/">Replays</a></li>
			<li><a class="button" href="//pokemonshowdown.com/ladder/">Ladder</a></li>
			<li><a class="button nav-last" href="//pokemonshowdown.com/forums/">Forum</a></li>
			<li><a class="button greenbutton nav-first nav-last" href="//play.pokemonshowdown.com/">Play</a></li>
		</ul></div>
	</header>

	<div class="main" id="main">

		<noscript><section class="section">You need to enable JavaScript to use this page; sorry!</section></noscript>

	</div>

</div>

<script defer nomodule src="//play.pokemonshowdown.com/js/lib/ps-polyfill.js"></script>
<script defer src="//play.pokemonshowdown.com/js/lib/preact.min.js"></script>

<script defer src="//play.pokemonshowdown.com/config/config.js?6dec07f6"></script>
<script defer src="//play.pokemonshowdown.com/js/lib/jquery-1.11.0.min.js"></script>
<script defer src="//play.pokemonshowdown.com/js/lib/html-sanitizer-minified.js"></script>
<script defer src="//play.pokemonshowdown.com/js/battle-sound.js"></script>
<script defer src="//play.pokemonshowdown.com/js/battledata.js?0.6315294753075389"></script>
<script defer src="//play.pokemonshowdown.com/data/pokedex-mini.js?0.7603743185311358"></script>
<script defer src="//play.pokemonshowdown.com/data/pokedex-mini-bw.js?0.030888842834281283"></script>
<script defer src="//play.pokemonshowdown.com/data/graphics.js?0.05593094747507488"></script>
<script defer src="//play.pokemonshowdown.com/data/pokedex.js?0.47064822249611904"></script>
<script defer src="//play.pokemonshowdown.com/data/moves.js?0.8583693120512459"></script>
<script defer src="//play.pokemonshowdown.com/data/abilities.js?0.16017181182386842"></script>
<script defer src="//play.pokemonshowdown.com/data/items.js?0.4163379185673943"></script>
<script defer src="//play.pokemonshowdown.com/data/teambuilder-tables.js?0.31075597372830477"></script>
<script defer src="//play.pokemonshowdown.com/js/battle-tooltips.js?0.6536193500708172"></script>
<script defer src="//play.pokemonshowdown.com/js/battle.js?0.1916591943277901"></script>

<script defer src="js/utils.js?e31f9a17"></script>
<script defer src="js/replays-battle.js?7008c182"></script>

<!-- don't scrape this data! just add .json or .log after the URL!
Full API docs: https://github.com/smogon/pokemon-showdown-client/blob/master/WEB-API.md -->
<script type="text/plain" class="log" id="replaylog-smogtours-gen3ou-794099">
|inactive|Battle timer is ON: inactive players will automatically lose when time's up.
|t:|1727906676
|gametype|singles
|player|p1|TaviTavi|169|
|player|p2|auxplr|2|
|teamsize|p1|6
|teamsize|p2|6
|gen|3
|tier|[Gen 3] OU
|rule|Sleep Clause Mod: Limit one foe put to sleep
|rule|Switch Priority Clause Mod: Faster Pokémon switch first
|rule|Species Clause: Limit one of each Pokémon
|rule|OHKO Clause: OHKO moves are banned
|rule|Evasion Items Clause: Evasion items are banned
|rule|Evasion Moves Clause: Evasion moves are banned
|rule|Endless Battle Clause: Forcing endless battles is banned
|rule|HP Percentage Mod: HP is shown in percentages
|rule|One Boost Passer Clause: Limit one Baton Passer that has a way to boost its stats
|rule|Freeze Clause Mod: Limit one foe frozen
|
|t:|1727906676
|start
|switch|p1a: Salamence|Salamence, F|100/100
|switch|p2a: Tyranitar|Tyranitar, F|100/100
|-ability|p1a: Salamence|Intimidate|boost
|-unboost|p2a: Tyranitar|atk|1
|-weather|Sandstorm|[from] ability: Sand Stream|[of] p2a: Tyranitar
|turn|1
|c|☆auxplr|glhf
|c|☆TaviTavi|GL HF!
|
|t:|1727906695
|switch|p1a: Swampert|Swampert, F|100/100
|switch|p2a: Suicune|Suicune|100/100
|
|-weather|Sandstorm|[upkeep]
|-damage|p2a: Suicune|94/100|[from] Sandstorm
|-heal|p2a: Suicune|100/100|[from] item: Leftovers
|upkeep
|turn|2
|
|t:|1727906708
|switch|p1a: Celebi|Celebi|100/100
|move|p2a: Suicune|Roar|p1a: Celebi
|drag|p1a: Aerodactyl|Aerodactyl, F|100/100
|
|-weather|Sandstorm|[upkeep]
|-damage|p2a: Suicune|94/100|[from] Sandstorm
|-heal|p2a: Suicune|100/100|[from] item: Leftovers
|upkeep
|turn|3
|
|t:|1727906718
|switch|p1a: Celebi|Celebi|100/100
|switch|p2a: Flygon|Flygon, F|100/100
|
|-weather|Sandstorm|[upkeep]
|-damage|p1a: Celebi|94/100|[from] Sandstorm
|-heal|p1a: Celebi|100/100|[from] item: Leftovers
|upkeep
|turn|4
|
|t:|1727906731
|switch|p1a: Salamence|Salamence, F|100/100
|-ability|p1a: Salamence|Intimidate|boost
|-unboost|p2a: Flygon|atk|1
|move|p2a: Flygon|Hidden Power|p1a: Salamence
|-resisted|p1a: Salamence
|-damage|p1a: Salamence|86/100
|
|-weather|Sandstorm|[upkeep]
|-damage|p1a: Salamence|80/100|[from] Sandstorm
|-heal|p1a: Salamence|86/100|[from] item: Leftovers
|upkeep
|turn|5
|inactive|TaviTavi has 270 seconds left.
|
|t:|1727906773
|switch|p2a: Skarmory|Skarmory, M|100/100
|move|p1a: Salamence|Dragon Claw|p2a: Skarmory
|-resisted|p2a: Skarmory
|-damage|p2a: Skarmory|82/100
|
|-weather|Sandstorm|[upkeep]
|-damage|p1a: Salamence|80/100|[from] Sandstorm
|-heal|p1a: Salamence|86/100|[from] item: Leftovers
|-heal|p2a: Skarmory|88/100|[from] item: Leftovers
|upkeep
|turn|6
|
|t:|1727906779
|move|p2a: Skarmory|Protect|p2a: Skarmory
|-singleturn|p2a: Skarmory|Protect
|move|p1a: Salamence|Fire Blast|p2a: Skarmory
|-activate|p2a: Skarmory|Protect
|
|-weather|Sandstorm|[upkeep]
|-damage|p1a: Salamence|80/100|[from] Sandstorm
|-heal|p1a: Salamence|86/100|[from] item: Leftovers
|-heal|p2a: Skarmory|94/100|[from] item: Leftovers
|upkeep
|turn|7
|inactive|TaviTavi has 270 seconds left.
|
|t:|1727906792
|move|p1a: Salamence|Fire Blast|p2a: Skarmory|[miss]
|-miss|p1a: Salamence|p2a: Skarmory
|move|p2a: Skarmory|Spikes|p1a: Salamence
|-sidestart|p1: TaviTavi|Spikes
|
|-weather|Sandstorm|[upkeep]
|-damage|p1a: Salamence|80/100|[from] Sandstorm
|-heal|p1a: Salamence|86/100|[from] item: Leftovers
|-heal|p2a: Skarmory|99/100|[from] item: Leftovers
|upkeep
|turn|8
|c|☆auxplr|sry
|inactive|TaviTavi has 270 seconds left.
|c|☆auxplr|pokemon am i righy
|c|☆TaviTavi|u sure r
|
|t:|1727906823
|switch|p2a: Suicune|Suicune|100/100
|move|p1a: Salamence|Fire Blast|p2a: Suicune
|-resisted|p2a: Suicune
|-damage|p2a: Suicune|85/100
|
|-weather|Sandstorm|[upkeep]
|-damage|p1a: Salamence|80/100|[from] Sandstorm
|-damage|p2a: Suicune|78/100|[from] Sandstorm
|-heal|p1a: Salamence|86/100|[from] item: Leftovers
|-heal|p2a: Suicune|85/100|[from] item: Leftovers
|upkeep
|turn|9
|
|t:|1727906832
|switch|p1a: Celebi|Celebi|100/100
|-damage|p1a: Celebi|88/100|[from] Spikes
|move|p2a: Suicune|Surf|p1a: Celebi
|-resisted|p1a: Celebi
|-damage|p1a: Celebi|76/100
|
|-weather|Sandstorm|[upkeep]
|-damage|p1a: Celebi|70/100|[from] Sandstorm
|-damage|p2a: Suicune|78/100|[from] Sandstorm
|-heal|p1a: Celebi|76/100|[from] item: Leftovers
|-heal|p2a: Suicune|85/100|[from] item: Leftovers
|upkeep
|turn|10
|inactive|TaviTavi has 240 seconds left.
|
|t:|1727906865
|switch|p2a: Celebi|Celebi|100/100
|move|p1a: Celebi|Leech Seed|p2a: Celebi
|-immune|p2a: Celebi
|
|-weather|Sandstorm|[upkeep]
|-damage|p2a: Celebi|94/100|[from] Sandstorm
|-damage|p1a: Celebi|70/100|[from] Sandstorm
|-heal|p2a: Celebi|100/100|[from] item: Leftovers
|-heal|p1a: Celebi|76/100|[from] item: Leftovers
|upkeep
|turn|11
|
|t:|1727906874
|switch|p1a: Aerodactyl|Aerodactyl, F|100/100
|move|p2a: Celebi|Baton Pass|p2a: Celebi
|
|t:|1727906882
|switch|p2a: Flygon|Flygon, F|100/100|[from] Baton Pass
|
|-weather|Sandstorm|[upkeep]
|upkeep
|turn|12
|inactive|TaviTavi has 240 seconds left.
|
|t:|1727906914
|switch|p1a: Swampert|Swampert, F|100/100
|-damage|p1a: Swampert|88/100|[from] Spikes
|move|p2a: Flygon|Earthquake|p1a: Swampert
|-damage|p1a: Swampert|30/100
|
|-weather|Sandstorm|[upkeep]
|-heal|p1a: Swampert|36/100|[from] item: Leftovers
|upkeep
|turn|13
|
|t:|1727906933
|switch|p2a: Skarmory|Skarmory, M|99/100
|move|p1a: Swampert|Hydro Pump|p2a: Skarmory
|-damage|p2a: Skarmory|57/100
|
|-weather|Sandstorm|[upkeep]
|-heal|p2a: Skarmory|63/100|[from] item: Leftovers
|-heal|p1a: Swampert|42/100|[from] item: Leftovers
|upkeep
|turn|14
|
|t:|1727906949
|switch|p1a: Salamence|Salamence, F|86/100
|-ability|p1a: Salamence|Intimidate|boost
|-unboost|p2a: Skarmory|atk|1
|move|p2a: Skarmory|Roar|p1a: Salamence
|drag|p1a: Swampert|Swampert, F|42/100
|-damage|p1a: Swampert|30/100|[from] Spikes
|
|-weather|Sandstorm|[upkeep]
|-heal|p2a: Skarmory|69/100|[from] item: Leftovers
|-heal|p1a: Swampert|36/100|[from] item: Leftovers
|upkeep
|turn|15
|inactive|TaviTavi has 210 seconds left.
|
|t:|1727906981
|switch|p2a: Celebi|Celebi|100/100
|move|p1a: Swampert|Hydro Pump|p2a: Celebi
|-resisted|p2a: Celebi
|-damage|p2a: Celebi|81/100
|
|-weather|Sandstorm|[upkeep]
|-damage|p2a: Celebi|75/100|[from] Sandstorm
|-heal|p2a: Celebi|81/100|[from] item: Leftovers
|-heal|p1a: Swampert|42/100|[from] item: Leftovers
|upkeep
|turn|16
|inactive|TaviTavi has 210 seconds left.
|
|t:|1727906988
|switch|p1a: Salamence|Salamence, F|86/100
|-ability|p1a: Salamence|Intimidate|boost
|-unboost|p2a: Celebi|atk|1
|move|p2a: Celebi|Giga Drain|p1a: Salamence
|-resisted|p1a: Salamence
|-damage|p1a: Salamence|79/100
|-heal|p2a: Celebi|84/100|[from] drain|[of] p1a: Salamence
|
|-weather|Sandstorm|[upkeep]
|-damage|p2a: Celebi|78/100|[from] Sandstorm
|-damage|p1a: Salamence|73/100|[from] Sandstorm
|-heal|p2a: Celebi|84/100|[from] item: Leftovers
|-heal|p1a: Salamence|79/100|[from] item: Leftovers
|upkeep
|turn|17
|inactive|TaviTavi has 210 seconds left.
|
|t:|1727907004
|switch|p2a: Suicune|Suicune|85/100
|move|p1a: Salamence|Dragon Claw|p2a: Suicune
|-damage|p2a: Suicune|53/100
|
|-weather|Sandstorm|[upkeep]
|-damage|p1a: Salamence|73/100|[from] Sandstorm
|-damage|p2a: Suicune|47/100|[from] Sandstorm
|-heal|p1a: Salamence|79/100|[from] item: Leftovers
|-heal|p2a: Suicune|53/100|[from] item: Leftovers
|upkeep
|turn|18
|inactive|TaviTavi has 210 seconds left.
|
|t:|1727907013
|move|p1a: Salamence|Dragon Claw|p2a: Suicune
|-damage|p2a: Suicune|24/100
|move|p2a: Suicune|Rest|p2a: Suicune
|-status|p2a: Suicune|slp|[from] move: Rest
|-heal|p2a: Suicune|100/100 slp|[silent]
|
|-weather|Sandstorm|[upkeep]
|-damage|p1a: Salamence|73/100|[from] Sandstorm
|-damage|p2a: Suicune|94/100 slp|[from] Sandstorm
|-heal|p1a: Salamence|79/100|[from] item: Leftovers
|-heal|p2a: Suicune|100/100 slp|[from] item: Leftovers
|upkeep
|turn|19
|inactive|TaviTavi has 210 seconds left.
|
|t:|1727907045
|switch|p1a: Celebi|Celebi|76/100
|-damage|p1a: Celebi|64/100|[from] Spikes
|cant|p2a: Suicune|slp
|
|-weather|Sandstorm|[upkeep]
|-damage|p1a: Celebi|58/100|[from] Sandstorm
|-damage|p2a: Suicune|94/100 slp|[from] Sandstorm
|-heal|p1a: Celebi|64/100|[from] item: Leftovers
|-heal|p2a: Suicune|100/100 slp|[from] item: Leftovers
|upkeep
|turn|20
|
|t:|1727907051
|switch|p2a: Celebi|Celebi|84/100
|move|p1a: Celebi|Leech Seed|p2a: Celebi
|-immune|p2a: Celebi
|
|-weather|Sandstorm|[upkeep]
|-damage|p2a: Celebi|78/100|[from] Sandstorm
|-damage|p1a: Celebi|58/100|[from] Sandstorm
|-heal|p2a: Celebi|84/100|[from] item: Leftovers
|-heal|p1a: Celebi|64/100|[from] item: Leftovers
|upkeep
|turn|21
|
|t:|1727907057
|move|p2a: Celebi|Baton Pass|p2a: Celebi
|
|t:|1727907064
|switch|p2a: Skarmory|Skarmory, M|69/100|[from] Baton Pass
|move|p1a: Celebi|Hidden Power|p2a: Skarmory
|-supereffective|p2a: Skarmory
|-damage|p2a: Skarmory|29/100
|
|-weather|Sandstorm|[upkeep]
|-damage|p1a: Celebi|58/100|[from] Sandstorm
|-heal|p1a: Celebi|64/100|[from] item: Leftovers
|-heal|p2a: Skarmory|35/100|[from] item: Leftovers
|upkeep
|turn|22
|
|t:|1727907071
|move|p2a: Skarmory|Protect|p2a: Skarmory
|-singleturn|p2a: Skarmory|Protect
|move|p1a: Celebi|Leech Seed|p2a: Skarmory|[miss]
|-miss|p1a: Celebi|p2a: Skarmory
|
|-weather|Sandstorm|[upkeep]
|-damage|p1a: Celebi|58/100|[from] Sandstorm
|-heal|p1a: Celebi|64/100|[from] item: Leftovers
|-heal|p2a: Skarmory|41/100|[from] item: Leftovers
|upkeep
|turn|23
|
|t:|1727907081
|switch|p2a: Flygon|Flygon, F|100/100
|move|p1a: Celebi|Hidden Power|p2a: Flygon
|-resisted|p2a: Flygon
|-damage|p2a: Flygon|85/100
|
|-weather|Sandstorm|[upkeep]
|-damage|p1a: Celebi|58/100|[from] Sandstorm
|-heal|p1a: Celebi|64/100|[from] item: Leftovers
|upkeep
|turn|24
|
|t:|1727907088
|switch|p1a: Salamence|Salamence, F|79/100
|-ability|p1a: Salamence|Intimidate|boost
|-unboost|p2a: Flygon|atk|1
|move|p2a: Flygon|Rock Slide|p1a: Salamence
|-supereffective|p1a: Salamence
|-damage|p1a: Salamence|16/100
|
|-weather|Sandstorm|[upkeep]
|-damage|p1a: Salamence|10/100|[from] Sandstorm
|-heal|p1a: Salamence|16/100|[from] item: Leftovers
|upkeep
|turn|25
|
|t:|1727907100
|switch|p2a: Skarmory|Skarmory, M|41/100
|move|p1a: Salamence|Dragon Claw|p2a: Skarmory
|-resisted|p2a: Skarmory
|-damage|p2a: Skarmory|22/100
|
|-weather|Sandstorm|[upkeep]
|-damage|p1a: Salamence|10/100|[from] Sandstorm
|-heal|p1a: Salamence|16/100|[from] item: Leftovers
|-heal|p2a: Skarmory|28/100|[from] item: Leftovers
|upkeep
|turn|26
|inactive|TaviTavi has 240 seconds left.
|
|t:|1727907106
|move|p2a: Skarmory|Protect|p2a: Skarmory
|-singleturn|p2a: Skarmory|Protect
|move|p1a: Salamence|Fire Blast|p2a: Skarmory
|-activate|p2a: Skarmory|Protect
|
|-weather|Sandstorm|[upkeep]
|-damage|p1a: Salamence|10/100|[from] Sandstorm
|-heal|p1a: Salamence|16/100|[from] item: Leftovers
|-heal|p2a: Skarmory|34/100|[from] item: Leftovers
|upkeep
|turn|27
|
|t:|1727907109
|move|p2a: Skarmory|Protect|p2a: Skarmory
|-singleturn|p2a: Skarmory|Protect
|move|p1a: Salamence|Dragon Claw|p2a: Skarmory
|-activate|p2a: Skarmory|Protect
|
|-weather|Sandstorm|[upkeep]
|-damage|p1a: Salamence|10/100|[from] Sandstorm
|-heal|p1a: Salamence|16/100|[from] item: Leftovers
|-heal|p2a: Skarmory|40/100|[from] item: Leftovers
|upkeep
|turn|28
|
|t:|1727907114
|move|p1a: Salamence|Fire Blast|p2a: Skarmory|[miss]
|-miss|p1a: Salamence|p2a: Skarmory
|move|p2a: Skarmory|Roar|p1a: Salamence
|drag|p1a: Celebi|Celebi|64/100
|-damage|p1a: Celebi|51/100|[from] Spikes
|
|-weather|Sandstorm|[upkeep]
|-damage|p1a: Celebi|45/100|[from] Sandstorm
|-heal|p1a: Celebi|51/100|[from] item: Leftovers
|-heal|p2a: Skarmory|46/100|[from] item: Leftovers
|upkeep
|turn|29
|c|☆TaviTavi|HAHAHAHAHA
|
|t:|1727907129
|switch|p2a: Celebi|Celebi|84/100
|move|p1a: Celebi|Leech Seed|p2a: Celebi
|-immune|p2a: Celebi
|
|-weather|Sandstorm|[upkeep]
|-damage|p2a: Celebi|78/100|[from] Sandstorm
|-damage|p1a: Celebi|45/100|[from] Sandstorm
|-heal|p2a: Celebi|84/100|[from] item: Leftovers
|-heal|p1a: Celebi|51/100|[from] item: Leftovers
|upkeep
|turn|30
|c|☆auxplr|man you have shit luck
|c|☆auxplr|sry
|c|☆TaviTavi|fr
|
|t:|1727907136
|move|p2a: Celebi|Hidden Power|p1a: Celebi
|-supereffective|p1a: Celebi
|-damage|p1a: Celebi|22/100
|move|p1a: Celebi|Hidden Power|p2a: Celebi
|-supereffective|p2a: Celebi
|-damage|p2a: Celebi|46/100
|
|-weather|Sandstorm|[upkeep]
|-damage|p2a: Celebi|40/100|[from] Sandstorm
|-damage|p1a: Celebi|16/100|[from] Sandstorm
|-heal|p2a: Celebi|46/100|[from] item: Leftovers
|-heal|p1a: Celebi|22/100|[from] item: Leftovers
|upkeep
|turn|31
|inactive|TaviTavi has 270 seconds left.
|
|t:|1727907162
|move|p2a: Celebi|Baton Pass|p2a: Celebi
|
|t:|1727907165
|switch|p2a: Flygon|Flygon, F|85/100|[from] Baton Pass
|move|p1a: Celebi|Hidden Power|p2a: Flygon
|-resisted|p2a: Flygon
|-damage|p2a: Flygon|71/100
|
|-weather|Sandstorm|[upkeep]
|-damage|p1a: Celebi|16/100|[from] Sandstorm
|-heal|p1a: Celebi|22/100|[from] item: Leftovers
|upkeep
|turn|32
|
|t:|1727907174
|move|p2a: Flygon|Hidden Power|p1a: Celebi
|-supereffective|p1a: Celebi
|-damage|p1a: Celebi|0 fnt
|faint|p1a: Celebi
|
|t:|1727907177
|switch|p1a: Salamence|Salamence, F|16/100
|-ability|p1a: Salamence|Intimidate|boost
|-unboost|p2a: Flygon|atk|1
|
|-weather|Sandstorm|[upkeep]
|-damage|p1a: Salamence|10/100|[from] Sandstorm
|-heal|p1a: Salamence|16/100|[from] item: Leftovers
|upkeep
|turn|33
|
|t:|1727907193
|switch|p2a: Zapdos|Zapdos|100/100
|move|p1a: Salamence|Dragon Claw|p2a: Zapdos
|-damage|p2a: Zapdos|54/100
|
|-weather|Sandstorm|[upkeep]
|-damage|p2a: Zapdos|47/100|[from] Sandstorm
|-damage|p1a: Salamence|10/100|[from] Sandstorm
|-heal|p2a: Zapdos|54/100|[from] item: Leftovers
|-heal|p1a: Salamence|16/100|[from] item: Leftovers
|upkeep
|turn|34
|inactive|TaviTavi has 270 seconds left.
|
|t:|1727907236
|switch|p1a: Tyranitar|Tyranitar, F|100/100
|-damage|p1a: Tyranitar|88/100|[from] Spikes
|move|p2a: Zapdos|Thunderbolt|p1a: Tyranitar
|-damage|p1a: Tyranitar|44/100
|
|-weather|Sandstorm|[upkeep]
|-damage|p2a: Zapdos|47/100|[from] Sandstorm
|-heal|p2a: Zapdos|54/100|[from] item: Leftovers
|-heal|p1a: Tyranitar|50/100|[from] item: Leftovers
|upkeep
|turn|35
|
|t:|1727907249
|-singleturn|p1a: Tyranitar|move: Focus Punch
|move|p2a: Zapdos|Baton Pass|p2a: Zapdos
|
|t:|1727907255
|switch|p2a: Celebi|Celebi|46/100|[from] Baton Pass
|move|p1a: Tyranitar|Focus Punch|p2a: Celebi
|-resisted|p2a: Celebi
|-damage|p2a: Celebi|20/100
|
|-weather|Sandstorm|[upkeep]
|-damage|p2a: Celebi|13/100|[from] Sandstorm
|-heal|p2a: Celebi|20/100|[from] item: Leftovers
|-heal|p1a: Tyranitar|56/100|[from] item: Leftovers
|upkeep
|turn|36
|
|t:|1727907273
|switch|p1a: Salamence|Salamence, F|16/100
|-ability|p1a: Salamence|Intimidate|boost
|-unboost|p2a: Celebi|atk|1
|move|p2a: Celebi|Giga Drain|p1a: Salamence
|-resisted|p1a: Salamence
|-damage|p1a: Salamence|9/100
|-heal|p2a: Celebi|23/100|[from] drain|[of] p1a: Salamence
|
|-weather|Sandstorm|[upkeep]
|-damage|p2a: Celebi|16/100|[from] Sandstorm
|-damage|p1a: Salamence|3/100|[from] Sandstorm
|-heal|p2a: Celebi|23/100|[from] item: Leftovers
|-heal|p1a: Salamence|9/100|[from] item: Leftovers
|upkeep
|turn|37
|
|t:|1727907290
|switch|p2a: Suicune|Suicune|100/100 slp
|move|p1a: Salamence|Dragon Claw|p2a: Suicune
|-damage|p2a: Suicune|69/100 slp
|
|-weather|Sandstorm|[upkeep]
|-damage|p1a: Salamence|3/100|[from] Sandstorm
|-damage|p2a: Suicune|63/100 slp|[from] Sandstorm
|-heal|p1a: Salamence|9/100|[from] item: Leftovers
|-heal|p2a: Suicune|69/100 slp|[from] item: Leftovers
|upkeep
|turn|38
|inactive|TaviTavi has 240 seconds left.
|
|t:|1727907306
|switch|p1a: Skarmory|Skarmory, F|100/100
|cant|p2a: Suicune|slp
|
|-weather|Sandstorm|[upkeep]
|-damage|p2a: Suicune|63/100 slp|[from] Sandstorm
|-heal|p2a: Suicune|69/100 slp|[from] item: Leftovers
|upkeep
|turn|39
|
|t:|1727907315
|switch|p2a: Zapdos|Zapdos|54/100
|move|p1a: Skarmory|Spikes|p2a: Zapdos
|-sidestart|p2: auxplr|Spikes
|
|-weather|Sandstorm|[upkeep]
|-damage|p2a: Zapdos|47/100|[from] Sandstorm
|-heal|p2a: Zapdos|54/100|[from] item: Leftovers
|upkeep
|turn|40
|
|t:|1727907330
|move|p2a: Zapdos|Thunderbolt|p1a: Skarmory
|-supereffective|p1a: Skarmory
|-damage|p1a: Skarmory|15/100
|-status|p1a: Skarmory|par
|move|p1a: Skarmory|Toxic|p2a: Zapdos
|-status|p2a: Zapdos|tox
|
|-weather|Sandstorm|[upkeep]
|-damage|p2a: Zapdos|47/100 tox|[from] Sandstorm
|-heal|p2a: Zapdos|54/100 tox|[from] item: Leftovers
|-damage|p2a: Zapdos|47/100 tox|[from] psn
|-heal|p1a: Skarmory|21/100 par|[from] item: Leftovers
|upkeep
|turn|41
|
|t:|1727907342
|switch|p2a: Celebi|Celebi|23/100
|-damage|p2a: Celebi|10/100|[from] Spikes
|switch|p1a: Swampert|Swampert, F|42/100
|-damage|p1a: Swampert|30/100|[from] Spikes
|
|-weather|Sandstorm|[upkeep]
|-damage|p2a: Celebi|4/100|[from] Sandstorm
|-heal|p2a: Celebi|10/100|[from] item: Leftovers
|-heal|p1a: Swampert|36/100|[from] item: Leftovers
|upkeep
|turn|42
|
|t:|1727907351
|switch|p1a: Skarmory|Skarmory, F|21/100 par
|move|p2a: Celebi|Giga Drain|p1a: Skarmory
|-resisted|p1a: Skarmory
|-damage|p1a: Skarmory|16/100 par
|-heal|p2a: Celebi|12/100|[from] drain|[of] p1a: Skarmory
|
|-weather|Sandstorm|[upkeep]
|-damage|p2a: Celebi|6/100|[from] Sandstorm
|-heal|p2a: Celebi|12/100|[from] item: Leftovers
|-heal|p1a: Skarmory|22/100 par|[from] item: Leftovers
|upkeep
|turn|43
|
|t:|1727907360
|move|p2a: Celebi|Hidden Power|p1a: Skarmory
|-supereffective|p1a: Skarmory
|-damage|p1a: Skarmory|0 fnt
|faint|p1a: Skarmory
|
|t:|1727907368
|switch|p1a: Salamence|Salamence, F|9/100
|-ability|p1a: Salamence|Intimidate|boost
|-unboost|p2a: Celebi|atk|1
|
|-weather|Sandstorm|[upkeep]
|-damage|p2a: Celebi|6/100|[from] Sandstorm
|-damage|p1a: Salamence|3/100|[from] Sandstorm
|-heal|p2a: Celebi|12/100|[from] item: Leftovers
|-heal|p1a: Salamence|9/100|[from] item: Leftovers
|upkeep
|turn|44
|
|t:|1727907379
|move|p2a: Celebi|Giga Drain|p1a: Salamence
|-resisted|p1a: Salamence
|-damage|p1a: Salamence|2/100
|-heal|p2a: Celebi|15/100|[from] drain|[of] p1a: Salamence
|move|p1a: Salamence|Dragon Claw|p2a: Celebi
|-damage|p2a: Celebi|0 fnt
|faint|p2a: Celebi
|
|t:|1727907392
|switch|p2a: Flygon|Flygon, F|71/100
|
|-weather|Sandstorm|[upkeep]
|-damage|p1a: Salamence|0 fnt|[from] Sandstorm
|faint|p1a: Salamence
|upkeep
|inactive|TaviTavi has 270 seconds left.
|
|t:|1727907416
|switch|p1a: Swampert|Swampert, F|36/100
|-damage|p1a: Swampert|24/100|[from] Spikes
|turn|45
|
|t:|1727907430
|move|p2a: Flygon|Rock Slide|p1a: Swampert
|-resisted|p1a: Swampert
|-damage|p1a: Swampert|9/100
|move|p1a: Swampert|Ice Beam|p2a: Flygon
|-supereffective|p2a: Flygon
|-damage|p2a: Flygon|0 fnt
|faint|p2a: Flygon
|
|t:|1727907440
|switch|p2a: Zapdos|Zapdos|47/100 tox
|
|-weather|Sandstorm|[upkeep]
|-damage|p2a: Zapdos|41/100 tox|[from] Sandstorm
|-heal|p2a: Zapdos|47/100 tox|[from] item: Leftovers
|-damage|p2a: Zapdos|41/100 tox|[from] psn
|-heal|p1a: Swampert|16/100|[from] item: Leftovers
|upkeep
|turn|46
|
|t:|1727907447
|move|p2a: Zapdos|Hidden Power|p1a: Swampert
|-supereffective|p1a: Swampert
|-damage|p1a: Swampert|0 fnt
|faint|p1a: Swampert
|
|t:|1727907452
|switch|p1a: Aerodactyl|Aerodactyl, F|100/100
|
|-weather|Sandstorm|[upkeep]
|-damage|p2a: Zapdos|35/100 tox|[from] Sandstorm
|-heal|p2a: Zapdos|41/100 tox|[from] item: Leftovers
|-damage|p2a: Zapdos|29/100 tox|[from] psn
|upkeep
|turn|47
|
|t:|1727907460
|move|p1a: Aerodactyl|Double-Edge|p2a: Zapdos
|-damage|p2a: Zapdos|0 fnt
|faint|p2a: Zapdos
|
|t:|1727907463
|switch|p2a: Tyranitar|Tyranitar, F|100/100
|-damage|p2a: Tyranitar|88/100|[from] Spikes
|
|-weather|Sandstorm|[upkeep]
|upkeep
|turn|48
|
|t:|1727907466
|switch|p1a: Tyranitar|Tyranitar, F|56/100
|-damage|p1a: Tyranitar|44/100|[from] Spikes
|move|p2a: Tyranitar|Brick Break|p1a: Tyranitar
|-supereffective|p1a: Tyranitar
|-damage|p1a: Tyranitar|0 fnt
|faint|p1a: Tyranitar
|
|t:|1727907469
|switch|p1a: Aerodactyl|Aerodactyl, F|100/100
|
|-weather|Sandstorm|[upkeep]
|upkeep
|turn|49
|
|t:|1727907475
|move|p1a: Aerodactyl|Earthquake|p2a: Tyranitar
|-supereffective|p2a: Tyranitar
|-damage|p2a: Tyranitar|0 fnt
|faint|p2a: Tyranitar
|c|☆TaviTavi|gg
|c|☆auxplr|gg
|
|t:|1727907481
|switch|p2a: Skarmory|Skarmory, M|46/100
|
|-weather|Sandstorm|[upkeep]
|-heal|p2a: Skarmory|52/100|[from] item: Leftovers
|upkeep
|turn|50
|
|t:|1727907485
|move|p1a: Aerodactyl|Earthquake|p2a: Skarmory
|-immune|p2a: Skarmory
|move|p2a: Skarmory|Toxic|p1a: Aerodactyl
|-status|p1a: Aerodactyl|tox
|
|-weather|Sandstorm|[upkeep]
|-damage|p1a: Aerodactyl|95/100 tox|[from] psn
|-heal|p2a: Skarmory|58/100|[from] item: Leftovers
|upkeep
|turn|51
|-message|TaviTavi forfeited.
|
|win|auxplr
|c|☆auxplr|well played
|c|☆TaviTavi|u too
|player|p2|
|c|☆TaviTavi|Do I get the upload link or download the replay?
|player|p1|

</script>
<script type="application/json" class="data" id="replaydata-smogtours-gen3ou-794099">
{"id":"smogtours-gen3ou-794099","format":"[Gen 3] OU","players":["TaviTavi","auxplr"],"uploadtime":1727907489,"views":122,"formatid":"gen3ou","rating":null,"private":0,"password":null}
</script>

<script defer src="js/replays.js?9d40a366"></script>
