<!DOCTYPE html>
<meta charset="utf-8" />
<meta name="viewport" content="width=device-width" />

<title>[Gen 3] OU: beeoi vs. charku - Replays - Pok&eacute;mon Showdown!</title>

<meta name="description" content="Watch a replay of a Pok&eacute;mon battle between beeoi and charku! Format: [Gen 3] OU; Date: Oct 13, 2024" />
<!--

Hey, you! Looking in the source for the replay log?

You can find them in JSON format, just add `.json` at the end of a replay URL.

https://replay.pokemonshowdown.com/gen7randomdoublesbattle-865046831.json

Or, if you only need the log itself, add `.log` instead:

https://replay.pokemonshowdown.com/gen7randomdoublesbattle-865046831.log

-->

<link rel="stylesheet" href="//pokemonshowdown.com/style/global.css?0.767286132409787" />
<link rel="stylesheet" href="//play.pokemonshowdown.com/style/font-awesome.css?0.9266228007934947" />
<link rel="stylesheet" href="//play.pokemonshowdown.com/style/battle.css?0.7924700842790926" />
<link rel="stylesheet" href="//play.pokemonshowdown.com/style/utilichart.css?0.8777417872839479" />

<!-- Global site tag (gtag.js) - Google Analytics -->
<script async src="https://www.googletagmanager.com/gtag/js?id=UA-26211653-1"></script>
<script>
  window.dataLayer = window.dataLayer || [];
  function gtag(){dataLayer.push(arguments);}
  gtag('js', new Date());

  gtag('config', 'UA-26211653-1');
</script>
<!-- End Google Analytics -->
<!-- Venatus Ad Manager - Install in <HEAD> of page -->
	<script src="https://hb.vntsm.com/v3/live/ad-manager.min.js" type="text/javascript" data-site-id="642aba63ec9a7b11c3c9c1be" data-mode="scan" async></script>
<!-- / Venatus Ad Manager -->

<style>
	@media (max-width:820px) {
		.battle {
			margin: 0 auto;
		}
		.battle-log {
			margin: 7px auto 0;
			max-width: 640px;
			height: 300px;
			position: static;
		}
	}
	.optgroup {
		display: inline-block;
		line-height: 22px;
		font-size: 10pt;
	}
	.optgroup .button {
		height: 25px;
		padding-top: 0;
		padding-bottom: 0;
	}
	.optgroup button.button {
		padding-left: 12px;
		padding-right: 12px;
	}
	.linklist {
		list-style: none;
		margin: 0.5em 0;
		padding: 0;
	}
	.linklist li {
		padding: 2px 0;
	}
	.sidebar {
		float: left;
		width: 320px;
	}
	.bar-wrapper {
		max-width: 1100px;
		margin: 0 auto;
	}
	.bar-wrapper.has-sidebar {
		max-width: 1430px;
	}
	.mainbar {
		margin: 0;
		padding-right: 1px;
	}
	.mainbar.has-sidebar {
		margin-left: 330px;
	}
	@media (min-width: 1511px) {
		.sidebar {
			width: 400px;
		}
		.bar-wrapper.has-sidebar {
			max-width: 1510px;
		}
		.mainbar.has-sidebar {
			margin-left: 410px;
		}
	}
	.section.first-section {
		margin-top: 9px;
	}
	.blocklink small {
		white-space: normal;
	}
	.button {
		vertical-align: middle;
	}
	.replay-controls {
		padding-top: 10px;
	}
	.replay-controls h1 {
		font-size: 16pt;
		font-weight: normal;
		color: #CCC;
	}
	.pagelink {
		text-align: center;
	}
	.pagelink a {
		width: 150px;
	}
	.textbox, .button {
		font-size: 11pt;
		vertical-align: middle;
	}
	@media (max-width: 450px) {
		.button {
			font-size: 9pt;
		}
	}
</style>

<div>

	<header>
		<div class="nav-wrapper"><ul class="nav">
			<li><a class="button nav-first" href="//pokemonshowdown.com/"><img src="//pokemonshowdown.com/images/pokemonshowdownbeta.png" srcset="//pokemonshowdown.com/images/pokemonshowdownbeta.png 1x, //pokemonshowdown.com/images/pokemonshowdownbeta@2x.png 2x" alt="Pok&eacute;mon Showdown" width="146" height="44" /> Home</a></li>
			<li><a class="button" href="//pokemonshowdown.com/dex/">Pok&eacute;dex</a></li>
			<li><a class="button cur" href="/">Replays</a></li>
			<li><a class="button" href="//pokemonshowdown.com/ladder/">Ladder</a></li>
			<li><a class="button nav-last" href="//pokemonshowdown.com/forums/">Forum</a></li>
			<li><a class="button greenbutton nav-first nav-last" href="//play.pokemonshowdown.com/">Play</a></li>
		</ul></div>
	</header>

	<div class="main" id="main">

		<noscript><section class="section">You need to enable JavaScript to use this page; sorry!</section></noscript>

	</div>

</div>

<script defer nomodule src="//play.pokemonshowdown.com/js/lib/ps-polyfill.js"></script>
<script defer src="//play.pokemonshowdown.com/js/lib/preact.min.js"></script>

<script defer src="//play.pokemonshowdown.com/config/config.js?6dec07f6"></script>
<script defer src="//play.pokemonshowdown.com/js/lib/jquery-1.11.0.min.js"></script>
<script defer src="//play.pokemonshowdown.com/js/lib/html-sanitizer-minified.js"></script>
<script defer src="//play.pokemonshowdown.com/js/battle-sound.js"></script>
<script defer src="//play.pokemonshowdown.com/js/battledata.js?0.6315294753075389"></script>
<script defer src="//play.pokemonshowdown.com/data/pokedex-mini.js?0.7603743185311358"></script>
<script defer src="//play.pokemonshowdown.com/data/pokedex-mini-bw.js?0.030888842834281283"></script>
<script defer src="//play.pokemonshowdown.com/data/graphics.js?0.05593094747507488"></script>
<script defer src="//play.pokemonshowdown.com/data/pokedex.js?0.47064822249611904"></script>
<script defer src="//play.pokemonshowdown.com/data/moves.js?0.8583693120512459"></script>
<script defer src="//play.pokemonshowdown.com/data/abilities.js?0.16017181182386842"></script>
<script defer src="//play.pokemonshowdown.com/data/items.js?0.4163379185673943"></script>
<script defer src="//play.pokemonshowdown.com/data/teambuilder-tables.js?0.31075597372830477"></script>
<script defer src="//play.pokemonshowdown.com/js/battle-tooltips.js?0.6536193500708172"></script>
<script defer src="//play.pokemonshowdown.com/js/battle.js?0.1916591943277901"></script>

<script defer src="js/utils.js?e31f9a17"></script>
<script defer src="js/replays-battle.js?7008c182"></script>

<!-- don't scrape this data! just add .json or .log after the URL!
Full API docs: https://github.com/smogon/pokemon-showdown-client/blob/master/WEB-API.md -->
<script type="text/plain" class="log" id="replaylog-smogtours-gen3ou-798314">
|inactive|Battle timer is ON: inactive players will automatically lose when time's up.
|t:|1728848358
|gametype|singles
|player|p1|beeoi|mustard-master|
|player|p2|charku|2|
|teamsize|p1|6
|teamsize|p2|6
|gen|3
|tier|[Gen 3] OU
|rule|Sleep Clause Mod: Limit one foe put to sleep
|rule|Switch Priority Clause Mod: Faster Pokémon switch first
|rule|Species Clause: Limit one of each Pokémon
|rule|OHKO Clause: OHKO moves are banned
|rule|Evasion Items Clause: Evasion items are banned
|rule|Evasion Moves Clause: Evasion moves are banned
|rule|Endless Battle Clause: Forcing endless battles is banned
|rule|HP Percentage Mod: HP is shown in percentages
|rule|One Boost Passer Clause: Limit one Baton Passer that has a way to boost its stats
|rule|Freeze Clause Mod: Limit one foe frozen
|
|t:|1728848358
|start
|switch|p1a: Tyranitar|Tyranitar, M|100/100
|switch|p2a: Skarmory|Skarmory, F|100/100
|-weather|Sandstorm|[from] ability: Sand Stream|[of] p1a: Tyranitar
|turn|1
|inactive|charku has 270 seconds left.
|
|t:|1728848399
|move|p2a: Skarmory|Spikes|p1a: Tyranitar
|-sidestart|p1: beeoi|Spikes
|move|p1a: Tyranitar|Fire Blast|p2a: Skarmory
|-supereffective|p2a: Skarmory
|-damage|p2a: Skarmory|28/100
|
|-weather|Sandstorm|[upkeep]
|-heal|p2a: Skarmory|34/100|[from] item: Leftovers
|upkeep
|turn|2
|
|t:|1728848409
|-activate|p2a: Skarmory|move: Pursuit
|move|p1a: Tyranitar|Pursuit|p2a: Skarmory|[from]Pursuit
|-resisted|p2a: Skarmory
|-damage|p2a: Skarmory|18/100
|switch|p2a: Swampert|Swampert, F|100/100
|
|-weather|Sandstorm|[upkeep]
|upkeep
|turn|3
|
|t:|1728848425
|switch|p1a: Gengar|Gengar, F|100/100
|move|p2a: Swampert|Protect||[still]
|-fail|p2a: Swampert
|
|-weather|Sandstorm|[upkeep]
|-damage|p1a: Gengar|94/100|[from] Sandstorm
|-heal|p1a: Gengar|100/100|[from] item: Leftovers
|upkeep
|turn|4
|
|t:|1728848448
|move|p2a: Swampert|Protect|p2a: Swampert
|-singleturn|p2a: Swampert|Protect
|move|p1a: Gengar|Taunt|p2a: Swampert
|-activate|p2a: Swampert|Protect
|
|-weather|Sandstorm|[upkeep]
|-damage|p1a: Gengar|94/100|[from] Sandstorm
|-heal|p1a: Gengar|100/100|[from] item: Leftovers
|upkeep
|turn|5
|inactive|charku has 270 seconds left.
|inactive|charku has 240 seconds left.
|
|t:|1728848532
|switch|p2a: Magneton|Magneton|100/100
|move|p1a: Gengar|Will-O-Wisp|p2a: Magneton
|-status|p2a: Magneton|brn
|
|-weather|Sandstorm|[upkeep]
|-damage|p1a: Gengar|94/100|[from] Sandstorm
|-heal|p1a: Gengar|100/100|[from] item: Leftovers
|-damage|p2a: Magneton|88/100 brn|[from] brn
|upkeep
|turn|6
|
|t:|1728848556
|switch|p1a: Regice|Regice|100/100
|-damage|p1a: Regice|88/100|[from] Spikes
|move|p2a: Magneton|Thunder Wave|p1a: Regice
|-status|p1a: Regice|par
|
|-weather|Sandstorm|[upkeep]
|-damage|p1a: Regice|82/100 par|[from] Sandstorm
|-heal|p2a: Magneton|94/100 brn|[from] item: Leftovers
|-damage|p2a: Magneton|82/100 brn|[from] brn
|-heal|p1a: Regice|88/100 par|[from] item: Leftovers
|upkeep
|turn|7
|inactive|beeoi has 270 seconds left.
|inactive|charku has 210 seconds left.
|
|t:|1728848591
|switch|p2a: Skarmory|Skarmory, F|18/100
|move|p1a: Regice|Ice Beam|p2a: Skarmory
|-damage|p2a: Skarmory|0 fnt
|faint|p2a: Skarmory
|
|t:|1728848601
|switch|p2a: Swampert|Swampert, F|100/100
|
|-weather|Sandstorm|[upkeep]
|-damage|p1a: Regice|82/100 par|[from] Sandstorm
|-heal|p1a: Regice|88/100 par|[from] item: Leftovers
|upkeep
|turn|8
|
|t:|1728848615
|move|p2a: Swampert|Surf|p1a: Regice
|-damage|p1a: Regice|74/100 par
|move|p1a: Regice|Ice Beam|p2a: Swampert
|-damage|p2a: Swampert|61/100
|
|-weather|Sandstorm|[upkeep]
|-damage|p1a: Regice|68/100 par|[from] Sandstorm
|-heal|p2a: Swampert|67/100|[from] item: Leftovers
|-heal|p1a: Regice|74/100 par|[from] item: Leftovers
|upkeep
|turn|9
|inactive|charku has 210 seconds left.
|
|t:|1728848630
|switch|p1a: Gengar|Gengar, F|100/100
|move|p2a: Swampert|Protect||[still]
|-fail|p2a: Swampert
|
|-weather|Sandstorm|[upkeep]
|-damage|p1a: Gengar|94/100|[from] Sandstorm
|-heal|p1a: Gengar|100/100|[from] item: Leftovers
|-heal|p2a: Swampert|73/100|[from] item: Leftovers
|upkeep
|turn|10
|
|t:|1728848643
|switch|p1a: Swampert|Swampert, F|100/100
|-damage|p1a: Swampert|88/100|[from] Spikes
|move|p2a: Swampert|Protect||[still]
|-fail|p2a: Swampert
|
|-weather|Sandstorm|[upkeep]
|-heal|p2a: Swampert|79/100|[from] item: Leftovers
|upkeep
|turn|11
|
|t:|1728848654
|move|p2a: Swampert|Protect|p2a: Swampert
|-singleturn|p2a: Swampert|Protect
|move|p1a: Swampert|Surf|p2a: Swampert
|-activate|p2a: Swampert|Protect
|
|-weather|Sandstorm|[upkeep]
|-heal|p2a: Swampert|86/100|[from] item: Leftovers
|upkeep
|turn|12
|
|t:|1728848671
|switch|p2a: Magneton|Magneton|82/100 brn
|move|p1a: Swampert|Surf|p2a: Magneton
|-damage|p2a: Magneton|26/100 brn
|
|-weather|Sandstorm|[upkeep]
|-heal|p2a: Magneton|32/100 brn|[from] item: Leftovers
|-damage|p2a: Magneton|19/100 brn|[from] brn
|upkeep
|turn|13
|
|t:|1728848684
|switch|p1a: Regice|Regice|74/100 par
|-damage|p1a: Regice|61/100 par|[from] Spikes
|move|p2a: Magneton|Rain Dance|p2a: Magneton
|-weather|RainDance
|
|-weather|RainDance|[upkeep]
|-heal|p2a: Magneton|25/100 brn|[from] item: Leftovers
|-damage|p2a: Magneton|13/100 brn|[from] brn
|-heal|p1a: Regice|67/100 par|[from] item: Leftovers
|upkeep
|turn|14
|inactive|beeoi has 270 seconds left.
|
|t:|1728848700
|move|p2a: Magneton|Thunderbolt|p1a: Regice
|-damage|p1a: Regice|42/100 par
|move|p1a: Regice|Ice Beam|p2a: Magneton
|-resisted|p2a: Magneton
|-crit|p2a: Magneton
|-damage|p2a: Magneton|0 fnt
|faint|p2a: Magneton
|inactive|charku has 240 seconds left.
|
|t:|1728848708
|switch|p2a: Kingdra|Kingdra, F|100/100
|
|-weather|RainDance|[upkeep]
|-heal|p1a: Regice|48/100 par|[from] item: Leftovers
|upkeep
|turn|15
|
|t:|1728848719
|move|p2a: Kingdra|Surf|p1a: Regice
|-damage|p1a: Regice|17/100 par
|move|p1a: Regice|Thunder Wave|p2a: Kingdra
|-status|p2a: Kingdra|par
|
|-weather|RainDance|[upkeep]
|-heal|p1a: Regice|23/100 par|[from] item: Leftovers
|upkeep
|turn|16
|inactive|beeoi has 270 seconds left.
|
|t:|1728848737
|switch|p1a: Suicune|Suicune|100/100
|-damage|p1a: Suicune|88/100|[from] Spikes
|cant|p2a: Kingdra|par
|
|-weather|RainDance|[upkeep]
|-heal|p1a: Suicune|94/100|[from] item: Leftovers
|upkeep
|turn|17
|
|t:|1728848745
|move|p1a: Suicune|Calm Mind|p1a: Suicune
|-boost|p1a: Suicune|spa|1
|-boost|p1a: Suicune|spd|1
|move|p2a: Kingdra|Hidden Power|p1a: Suicune
|-supereffective|p1a: Suicune
|-crit|p1a: Suicune
|-damage|p1a: Suicune|23/100
|
|-weather|none
|-heal|p1a: Suicune|29/100|[from] item: Leftovers
|upkeep
|turn|18
|inactive|beeoi has 270 seconds left.
|
|t:|1728848762
|switch|p2a: Gengar|Gengar, F|100/100
|move|p1a: Suicune|Rest|p1a: Suicune
|-status|p1a: Suicune|slp|[from] move: Rest
|-heal|p1a: Suicune|100/100 slp|[silent]
|
|upkeep
|turn|19
|inactive|charku has 270 seconds left.
|inactive|charku has 240 seconds left.
|
|t:|1728848820
|move|p2a: Gengar|Destiny Bond|p2a: Gengar
|-singlemove|p2a: Gengar|Destiny Bond
|cant|p1a: Suicune|slp
|
|upkeep
|turn|20
|inactive|charku has 240 seconds left.
|
|t:|1728848830
|move|p2a: Gengar|Thunderbolt|p1a: Suicune
|-supereffective|p1a: Suicune
|-damage|p1a: Suicune|64/100 slp
|cant|p1a: Suicune|slp
|
|-heal|p1a: Suicune|70/100 slp|[from] item: Leftovers
|upkeep
|turn|21
|inactive|charku has 240 seconds left.
|
|t:|1728848841
|move|p2a: Gengar|Thunderbolt|p1a: Suicune
|-supereffective|p1a: Suicune
|-damage|p1a: Suicune|36/100 slp
|-curestatus|p1a: Suicune|slp|[msg]
|move|p1a: Suicune|Calm Mind|p1a: Suicune
|-boost|p1a: Suicune|spa|1
|-boost|p1a: Suicune|spd|1
|
|-heal|p1a: Suicune|42/100|[from] item: Leftovers
|upkeep
|turn|22
|inactive|charku has 240 seconds left.
|inactive|charku has 210 seconds left.
|
|t:|1728848909
|move|p2a: Gengar|Thunderbolt|p1a: Suicune
|-supereffective|p1a: Suicune
|-damage|p1a: Suicune|16/100
|move|p1a: Suicune|Hydro Pump|p2a: Gengar
|-damage|p2a: Gengar|0 fnt
|faint|p2a: Gengar
|inactive|charku has 180 seconds left.
|
|t:|1728848924
|switch|p2a: Salamence|Salamence, F|100/100
|-ability|p2a: Salamence|Intimidate|boost
|-unboost|p1a: Suicune|atk|1
|
|-heal|p1a: Suicune|22/100|[from] item: Leftovers
|upkeep
|turn|23
|
|t:|1728848936
|move|p2a: Salamence|Hidden Power|p1a: Suicune
|-damage|p1a: Suicune|0 fnt
|faint|p1a: Suicune
|
|t:|1728848951
|switch|p1a: Swampert|Swampert, F|88/100
|-damage|p1a: Swampert|76/100|[from] Spikes
|
|upkeep
|turn|24
|
|t:|1728848961
|switch|p2a: Kingdra|Kingdra, F|100/100 par
|move|p1a: Swampert|Ice Beam|p2a: Kingdra
|-crit|p2a: Kingdra
|-damage|p2a: Kingdra|53/100 par
|
|upkeep
|turn|25
|
|t:|1728848974
|switch|p1a: Metagross|Metagross|100/100
|-damage|p1a: Metagross|88/100|[from] Spikes
|move|p2a: Kingdra|Hidden Power|p1a: Metagross
|-resisted|p1a: Metagross
|-damage|p1a: Metagross|76/100
|
|upkeep
|turn|26
|
|t:|1728848989
|move|p1a: Metagross|Rock Slide|p2a: Kingdra|[miss]
|-miss|p1a: Metagross|p2a: Kingdra
|move|p2a: Kingdra|Surf|p1a: Metagross
|-crit|p1a: Metagross
|-damage|p1a: Metagross|0 fnt
|faint|p1a: Metagross
|c|☆charku|sorry for that
|
|t:|1728849006
|switch|p1a: Gengar|Gengar, F|100/100
|
|upkeep
|turn|27
|
|t:|1728849019
|switch|p2a: Swampert|Swampert, F|86/100
|move|p1a: Gengar|Thunderbolt|p2a: Swampert
|-immune|p2a: Swampert
|
|-heal|p2a: Swampert|92/100|[from] item: Leftovers
|upkeep
|turn|28
|
|t:|1728849029
|move|p1a: Gengar|Taunt|p2a: Swampert
|-start|p2a: Swampert|move: Taunt
|move|p2a: Swampert|Surf|p1a: Gengar
|-damage|p1a: Gengar|67/100
|
|-heal|p1a: Gengar|73/100|[from] item: Leftovers
|-heal|p2a: Swampert|98/100|[from] item: Leftovers
|upkeep
|turn|29
|inactive|charku has 210 seconds left.
|inactive|charku has 180 seconds left.
|inactive|charku has 150 seconds left.
|
|t:|1728849123
|switch|p2a: Salamence|Salamence, F|100/100
|-ability|p2a: Salamence|Intimidate|boost
|-unboost|p1a: Gengar|atk|1
|move|p1a: Gengar|Will-O-Wisp|p2a: Salamence
|-status|p2a: Salamence|brn
|
|-heal|p1a: Gengar|79/100|[from] item: Leftovers
|-damage|p2a: Salamence|88/100 brn|[from] brn
|upkeep
|turn|30
|
|t:|1728849138
|switch|p1a: Tyranitar|Tyranitar, M|100/100
|-damage|p1a: Tyranitar|88/100|[from] Spikes
|-weather|Sandstorm|[from] ability: Sand Stream|[of] p1a: Tyranitar
|move|p2a: Salamence|Dragon Dance|p2a: Salamence
|-boost|p2a: Salamence|atk|1
|-boost|p2a: Salamence|spe|1
|
|-weather|Sandstorm|[upkeep]
|-damage|p2a: Salamence|82/100 brn|[from] Sandstorm
|-damage|p2a: Salamence|70/100 brn|[from] brn
|-heal|p1a: Tyranitar|94/100|[from] item: Leftovers
|upkeep
|turn|31
|
|t:|1728849155
|move|p2a: Salamence|Brick Break|p1a: Tyranitar
|-supereffective|p1a: Tyranitar
|-damage|p1a: Tyranitar|41/100
|move|p1a: Tyranitar|Crunch|p2a: Salamence
|-damage|p2a: Salamence|39/100 brn
|
|-weather|Sandstorm|[upkeep]
|-damage|p2a: Salamence|33/100 brn|[from] Sandstorm
|-damage|p2a: Salamence|20/100 brn|[from] brn
|-heal|p1a: Tyranitar|47/100|[from] item: Leftovers
|upkeep
|turn|32
|inactive|beeoi has 270 seconds left.
|
|t:|1728849180
|move|p2a: Salamence|Brick Break|p1a: Tyranitar
|-supereffective|p1a: Tyranitar
|-damage|p1a: Tyranitar|0 fnt
|faint|p1a: Tyranitar
|
|t:|1728849192
|switch|p1a: Regice|Regice|23/100 par
|-damage|p1a: Regice|10/100 par|[from] Spikes
|
|-weather|Sandstorm|[upkeep]
|-damage|p2a: Salamence|14/100 brn|[from] Sandstorm
|-damage|p1a: Regice|4/100 par|[from] Sandstorm
|-enditem|p2a: Salamence|Liechi Berry|[eat]
|-boost|p2a: Salamence|atk|1|[from] item: Liechi Berry
|-damage|p2a: Salamence|2/100 brn|[from] brn
|-heal|p1a: Regice|10/100 par|[from] item: Leftovers
|upkeep
|turn|33
|
|t:|1728849212
|move|p2a: Salamence|Hidden Power|p1a: Regice
|-damage|p1a: Regice|0 fnt
|faint|p1a: Regice
|
|t:|1728849221
|switch|p1a: Gengar|Gengar, F|79/100
|
|-weather|Sandstorm|[upkeep]
|-damage|p2a: Salamence|0 fnt|[from] Sandstorm
|-damage|p1a: Gengar|73/100|[from] Sandstorm
|faint|p2a: Salamence
|-heal|p1a: Gengar|79/100|[from] item: Leftovers
|upkeep
|
|t:|1728849235
|switch|p2a: Kingdra|Kingdra, F|53/100 par
|turn|34
|inactive|beeoi has 270 seconds left.
|
|t:|1728849242
|move|p1a: Gengar|Thunderbolt|p2a: Kingdra
|-damage|p2a: Kingdra|26/100 par
|move|p2a: Kingdra|Surf|p1a: Gengar
|-damage|p1a: Gengar|26/100
|
|-weather|Sandstorm|[upkeep]
|-damage|p1a: Gengar|20/100|[from] Sandstorm
|-damage|p2a: Kingdra|20/100 par|[from] Sandstorm
|-heal|p1a: Gengar|26/100|[from] item: Leftovers
|-enditem|p2a: Kingdra|Petaya Berry|[eat]
|-boost|p2a: Kingdra|spa|1|[from] item: Petaya Berry
|upkeep
|turn|35
|inactive|beeoi has 270 seconds left.
|
|t:|1728849254
|move|p1a: Gengar|Thunderbolt|p2a: Kingdra
|-damage|p2a: Kingdra|0 fnt
|faint|p2a: Kingdra
|
|t:|1728849256
|switch|p2a: Swampert|Swampert, F|98/100
|
|-weather|Sandstorm|[upkeep]
|-damage|p1a: Gengar|20/100|[from] Sandstorm
|-heal|p1a: Gengar|26/100|[from] item: Leftovers
|-heal|p2a: Swampert|100/100|[from] item: Leftovers
|upkeep
|turn|36
|
|t:|1728849267
|move|p1a: Gengar|Hidden Power|p2a: Swampert
|-supereffective|p2a: Swampert
|-damage|p2a: Swampert|24/100
|move|p2a: Swampert|Surf|p1a: Gengar
|-damage|p1a: Gengar|0 fnt
|faint|p1a: Gengar
|
|t:|1728849274
|switch|p1a: Swampert|Swampert, F|76/100
|-damage|p1a: Swampert|63/100|[from] Spikes
|
|-weather|Sandstorm|[upkeep]
|-heal|p2a: Swampert|30/100|[from] item: Leftovers
|upkeep
|turn|37
|inactive|charku has 150 seconds left.
|inactive|charku has 120 seconds left.
|inactive|beeoi has 270 seconds left.
|inactive|charku has 90 seconds left.
|inactive|charku has 60 seconds left.
|
|t:|1728849394
|move|p2a: Swampert|Protect|p2a: Swampert
|-singleturn|p2a: Swampert|Protect
|move|p1a: Swampert|Rest|p1a: Swampert
|-status|p1a: Swampert|slp|[from] move: Rest
|-enditem|p1a: Swampert|Lum Berry|[eat]
|-curestatus|p1a: Swampert|slp|[msg]
|-heal|p1a: Swampert|100/100|[silent]
|
|-weather|Sandstorm|[upkeep]
|-heal|p2a: Swampert|37/100|[from] item: Leftovers
|upkeep
|turn|38
|inactive|beeoi has 270 seconds left.
|
|t:|1728849405
|move|p2a: Swampert|Toxic|p1a: Swampert
|-status|p1a: Swampert|tox
|move|p1a: Swampert|Surf|p2a: Swampert
|-damage|p2a: Swampert|2/100
|
|-weather|Sandstorm|[upkeep]
|-heal|p2a: Swampert|8/100|[from] item: Leftovers
|-damage|p1a: Swampert|94/100 tox|[from] psn
|upkeep
|turn|39
|
|t:|1728849414
|move|p2a: Swampert|Protect|p2a: Swampert
|-singleturn|p2a: Swampert|Protect
|move|p1a: Swampert|Surf|p2a: Swampert
|-activate|p2a: Swampert|Protect
|
|-weather|Sandstorm|[upkeep]
|-heal|p2a: Swampert|15/100|[from] item: Leftovers
|-damage|p1a: Swampert|82/100 tox|[from] psn
|upkeep
|turn|40
|
|t:|1728849423
|move|p1a: Swampert|Surf|p2a: Swampert
|-damage|p2a: Swampert|0 fnt
|faint|p2a: Swampert
|
|win|beeoi
|c|☆beeoi|GG!

</script>
<script type="application/json" class="data" id="replaydata-smogtours-gen3ou-798314">
{"id":"smogtours-gen3ou-798314","format":"[Gen 3] OU","players":["beeoi","charku"],"uploadtime":1728849423,"views":84,"formatid":"gen3ou","rating":null,"private":0,"password":null}
</script>

<script defer src="js/replays.js?9d40a366"></script>
