<!DOCTYPE html>
<meta charset="utf-8" />
<meta name="viewport" content="width=device-width" />

<title>[Gen 3] OU: Violet River vs. RedCrimp - Replays - Pok&eacute;mon Showdown!</title>

<meta name="description" content="Watch a replay of a Pok&eacute;mon battle between Violet River and RedCrimp! Format: [Gen 3] OU; Date: Oct 24, 2024" />
<!--

Hey, you! Looking in the source for the replay log?

You can find them in JSON format, just add `.json` at the end of a replay URL.

https://replay.pokemonshowdown.com/gen7randomdoublesbattle-865046831.json

Or, if you only need the log itself, add `.log` instead:

https://replay.pokemonshowdown.com/gen7randomdoublesbattle-865046831.log

-->

<link rel="stylesheet" href="//pokemonshowdown.com/style/global.css?0.767286132409787" />
<link rel="stylesheet" href="//play.pokemonshowdown.com/style/font-awesome.css?0.9266228007934947" />
<link rel="stylesheet" href="//play.pokemonshowdown.com/style/battle.css?0.7924700842790926" />
<link rel="stylesheet" href="//play.pokemonshowdown.com/style/utilichart.css?0.8777417872839479" />

<!-- Global site tag (gtag.js) - Google Analytics -->
<script async src="https://www.googletagmanager.com/gtag/js?id=UA-26211653-1"></script>
<script>
  window.dataLayer = window.dataLayer || [];
  function gtag(){dataLayer.push(arguments);}
  gtag('js', new Date());

  gtag('config', 'UA-26211653-1');
</script>
<!-- End Google Analytics -->
<!-- Venatus Ad Manager - Install in <HEAD> of page -->
	<script src="https://hb.vntsm.com/v3/live/ad-manager.min.js" type="text/javascript" data-site-id="642aba63ec9a7b11c3c9c1be" data-mode="scan" async></script>
<!-- / Venatus Ad Manager -->

<style>
	@media (max-width:820px) {
		.battle {
			margin: 0 auto;
		}
		.battle-log {
			margin: 7px auto 0;
			max-width: 640px;
			height: 300px;
			position: static;
		}
	}
	.optgroup {
		display: inline-block;
		line-height: 22px;
		font-size: 10pt;
	}
	.optgroup .button {
		height: 25px;
		padding-top: 0;
		padding-bottom: 0;
	}
	.optgroup button.button {
		padding-left: 12px;
		padding-right: 12px;
	}
	.linklist {
		list-style: none;
		margin: 0.5em 0;
		padding: 0;
	}
	.linklist li {
		padding: 2px 0;
	}
	.sidebar {
		float: left;
		width: 320px;
	}
	.bar-wrapper {
		max-width: 1100px;
		margin: 0 auto;
	}
	.bar-wrapper.has-sidebar {
		max-width: 1430px;
	}
	.mainbar {
		margin: 0;
		padding-right: 1px;
	}
	.mainbar.has-sidebar {
		margin-left: 330px;
	}
	@media (min-width: 1511px) {
		.sidebar {
			width: 400px;
		}
		.bar-wrapper.has-sidebar {
			max-width: 1510px;
		}
		.mainbar.has-sidebar {
			margin-left: 410px;
		}
	}
	.section.first-section {
		margin-top: 9px;
	}
	.blocklink small {
		white-space: normal;
	}
	.button {
		vertical-align: middle;
	}
	.replay-controls {
		padding-top: 10px;
	}
	.replay-controls h1 {
		font-size: 16pt;
		font-weight: normal;
		color: #CCC;
	}
	.pagelink {
		text-align: center;
	}
	.pagelink a {
		width: 150px;
	}
	.textbox, .button {
		font-size: 11pt;
		vertical-align: middle;
	}
	@media (max-width: 450px) {
		.button {
			font-size: 9pt;
		}
	}
</style>

<div>

	<header>
		<div class="nav-wrapper"><ul class="nav">
			<li><a class="button nav-first" href="//pokemonshowdown.com/"><img src="//pokemonshowdown.com/images/pokemonshowdownbeta.png" srcset="//pokemonshowdown.com/images/pokemonshowdownbeta.png 1x, //pokemonshowdown.com/images/pokemonshowdownbeta@2x.png 2x" alt="Pok&eacute;mon Showdown" width="146" height="44" /> Home</a></li>
			<li><a class="button" href="//pokemonshowdown.com/dex/">Pok&eacute;dex</a></li>
			<li><a class="button cur" href="/">Replays</a></li>
			<li><a class="button" href="//pokemonshowdown.com/ladder/">Ladder</a></li>
			<li><a class="button nav-last" href="//pokemonshowdown.com/forums/">Forum</a></li>
			<li><a class="button greenbutton nav-first nav-last" href="//play.pokemonshowdown.com/">Play</a></li>
		</ul></div>
	</header>

	<div class="main" id="main">

		<noscript><section class="section">You need to enable JavaScript to use this page; sorry!</section></noscript>

	</div>

</div>

<script defer nomodule src="//play.pokemonshowdown.com/js/lib/ps-polyfill.js"></script>
<script defer src="//play.pokemonshowdown.com/js/lib/preact.min.js"></script>

<script defer src="//play.pokemonshowdown.com/config/config.js?6dec07f6"></script>
<script defer src="//play.pokemonshowdown.com/js/lib/jquery-1.11.0.min.js"></script>
<script defer src="//play.pokemonshowdown.com/js/lib/html-sanitizer-minified.js"></script>
<script defer src="//play.pokemonshowdown.com/js/battle-sound.js"></script>
<script defer src="//play.pokemonshowdown.com/js/battledata.js?0.6315294753075389"></script>
<script defer src="//play.pokemonshowdown.com/data/pokedex-mini.js?0.7603743185311358"></script>
<script defer src="//play.pokemonshowdown.com/data/pokedex-mini-bw.js?0.030888842834281283"></script>
<script defer src="//play.pokemonshowdown.com/data/graphics.js?0.05593094747507488"></script>
<script defer src="//play.pokemonshowdown.com/data/pokedex.js?0.47064822249611904"></script>
<script defer src="//play.pokemonshowdown.com/data/moves.js?0.8583693120512459"></script>
<script defer src="//play.pokemonshowdown.com/data/abilities.js?0.16017181182386842"></script>
<script defer src="//play.pokemonshowdown.com/data/items.js?0.4163379185673943"></script>
<script defer src="//play.pokemonshowdown.com/data/teambuilder-tables.js?0.31075597372830477"></script>
<script defer src="//play.pokemonshowdown.com/js/battle-tooltips.js?0.6536193500708172"></script>
<script defer src="//play.pokemonshowdown.com/js/battle.js?0.1916591943277901"></script>

<script defer src="js/utils.js?e31f9a17"></script>
<script defer src="js/replays-battle.js?7008c182"></script>

<!-- don't scrape this data! just add .json or .log after the URL!
Full API docs: https://github.com/smogon/pokemon-showdown-client/blob/master/WEB-API.md -->
<script type="text/plain" class="log" id="replaylog-smogtours-gen3ou-801529">
|inactive|Battle timer is ON: inactive players will automatically lose when time's up.
|t:|1729751199
|gametype|singles
|player|p1|Violet River|jasmine-masters2|
|player|p2|RedCrimp|102|
|teamsize|p1|6
|teamsize|p2|6
|gen|3
|tier|[Gen 3] OU
|rule|Sleep Clause Mod: Limit one foe put to sleep
|rule|Switch Priority Clause Mod: Faster Pokémon switch first
|rule|Species Clause: Limit one of each Pokémon
|rule|OHKO Clause: OHKO moves are banned
|rule|Evasion Items Clause: Evasion items are banned
|rule|Evasion Moves Clause: Evasion moves are banned
|rule|Endless Battle Clause: Forcing endless battles is banned
|rule|HP Percentage Mod: HP is shown in percentages
|rule|One Boost Passer Clause: Limit one Baton Passer that has a way to boost its stats
|rule|Freeze Clause Mod: Limit one foe frozen
|
|t:|1729751199
|start
|switch|p1a: Soulwind Slayer|Registeel|100/100
|switch|p2a: Jirachi|Jirachi|100/100
|turn|1
|
|t:|1729751205
|move|p2a: Jirachi|Substitute|p2a: Jirachi
|-start|p2a: Jirachi|Substitute
|-damage|p2a: Jirachi|75/100
|move|p1a: Soulwind Slayer|Thunder Wave||[still]
|-fail|p1a: Soulwind Slayer
|
|-heal|p2a: Jirachi|82/100|[from] item: Leftovers
|upkeep
|turn|2
|
|t:|1729751223
|move|p2a: Jirachi|Calm Mind|p2a: Jirachi
|-boost|p2a: Jirachi|spa|1
|-boost|p2a: Jirachi|spd|1
|move|p1a: Soulwind Slayer|Seismic Toss|p2a: Jirachi
|-activate|p2a: Jirachi|Substitute|[damage]
|
|-heal|p2a: Jirachi|88/100|[from] item: Leftovers
|upkeep
|turn|3
|c|☆Violet River|hf
|
|t:|1729751247
|move|p2a: Jirachi|Calm Mind|p2a: Jirachi
|-boost|p2a: Jirachi|spa|1
|-boost|p2a: Jirachi|spd|1
|move|p1a: Soulwind Slayer|Seismic Toss|p2a: Jirachi
|-end|p2a: Jirachi|Substitute
|
|-heal|p2a: Jirachi|94/100|[from] item: Leftovers
|upkeep
|turn|4
|
|t:|1729751258
|move|p2a: Jirachi|Substitute|p2a: Jirachi
|-start|p2a: Jirachi|Substitute
|-damage|p2a: Jirachi|69/100
|move|p1a: Soulwind Slayer|Explosion|p2a: Jirachi
|-resisted|p2a: Jirachi
|-end|p2a: Jirachi|Substitute
|faint|p1a: Soulwind Slayer
|
|t:|1729751261
|switch|p1a: Chudtrio|Dugtrio, F|100/100
|
|-heal|p2a: Jirachi|75/100|[from] item: Leftovers
|upkeep
|turn|5
|
|t:|1729751263
|move|p1a: Chudtrio|Earthquake|p2a: Jirachi
|-supereffective|p2a: Jirachi
|-damage|p2a: Jirachi|0 fnt
|faint|p2a: Jirachi
|
|t:|1729751266
|switch|p2a: Skarmory|Skarmory, M|100/100
|
|upkeep
|turn|6
|
|t:|1729751271
|switch|p1a: Ms. Nails|Skarmory, M|100/100
|move|p2a: Skarmory|Spikes|p1a: Ms. Nails
|-sidestart|p1: Violet River|Spikes
|
|upkeep
|turn|7
|c|☆RedCrimp|hf
|
|t:|1729751276
|move|p2a: Skarmory|Taunt|p1a: Ms. Nails
|-start|p1a: Ms. Nails|move: Taunt
|cant|p1a: Ms. Nails|move: Taunt|Spikes
|
|upkeep
|turn|8
|
|t:|1729751284
|switch|p1a: God's Eyes|Claydol|100/100
|move|p2a: Skarmory|Spikes|p1a: God's Eyes
|-sidestart|p1: Violet River|Spikes
|
|upkeep
|turn|9
|
|t:|1729751289
|switch|p1a: Ms. Nails|Skarmory, M|100/100
|move|p2a: Skarmory|Toxic|p1a: Ms. Nails
|-immune|p1a: Ms. Nails
|
|upkeep
|turn|10
|
|t:|1729751292
|switch|p1a: She Who Wanders|Blissey, F|100/100
|-damage|p1a: She Who Wanders|84/100|[from] Spikes
|move|p2a: Skarmory|Taunt|p1a: She Who Wanders
|-start|p1a: She Who Wanders|move: Taunt
|
|-heal|p1a: She Who Wanders|90/100|[from] item: Leftovers
|upkeep
|turn|11
|
|t:|1729751314
|switch|p2a: Swampert|Swampert, F|100/100
|move|p1a: She Who Wanders|Thunderbolt|p2a: Swampert
|-immune|p2a: Swampert
|
|-heal|p1a: She Who Wanders|96/100|[from] item: Leftovers
|-end|p1a: She Who Wanders|move: Taunt|[silent]
|upkeep
|turn|12
|inactive|RedCrimp has 270 seconds left.
|inactive|RedCrimp has 240 seconds left.
|
|t:|1729751374
|switch|p1a: Ms. Nails|Skarmory, M|100/100
|move|p2a: Swampert|Substitute|p2a: Swampert
|-start|p2a: Swampert|Substitute
|-damage|p2a: Swampert|76/100
|
|upkeep
|turn|13
|inactive|RedCrimp has 240 seconds left.
|
|t:|1729751385
|move|p1a: Ms. Nails|Protect|p1a: Ms. Nails
|-singleturn|p1a: Ms. Nails|Protect
|move|p2a: Swampert|Roar|p1a: Ms. Nails
|-activate|p1a: Ms. Nails|Protect
|
|upkeep
|turn|14
|
|t:|1729751389
|move|p1a: Ms. Nails|Spikes|p2a: Swampert
|-sidestart|p2: RedCrimp|Spikes
|move|p2a: Swampert|Roar|p1a: Ms. Nails
|drag|p1a: She Who Wanders|Blissey, F|96/100
|-damage|p1a: She Who Wanders|80/100|[from] Spikes
|
|-heal|p1a: She Who Wanders|86/100|[from] item: Leftovers
|upkeep
|turn|15
|
|t:|1729751399
|move|p2a: Swampert|Endeavor|p1a: She Who Wanders
|-damage|p1a: She Who Wanders|40/100
|move|p1a: She Who Wanders|Ice Beam|p2a: Swampert
|-end|p2a: Swampert|Substitute
|
|-heal|p1a: She Who Wanders|46/100|[from] item: Leftovers
|upkeep
|turn|16
|
|t:|1729751405
|move|p2a: Swampert|Substitute|p2a: Swampert
|-start|p2a: Swampert|Substitute
|-damage|p2a: Swampert|51/100
|move|p1a: She Who Wanders|Ice Beam|p2a: Swampert
|-end|p2a: Swampert|Substitute
|
|-heal|p1a: She Who Wanders|52/100|[from] item: Leftovers
|upkeep
|turn|17
|
|t:|1729751412
|switch|p2a: Tyranitar|Tyranitar, M|100/100
|-damage|p2a: Tyranitar|88/100|[from] Spikes
|-weather|Sandstorm|[from] ability: Sand Stream|[of] p2a: Tyranitar
|move|p1a: She Who Wanders|Soft-Boiled|p1a: She Who Wanders
|-heal|p1a: She Who Wanders|100/100
|
|-weather|Sandstorm|[upkeep]
|-damage|p1a: She Who Wanders|94/100|[from] Sandstorm
|-heal|p1a: She Who Wanders|100/100|[from] item: Leftovers
|upkeep
|turn|18
|inactive|RedCrimp has 270 seconds left.
|
|t:|1729751426
|switch|p1a: Ms. Nails|Skarmory, M|100/100
|move|p2a: Tyranitar|Dragon Dance|p2a: Tyranitar
|-boost|p2a: Tyranitar|atk|1
|-boost|p2a: Tyranitar|spe|1
|
|-weather|Sandstorm|[upkeep]
|upkeep
|turn|19
|
|t:|1729751433
|move|p2a: Tyranitar|Rock Slide|p1a: Ms. Nails
|-damage|p1a: Ms. Nails|54/100
|move|p1a: Ms. Nails|Roar|p2a: Tyranitar
|drag|p2a: Gengar|Gengar, F|100/100
|
|-weather|Sandstorm|[upkeep]
|-damage|p2a: Gengar|94/100|[from] Sandstorm
|-heal|p2a: Gengar|100/100|[from] item: Leftovers
|-heal|p1a: Ms. Nails|60/100|[from] item: Leftovers
|upkeep
|turn|20
|
|t:|1729751444
|move|p1a: Ms. Nails|Protect|p1a: Ms. Nails
|-singleturn|p1a: Ms. Nails|Protect
|move|p2a: Gengar|Will-O-Wisp|p1a: Ms. Nails
|-activate|p1a: Ms. Nails|Protect
|
|-weather|Sandstorm|[upkeep]
|-damage|p2a: Gengar|94/100|[from] Sandstorm
|-heal|p2a: Gengar|100/100|[from] item: Leftovers
|-heal|p1a: Ms. Nails|66/100|[from] item: Leftovers
|upkeep
|turn|21
|
|t:|1729751456
|switch|p1a: She Who Wanders|Blissey, F|100/100
|-damage|p1a: She Who Wanders|84/100|[from] Spikes
|move|p2a: Gengar|Will-O-Wisp|p1a: She Who Wanders
|-status|p1a: She Who Wanders|brn
|
|-weather|Sandstorm|[upkeep]
|-damage|p2a: Gengar|94/100|[from] Sandstorm
|-damage|p1a: She Who Wanders|78/100 brn|[from] Sandstorm
|-heal|p2a: Gengar|100/100|[from] item: Leftovers
|-heal|p1a: She Who Wanders|84/100 brn|[from] item: Leftovers
|-damage|p1a: She Who Wanders|71/100 brn|[from] brn
|upkeep
|turn|22
|
|t:|1729751480
|switch|p2a: Skarmory|Skarmory, M|100/100
|move|p1a: She Who Wanders|Ice Beam|p2a: Skarmory
|-damage|p2a: Skarmory|76/100
|
|-weather|Sandstorm|[upkeep]
|-damage|p1a: She Who Wanders|65/100 brn|[from] Sandstorm
|-heal|p2a: Skarmory|82/100|[from] item: Leftovers
|-heal|p1a: She Who Wanders|71/100 brn|[from] item: Leftovers
|-damage|p1a: She Who Wanders|59/100 brn|[from] brn
|upkeep
|turn|23
|
|t:|1729751491
|move|p2a: Skarmory|Spikes|p1a: She Who Wanders
|-sidestart|p1: Violet River|Spikes
|move|p1a: She Who Wanders|Thunderbolt|p2a: Skarmory
|-supereffective|p2a: Skarmory
|-damage|p2a: Skarmory|37/100
|
|-weather|Sandstorm|[upkeep]
|-damage|p1a: She Who Wanders|53/100 brn|[from] Sandstorm
|-heal|p2a: Skarmory|43/100|[from] item: Leftovers
|-heal|p1a: She Who Wanders|59/100 brn|[from] item: Leftovers
|-damage|p1a: She Who Wanders|47/100 brn|[from] brn
|upkeep
|turn|24
|inactive|RedCrimp has 270 seconds left.
|
|t:|1729751509
|-curestatus|p1a: She Who Wanders|brn|[from] ability: Natural Cure
|switch|p1a: God's Eyes|Claydol|100/100
|move|p2a: Skarmory|Taunt|p1a: God's Eyes
|-start|p1a: God's Eyes|move: Taunt
|
|-weather|Sandstorm|[upkeep]
|-heal|p2a: Skarmory|49/100|[from] item: Leftovers
|upkeep
|turn|25
|
|t:|1729751516
|move|p2a: Skarmory|Toxic|p1a: God's Eyes
|-status|p1a: God's Eyes|tox
|move|p1a: God's Eyes|Psychic|p2a: Skarmory
|-resisted|p2a: Skarmory
|-damage|p2a: Skarmory|39/100
|
|-weather|Sandstorm|[upkeep]
|-heal|p2a: Skarmory|45/100|[from] item: Leftovers
|-damage|p1a: God's Eyes|94/100 tox|[from] psn
|-end|p1a: God's Eyes|move: Taunt|[silent]
|upkeep
|turn|26
|inactive|RedCrimp has 270 seconds left.
|
|t:|1729751547
|switch|p2a: Gengar|Gengar, F|100/100
|move|p1a: God's Eyes|Psychic|p2a: Gengar
|-supereffective|p2a: Gengar
|-damage|p2a: Gengar|45/100
|
|-weather|Sandstorm|[upkeep]
|-damage|p2a: Gengar|39/100|[from] Sandstorm
|-heal|p2a: Gengar|45/100|[from] item: Leftovers
|-heal|p1a: God's Eyes|100/100 tox|[from] item: Leftovers
|-damage|p1a: God's Eyes|88/100 tox|[from] psn
|upkeep
|turn|27
|inactive|RedCrimp has 240 seconds left.
|
|t:|1729751584
|move|p2a: Gengar|Giga Drain|p1a: God's Eyes
|-supereffective|p1a: God's Eyes
|-damage|p1a: God's Eyes|58/100 tox
|-heal|p2a: Gengar|61/100|[from] drain|[of] p1a: God's Eyes
|move|p1a: God's Eyes|Rapid Spin|p2a: Gengar
|-immune|p2a: Gengar
|
|-weather|Sandstorm|[upkeep]
|-damage|p2a: Gengar|54/100|[from] Sandstorm
|-heal|p2a: Gengar|61/100|[from] item: Leftovers
|-heal|p1a: God's Eyes|64/100 tox|[from] item: Leftovers
|-damage|p1a: God's Eyes|45/100 tox|[from] psn
|upkeep
|turn|28
|c|☆Violet River|oh its this set
|inactive|RedCrimp has 210 seconds left.
|inactive|RedCrimp has 180 seconds left.
|
|t:|1729751667
|switch|p1a: She Who Wanders|Blissey, F|47/100
|-damage|p1a: She Who Wanders|22/100|[from] Spikes
|move|p2a: Gengar|Giga Drain|p1a: She Who Wanders
|-damage|p1a: She Who Wanders|14/100
|-heal|p2a: Gengar|68/100|[from] drain|[of] p1a: She Who Wanders
|
|-weather|Sandstorm|[upkeep]
|-damage|p2a: Gengar|62/100|[from] Sandstorm
|-damage|p1a: She Who Wanders|8/100|[from] Sandstorm
|-heal|p2a: Gengar|68/100|[from] item: Leftovers
|-heal|p1a: She Who Wanders|14/100|[from] item: Leftovers
|upkeep
|turn|29
|
|t:|1729751684
|switch|p2a: Swampert|Swampert, F|51/100
|-damage|p2a: Swampert|38/100|[from] Spikes
|move|p1a: She Who Wanders|Ice Beam|p2a: Swampert
|-damage|p2a: Swampert|9/100
|
|-weather|Sandstorm|[upkeep]
|-damage|p1a: She Who Wanders|8/100|[from] Sandstorm
|-enditem|p2a: Swampert|Salac Berry|[eat]
|-boost|p2a: Swampert|spe|1|[from] item: Salac Berry
|-heal|p1a: She Who Wanders|14/100|[from] item: Leftovers
|upkeep
|turn|30
|inactive|RedCrimp has 150 seconds left.
|
|t:|1729751733
|move|p2a: Swampert|Surf|p1a: She Who Wanders
|-damage|p1a: She Who Wanders|0 fnt
|faint|p1a: She Who Wanders
|
|t:|1729751735
|switch|p1a: Ms. Nails|Skarmory, M|66/100
|
|-weather|Sandstorm|[upkeep]
|-heal|p1a: Ms. Nails|72/100|[from] item: Leftovers
|upkeep
|turn|31
|inactive|RedCrimp has 150 seconds left.
|
|t:|1729751753
|move|p1a: Ms. Nails|Protect|p1a: Ms. Nails
|-singleturn|p1a: Ms. Nails|Protect
|move|p2a: Swampert|Endeavor|p1a: Ms. Nails
|-activate|p1a: Ms. Nails|Protect
|
|-weather|Sandstorm|[upkeep]
|-heal|p1a: Ms. Nails|78/100|[from] item: Leftovers
|upkeep
|turn|32
|
|t:|1729751759
|move|p2a: Swampert|Endeavor|p1a: Ms. Nails
|-damage|p1a: Ms. Nails|9/100
|move|p1a: Ms. Nails|Drill Peck|p2a: Swampert
|-damage|p2a: Swampert|0 fnt
|faint|p2a: Swampert
|
|t:|1729751770
|switch|p2a: Gengar|Gengar, F|68/100
|
|-weather|Sandstorm|[upkeep]
|-damage|p2a: Gengar|62/100|[from] Sandstorm
|-heal|p2a: Gengar|68/100|[from] item: Leftovers
|-heal|p1a: Ms. Nails|15/100|[from] item: Leftovers
|upkeep
|turn|33
|
|t:|1729751782
|move|p1a: Ms. Nails|Protect|p1a: Ms. Nails
|-singleturn|p1a: Ms. Nails|Protect
|move|p2a: Gengar|Thunderbolt|p1a: Ms. Nails
|-activate|p1a: Ms. Nails|Protect
|
|-weather|Sandstorm|[upkeep]
|-damage|p2a: Gengar|62/100|[from] Sandstorm
|-heal|p2a: Gengar|68/100|[from] item: Leftovers
|-heal|p1a: Ms. Nails|21/100|[from] item: Leftovers
|upkeep
|turn|34
|
|t:|1729751796
|switch|p1a: God's Eyes|Claydol|45/100 tox
|move|p2a: Gengar|Will-O-Wisp||[still]
|-fail|p2a: Gengar
|
|-weather|Sandstorm|[upkeep]
|-damage|p2a: Gengar|62/100|[from] Sandstorm
|-heal|p2a: Gengar|68/100|[from] item: Leftovers
|-heal|p1a: God's Eyes|51/100 tox|[from] item: Leftovers
|-damage|p1a: God's Eyes|45/100 tox|[from] psn
|upkeep
|turn|35
|
|t:|1729751820
|switch|p1a: Ms. Nails|Skarmory, M|21/100
|move|p2a: Gengar|Giga Drain|p1a: Ms. Nails
|-resisted|p1a: Ms. Nails
|-damage|p1a: Ms. Nails|17/100
|-heal|p2a: Gengar|70/100|[from] drain|[of] p1a: Ms. Nails
|
|-weather|Sandstorm|[upkeep]
|-damage|p2a: Gengar|64/100|[from] Sandstorm
|-heal|p2a: Gengar|70/100|[from] item: Leftovers
|-heal|p1a: Ms. Nails|23/100|[from] item: Leftovers
|upkeep
|turn|36
|
|t:|1729751825
|move|p1a: Ms. Nails|Protect|p1a: Ms. Nails
|-singleturn|p1a: Ms. Nails|Protect
|move|p2a: Gengar|Thunderbolt|p1a: Ms. Nails
|-activate|p1a: Ms. Nails|Protect
|
|-weather|Sandstorm|[upkeep]
|-damage|p2a: Gengar|64/100|[from] Sandstorm
|-heal|p2a: Gengar|70/100|[from] item: Leftovers
|-heal|p1a: Ms. Nails|29/100|[from] item: Leftovers
|upkeep
|turn|37
|
|t:|1729751827
|switch|p1a: God's Eyes|Claydol|45/100 tox
|move|p2a: Gengar|Thunderbolt|p1a: God's Eyes
|-immune|p1a: God's Eyes
|
|-weather|Sandstorm|[upkeep]
|-damage|p2a: Gengar|64/100|[from] Sandstorm
|-heal|p2a: Gengar|70/100|[from] item: Leftovers
|-heal|p1a: God's Eyes|51/100 tox|[from] item: Leftovers
|-damage|p1a: God's Eyes|45/100 tox|[from] psn
|upkeep
|turn|38
|inactive|RedCrimp has 150 seconds left.
|
|t:|1729751840
|switch|p1a: Ms. Nails|Skarmory, M|29/100
|move|p2a: Gengar|Giga Drain|p1a: Ms. Nails
|-resisted|p1a: Ms. Nails
|-damage|p1a: Ms. Nails|26/100
|-heal|p2a: Gengar|71/100|[from] drain|[of] p1a: Ms. Nails
|
|-weather|Sandstorm|[upkeep]
|-damage|p2a: Gengar|65/100|[from] Sandstorm
|-heal|p2a: Gengar|71/100|[from] item: Leftovers
|-heal|p1a: Ms. Nails|32/100|[from] item: Leftovers
|upkeep
|turn|39
|
|t:|1729751845
|switch|p1a: God's Eyes|Claydol|45/100 tox
|move|p2a: Gengar|Thunderbolt|p1a: God's Eyes
|-immune|p1a: God's Eyes
|
|-weather|Sandstorm|[upkeep]
|-damage|p2a: Gengar|65/100|[from] Sandstorm
|-heal|p2a: Gengar|71/100|[from] item: Leftovers
|-heal|p1a: God's Eyes|51/100 tox|[from] item: Leftovers
|-damage|p1a: God's Eyes|45/100 tox|[from] psn
|upkeep
|turn|40
|
|t:|1729751856
|switch|p1a: Ms. Nails|Skarmory, M|32/100
|move|p2a: Gengar|Giga Drain|p1a: Ms. Nails
|-resisted|p1a: Ms. Nails
|-damage|p1a: Ms. Nails|28/100
|-heal|p2a: Gengar|73/100|[from] drain|[of] p1a: Ms. Nails
|
|-weather|Sandstorm|[upkeep]
|-damage|p2a: Gengar|67/100|[from] Sandstorm
|-heal|p2a: Gengar|73/100|[from] item: Leftovers
|-heal|p1a: Ms. Nails|34/100|[from] item: Leftovers
|upkeep
|turn|41
|inactive|Violet River has 270 seconds left.
|
|t:|1729751913
|move|p1a: Ms. Nails|Protect|p1a: Ms. Nails
|-singleturn|p1a: Ms. Nails|Protect
|move|p2a: Gengar|Thunderbolt|p1a: Ms. Nails
|-activate|p1a: Ms. Nails|Protect
|
|-weather|Sandstorm|[upkeep]
|-damage|p2a: Gengar|67/100|[from] Sandstorm
|-heal|p2a: Gengar|73/100|[from] item: Leftovers
|-heal|p1a: Ms. Nails|40/100|[from] item: Leftovers
|upkeep
|turn|42
|
|t:|1729751921
|switch|p1a: God's Eyes|Claydol|45/100 tox
|move|p2a: Gengar|Thunderbolt|p1a: God's Eyes
|-immune|p1a: God's Eyes
|
|-weather|Sandstorm|[upkeep]
|-damage|p2a: Gengar|67/100|[from] Sandstorm
|-heal|p2a: Gengar|73/100|[from] item: Leftovers
|-heal|p1a: God's Eyes|51/100 tox|[from] item: Leftovers
|-damage|p1a: God's Eyes|45/100 tox|[from] psn
|upkeep
|turn|43
|
|t:|1729751929
|move|p2a: Gengar|Will-O-Wisp||[still]
|-fail|p2a: Gengar
|move|p1a: God's Eyes|Psychic|p2a: Gengar
|-supereffective|p2a: Gengar
|-damage|p2a: Gengar|26/100
|
|-weather|Sandstorm|[upkeep]
|-damage|p2a: Gengar|20/100|[from] Sandstorm
|-heal|p2a: Gengar|26/100|[from] item: Leftovers
|-heal|p1a: God's Eyes|51/100 tox|[from] item: Leftovers
|-damage|p1a: God's Eyes|39/100 tox|[from] psn
|upkeep
|turn|44
|
|t:|1729751941
|switch|p1a: Ms. Nails|Skarmory, M|40/100
|move|p2a: Gengar|Giga Drain|p1a: Ms. Nails
|-resisted|p1a: Ms. Nails
|-damage|p1a: Ms. Nails|36/100
|-heal|p2a: Gengar|28/100|[from] drain|[of] p1a: Ms. Nails
|
|-weather|Sandstorm|[upkeep]
|-damage|p2a: Gengar|22/100|[from] Sandstorm
|-heal|p2a: Gengar|28/100|[from] item: Leftovers
|-heal|p1a: Ms. Nails|42/100|[from] item: Leftovers
|upkeep
|turn|45
|
|t:|1729751949
|move|p1a: Ms. Nails|Protect|p1a: Ms. Nails
|-singleturn|p1a: Ms. Nails|Protect
|move|p2a: Gengar|Thunderbolt|p1a: Ms. Nails
|-activate|p1a: Ms. Nails|Protect
|
|-weather|Sandstorm|[upkeep]
|-damage|p2a: Gengar|22/100|[from] Sandstorm
|-heal|p2a: Gengar|28/100|[from] item: Leftovers
|-heal|p1a: Ms. Nails|48/100|[from] item: Leftovers
|upkeep
|turn|46
|inactive|RedCrimp has 180 seconds left.
|
|t:|1729751955
|switch|p1a: God's Eyes|Claydol|39/100 tox
|move|p2a: Gengar|Thunderbolt|p1a: God's Eyes
|-immune|p1a: God's Eyes
|
|-weather|Sandstorm|[upkeep]
|-damage|p2a: Gengar|22/100|[from] Sandstorm
|-heal|p2a: Gengar|28/100|[from] item: Leftovers
|-heal|p1a: God's Eyes|45/100 tox|[from] item: Leftovers
|-damage|p1a: God's Eyes|39/100 tox|[from] psn
|upkeep
|turn|47
|
|t:|1729751962
|switch|p1a: Ms. Nails|Skarmory, M|48/100
|move|p2a: Gengar|Giga Drain|p1a: Ms. Nails
|-resisted|p1a: Ms. Nails
|-damage|p1a: Ms. Nails|45/100
|-heal|p2a: Gengar|30/100|[from] drain|[of] p1a: Ms. Nails
|
|-weather|Sandstorm|[upkeep]
|-damage|p2a: Gengar|23/100|[from] Sandstorm
|-heal|p2a: Gengar|30/100|[from] item: Leftovers
|-heal|p1a: Ms. Nails|50/100|[from] item: Leftovers
|upkeep
|turn|48
|c|☆RedCrimp|i am simply unable to guess right once
|inactive|RedCrimp has 180 seconds left.
|
|t:|1729751991
|move|p1a: Ms. Nails|Protect|p1a: Ms. Nails
|-singleturn|p1a: Ms. Nails|Protect
|move|p2a: Gengar|Thunderbolt|p1a: Ms. Nails
|-activate|p1a: Ms. Nails|Protect
|
|-weather|Sandstorm|[upkeep]
|-damage|p2a: Gengar|23/100|[from] Sandstorm
|-heal|p2a: Gengar|30/100|[from] item: Leftovers
|-heal|p1a: Ms. Nails|56/100|[from] item: Leftovers
|upkeep
|turn|49
|inactive|RedCrimp has 150 seconds left.
|inactive|RedCrimp has 120 seconds left.
|
|t:|1729752052
|switch|p2a: Tyranitar|Tyranitar, M|88/100
|-damage|p2a: Tyranitar|76/100|[from] Spikes
|move|p1a: Ms. Nails|Drill Peck|p2a: Tyranitar
|-resisted|p2a: Tyranitar
|-damage|p2a: Tyranitar|65/100
|
|-weather|Sandstorm|[upkeep]
|-heal|p1a: Ms. Nails|62/100|[from] item: Leftovers
|upkeep
|turn|50
|
|t:|1729752061
|switch|p1a: Chudtrio|Dugtrio, F|100/100
|-damage|p1a: Chudtrio|76/100|[from] Spikes
|move|p2a: Tyranitar|Rock Slide|p1a: Chudtrio
|-resisted|p1a: Chudtrio
|-damage|p1a: Chudtrio|19/100
|
|-weather|Sandstorm|[upkeep]
|upkeep
|turn|51
|
|t:|1729752071
|move|p1a: Chudtrio|Earthquake|p2a: Tyranitar
|-supereffective|p2a: Tyranitar
|-damage|p2a: Tyranitar|0 fnt
|faint|p2a: Tyranitar
|inactive|RedCrimp has 120 seconds left.
|
|t:|1729752087
|switch|p2a: Gengar|Gengar, F|30/100
|
|-weather|Sandstorm|[upkeep]
|-damage|p2a: Gengar|23/100|[from] Sandstorm
|-heal|p2a: Gengar|30/100|[from] item: Leftovers
|upkeep
|turn|52
|inactive|RedCrimp has 120 seconds left.
|
|t:|1729752094
|move|p1a: Chudtrio|Earthquake|p2a: Gengar
|-immune|p2a: Gengar
|move|p2a: Gengar|Will-O-Wisp|p1a: Chudtrio
|-status|p1a: Chudtrio|brn
|
|-weather|Sandstorm|[upkeep]
|-damage|p2a: Gengar|23/100|[from] Sandstorm
|-damage|p1a: Chudtrio|7/100 brn|[from] brn
|-heal|p2a: Gengar|30/100|[from] item: Leftovers
|upkeep
|turn|53
|inactive|RedCrimp has 120 seconds left.
|
|t:|1729752107
|move|p1a: Chudtrio|Earthquake|p2a: Gengar
|-immune|p2a: Gengar
|move|p2a: Gengar|Will-O-Wisp|p1a: Chudtrio
|-fail|p1a: Chudtrio|brn
|
|-weather|Sandstorm|[upkeep]
|-damage|p2a: Gengar|23/100|[from] Sandstorm
|-damage|p1a: Chudtrio|0 fnt|[from] brn
|faint|p1a: Chudtrio
|-heal|p2a: Gengar|30/100|[from] item: Leftovers
|upkeep
|
|t:|1729752110
|switch|p1a: Ms. Nails|Skarmory, M|62/100
|turn|54
|
|t:|1729752122
|move|p2a: Gengar|Thunderbolt|p1a: Ms. Nails
|-supereffective|p1a: Ms. Nails
|-damage|p1a: Ms. Nails|10/100
|-status|p1a: Ms. Nails|par
|cant|p1a: Ms. Nails|par
|
|-weather|Sandstorm|[upkeep]
|-damage|p2a: Gengar|23/100|[from] Sandstorm
|-heal|p2a: Gengar|30/100|[from] item: Leftovers
|-heal|p1a: Ms. Nails|16/100 par|[from] item: Leftovers
|upkeep
|turn|55
|c|☆Violet River|.
|c|☆RedCrimp|mb
|c|☆Violet River|its ok
|inactive|RedCrimp has 120 seconds left.
|
|t:|1729752138
|switch|p1a: God's Eyes|Claydol|39/100 tox
|move|p2a: Gengar|Thunderbolt|p1a: God's Eyes
|-immune|p1a: God's Eyes
|
|-weather|Sandstorm|[upkeep]
|-damage|p2a: Gengar|23/100|[from] Sandstorm
|-heal|p2a: Gengar|30/100|[from] item: Leftovers
|-heal|p1a: God's Eyes|45/100 tox|[from] item: Leftovers
|-damage|p1a: God's Eyes|39/100 tox|[from] psn
|upkeep
|turn|56
|inactive|RedCrimp has 120 seconds left.
|
|t:|1729752152
|switch|p1a: Ms. Nails|Skarmory, M|16/100 par
|move|p2a: Gengar|Giga Drain|p1a: Ms. Nails
|-resisted|p1a: Ms. Nails
|-damage|p1a: Ms. Nails|13/100 par
|-heal|p2a: Gengar|31/100|[from] drain|[of] p1a: Ms. Nails
|
|-weather|Sandstorm|[upkeep]
|-damage|p2a: Gengar|25/100|[from] Sandstorm
|-heal|p2a: Gengar|31/100|[from] item: Leftovers
|-heal|p1a: Ms. Nails|19/100 par|[from] item: Leftovers
|upkeep
|turn|57
|inactive|RedCrimp has 120 seconds left.
|
|t:|1729752174
|switch|p2a: Aerodactyl|Aerodactyl, M|100/100
|switch|p1a: God's Eyes|Claydol|39/100 tox
|
|-weather|Sandstorm|[upkeep]
|-heal|p1a: God's Eyes|45/100 tox|[from] item: Leftovers
|-damage|p1a: God's Eyes|39/100 tox|[from] psn
|upkeep
|turn|58
|c|☆Violet River|whew
|c|☆Violet River|thank the lord its this last
|
|t:|1729752204
|switch|p1a: Ms. Nails|Skarmory, M|19/100 par
|move|p2a: Aerodactyl|Double-Edge|p1a: Ms. Nails
|-resisted|p1a: Ms. Nails
|-crit|p1a: Ms. Nails
|-damage|p1a: Ms. Nails|0 fnt
|faint|p1a: Ms. Nails
|
|t:|1729752210
|switch|p1a: Jump for Beef|Milotic, F|100/100
|-damage|p1a: Jump for Beef|76/100|[from] Spikes
|
|-weather|Sandstorm|[upkeep]
|-damage|p1a: Jump for Beef|70/100|[from] Sandstorm
|-heal|p1a: Jump for Beef|76/100|[from] item: Leftovers
|upkeep
|turn|59
|
|t:|1729752217
|switch|p2a: Skarmory|Skarmory, M|45/100
|move|p1a: Jump for Beef|Recover|p1a: Jump for Beef
|-heal|p1a: Jump for Beef|100/100
|
|-weather|Sandstorm|[upkeep]
|-damage|p1a: Jump for Beef|94/100|[from] Sandstorm
|-heal|p1a: Jump for Beef|100/100|[from] item: Leftovers
|-heal|p2a: Skarmory|51/100|[from] item: Leftovers
|upkeep
|turn|60
|
|t:|1729752224
|switch|p1a: God's Eyes|Claydol|39/100 tox
|move|p2a: Skarmory|Roar|p1a: God's Eyes
|drag|p1a: Jump for Beef|Milotic, F|100/100
|-damage|p1a: Jump for Beef|76/100|[from] Spikes
|
|-weather|Sandstorm|[upkeep]
|-damage|p1a: Jump for Beef|70/100|[from] Sandstorm
|-heal|p1a: Jump for Beef|76/100|[from] item: Leftovers
|-heal|p2a: Skarmory|57/100|[from] item: Leftovers
|upkeep
|turn|61
|
|t:|1729752240
|switch|p1a: God's Eyes|Claydol|39/100 tox
|move|p2a: Skarmory|Toxic|p1a: God's Eyes
|-fail|p1a: God's Eyes|tox
|
|-weather|Sandstorm|[upkeep]
|-heal|p2a: Skarmory|63/100|[from] item: Leftovers
|-heal|p1a: God's Eyes|45/100 tox|[from] item: Leftovers
|-damage|p1a: God's Eyes|39/100 tox|[from] psn
|upkeep
|turn|62
|
|t:|1729752258
|move|p2a: Skarmory|Taunt|p1a: God's Eyes
|-start|p1a: God's Eyes|move: Taunt
|move|p1a: God's Eyes|Psychic|p2a: Skarmory
|-resisted|p2a: Skarmory
|-damage|p2a: Skarmory|52/100
|
|-weather|Sandstorm|[upkeep]
|-heal|p1a: God's Eyes|45/100 tox|[from] item: Leftovers
|-heal|p2a: Skarmory|58/100|[from] item: Leftovers
|-damage|p1a: God's Eyes|33/100 tox|[from] psn
|upkeep
|turn|63
|
|t:|1729752268
|move|p2a: Skarmory|Toxic|p1a: God's Eyes
|-fail|p1a: God's Eyes|tox
|move|p1a: God's Eyes|Psychic|p2a: Skarmory
|-resisted|p2a: Skarmory
|-damage|p2a: Skarmory|47/100
|
|-weather|Sandstorm|[upkeep]
|-heal|p2a: Skarmory|53/100|[from] item: Leftovers
|-heal|p1a: God's Eyes|39/100 tox|[from] item: Leftovers
|-damage|p1a: God's Eyes|21/100 tox|[from] psn
|-end|p1a: God's Eyes|move: Taunt|[silent]
|upkeep
|turn|64
|inactive|RedCrimp has 90 seconds left.
|
|t:|1729752299
|move|p1a: God's Eyes|Psychic|p2a: Skarmory
|-resisted|p2a: Skarmory
|-damage|p2a: Skarmory|43/100
|move|p2a: Skarmory|Spikes||[still]
|-fail|p2a: Skarmory
|
|-weather|Sandstorm|[upkeep]
|-heal|p2a: Skarmory|49/100|[from] item: Leftovers
|-heal|p1a: God's Eyes|27/100 tox|[from] item: Leftovers
|-damage|p1a: God's Eyes|2/100 tox|[from] psn
|upkeep
|turn|65
|inactive|RedCrimp has 90 seconds left.
|
|t:|1729752314
|switch|p1a: Jump for Beef|Milotic, F|76/100
|-damage|p1a: Jump for Beef|51/100|[from] Spikes
|move|p2a: Skarmory|Spikes||[still]
|-fail|p2a: Skarmory
|
|-weather|Sandstorm|[upkeep]
|-damage|p1a: Jump for Beef|45/100|[from] Sandstorm
|-heal|p1a: Jump for Beef|51/100|[from] item: Leftovers
|-heal|p2a: Skarmory|55/100|[from] item: Leftovers
|upkeep
|turn|66
|inactive|RedCrimp has 90 seconds left.
|
|t:|1729752320
|move|p1a: Jump for Beef|Recover|p1a: Jump for Beef
|-heal|p1a: Jump for Beef|100/100
|move|p2a: Skarmory|Toxic|p1a: Jump for Beef
|-status|p1a: Jump for Beef|tox
|
|-weather|Sandstorm|[upkeep]
|-damage|p1a: Jump for Beef|94/100 tox|[from] Sandstorm
|-heal|p1a: Jump for Beef|100/100 tox|[from] item: Leftovers
|-damage|p1a: Jump for Beef|94/100 tox|[from] psn
|-heal|p2a: Skarmory|61/100|[from] item: Leftovers
|upkeep
|turn|67
|
|t:|1729752329
|move|p1a: Jump for Beef|Refresh|p1a: Jump for Beef
|-curestatus|p1a: Jump for Beef|tox|[msg]
|move|p2a: Skarmory|Roar|p1a: Jump for Beef
|drag|p1a: God's Eyes|Claydol|2/100 tox
|
|-weather|Sandstorm|[upkeep]
|-heal|p1a: God's Eyes|8/100 tox|[from] item: Leftovers
|-heal|p2a: Skarmory|67/100|[from] item: Leftovers
|-damage|p1a: God's Eyes|2/100 tox|[from] psn
|upkeep
|turn|68
|
|t:|1729752341
|move|p2a: Skarmory|Spikes||[still]
|-fail|p2a: Skarmory
|move|p1a: God's Eyes|Rapid Spin|p2a: Skarmory
|-resisted|p2a: Skarmory
|-damage|p2a: Skarmory|65/100
|-sideend|p1: Violet River|Spikes|[from] move: Rapid Spin|[of] p1a: God's Eyes
|
|-weather|Sandstorm|[upkeep]
|-heal|p1a: God's Eyes|8/100 tox|[from] item: Leftovers
|-heal|p2a: Skarmory|71/100|[from] item: Leftovers
|-damage|p1a: God's Eyes|0 fnt|[from] psn
|faint|p1a: God's Eyes
|upkeep
|
|t:|1729752343
|switch|p1a: Jump for Beef|Milotic, F|94/100
|turn|69
|
|t:|1729752346
|move|p1a: Jump for Beef|Surf|p2a: Skarmory
|-damage|p2a: Skarmory|42/100
|move|p2a: Skarmory|Toxic|p1a: Jump for Beef|[miss]
|-miss|p2a: Skarmory|p1a: Jump for Beef
|
|-weather|Sandstorm|[upkeep]
|-damage|p1a: Jump for Beef|88/100|[from] Sandstorm
|-heal|p1a: Jump for Beef|94/100|[from] item: Leftovers
|-heal|p2a: Skarmory|48/100|[from] item: Leftovers
|upkeep
|turn|70
|
|t:|1729752353
|move|p1a: Jump for Beef|Surf|p2a: Skarmory
|-damage|p2a: Skarmory|17/100
|move|p2a: Skarmory|Toxic|p1a: Jump for Beef
|-status|p1a: Jump for Beef|tox
|
|-weather|Sandstorm|[upkeep]
|-damage|p1a: Jump for Beef|88/100 tox|[from] Sandstorm
|-heal|p1a: Jump for Beef|94/100 tox|[from] item: Leftovers
|-damage|p1a: Jump for Beef|88/100 tox|[from] psn
|-heal|p2a: Skarmory|23/100|[from] item: Leftovers
|upkeep
|turn|71
|
|t:|1729752358
|move|p1a: Jump for Beef|Refresh|p1a: Jump for Beef
|-curestatus|p1a: Jump for Beef|tox|[msg]
|move|p2a: Skarmory|Taunt|p1a: Jump for Beef
|-start|p1a: Jump for Beef|move: Taunt
|
|-weather|Sandstorm|[upkeep]
|-damage|p1a: Jump for Beef|82/100|[from] Sandstorm
|-heal|p1a: Jump for Beef|88/100|[from] item: Leftovers
|-heal|p2a: Skarmory|29/100|[from] item: Leftovers
|upkeep
|turn|72
|
|t:|1729752361
|move|p1a: Jump for Beef|Surf|p2a: Skarmory
|-damage|p2a: Skarmory|0 fnt
|faint|p2a: Skarmory
|inactive|RedCrimp has 120 seconds left.
|inactive|RedCrimp has 90 seconds left.
|
|t:|1729752415
|switch|p2a: Gengar|Gengar, F|31/100
|
|-weather|Sandstorm|[upkeep]
|-damage|p2a: Gengar|25/100|[from] Sandstorm
|-damage|p1a: Jump for Beef|82/100|[from] Sandstorm
|-heal|p2a: Gengar|31/100|[from] item: Leftovers
|-heal|p1a: Jump for Beef|88/100|[from] item: Leftovers
|-end|p1a: Jump for Beef|move: Taunt|[silent]
|upkeep
|turn|73
|
|t:|1729752420
|move|p2a: Gengar|Explosion|p1a: Jump for Beef
|-damage|p1a: Jump for Beef|40/100
|faint|p2a: Gengar
|c|☆Violet River|oh word
|c|☆Violet River|not taunt
|c|☆Violet River|i shouldve played the whole game different then
|
|t:|1729752430
|switch|p2a: Aerodactyl|Aerodactyl, M|100/100
|
|-weather|Sandstorm|[upkeep]
|-damage|p1a: Jump for Beef|34/100|[from] Sandstorm
|-heal|p1a: Jump for Beef|40/100|[from] item: Leftovers
|upkeep
|turn|74
|inactive|RedCrimp has 90 seconds left.
|
|t:|1729752458
|move|p2a: Aerodactyl|Double-Edge|p1a: Jump for Beef
|-damage|p1a: Jump for Beef|0 fnt
|faint|p1a: Jump for Beef
|
|win|RedCrimp
|c|☆Violet River|gg
|c|☆RedCrimp|gg
|player|p1|
|c|☆RedCrimp|damn, you were in my head

</script>
<script type="application/json" class="data" id="replaydata-smogtours-gen3ou-801529">
{"id":"smogtours-gen3ou-801529","format":"[Gen 3] OU","players":["Violet River","RedCrimp"],"uploadtime":1729752458,"views":200,"formatid":"gen3ou","rating":null,"private":0,"password":null}
</script>

<script defer src="js/replays.js?9d40a366"></script>
