<!DOCTYPE html>
<meta charset="utf-8" />
<meta name="viewport" content="width=device-width" />

<title>[Gen 3] OU: GreenCatKid vs. GoldThe1andOnly - Replays - Pok&eacute;mon Showdown!</title>

<meta name="description" content="Watch a replay of a Pok&eacute;mon battle between GreenCatKid and GoldThe1andOnly! Format: [Gen 3] OU; Date: Oct 1, 2024" />
<!--

Hey, you! Looking in the source for the replay log?

You can find them in JSON format, just add `.json` at the end of a replay URL.

https://replay.pokemonshowdown.com/gen7randomdoublesbattle-865046831.json

Or, if you only need the log itself, add `.log` instead:

https://replay.pokemonshowdown.com/gen7randomdoublesbattle-865046831.log

-->

<link rel="stylesheet" href="//pokemonshowdown.com/style/global.css?0.023195364461161105" />
<link rel="stylesheet" href="//play.pokemonshowdown.com/style/font-awesome.css?0.13261647063804238" />
<link rel="stylesheet" href="//play.pokemonshowdown.com/style/battle.css?0.8753245789963631" />
<link rel="stylesheet" href="//play.pokemonshowdown.com/style/utilichart.css?0.8627959624976733" />

<!-- Global site tag (gtag.js) - Google Analytics -->
<script async src="https://www.googletagmanager.com/gtag/js?id=UA-26211653-1"></script>
<script>
  window.dataLayer = window.dataLayer || [];
  function gtag(){dataLayer.push(arguments);}
  gtag('js', new Date());

  gtag('config', 'UA-26211653-1');
</script>
<!-- End Google Analytics -->
<!-- Venatus Ad Manager - Install in <HEAD> of page -->
	<script src="https://hb.vntsm.com/v3/live/ad-manager.min.js" type="text/javascript" data-site-id="642aba63ec9a7b11c3c9c1be" data-mode="scan" async></script>
<!-- / Venatus Ad Manager -->

<style>
	@media (max-width:820px) {
		.battle {
			margin: 0 auto;
		}
		.battle-log {
			margin: 7px auto 0;
			max-width: 640px;
			height: 300px;
			position: static;
		}
	}
	.optgroup {
		display: inline-block;
		line-height: 22px;
		font-size: 10pt;
	}
	.optgroup .button {
		height: 25px;
		padding-top: 0;
		padding-bottom: 0;
	}
	.optgroup button.button {
		padding-left: 12px;
		padding-right: 12px;
	}
	.linklist {
		list-style: none;
		margin: 0.5em 0;
		padding: 0;
	}
	.linklist li {
		padding: 2px 0;
	}
	.sidebar {
		float: left;
		width: 320px;
	}
	.bar-wrapper {
		max-width: 1100px;
		margin: 0 auto;
	}
	.bar-wrapper.has-sidebar {
		max-width: 1430px;
	}
	.mainbar {
		margin: 0;
		padding-right: 1px;
	}
	.mainbar.has-sidebar {
		margin-left: 330px;
	}
	@media (min-width: 1511px) {
		.sidebar {
			width: 400px;
		}
		.bar-wrapper.has-sidebar {
			max-width: 1510px;
		}
		.mainbar.has-sidebar {
			margin-left: 410px;
		}
	}
	.section.first-section {
		margin-top: 9px;
	}
	.blocklink small {
		white-space: normal;
	}
	.button {
		vertical-align: middle;
	}
	.replay-controls {
		padding-top: 10px;
	}
	.replay-controls h1 {
		font-size: 16pt;
		font-weight: normal;
		color: #CCC;
	}
	.pagelink {
		text-align: center;
	}
	.pagelink a {
		width: 150px;
	}
	.textbox, .button {
		font-size: 11pt;
		vertical-align: middle;
	}
	@media (max-width: 450px) {
		.button {
			font-size: 9pt;
		}
	}
</style>

<div>

	<header>
		<div class="nav-wrapper"><ul class="nav">
			<li><a class="button nav-first" href="//pokemonshowdown.com/"><img src="//pokemonshowdown.com/images/pokemonshowdownbeta.png" srcset="//pokemonshowdown.com/images/pokemonshowdownbeta.png 1x, //pokemonshowdown.com/images/pokemonshowdownbeta@2x.png 2x" alt="Pok&eacute;mon Showdown" width="146" height="44" /> Home</a></li>
			<li><a class="button" href="//pokemonshowdown.com/dex/">Pok&eacute;dex</a></li>
			<li><a class="button cur" href="/">Replays</a></li>
			<li><a class="button" href="//pokemonshowdown.com/ladder/">Ladder</a></li>
			<li><a class="button nav-last" href="//pokemonshowdown.com/forums/">Forum</a></li>
			<li><a class="button greenbutton nav-first nav-last" href="//play.pokemonshowdown.com/">Play</a></li>
		</ul></div>
	</header>

	<div class="main" id="main">

		<noscript><section class="section">You need to enable JavaScript to use this page; sorry!</section></noscript>

	</div>

</div>

<script defer nomodule src="//play.pokemonshowdown.com/js/lib/ps-polyfill.js"></script>
<script defer src="//play.pokemonshowdown.com/js/lib/preact.min.js"></script>

<script defer src="//play.pokemonshowdown.com/config/config.js?2bddbc15"></script>
<script defer src="//play.pokemonshowdown.com/js/lib/jquery-1.11.0.min.js"></script>
<script defer src="//play.pokemonshowdown.com/js/lib/html-sanitizer-minified.js"></script>
<script defer src="//play.pokemonshowdown.com/js/battle-sound.js"></script>
<script defer src="//play.pokemonshowdown.com/js/battledata.js?0.7209276989879541"></script>
<script defer src="//play.pokemonshowdown.com/data/pokedex-mini.js?0.6111056340867951"></script>
<script defer src="//play.pokemonshowdown.com/data/pokedex-mini-bw.js?0.3532142036491459"></script>
<script defer src="//play.pokemonshowdown.com/data/graphics.js?0.24223875632456182"></script>
<script defer src="//play.pokemonshowdown.com/data/pokedex.js?0.38839984266356864"></script>
<script defer src="//play.pokemonshowdown.com/data/moves.js?0.21866028504024015"></script>
<script defer src="//play.pokemonshowdown.com/data/abilities.js?0.2005157953846628"></script>
<script defer src="//play.pokemonshowdown.com/data/items.js?0.9894211263848525"></script>
<script defer src="//play.pokemonshowdown.com/data/teambuilder-tables.js?0.6008791140282215"></script>
<script defer src="//play.pokemonshowdown.com/js/battle-tooltips.js?0.7580118955022959"></script>
<script defer src="//play.pokemonshowdown.com/js/battle.js?0.6057722274234274"></script>

<script defer src="js/utils.js?e31f9a17"></script>
<script defer src="js/replays-battle.js?7008c182"></script>

<!-- don't scrape this data! just add .json or .log after the URL!
Full API docs: https://github.com/smogon/pokemon-showdown-client/blob/master/WEB-API.md -->
<script type="text/plain" class="log" id="replaylog-smogtours-gen3ou-793779">
|inactive|Battle timer is ON: inactive players will automatically lose when time's up.
|t:|1727801358
|gametype|singles
|player|p1|GreenCatKid|fisherman-gen4|
|player|p2|GoldThe1andOnly|elesa-masters|
|teamsize|p1|6
|teamsize|p2|6
|gen|3
|tier|[Gen 3] OU
|rule|Sleep Clause Mod: Limit one foe put to sleep
|rule|Switch Priority Clause Mod: Faster Pokémon switch first
|rule|Species Clause: Limit one of each Pokémon
|rule|OHKO Clause: OHKO moves are banned
|rule|Evasion Items Clause: Evasion items are banned
|rule|Evasion Moves Clause: Evasion moves are banned
|rule|Endless Battle Clause: Forcing endless battles is banned
|rule|HP Percentage Mod: HP is shown in percentages
|rule|One Boost Passer Clause: Limit one Baton Passer that has a way to boost its stats
|rule|Freeze Clause Mod: Limit one foe frozen
|
|t:|1727801358
|start
|switch|p1a: Hector|Salamence, M, shiny|100/100
|switch|p2a: Beaker Breaker|Tyranitar, M|100/100
|-ability|p1a: Hector|Intimidate|boost
|-unboost|p2a: Beaker Breaker|atk|1
|-weather|Sandstorm|[from] ability: Sand Stream|[of] p2a: Beaker Breaker
|turn|1
|inactive|GreenCatKid also wants the timer to be on.
|c|☆GreenCatKid|glhf
|c|☆GoldThe1andOnly|u 2
|inactive|GreenCatKid has 270 seconds left.
|inactive|GoldThe1andOnly has 270 seconds left.
|
|t:|1727801396
|switch|p1a: Rocky IV|Metagross|100/100
|switch|p2a: Purple Gold|Starmie, shiny|100/100
|
|-weather|Sandstorm|[upkeep]
|-damage|p2a: Purple Gold|94/100|[from] Sandstorm
|-heal|p2a: Purple Gold|100/100|[from] item: Leftovers
|upkeep
|turn|2
|inactive|GoldThe1andOnly has 270 seconds left.
|
|t:|1727801439
|switch|p2a: Atomic Trampoline|Registeel|100/100
|switch|p1a: Momo|Blissey, F|100/100
|
|-weather|Sandstorm|[upkeep]
|-damage|p1a: Momo|94/100|[from] Sandstorm
|-heal|p1a: Momo|100/100|[from] item: Leftovers
|upkeep
|turn|3
|
|t:|1727801465
|switch|p2a: Transparent Wood|Celebi|100/100
|move|p1a: Momo|Sing|p2a: Transparent Wood|[miss]
|-miss|p1a: Momo|p2a: Transparent Wood
|
|-weather|Sandstorm|[upkeep]
|-damage|p2a: Transparent Wood|94/100|[from] Sandstorm
|-damage|p1a: Momo|94/100|[from] Sandstorm
|-heal|p2a: Transparent Wood|100/100|[from] item: Leftovers
|-heal|p1a: Momo|100/100|[from] item: Leftovers
|upkeep
|turn|4
|inactive|GreenCatKid has 270 seconds left.
|
|t:|1727801485
|move|p2a: Transparent Wood|Leech Seed|p1a: Momo
|-start|p1a: Momo|move: Leech Seed
|move|p1a: Momo|Sing|p2a: Transparent Wood|[miss]
|-miss|p1a: Momo|p2a: Transparent Wood
|
|-weather|Sandstorm|[upkeep]
|-damage|p2a: Transparent Wood|94/100|[from] Sandstorm
|-damage|p1a: Momo|94/100|[from] Sandstorm
|-heal|p2a: Transparent Wood|100/100|[from] item: Leftovers
|-heal|p1a: Momo|100/100|[from] item: Leftovers
|-damage|p1a: Momo|88/100|[from] Leech Seed|[of] p2a: Transparent Wood
|upkeep
|turn|5
|inactive|GreenCatKid has 270 seconds left.
|inactive|GoldThe1andOnly has 270 seconds left.
|
|t:|1727801507
|switch|p1a: Hector|Salamence, M, shiny|100/100
|-ability|p1a: Hector|Intimidate|boost
|-unboost|p2a: Transparent Wood|atk|1
|move|p2a: Transparent Wood|Hidden Power|p1a: Hector
|-resisted|p1a: Hector
|-damage|p1a: Hector|85/100
|
|-weather|Sandstorm|[upkeep]
|-damage|p1a: Hector|79/100|[from] Sandstorm
|-damage|p2a: Transparent Wood|94/100|[from] Sandstorm
|-heal|p1a: Hector|85/100|[from] item: Leftovers
|-heal|p2a: Transparent Wood|100/100|[from] item: Leftovers
|upkeep
|turn|6
|inactive|GoldThe1andOnly has 270 seconds left.
|
|t:|1727801529
|switch|p2a: Purple Gold|Starmie, shiny|100/100
|move|p1a: Hector|Dragon Claw|p2a: Purple Gold
|-damage|p2a: Purple Gold|36/100
|
|-weather|Sandstorm|[upkeep]
|-damage|p2a: Purple Gold|30/100|[from] Sandstorm
|-damage|p1a: Hector|79/100|[from] Sandstorm
|-heal|p2a: Purple Gold|36/100|[from] item: Leftovers
|-heal|p1a: Hector|85/100|[from] item: Leftovers
|upkeep
|turn|7
|inactive|GoldThe1andOnly has 270 seconds left.
|inactive|GreenCatKid has 240 seconds left.
|
|t:|1727801552
|switch|p1a: Momo|Blissey, F|88/100
|move|p2a: Purple Gold|Recover|p2a: Purple Gold
|-heal|p2a: Purple Gold|86/100
|
|-weather|Sandstorm|[upkeep]
|-damage|p2a: Purple Gold|80/100|[from] Sandstorm
|-damage|p1a: Momo|82/100|[from] Sandstorm
|-heal|p2a: Purple Gold|86/100|[from] item: Leftovers
|-heal|p1a: Momo|88/100|[from] item: Leftovers
|upkeep
|turn|8
|inactive|GreenCatKid has 240 seconds left.
|
|t:|1727801579
|switch|p2a: Transparent Wood|Celebi|100/100
|move|p1a: Momo|Sing|p2a: Transparent Wood
|-status|p2a: Transparent Wood|slp|[from] move: Sing
|
|-weather|Sandstorm|[upkeep]
|-damage|p2a: Transparent Wood|94/100 slp|[from] Sandstorm
|-damage|p1a: Momo|82/100|[from] Sandstorm
|-heal|p2a: Transparent Wood|100/100 slp|[from] item: Leftovers
|-heal|p1a: Momo|88/100|[from] item: Leftovers
|upkeep
|turn|9
|inactive|GreenCatKid has 210 seconds left.
|inactive|GoldThe1andOnly disconnected and has 300 seconds to reconnect!
|player|p2|
|inactive|GoldThe1andOnly has 270 seconds to reconnect!
|inactive|GoldThe1andOnly reconnected and has 250 seconds left.
|player|p2|GoldThe1andOnly|elesa-masters|
|inactive|GoldThe1andOnly has 240 seconds left.
|
|t:|1727801653
|-curestatus|p2a: Transparent Wood|slp|[from] ability: Natural Cure
|switch|p2a: Atomic Trampoline|Registeel|100/100
|move|p1a: Momo|Ice Beam|p2a: Atomic Trampoline
|-resisted|p2a: Atomic Trampoline
|-damage|p2a: Atomic Trampoline|93/100
|-status|p2a: Atomic Trampoline|frz
|
|-weather|Sandstorm|[upkeep]
|-damage|p1a: Momo|82/100|[from] Sandstorm
|-heal|p1a: Momo|88/100|[from] item: Leftovers
|-heal|p2a: Atomic Trampoline|99/100 frz|[from] item: Leftovers
|upkeep
|turn|10
|inactive|GreenCatKid has 210 seconds left.
|inactive|GoldThe1andOnly has 240 seconds left.
|
|t:|1727801689
|switch|p1a: Serious Sam 2 HD|Skarmory, M|100/100
|switch|p2a: Beaker Breaker|Tyranitar, M|100/100
|
|-weather|Sandstorm|[upkeep]
|upkeep
|turn|11
|inactive|GoldThe1andOnly has 210 seconds left.
|inactive|GoldThe1andOnly has 180 seconds left.
|inactive|GoldThe1andOnly has 150 seconds left.
|
|t:|1727801768
|-singleturn|p2a: Beaker Breaker|move: Focus Punch
|move|p1a: Serious Sam 2 HD|Spikes|p2a: Beaker Breaker
|-sidestart|p2: GoldThe1andOnly|Spikes
|move|p2a: Beaker Breaker|Focus Punch|p1a: Serious Sam 2 HD
|-damage|p1a: Serious Sam 2 HD|55/100
|
|-weather|Sandstorm|[upkeep]
|-heal|p1a: Serious Sam 2 HD|61/100|[from] item: Leftovers
|upkeep
|turn|12
|inactive|GreenCatKid has 180 seconds left.
|inactive|GreenCatKid has 150 seconds left.
|
|t:|1727801822
|move|p1a: Serious Sam 2 HD|Protect|p1a: Serious Sam 2 HD
|-singleturn|p1a: Serious Sam 2 HD|Protect
|move|p2a: Beaker Breaker|Rock Slide|p1a: Serious Sam 2 HD|[miss]
|-miss|p2a: Beaker Breaker|p1a: Serious Sam 2 HD
|
|-weather|Sandstorm|[upkeep]
|-heal|p1a: Serious Sam 2 HD|67/100|[from] item: Leftovers
|upkeep
|turn|13
|inactive|GreenCatKid has 150 seconds left.
|
|t:|1727801850
|switch|p1a: Rocky IV|Metagross|100/100
|switch|p2a: Purple Gold|Starmie, shiny|86/100
|-damage|p2a: Purple Gold|73/100|[from] Spikes
|
|-weather|Sandstorm|[upkeep]
|-damage|p2a: Purple Gold|67/100|[from] Sandstorm
|-heal|p2a: Purple Gold|73/100|[from] item: Leftovers
|upkeep
|turn|14
|inactive|GreenCatKid has 120 seconds left.
|
|t:|1727801874
|switch|p2a: American Cheese|Skarmory, F|100/100
|switch|p1a: Momo|Blissey, F|88/100
|
|-weather|Sandstorm|[upkeep]
|-damage|p1a: Momo|82/100|[from] Sandstorm
|-heal|p1a: Momo|88/100|[from] item: Leftovers
|upkeep
|turn|15
|inactive|GreenCatKid has 120 seconds left.
|inactive|GoldThe1andOnly has 150 seconds left.
|inactive|GoldThe1andOnly has 120 seconds left.
|
|t:|1727801945
|switch|p2a: Beaker Breaker|Tyranitar, M|100/100
|-damage|p2a: Beaker Breaker|88/100|[from] Spikes
|move|p1a: Momo|Sing|p2a: Beaker Breaker|[miss]
|-miss|p1a: Momo|p2a: Beaker Breaker
|
|-weather|Sandstorm|[upkeep]
|-damage|p1a: Momo|82/100|[from] Sandstorm
|-heal|p2a: Beaker Breaker|94/100|[from] item: Leftovers
|-heal|p1a: Momo|88/100|[from] item: Leftovers
|upkeep
|turn|16
|inactive|GreenCatKid has 90 seconds left.
|
|t:|1727801988
|switch|p1a: Rocky IV|Metagross|100/100
|move|p2a: Beaker Breaker|Earthquake|p1a: Rocky IV
|-supereffective|p1a: Rocky IV
|-damage|p1a: Rocky IV|52/100
|
|-weather|Sandstorm|[upkeep]
|-heal|p1a: Rocky IV|58/100|[from] item: Leftovers
|-heal|p2a: Beaker Breaker|100/100|[from] item: Leftovers
|upkeep
|turn|17
|
|t:|1727802007
|switch|p1a: Hector|Salamence, M, shiny|85/100
|-ability|p1a: Hector|Intimidate|boost
|-unboost|p2a: Beaker Breaker|atk|1
|switch|p2a: American Cheese|Skarmory, F|100/100
|
|-weather|Sandstorm|[upkeep]
|-damage|p1a: Hector|79/100|[from] Sandstorm
|-heal|p1a: Hector|85/100|[from] item: Leftovers
|upkeep
|turn|18
|inactive|GoldThe1andOnly has 90 seconds left.
|
|t:|1727802049
|switch|p2a: Atomic Trampoline|Registeel|99/100 frz
|-damage|p2a: Atomic Trampoline|87/100 frz|[from] Spikes
|move|p1a: Hector|Hidden Power|p2a: Atomic Trampoline
|-resisted|p2a: Atomic Trampoline
|-damage|p2a: Atomic Trampoline|80/100 frz
|
|-weather|Sandstorm|[upkeep]
|-damage|p1a: Hector|79/100|[from] Sandstorm
|-heal|p1a: Hector|85/100|[from] item: Leftovers
|-heal|p2a: Atomic Trampoline|86/100 frz|[from] item: Leftovers
|upkeep
|turn|19
|inactive|GreenCatKid has 60 seconds left.
|inactive|GoldThe1andOnly has 60 seconds left.
|inactive|GoldThe1andOnly has 30 seconds left.
|inactive|GoldThe1andOnly has 20 seconds left.
|inactive|GoldThe1andOnly has 15 seconds left.
|
|t:|1727802116
|switch|p1a: Serious Sam 2 HD|Skarmory, M|67/100
|cant|p2a: Atomic Trampoline|frz
|
|-weather|Sandstorm|[upkeep]
|-heal|p1a: Serious Sam 2 HD|74/100|[from] item: Leftovers
|-heal|p2a: Atomic Trampoline|92/100 frz|[from] item: Leftovers
|upkeep
|turn|20
|inactive|GoldThe1andOnly has 25 seconds left this turn.
|inactive|GoldThe1andOnly has 20 seconds left.
|
|t:|1727802122
|switch|p2a: Purple Gold|Starmie, shiny|73/100
|-damage|p2a: Purple Gold|61/100|[from] Spikes
|move|p1a: Serious Sam 2 HD|Spikes|p2a: Purple Gold
|-sidestart|p2: GoldThe1andOnly|Spikes
|
|-weather|Sandstorm|[upkeep]
|-damage|p2a: Purple Gold|55/100|[from] Sandstorm
|-heal|p2a: Purple Gold|61/100|[from] item: Leftovers
|-heal|p1a: Serious Sam 2 HD|80/100|[from] item: Leftovers
|upkeep
|turn|21
|inactive|GoldThe1andOnly has 30 seconds left this turn.
|
|t:|1727802126
|move|p1a: Serious Sam 2 HD|Protect|p1a: Serious Sam 2 HD
|-singleturn|p1a: Serious Sam 2 HD|Protect
|move|p2a: Purple Gold|Recover|p2a: Purple Gold
|-heal|p2a: Purple Gold|100/100
|
|-weather|Sandstorm|[upkeep]
|-damage|p2a: Purple Gold|94/100|[from] Sandstorm
|-heal|p2a: Purple Gold|100/100|[from] item: Leftovers
|-heal|p1a: Serious Sam 2 HD|86/100|[from] item: Leftovers
|upkeep
|turn|22
|
|t:|1727802132
|switch|p1a: Momo|Blissey, F|88/100
|move|p2a: Purple Gold|Thunderbolt|p1a: Momo
|-damage|p1a: Momo|77/100
|
|-weather|Sandstorm|[upkeep]
|-damage|p2a: Purple Gold|94/100|[from] Sandstorm
|-damage|p1a: Momo|70/100|[from] Sandstorm
|-heal|p2a: Purple Gold|100/100|[from] item: Leftovers
|-heal|p1a: Momo|77/100|[from] item: Leftovers
|upkeep
|turn|23
|inactive|GreenCatKid has 90 seconds left.
|
|t:|1727802140
|switch|p2a: American Cheese|Skarmory, F|100/100
|move|p1a: Momo|Thunderbolt|p2a: American Cheese
|-supereffective|p2a: American Cheese
|-damage|p2a: American Cheese|53/100
|
|-weather|Sandstorm|[upkeep]
|-damage|p1a: Momo|70/100|[from] Sandstorm
|-heal|p2a: American Cheese|59/100|[from] item: Leftovers
|-heal|p1a: Momo|77/100|[from] item: Leftovers
|upkeep
|turn|24
|
|t:|1727802155
|switch|p2a: Beaker Breaker|Tyranitar, M|100/100
|-damage|p2a: Beaker Breaker|84/100|[from] Spikes
|move|p1a: Momo|Soft-Boiled|p1a: Momo
|-heal|p1a: Momo|100/100
|
|-weather|Sandstorm|[upkeep]
|-damage|p1a: Momo|94/100|[from] Sandstorm
|-heal|p2a: Beaker Breaker|90/100|[from] item: Leftovers
|-heal|p1a: Momo|100/100|[from] item: Leftovers
|upkeep
|turn|25
|inactive|GreenCatKid has 90 seconds left.
|inactive|GoldThe1andOnly has 30 seconds left.
|
|t:|1727802181
|switch|p2a: WorldsPurestCookie|Claydol|100/100
|switch|p1a: Serious Sam 2 HD|Skarmory, M|86/100
|
|-weather|Sandstorm|[upkeep]
|-heal|p1a: Serious Sam 2 HD|92/100|[from] item: Leftovers
|upkeep
|turn|26
|inactive|GreenCatKid has 90 seconds left.
|
|t:|1727802190
|switch|p2a: American Cheese|Skarmory, F|59/100
|move|p1a: Serious Sam 2 HD|Toxic|p2a: American Cheese
|-immune|p2a: American Cheese
|
|-weather|Sandstorm|[upkeep]
|-heal|p1a: Serious Sam 2 HD|98/100|[from] item: Leftovers
|-heal|p2a: American Cheese|65/100|[from] item: Leftovers
|upkeep
|turn|27
|
|t:|1727802193
|move|p1a: Serious Sam 2 HD|Spikes|p2a: American Cheese
|-sidestart|p2: GoldThe1andOnly|Spikes
|move|p2a: American Cheese|Spikes|p1a: Serious Sam 2 HD
|-sidestart|p1: GreenCatKid|Spikes
|
|-weather|Sandstorm|[upkeep]
|-heal|p1a: Serious Sam 2 HD|100/100|[from] item: Leftovers
|-heal|p2a: American Cheese|71/100|[from] item: Leftovers
|upkeep
|turn|28
|
|t:|1727802196
|move|p1a: Serious Sam 2 HD|Roar|p2a: American Cheese
|drag|p2a: Transparent Wood|Celebi|100/100
|-damage|p2a: Transparent Wood|76/100|[from] Spikes
|
|-weather|Sandstorm|[upkeep]
|-damage|p2a: Transparent Wood|69/100|[from] Sandstorm
|-heal|p2a: Transparent Wood|76/100|[from] item: Leftovers
|upkeep
|turn|29
|
|t:|1727802212
|move|p1a: Serious Sam 2 HD|Protect|p1a: Serious Sam 2 HD
|-singleturn|p1a: Serious Sam 2 HD|Protect
|move|p2a: Transparent Wood|Leech Seed|p1a: Serious Sam 2 HD
|-activate|p1a: Serious Sam 2 HD|Protect
|
|-weather|Sandstorm|[upkeep]
|-damage|p2a: Transparent Wood|69/100|[from] Sandstorm
|-heal|p2a: Transparent Wood|76/100|[from] item: Leftovers
|upkeep
|turn|30
|
|t:|1727802227
|switch|p1a: Hector|Salamence, M, shiny|85/100
|-ability|p1a: Hector|Intimidate|boost
|-unboost|p2a: Transparent Wood|atk|1
|move|p2a: Transparent Wood|Leech Seed|p1a: Hector
|-start|p1a: Hector|move: Leech Seed
|
|-weather|Sandstorm|[upkeep]
|-damage|p1a: Hector|79/100|[from] Sandstorm
|-damage|p2a: Transparent Wood|69/100|[from] Sandstorm
|-heal|p1a: Hector|85/100|[from] item: Leftovers
|-damage|p1a: Hector|73/100|[from] Leech Seed|[of] p2a: Transparent Wood
|-heal|p2a: Transparent Wood|81/100|[silent]
|-heal|p2a: Transparent Wood|88/100|[from] item: Leftovers
|upkeep
|turn|31
|inactive|GoldThe1andOnly has 60 seconds left.
|inactive|GreenCatKid has 90 seconds left.
|
|t:|1727802259
|move|p1a: Hector|Fire Blast|p2a: Transparent Wood
|-supereffective|p2a: Transparent Wood
|-damage|p2a: Transparent Wood|18/100
|move|p2a: Transparent Wood|Psychic|p1a: Hector
|-damage|p1a: Hector|16/100
|
|-weather|Sandstorm|[upkeep]
|-damage|p1a: Hector|10/100|[from] Sandstorm
|-damage|p2a: Transparent Wood|11/100|[from] Sandstorm
|-heal|p1a: Hector|16/100|[from] item: Leftovers
|-damage|p1a: Hector|4/100|[from] Leech Seed|[of] p2a: Transparent Wood
|-heal|p2a: Transparent Wood|23/100|[silent]
|-heal|p2a: Transparent Wood|30/100|[from] item: Leftovers
|upkeep
|turn|32
|inactive|GreenCatKid has 90 seconds left.
|inactive|GoldThe1andOnly has 60 seconds left.
|
|t:|1727802278
|switch|p2a: WorldsPurestCookie|Claydol|100/100
|move|p1a: Hector|Dragon Claw|p2a: WorldsPurestCookie
|-damage|p2a: WorldsPurestCookie|63/100
|
|-weather|Sandstorm|[upkeep]
|-damage|p1a: Hector|0 fnt|[from] Sandstorm
|faint|p1a: Hector
|-heal|p2a: WorldsPurestCookie|69/100|[from] item: Leftovers
|upkeep
|
|t:|1727802288
|switch|p1a: Serious Sam 2 HD|Skarmory, M|100/100
|turn|33
|
|t:|1727802299
|switch|p2a: American Cheese|Skarmory, F|71/100
|move|p1a: Serious Sam 2 HD|Toxic|p2a: American Cheese
|-immune|p2a: American Cheese
|
|-weather|Sandstorm|[upkeep]
|-heal|p2a: American Cheese|77/100|[from] item: Leftovers
|upkeep
|turn|34
|
|t:|1727802314
|move|p2a: American Cheese|Spikes|p1a: Serious Sam 2 HD
|-sidestart|p1: GreenCatKid|Spikes
|move|p1a: Serious Sam 2 HD|Roar|p2a: American Cheese
|drag|p2a: Transparent Wood|Celebi|30/100
|-damage|p2a: Transparent Wood|5/100|[from] Spikes
|
|-weather|Sandstorm|[upkeep]
|-damage|p2a: Transparent Wood|0 fnt|[from] Sandstorm
|faint|p2a: Transparent Wood
|upkeep
|
|t:|1727802324
|switch|p2a: American Cheese|Skarmory, F|77/100
|turn|35
|
|t:|1727802329
|move|p2a: American Cheese|Spikes|p1a: Serious Sam 2 HD
|-sidestart|p1: GreenCatKid|Spikes
|move|p1a: Serious Sam 2 HD|Roar|p2a: American Cheese
|drag|p2a: Atomic Trampoline|Registeel|92/100 frz
|-damage|p2a: Atomic Trampoline|67/100 frz|[from] Spikes
|
|-weather|Sandstorm|[upkeep]
|-heal|p2a: Atomic Trampoline|73/100 frz|[from] item: Leftovers
|upkeep
|turn|36
|inactive|GreenCatKid has 90 seconds left.
|
|t:|1727802346
|cant|p2a: Atomic Trampoline|frz
|move|p1a: Serious Sam 2 HD|Roar|p2a: Atomic Trampoline
|drag|p2a: Beaker Breaker|Tyranitar, M|90/100
|-damage|p2a: Beaker Breaker|65/100|[from] Spikes
|
|-weather|Sandstorm|[upkeep]
|-heal|p2a: Beaker Breaker|71/100|[from] item: Leftovers
|upkeep
|turn|37
|
|t:|1727802358
|-singleturn|p2a: Beaker Breaker|move: Focus Punch
|switch|p1a: Cocomelon|Claydol|100/100
|move|p2a: Beaker Breaker|Focus Punch|p1a: Cocomelon
|-resisted|p1a: Cocomelon
|-crit|p1a: Cocomelon
|-damage|p1a: Cocomelon|40/100
|
|-weather|Sandstorm|[upkeep]
|-heal|p1a: Cocomelon|46/100|[from] item: Leftovers
|-heal|p2a: Beaker Breaker|78/100|[from] item: Leftovers
|upkeep
|turn|38
|
|t:|1727802368
|move|p1a: Cocomelon|Rapid Spin|p2a: Beaker Breaker
|-resisted|p2a: Beaker Breaker
|-damage|p2a: Beaker Breaker|76/100
|-sideend|p1: GreenCatKid|Spikes|[from] move: Rapid Spin|[of] p1a: Cocomelon
|move|p2a: Beaker Breaker|Hidden Power|p1a: Cocomelon
|-supereffective|p1a: Cocomelon
|-crit|p1a: Cocomelon
|-damage|p1a: Cocomelon|0 fnt
|faint|p1a: Cocomelon
|
|t:|1727802383
|switch|p1a: Serious Sam 2 HD|Skarmory, M|100/100
|
|-weather|Sandstorm|[upkeep]
|-heal|p2a: Beaker Breaker|82/100|[from] item: Leftovers
|upkeep
|turn|39
|
|t:|1727802391
|-singleturn|p2a: Beaker Breaker|move: Focus Punch
|move|p2a: Beaker Breaker|Focus Punch|p1a: Serious Sam 2 HD
|-damage|p1a: Serious Sam 2 HD|54/100
|move|p1a: Serious Sam 2 HD|Roar|p2a: Beaker Breaker
|drag|p2a: Atomic Trampoline|Registeel|73/100 frz
|-damage|p2a: Atomic Trampoline|48/100 frz|[from] Spikes
|
|-weather|Sandstorm|[upkeep]
|-heal|p1a: Serious Sam 2 HD|60/100|[from] item: Leftovers
|-heal|p2a: Atomic Trampoline|54/100 frz|[from] item: Leftovers
|upkeep
|turn|40
|
|t:|1727802418
|switch|p1a: Gojeera|Tyranitar, F|100/100
|-curestatus|p2a: Atomic Trampoline|frz|[msg]
|move|p2a: Atomic Trampoline|Thunder Wave|p1a: Gojeera
|-status|p1a: Gojeera|par
|
|-weather|Sandstorm|[upkeep]
|-heal|p2a: Atomic Trampoline|61/100|[from] item: Leftovers
|upkeep
|turn|41
|inactive|GreenCatKid has 60 seconds left.
|inactive|GoldThe1andOnly has 120 seconds left.
|
|t:|1727802453
|switch|p2a: WorldsPurestCookie|Claydol|69/100
|move|p1a: Gojeera|Dragon Dance|p1a: Gojeera
|-boost|p1a: Gojeera|atk|1
|-boost|p1a: Gojeera|spe|1
|
|-weather|Sandstorm|[upkeep]
|-heal|p2a: WorldsPurestCookie|75/100|[from] item: Leftovers
|upkeep
|turn|42
|inactive|GoldThe1andOnly has 120 seconds left.
|
|t:|1727802493
|move|p2a: WorldsPurestCookie|Earthquake|p1a: Gojeera
|-supereffective|p1a: Gojeera
|-damage|p1a: Gojeera|38/100 par
|move|p1a: Gojeera|Hidden Power|p2a: WorldsPurestCookie
|-supereffective|p2a: WorldsPurestCookie
|-damage|p2a: WorldsPurestCookie|6/100
|
|-weather|Sandstorm|[upkeep]
|-heal|p2a: WorldsPurestCookie|12/100|[from] item: Leftovers
|-heal|p1a: Gojeera|44/100 par|[from] item: Leftovers
|upkeep
|turn|43
|
|t:|1727802506
|switch|p1a: Serious Sam 2 HD|Skarmory, M|60/100
|move|p2a: WorldsPurestCookie|Rapid Spin|p1a: Serious Sam 2 HD
|-resisted|p1a: Serious Sam 2 HD
|-damage|p1a: Serious Sam 2 HD|58/100
|-sideend|p2: GoldThe1andOnly|Spikes|[from] move: Rapid Spin|[of] p2a: WorldsPurestCookie
|
|-weather|Sandstorm|[upkeep]
|-heal|p2a: WorldsPurestCookie|18/100|[from] item: Leftovers
|-heal|p1a: Serious Sam 2 HD|64/100|[from] item: Leftovers
|upkeep
|turn|44
|
|t:|1727802526
|move|p2a: WorldsPurestCookie|Explosion|p1a: Serious Sam 2 HD
|-resisted|p1a: Serious Sam 2 HD
|-damage|p1a: Serious Sam 2 HD|13/100
|faint|p2a: WorldsPurestCookie
|
|t:|1727802529
|switch|p2a: Purple Gold|Starmie, shiny|100/100
|
|-weather|Sandstorm|[upkeep]
|-damage|p2a: Purple Gold|94/100|[from] Sandstorm
|-heal|p2a: Purple Gold|100/100|[from] item: Leftovers
|-heal|p1a: Serious Sam 2 HD|19/100|[from] item: Leftovers
|upkeep
|turn|45
|
|t:|1727802538
|switch|p1a: Momo|Blissey, F|100/100
|move|p2a: Purple Gold|Thunderbolt|p1a: Momo
|-damage|p1a: Momo|90/100
|
|-weather|Sandstorm|[upkeep]
|-damage|p2a: Purple Gold|94/100|[from] Sandstorm
|-damage|p1a: Momo|84/100|[from] Sandstorm
|-heal|p2a: Purple Gold|100/100|[from] item: Leftovers
|-heal|p1a: Momo|90/100|[from] item: Leftovers
|upkeep
|turn|46
|
|t:|1727802545
|switch|p2a: Beaker Breaker|Tyranitar, M|82/100
|move|p1a: Momo|Thunderbolt|p2a: Beaker Breaker
|-damage|p2a: Beaker Breaker|62/100
|
|-weather|Sandstorm|[upkeep]
|-damage|p1a: Momo|84/100|[from] Sandstorm
|-heal|p2a: Beaker Breaker|68/100|[from] item: Leftovers
|-heal|p1a: Momo|90/100|[from] item: Leftovers
|upkeep
|turn|47
|
|t:|1727802556
|switch|p1a: Gojeera|Tyranitar, F|44/100 par
|move|p2a: Beaker Breaker|Rock Slide|p1a: Gojeera
|-damage|p1a: Gojeera|10/100 par
|
|-weather|Sandstorm|[upkeep]
|-heal|p2a: Beaker Breaker|75/100|[from] item: Leftovers
|-heal|p1a: Gojeera|17/100 par|[from] item: Leftovers
|upkeep
|turn|48
|
|t:|1727802561
|move|p2a: Beaker Breaker|Hidden Power|p1a: Gojeera
|-supereffective|p1a: Gojeera
|-crit|p1a: Gojeera
|-damage|p1a: Gojeera|0 fnt
|faint|p1a: Gojeera
|
|t:|1727802563
|switch|p1a: Rocky IV|Metagross|58/100
|
|-weather|Sandstorm|[upkeep]
|-heal|p1a: Rocky IV|64/100|[from] item: Leftovers
|-heal|p2a: Beaker Breaker|81/100|[from] item: Leftovers
|upkeep
|turn|49
|
|t:|1727802572
|switch|p2a: American Cheese|Skarmory, F|77/100
|move|p1a: Rocky IV|Meteor Mash|p2a: American Cheese
|-resisted|p2a: American Cheese
|-damage|p2a: American Cheese|56/100
|
|-weather|Sandstorm|[upkeep]
|-heal|p2a: American Cheese|62/100|[from] item: Leftovers
|-heal|p1a: Rocky IV|70/100|[from] item: Leftovers
|upkeep
|turn|50
|
|t:|1727802579
|switch|p1a: Momo|Blissey, F|90/100
|move|p2a: American Cheese|Spikes|p1a: Momo
|-sidestart|p1: GreenCatKid|Spikes
|
|-weather|Sandstorm|[upkeep]
|-damage|p1a: Momo|84/100|[from] Sandstorm
|-heal|p2a: American Cheese|68/100|[from] item: Leftovers
|-heal|p1a: Momo|90/100|[from] item: Leftovers
|upkeep
|turn|51
|
|t:|1727802585
|move|p2a: American Cheese|Protect|p2a: American Cheese
|-singleturn|p2a: American Cheese|Protect
|move|p1a: Momo|Sing|p2a: American Cheese
|-activate|p2a: American Cheese|Protect
|
|-weather|Sandstorm|[upkeep]
|-damage|p1a: Momo|84/100|[from] Sandstorm
|-heal|p2a: American Cheese|74/100|[from] item: Leftovers
|-heal|p1a: Momo|90/100|[from] item: Leftovers
|upkeep
|turn|52
|inactive|GoldThe1andOnly has 150 seconds left.
|inactive|GoldThe1andOnly has 120 seconds left.
|
|t:|1727802657
|switch|p2a: Atomic Trampoline|Registeel|61/100
|move|p1a: Momo|Sing|p2a: Atomic Trampoline
|-status|p2a: Atomic Trampoline|slp|[from] move: Sing
|
|-weather|Sandstorm|[upkeep]
|-damage|p1a: Momo|84/100|[from] Sandstorm
|-heal|p1a: Momo|90/100|[from] item: Leftovers
|-heal|p2a: Atomic Trampoline|67/100 slp|[from] item: Leftovers
|upkeep
|turn|53
|inactive|GreenCatKid has 90 seconds left.
|
|t:|1727802667
|switch|p1a: Serious Sam 2 HD|Skarmory, M|19/100
|switch|p2a: Beaker Breaker|Tyranitar, M|81/100
|
|-weather|Sandstorm|[upkeep]
|-heal|p1a: Serious Sam 2 HD|25/100|[from] item: Leftovers
|-heal|p2a: Beaker Breaker|87/100|[from] item: Leftovers
|upkeep
|turn|54
|
|t:|1727802675
|-singleturn|p2a: Beaker Breaker|move: Focus Punch
|move|p1a: Serious Sam 2 HD|Protect|p1a: Serious Sam 2 HD
|-singleturn|p1a: Serious Sam 2 HD|Protect
|move|p2a: Beaker Breaker|Focus Punch|p1a: Serious Sam 2 HD
|-activate|p1a: Serious Sam 2 HD|Protect
|
|-weather|Sandstorm|[upkeep]
|-heal|p1a: Serious Sam 2 HD|31/100|[from] item: Leftovers
|-heal|p2a: Beaker Breaker|93/100|[from] item: Leftovers
|upkeep
|turn|55
|inactive|GoldThe1andOnly has 120 seconds left.
|
|t:|1727802680
|-singleturn|p2a: Beaker Breaker|move: Focus Punch
|move|p1a: Serious Sam 2 HD|Toxic|p2a: Beaker Breaker
|-status|p2a: Beaker Breaker|tox
|move|p2a: Beaker Breaker|Focus Punch|p1a: Serious Sam 2 HD
|-damage|p1a: Serious Sam 2 HD|0 fnt
|faint|p1a: Serious Sam 2 HD
|
|t:|1727802686
|switch|p1a: Rocky IV|Metagross|70/100
|-damage|p1a: Rocky IV|58/100|[from] Spikes
|
|-weather|Sandstorm|[upkeep]
|-heal|p1a: Rocky IV|64/100|[from] item: Leftovers
|-heal|p2a: Beaker Breaker|99/100 tox|[from] item: Leftovers
|-damage|p2a: Beaker Breaker|93/100 tox|[from] psn
|upkeep
|turn|56
|
|t:|1727802702
|switch|p2a: American Cheese|Skarmory, F|74/100
|move|p1a: Rocky IV|Protect||[still]
|-fail|p1a: Rocky IV
|
|-weather|Sandstorm|[upkeep]
|-heal|p2a: American Cheese|80/100|[from] item: Leftovers
|-heal|p1a: Rocky IV|70/100|[from] item: Leftovers
|upkeep
|turn|57
|
|t:|1727802708
|move|p2a: American Cheese|Spikes|p1a: Rocky IV
|-sidestart|p1: GreenCatKid|Spikes
|move|p1a: Rocky IV|Meteor Mash|p2a: American Cheese
|-resisted|p2a: American Cheese
|-damage|p2a: American Cheese|61/100
|-boost|p1a: Rocky IV|atk|1
|
|-weather|Sandstorm|[upkeep]
|-heal|p2a: American Cheese|67/100|[from] item: Leftovers
|-heal|p1a: Rocky IV|76/100|[from] item: Leftovers
|upkeep
|turn|58
|
|t:|1727802714
|move|p2a: American Cheese|Protect|p2a: American Cheese
|-singleturn|p2a: American Cheese|Protect
|move|p1a: Rocky IV|Meteor Mash|p2a: American Cheese|[miss]
|-miss|p1a: Rocky IV|p2a: American Cheese
|
|-weather|Sandstorm|[upkeep]
|-heal|p2a: American Cheese|73/100|[from] item: Leftovers
|-heal|p1a: Rocky IV|82/100|[from] item: Leftovers
|upkeep
|turn|59
|
|t:|1727802716
|move|p1a: Rocky IV|Meteor Mash|p2a: American Cheese
|-resisted|p2a: American Cheese
|-damage|p2a: American Cheese|42/100
|move|p2a: American Cheese|Roar|p1a: Rocky IV
|drag|p1a: Momo|Blissey, F|90/100
|-damage|p1a: Momo|73/100|[from] Spikes
|
|-weather|Sandstorm|[upkeep]
|-damage|p1a: Momo|67/100|[from] Sandstorm
|-heal|p2a: American Cheese|48/100|[from] item: Leftovers
|-heal|p1a: Momo|73/100|[from] item: Leftovers
|upkeep
|turn|60
|inactive|GoldThe1andOnly has 150 seconds left.
|
|t:|1727802739
|move|p2a: American Cheese|Protect|p2a: American Cheese
|-singleturn|p2a: American Cheese|Protect
|move|p1a: Momo|Thunderbolt|p2a: American Cheese
|-activate|p2a: American Cheese|Protect
|
|-weather|Sandstorm|[upkeep]
|-damage|p1a: Momo|67/100|[from] Sandstorm
|-heal|p2a: American Cheese|54/100|[from] item: Leftovers
|-heal|p1a: Momo|73/100|[from] item: Leftovers
|upkeep
|turn|61
|inactive|GoldThe1andOnly has 150 seconds left.
|inactive|GoldThe1andOnly has 120 seconds left.
|inactive|GoldThe1andOnly has 90 seconds left.
|inactive|GoldThe1andOnly has 60 seconds left.
|
|t:|1727802844
|switch|p1a: Rocky IV|Metagross|82/100
|-damage|p1a: Rocky IV|66/100|[from] Spikes
|move|p2a: American Cheese|Spikes|p1a: Rocky IV
|-sidestart|p1: GreenCatKid|Spikes
|
|-weather|Sandstorm|[upkeep]
|-heal|p2a: American Cheese|60/100|[from] item: Leftovers
|-heal|p1a: Rocky IV|72/100|[from] item: Leftovers
|upkeep
|turn|62
|
|t:|1727802852
|move|p1a: Rocky IV|Meteor Mash|p2a: American Cheese
|-resisted|p2a: American Cheese
|-damage|p2a: American Cheese|39/100
|move|p2a: American Cheese|Roar|p1a: Rocky IV
|drag|p1a: Momo|Blissey, F|73/100
|-damage|p1a: Momo|48/100|[from] Spikes
|
|-weather|Sandstorm|[upkeep]
|-damage|p1a: Momo|42/100|[from] Sandstorm
|-heal|p2a: American Cheese|45/100|[from] item: Leftovers
|-heal|p1a: Momo|48/100|[from] item: Leftovers
|upkeep
|turn|63
|
|t:|1727802860
|switch|p2a: Beaker Breaker|Tyranitar, M|93/100 tox
|move|p1a: Momo|Soft-Boiled|p1a: Momo
|-heal|p1a: Momo|98/100
|
|-weather|Sandstorm|[upkeep]
|-damage|p1a: Momo|92/100|[from] Sandstorm
|-heal|p2a: Beaker Breaker|99/100 tox|[from] item: Leftovers
|-damage|p2a: Beaker Breaker|93/100 tox|[from] psn
|-heal|p1a: Momo|98/100|[from] item: Leftovers
|upkeep
|turn|64
|inactive|GoldThe1andOnly has 60 seconds left.
|
|t:|1727802902
|move|p2a: Beaker Breaker|Earthquake|p1a: Momo
|-damage|p1a: Momo|60/100
|move|p1a: Momo|Soft-Boiled|p1a: Momo
|-heal|p1a: Momo|100/100
|
|-weather|Sandstorm|[upkeep]
|-damage|p1a: Momo|94/100|[from] Sandstorm
|-heal|p2a: Beaker Breaker|99/100 tox|[from] item: Leftovers
|-damage|p2a: Beaker Breaker|87/100 tox|[from] psn
|-heal|p1a: Momo|100/100|[from] item: Leftovers
|upkeep
|turn|65
|
|t:|1727802916
|-singleturn|p2a: Beaker Breaker|move: Focus Punch
|move|p1a: Momo|Thunderbolt|p2a: Beaker Breaker
|-damage|p2a: Beaker Breaker|66/100 tox
|move|p2a: Beaker Breaker|Focus Punch||[still]
|cant|p2a: Beaker Breaker|Focus Punch|Focus Punch
|
|-weather|Sandstorm|[upkeep]
|-damage|p1a: Momo|94/100|[from] Sandstorm
|-heal|p2a: Beaker Breaker|72/100 tox|[from] item: Leftovers
|-damage|p2a: Beaker Breaker|54/100 tox|[from] psn
|-heal|p1a: Momo|100/100|[from] item: Leftovers
|upkeep
|turn|66
|inactive|GreenCatKid has 120 seconds left.
|
|t:|1727802934
|switch|p2a: Atomic Trampoline|Registeel|67/100 slp
|move|p1a: Momo|Soft-Boiled||[still]
|-fail|p1a: Momo|heal
|
|-weather|Sandstorm|[upkeep]
|-damage|p1a: Momo|94/100|[from] Sandstorm
|-heal|p1a: Momo|100/100|[from] item: Leftovers
|-heal|p2a: Atomic Trampoline|73/100 slp|[from] item: Leftovers
|upkeep
|turn|67
|inactive|GreenCatKid has 120 seconds left.
|
|t:|1727802947
|move|p1a: Momo|Thunderbolt|p2a: Atomic Trampoline
|-damage|p2a: Atomic Trampoline|58/100 slp
|cant|p2a: Atomic Trampoline|slp
|
|-weather|Sandstorm|[upkeep]
|-damage|p1a: Momo|94/100|[from] Sandstorm
|-heal|p1a: Momo|100/100|[from] item: Leftovers
|-heal|p2a: Atomic Trampoline|64/100 slp|[from] item: Leftovers
|upkeep
|turn|68
|inactive|GreenCatKid has 120 seconds left.
|
|t:|1727802958
|switch|p1a: Rocky IV|Metagross|72/100
|-damage|p1a: Rocky IV|47/100|[from] Spikes
|cant|p2a: Atomic Trampoline|slp
|
|-weather|Sandstorm|[upkeep]
|-heal|p1a: Rocky IV|53/100|[from] item: Leftovers
|-heal|p2a: Atomic Trampoline|70/100 slp|[from] item: Leftovers
|upkeep
|turn|69
|inactive|GreenCatKid has 120 seconds left.
|
|t:|1727802977
|switch|p2a: American Cheese|Skarmory, F|45/100
|move|p1a: Rocky IV|Protect||[still]
|-fail|p1a: Rocky IV
|
|-weather|Sandstorm|[upkeep]
|-heal|p2a: American Cheese|51/100|[from] item: Leftovers
|-heal|p1a: Rocky IV|59/100|[from] item: Leftovers
|upkeep
|turn|70
|inactive|GreenCatKid has 120 seconds left.
|
|t:|1727802983
|move|p1a: Rocky IV|Protect|p1a: Rocky IV
|-singleturn|p1a: Rocky IV|Protect
|move|p2a: American Cheese|Roar|p1a: Rocky IV
|-activate|p1a: Rocky IV|Protect
|
|-weather|Sandstorm|[upkeep]
|-heal|p2a: American Cheese|57/100|[from] item: Leftovers
|-heal|p1a: Rocky IV|65/100|[from] item: Leftovers
|upkeep
|turn|71
|
|t:|1727802987
|move|p1a: Rocky IV|Meteor Mash|p2a: American Cheese
|-resisted|p2a: American Cheese
|-damage|p2a: American Cheese|39/100
|move|p2a: American Cheese|Roar|p1a: Rocky IV
|drag|p1a: Momo|Blissey, F|100/100
|-damage|p1a: Momo|76/100|[from] Spikes
|
|-weather|Sandstorm|[upkeep]
|-damage|p1a: Momo|69/100|[from] Sandstorm
|-heal|p2a: American Cheese|45/100|[from] item: Leftovers
|-heal|p1a: Momo|76/100|[from] item: Leftovers
|upkeep
|turn|72
|
|t:|1727802994
|move|p2a: American Cheese|Protect|p2a: American Cheese
|-singleturn|p2a: American Cheese|Protect
|move|p1a: Momo|Thunderbolt|p2a: American Cheese
|-activate|p2a: American Cheese|Protect
|
|-weather|Sandstorm|[upkeep]
|-damage|p1a: Momo|69/100|[from] Sandstorm
|-heal|p2a: American Cheese|51/100|[from] item: Leftovers
|-heal|p1a: Momo|76/100|[from] item: Leftovers
|upkeep
|turn|73
|
|t:|1727803001
|switch|p2a: Atomic Trampoline|Registeel|70/100 slp
|move|p1a: Momo|Thunderbolt|p2a: Atomic Trampoline
|-damage|p2a: Atomic Trampoline|55/100 slp
|
|-weather|Sandstorm|[upkeep]
|-damage|p1a: Momo|69/100|[from] Sandstorm
|-heal|p1a: Momo|76/100|[from] item: Leftovers
|-heal|p2a: Atomic Trampoline|61/100 slp|[from] item: Leftovers
|upkeep
|turn|74
|
|t:|1727803008
|move|p1a: Momo|Thunderbolt|p2a: Atomic Trampoline
|-damage|p2a: Atomic Trampoline|46/100 slp
|-curestatus|p2a: Atomic Trampoline|slp|[msg]
|move|p2a: Atomic Trampoline|Thunder Wave|p1a: Momo
|-status|p1a: Momo|par
|
|-weather|Sandstorm|[upkeep]
|-damage|p1a: Momo|69/100 par|[from] Sandstorm
|-heal|p2a: Atomic Trampoline|52/100|[from] item: Leftovers
|-heal|p1a: Momo|76/100 par|[from] item: Leftovers
|upkeep
|turn|75
|inactive|GreenCatKid has 150 seconds left.
|inactive|GoldThe1andOnly has 120 seconds left.
|
|t:|1727803024
|switch|p2a: Beaker Breaker|Tyranitar, M|54/100 tox
|cant|p1a: Momo|par
|
|-weather|Sandstorm|[upkeep]
|-damage|p1a: Momo|69/100 par|[from] Sandstorm
|-heal|p2a: Beaker Breaker|60/100 tox|[from] item: Leftovers
|-damage|p2a: Beaker Breaker|54/100 tox|[from] psn
|-heal|p1a: Momo|76/100 par|[from] item: Leftovers
|upkeep
|turn|76
|inactive|GoldThe1andOnly has 120 seconds left.
|
|t:|1727803040
|move|p2a: Beaker Breaker|Earthquake|p1a: Momo
|-damage|p1a: Momo|36/100 par
|move|p1a: Momo|Soft-Boiled|p1a: Momo
|-heal|p1a: Momo|86/100 par
|
|-weather|Sandstorm|[upkeep]
|-damage|p1a: Momo|80/100 par|[from] Sandstorm
|-heal|p2a: Beaker Breaker|60/100 tox|[from] item: Leftovers
|-damage|p2a: Beaker Breaker|48/100 tox|[from] psn
|-heal|p1a: Momo|86/100 par|[from] item: Leftovers
|upkeep
|turn|77
|inactive|GreenCatKid has 150 seconds left.
|inactive|GoldThe1andOnly has 120 seconds left.
|
|t:|1727803052
|move|p2a: Beaker Breaker|Earthquake|p1a: Momo
|-crit|p1a: Momo
|-damage|p1a: Momo|4/100 par
|cant|p1a: Momo|par
|
|-weather|Sandstorm|[upkeep]
|-damage|p1a: Momo|0 fnt|[from] Sandstorm
|faint|p1a: Momo
|-heal|p2a: Beaker Breaker|54/100 tox|[from] item: Leftovers
|-damage|p2a: Beaker Breaker|35/100 tox|[from] psn
|upkeep
|
|t:|1727803056
|switch|p1a: Rocky IV|Metagross|65/100
|-damage|p1a: Rocky IV|40/100|[from] Spikes
|turn|78
|inactive|GreenCatKid has 150 seconds left.
|
|t:|1727803067
|switch|p2a: American Cheese|Skarmory, F|51/100
|move|p1a: Rocky IV|Meteor Mash|p2a: American Cheese
|-resisted|p2a: American Cheese
|-damage|p2a: American Cheese|30/100
|-boost|p1a: Rocky IV|atk|1
|
|-weather|Sandstorm|[upkeep]
|-heal|p2a: American Cheese|36/100|[from] item: Leftovers
|-heal|p1a: Rocky IV|47/100|[from] item: Leftovers
|upkeep
|turn|79
|
|t:|1727803077
|switch|p2a: Purple Gold|Starmie, shiny|100/100
|move|p1a: Rocky IV|Meteor Mash|p2a: Purple Gold
|-resisted|p2a: Purple Gold
|-damage|p2a: Purple Gold|44/100
|
|-weather|Sandstorm|[upkeep]
|-damage|p2a: Purple Gold|38/100|[from] Sandstorm
|-heal|p2a: Purple Gold|44/100|[from] item: Leftovers
|-heal|p1a: Rocky IV|53/100|[from] item: Leftovers
|upkeep
|turn|80
|
|t:|1727803084
|move|p1a: Rocky IV|Protect|p1a: Rocky IV
|-singleturn|p1a: Rocky IV|Protect
|move|p2a: Purple Gold|Hydro Pump|p1a: Rocky IV|[miss]
|-miss|p2a: Purple Gold|p1a: Rocky IV
|
|-weather|Sandstorm|[upkeep]
|-damage|p2a: Purple Gold|38/100|[from] Sandstorm
|-heal|p2a: Purple Gold|44/100|[from] item: Leftovers
|-heal|p1a: Rocky IV|59/100|[from] item: Leftovers
|upkeep
|turn|81
|inactive|GoldThe1andOnly has 150 seconds left.
|
|t:|1727803109
|switch|p2a: Beaker Breaker|Tyranitar, M|35/100 tox
|move|p1a: Rocky IV|Earthquake|p2a: Beaker Breaker
|-supereffective|p2a: Beaker Breaker
|-damage|p2a: Beaker Breaker|0 fnt
|faint|p2a: Beaker Breaker
|inactive|GoldThe1andOnly has 120 seconds left.
|inactive|GoldThe1andOnly has 90 seconds left.
|inactive|GoldThe1andOnly has 60 seconds left.
|
|t:|1727803220
|switch|p2a: Atomic Trampoline|Registeel|52/100
|
|-weather|Sandstorm|[upkeep]
|-heal|p1a: Rocky IV|65/100|[from] item: Leftovers
|-heal|p2a: Atomic Trampoline|58/100|[from] item: Leftovers
|upkeep
|turn|82
|
|t:|1727803236
|switch|p2a: American Cheese|Skarmory, F|36/100
|move|p1a: Rocky IV|Earthquake|p2a: American Cheese
|-immune|p2a: American Cheese
|
|-weather|Sandstorm|[upkeep]
|-heal|p2a: American Cheese|42/100|[from] item: Leftovers
|-heal|p1a: Rocky IV|71/100|[from] item: Leftovers
|upkeep
|turn|83
|
|t:|1727803250
|move|p2a: American Cheese|Protect|p2a: American Cheese
|-singleturn|p2a: American Cheese|Protect
|move|p1a: Rocky IV|Earthquake|p2a: American Cheese
|-activate|p2a: American Cheese|Protect
|
|-weather|Sandstorm|[upkeep]
|-heal|p2a: American Cheese|48/100|[from] item: Leftovers
|-heal|p1a: Rocky IV|77/100|[from] item: Leftovers
|upkeep
|turn|84
|
|t:|1727803261
|move|p2a: American Cheese|Drill Peck|p1a: Rocky IV
|-resisted|p1a: Rocky IV
|-damage|p1a: Rocky IV|69/100
|move|p1a: Rocky IV|Meteor Mash|p2a: American Cheese
|-resisted|p2a: American Cheese
|-damage|p2a: American Cheese|21/100
|-boost|p1a: Rocky IV|atk|1
|
|-weather|Sandstorm|[upkeep]
|-heal|p2a: American Cheese|27/100|[from] item: Leftovers
|-heal|p1a: Rocky IV|75/100|[from] item: Leftovers
|upkeep
|turn|85
|c|☆GoldThe1andOnly|gg
|
|t:|1727803280
|move|p2a: American Cheese|Drill Peck|p1a: Rocky IV
|-resisted|p1a: Rocky IV
|-crit|p1a: Rocky IV
|-damage|p1a: Rocky IV|59/100
|move|p1a: Rocky IV|Meteor Mash|p2a: American Cheese
|-resisted|p2a: American Cheese
|-damage|p2a: American Cheese|0 fnt
|faint|p2a: American Cheese
|
|t:|1727803283
|switch|p2a: Purple Gold|Starmie, shiny|44/100
|
|-weather|Sandstorm|[upkeep]
|-damage|p2a: Purple Gold|38/100|[from] Sandstorm
|-heal|p2a: Purple Gold|44/100|[from] item: Leftovers
|-heal|p1a: Rocky IV|65/100|[from] item: Leftovers
|upkeep
|turn|86
|
|t:|1727803288
|move|p1a: Rocky IV|Protect|p1a: Rocky IV
|-singleturn|p1a: Rocky IV|Protect
|move|p2a: Purple Gold|Hydro Pump|p1a: Rocky IV
|-activate|p1a: Rocky IV|Protect
|
|-weather|Sandstorm|[upkeep]
|-damage|p2a: Purple Gold|38/100|[from] Sandstorm
|-heal|p2a: Purple Gold|44/100|[from] item: Leftovers
|-heal|p1a: Rocky IV|71/100|[from] item: Leftovers
|upkeep
|turn|87
|
|t:|1727803292
|move|p2a: Purple Gold|Hydro Pump|p1a: Rocky IV
|-damage|p1a: Rocky IV|16/100
|move|p1a: Rocky IV|Earthquake|p2a: Purple Gold
|-damage|p2a: Purple Gold|0 fnt
|faint|p2a: Purple Gold
|
|t:|1727803295
|switch|p2a: Atomic Trampoline|Registeel|58/100
|
|-weather|Sandstorm|[upkeep]
|-heal|p1a: Rocky IV|23/100|[from] item: Leftovers
|-heal|p2a: Atomic Trampoline|64/100|[from] item: Leftovers
|upkeep
|turn|88
|
|t:|1727803297
|move|p1a: Rocky IV|Earthquake|p2a: Atomic Trampoline
|-supereffective|p2a: Atomic Trampoline
|-damage|p2a: Atomic Trampoline|0 fnt
|faint|p2a: Atomic Trampoline
|
|win|GreenCatKid
|c|☆GreenCatKid|ggwp
|c|☆GreenCatKid|idk how i won that tbh
|c|☆GreenCatKid|lol
|c|☆GoldThe1andOnly|meteor mash moment
|c|☆GoldThe1andOnly|idk what wouldve gone differently if i just stayed with tar and you got the +1
|c|☆GoldThe1andOnly|regi always dies after that
|player|p2|
|player|p2|GoldThe1andOnly|elesa-masters|

</script>
<script type="application/json" class="data" id="replaydata-smogtours-gen3ou-793779">
{"id":"smogtours-gen3ou-793779","format":"[Gen 3] OU","players":["GreenCatKid","GoldThe1andOnly"],"uploadtime":1727803297,"views":114,"formatid":"gen3ou","rating":null,"private":0,"password":null}
</script>

<script defer src="js/replays.js?9d40a366"></script>
