<!DOCTYPE html>
<meta charset="utf-8" />
<meta name="viewport" content="width=device-width" />

<title>[Gen 3] OU: Emerald_Harrold vs. sixofrobins - Replays - Pok&eacute;mon Showdown!</title>

<meta name="description" content="Watch a replay of a Pok&eacute;mon battle between Emerald_Harrold and sixofrobins! Format: [Gen 3] OU; Date: Oct 12, 2024" />
<!--

Hey, you! Looking in the source for the replay log?

You can find them in JSON format, just add `.json` at the end of a replay URL.

https://replay.pokemonshowdown.com/gen7randomdoublesbattle-865046831.json

Or, if you only need the log itself, add `.log` instead:

https://replay.pokemonshowdown.com/gen7randomdoublesbattle-865046831.log

-->

<link rel="stylesheet" href="//pokemonshowdown.com/style/global.css?0.023195364461161105" />
<link rel="stylesheet" href="//play.pokemonshowdown.com/style/font-awesome.css?0.13261647063804238" />
<link rel="stylesheet" href="//play.pokemonshowdown.com/style/battle.css?0.8753245789963631" />
<link rel="stylesheet" href="//play.pokemonshowdown.com/style/utilichart.css?0.8627959624976733" />

<!-- Global site tag (gtag.js) - Google Analytics -->
<script async src="https://www.googletagmanager.com/gtag/js?id=UA-26211653-1"></script>
<script>
  window.dataLayer = window.dataLayer || [];
  function gtag(){dataLayer.push(arguments);}
  gtag('js', new Date());

  gtag('config', 'UA-26211653-1');
</script>
<!-- End Google Analytics -->
<!-- Venatus Ad Manager - Install in <HEAD> of page -->
	<script src="https://hb.vntsm.com/v3/live/ad-manager.min.js" type="text/javascript" data-site-id="642aba63ec9a7b11c3c9c1be" data-mode="scan" async></script>
<!-- / Venatus Ad Manager -->

<style>
	@media (max-width:820px) {
		.battle {
			margin: 0 auto;
		}
		.battle-log {
			margin: 7px auto 0;
			max-width: 640px;
			height: 300px;
			position: static;
		}
	}
	.optgroup {
		display: inline-block;
		line-height: 22px;
		font-size: 10pt;
	}
	.optgroup .button {
		height: 25px;
		padding-top: 0;
		padding-bottom: 0;
	}
	.optgroup button.button {
		padding-left: 12px;
		padding-right: 12px;
	}
	.linklist {
		list-style: none;
		margin: 0.5em 0;
		padding: 0;
	}
	.linklist li {
		padding: 2px 0;
	}
	.sidebar {
		float: left;
		width: 320px;
	}
	.bar-wrapper {
		max-width: 1100px;
		margin: 0 auto;
	}
	.bar-wrapper.has-sidebar {
		max-width: 1430px;
	}
	.mainbar {
		margin: 0;
		padding-right: 1px;
	}
	.mainbar.has-sidebar {
		margin-left: 330px;
	}
	@media (min-width: 1511px) {
		.sidebar {
			width: 400px;
		}
		.bar-wrapper.has-sidebar {
			max-width: 1510px;
		}
		.mainbar.has-sidebar {
			margin-left: 410px;
		}
	}
	.section.first-section {
		margin-top: 9px;
	}
	.blocklink small {
		white-space: normal;
	}
	.button {
		vertical-align: middle;
	}
	.replay-controls {
		padding-top: 10px;
	}
	.replay-controls h1 {
		font-size: 16pt;
		font-weight: normal;
		color: #CCC;
	}
	.pagelink {
		text-align: center;
	}
	.pagelink a {
		width: 150px;
	}
	.textbox, .button {
		font-size: 11pt;
		vertical-align: middle;
	}
	@media (max-width: 450px) {
		.button {
			font-size: 9pt;
		}
	}
</style>

<div>

	<header>
		<div class="nav-wrapper"><ul class="nav">
			<li><a class="button nav-first" href="//pokemonshowdown.com/"><img src="//pokemonshowdown.com/images/pokemonshowdownbeta.png" srcset="//pokemonshowdown.com/images/pokemonshowdownbeta.png 1x, //pokemonshowdown.com/images/pokemonshowdownbeta@2x.png 2x" alt="Pok&eacute;mon Showdown" width="146" height="44" /> Home</a></li>
			<li><a class="button" href="//pokemonshowdown.com/dex/">Pok&eacute;dex</a></li>
			<li><a class="button cur" href="/">Replays</a></li>
			<li><a class="button" href="//pokemonshowdown.com/ladder/">Ladder</a></li>
			<li><a class="button nav-last" href="//pokemonshowdown.com/forums/">Forum</a></li>
			<li><a class="button greenbutton nav-first nav-last" href="//play.pokemonshowdown.com/">Play</a></li>
		</ul></div>
	</header>

	<div class="main" id="main">

		<noscript><section class="section">You need to enable JavaScript to use this page; sorry!</section></noscript>

	</div>

</div>

<script defer nomodule src="//play.pokemonshowdown.com/js/lib/ps-polyfill.js"></script>
<script defer src="//play.pokemonshowdown.com/js/lib/preact.min.js"></script>

<script defer src="//play.pokemonshowdown.com/config/config.js?2bddbc15"></script>
<script defer src="//play.pokemonshowdown.com/js/lib/jquery-1.11.0.min.js"></script>
<script defer src="//play.pokemonshowdown.com/js/lib/html-sanitizer-minified.js"></script>
<script defer src="//play.pokemonshowdown.com/js/battle-sound.js"></script>
<script defer src="//play.pokemonshowdown.com/js/battledata.js?0.7209276989879541"></script>
<script defer src="//play.pokemonshowdown.com/data/pokedex-mini.js?0.6111056340867951"></script>
<script defer src="//play.pokemonshowdown.com/data/pokedex-mini-bw.js?0.3532142036491459"></script>
<script defer src="//play.pokemonshowdown.com/data/graphics.js?0.24223875632456182"></script>
<script defer src="//play.pokemonshowdown.com/data/pokedex.js?0.38839984266356864"></script>
<script defer src="//play.pokemonshowdown.com/data/moves.js?0.21866028504024015"></script>
<script defer src="//play.pokemonshowdown.com/data/abilities.js?0.2005157953846628"></script>
<script defer src="//play.pokemonshowdown.com/data/items.js?0.9894211263848525"></script>
<script defer src="//play.pokemonshowdown.com/data/teambuilder-tables.js?0.6008791140282215"></script>
<script defer src="//play.pokemonshowdown.com/js/battle-tooltips.js?0.7580118955022959"></script>
<script defer src="//play.pokemonshowdown.com/js/battle.js?0.6057722274234274"></script>

<script defer src="js/utils.js?e31f9a17"></script>
<script defer src="js/replays-battle.js?7008c182"></script>

<!-- don't scrape this data! just add .json or .log after the URL!
Full API docs: https://github.com/smogon/pokemon-showdown-client/blob/master/WEB-API.md -->
<script type="text/plain" class="log" id="replaylog-smogtours-gen3ou-797807">
|inactive|Battle timer is ON: inactive players will automatically lose when time's up.
|t:|1728766911
|gametype|singles
|player|p1|Emerald_Harrold|brandon-gen3|
|player|p2|sixofrobins|plasmagruntf|
|teamsize|p1|6
|teamsize|p2|6
|gen|3
|tier|[Gen 3] OU
|rule|Sleep Clause Mod: Limit one foe put to sleep
|rule|Switch Priority Clause Mod: Faster Pokémon switch first
|rule|Species Clause: Limit one of each Pokémon
|rule|OHKO Clause: OHKO moves are banned
|rule|Evasion Items Clause: Evasion items are banned
|rule|Evasion Moves Clause: Evasion moves are banned
|rule|Endless Battle Clause: Forcing endless battles is banned
|rule|HP Percentage Mod: HP is shown in percentages
|rule|One Boost Passer Clause: Limit one Baton Passer that has a way to boost its stats
|rule|Freeze Clause Mod: Limit one foe frozen
|
|t:|1728766911
|start
|switch|p1a: Salamence|Salamence, F|100/100
|switch|p2a: Medicham|Medicham, M, shiny|100/100
|-ability|p1a: Salamence|Intimidate|boost
|-unboost|p2a: Medicham|atk|1
|turn|1
|
|t:|1728766929
|switch|p2a: Flygon|Flygon, M|100/100
|move|p1a: Salamence|Earthquake|p2a: Flygon
|-immune|p2a: Flygon
|
|upkeep
|turn|2
|
|t:|1728766948
|switch|p1a: Steelix|Steelix, F|100/100
|move|p2a: Flygon|Rock Slide|p1a: Steelix
|-resisted|p1a: Steelix
|-damage|p1a: Steelix|98/100
|
|-heal|p1a: Steelix|100/100|[from] item: Leftovers
|upkeep
|turn|3
|
|t:|1728766971
|switch|p1a: Salamence|Salamence, F|100/100
|-ability|p1a: Salamence|Intimidate|boost
|-unboost|p2a: Flygon|atk|1
|move|p2a: Flygon|Protect||[still]
|-fail|p2a: Flygon
|
|upkeep
|turn|4
|
|t:|1728766986
|move|p2a: Flygon|Protect|p2a: Flygon
|-singleturn|p2a: Flygon|Protect
|move|p1a: Salamence|Hidden Power|p2a: Flygon
|-activate|p2a: Flygon|Protect
|
|upkeep
|turn|5
|
|t:|1728766997
|move|p2a: Flygon|Toxic|p1a: Salamence
|-status|p1a: Salamence|tox
|move|p1a: Salamence|Hidden Power|p2a: Flygon
|-damage|p2a: Flygon|19/100
|
|-heal|p2a: Flygon|25/100|[from] item: Leftovers
|-damage|p1a: Salamence|94/100 tox|[from] psn
|upkeep
|turn|6
|inactive|Emerald_Harrold has 270 seconds left.
|
|t:|1728767017
|switch|p2a: Magneton|Magneton|100/100
|switch|p1a: Steelix|Steelix, F|100/100
|
|upkeep
|turn|7
|
|t:|1728767031
|switch|p2a: Dusclops|Dusclops, F, shiny|100/100
|move|p1a: Steelix|Earthquake|p2a: Dusclops
|-damage|p2a: Dusclops|68/100
|
|-heal|p2a: Dusclops|74/100|[from] item: Leftovers
|upkeep
|turn|8
|
|t:|1728767048
|switch|p1a: Salamence|Salamence, F|94/100 tox
|-ability|p1a: Salamence|Intimidate|boost
|-unboost|p2a: Dusclops|atk|1
|move|p2a: Dusclops|Pain Split|p1a: Salamence
|-sethp|p1a: Salamence|79/100 tox|[from] move: Pain Split|[silent]
|-sethp|p2a: Dusclops|92/100|[from] move: Pain Split
|
|-damage|p1a: Salamence|73/100 tox|[from] psn
|-heal|p2a: Dusclops|98/100|[from] item: Leftovers
|upkeep
|turn|9
|
|t:|1728767063
|move|p1a: Salamence|Hidden Power|p2a: Dusclops
|-damage|p2a: Dusclops|41/100
|move|p2a: Dusclops|Seismic Toss|p1a: Salamence
|-damage|p1a: Salamence|43/100 tox
|
|-damage|p1a: Salamence|31/100 tox|[from] psn
|-heal|p2a: Dusclops|47/100|[from] item: Leftovers
|upkeep
|turn|10
|
|t:|1728767071
|switch|p2a: Magneton|Magneton|100/100
|move|p1a: Salamence|Hidden Power|p2a: Magneton
|-resisted|p2a: Magneton
|-damage|p2a: Magneton|77/100
|
|-damage|p1a: Salamence|13/100 tox|[from] psn
|upkeep
|turn|11
|
|t:|1728767092
|switch|p1a: Snorlax|Snorlax, F|100/100
|move|p2a: Magneton|Hidden Power|p1a: Snorlax
|-damage|p1a: Snorlax|86/100
|
|-heal|p1a: Snorlax|92/100|[from] item: Leftovers
|upkeep
|turn|12
|
|t:|1728767107
|switch|p2a: Flygon|Flygon, M|25/100
|move|p1a: Snorlax|Shadow Ball|p2a: Flygon
|-crit|p2a: Flygon
|-damage|p2a: Flygon|0 fnt
|faint|p2a: Flygon
|
|t:|1728767115
|switch|p2a: Medicham|Medicham, M, shiny|100/100
|
|-heal|p1a: Snorlax|99/100|[from] item: Leftovers
|upkeep
|turn|13
|
|t:|1728767121
|switch|p1a: Salamence|Salamence, F|13/100 tox
|-ability|p1a: Salamence|Intimidate|boost
|-unboost|p2a: Medicham|atk|1
|move|p2a: Medicham|Brick Break|p1a: Salamence
|-resisted|p1a: Salamence
|-damage|p1a: Salamence|0 fnt
|faint|p1a: Salamence
|
|t:|1728767145
|switch|p1a: Celebi|Celebi|100/100
|
|upkeep
|turn|14
|
|t:|1728767158
|switch|p2a: Dusclops|Dusclops, F, shiny|47/100
|move|p1a: Celebi|Leech Seed|p2a: Dusclops|[miss]
|-miss|p1a: Celebi|p2a: Dusclops
|
|-heal|p2a: Dusclops|53/100|[from] item: Leftovers
|upkeep
|turn|15
|
|t:|1728767167
|move|p1a: Celebi|Leech Seed|p2a: Dusclops
|-start|p2a: Dusclops|move: Leech Seed
|move|p2a: Dusclops|Pain Split|p1a: Celebi
|-sethp|p1a: Celebi|69/100|[from] move: Pain Split|[silent]
|-sethp|p2a: Dusclops|98/100|[from] move: Pain Split
|
|-heal|p1a: Celebi|75/100|[from] item: Leftovers
|-heal|p2a: Dusclops|100/100|[from] item: Leftovers
|-damage|p2a: Dusclops|88/100|[from] Leech Seed|[of] p1a: Celebi
|-heal|p1a: Celebi|84/100|[silent]
|upkeep
|turn|16
|
|t:|1728767174
|switch|p1a: Steelix|Steelix, F|100/100
|move|p2a: Dusclops|Will-O-Wisp|p1a: Steelix|[miss]
|-miss|p2a: Dusclops|p1a: Steelix
|
|-heal|p2a: Dusclops|94/100|[from] item: Leftovers
|-damage|p2a: Dusclops|82/100|[from] Leech Seed|[of] p1a: Steelix
|upkeep
|turn|17
|
|t:|1728767181
|move|p1a: Steelix|Earthquake|p2a: Dusclops
|-damage|p2a: Dusclops|54/100
|move|p2a: Dusclops|Pain Split|p1a: Steelix
|-sethp|p1a: Steelix|72/100|[from] move: Pain Split|[silent]
|-sethp|p2a: Dusclops|90/100|[from] move: Pain Split
|
|-heal|p1a: Steelix|78/100|[from] item: Leftovers
|-heal|p2a: Dusclops|96/100|[from] item: Leftovers
|-damage|p2a: Dusclops|83/100|[from] Leech Seed|[of] p1a: Steelix
|-heal|p1a: Steelix|88/100|[silent]
|upkeep
|turn|18
|
|t:|1728767186
|move|p1a: Steelix|Toxic|p2a: Dusclops
|-status|p2a: Dusclops|tox
|move|p2a: Dusclops|Will-O-Wisp|p1a: Steelix
|-status|p1a: Steelix|brn
|
|-heal|p1a: Steelix|94/100 brn|[from] item: Leftovers
|-damage|p1a: Steelix|82/100 brn|[from] brn
|-heal|p2a: Dusclops|89/100 tox|[from] item: Leftovers
|-damage|p2a: Dusclops|77/100 tox|[from] Leech Seed|[of] p1a: Steelix
|-heal|p1a: Steelix|92/100 brn|[silent]
|-damage|p2a: Dusclops|71/100 tox|[from] psn
|upkeep
|turn|19
|
|t:|1728767201
|switch|p1a: Celebi|Celebi|84/100
|move|p2a: Dusclops|Seismic Toss|p1a: Celebi
|-damage|p1a: Celebi|59/100
|
|-heal|p1a: Celebi|65/100|[from] item: Leftovers
|-heal|p2a: Dusclops|77/100 tox|[from] item: Leftovers
|-damage|p2a: Dusclops|65/100 tox|[from] Leech Seed|[of] p1a: Celebi
|-heal|p1a: Celebi|74/100|[silent]
|-damage|p2a: Dusclops|53/100 tox|[from] psn
|upkeep
|turn|20
|
|t:|1728767214
|switch|p2a: Medicham|Medicham, M, shiny|100/100
|move|p1a: Celebi|Leech Seed|p2a: Medicham
|-start|p2a: Medicham|move: Leech Seed
|
|-damage|p2a: Medicham|88/100|[from] Leech Seed|[of] p1a: Celebi
|-heal|p1a: Celebi|82/100|[silent]
|-heal|p1a: Celebi|88/100|[from] item: Leftovers
|upkeep
|turn|21
|inactive|Emerald_Harrold has 270 seconds left.
|
|t:|1728767255
|move|p2a: Medicham|Hidden Power|p1a: Celebi
|-supereffective|p1a: Celebi
|-damage|p1a: Celebi|0 fnt
|faint|p1a: Celebi
|
|t:|1728767273
|switch|p1a: Gyarados|Gyarados, F|100/100
|-ability|p1a: Gyarados|Intimidate|boost
|-unboost|p2a: Medicham|atk|1
|
|-damage|p2a: Medicham|76/100|[from] Leech Seed|[of] p1a: Gyarados
|upkeep
|turn|22
|
|t:|1728767298
|switch|p2a: Magneton|Magneton|77/100
|move|p1a: Gyarados|Dragon Dance|p1a: Gyarados
|-boost|p1a: Gyarados|atk|1
|-boost|p1a: Gyarados|spe|1
|
|upkeep
|turn|23
|
|t:|1728767308
|move|p2a: Magneton|Endure|p2a: Magneton
|-singleturn|p2a: Magneton|move: Endure
|move|p1a: Gyarados|Earthquake|p2a: Magneton
|-supereffective|p2a: Magneton
|-activate|p2a: Magneton|move: Endure
|-damage|p2a: Magneton|1/100
|
|-enditem|p2a: Magneton|Salac Berry|[eat]
|-boost|p2a: Magneton|spe|1|[from] item: Salac Berry
|upkeep
|turn|24
|c|☆Emerald_Harrold|what a gamer!
|
|t:|1728767328
|switch|p1a: Snorlax|Snorlax, F|99/100
|move|p2a: Magneton|Thunderbolt|p1a: Snorlax
|-damage|p1a: Snorlax|72/100
|
|-heal|p1a: Snorlax|78/100|[from] item: Leftovers
|upkeep
|turn|25
|
|t:|1728767352
|switch|p2a: Starmie|Starmie|100/100
|move|p1a: Snorlax|Shadow Ball|p2a: Starmie
|-supereffective|p2a: Starmie
|-damage|p2a: Starmie|32/100
|-unboost|p2a: Starmie|spd|1
|
|-heal|p2a: Starmie|38/100|[from] item: Leftovers
|-heal|p1a: Snorlax|85/100|[from] item: Leftovers
|upkeep
|turn|26
|
|t:|1728767369
|switch|p2a: Blissey|Blissey, F|100/100
|move|p1a: Snorlax|Shadow Ball|p2a: Blissey
|-immune|p2a: Blissey
|
|-heal|p1a: Snorlax|91/100|[from] item: Leftovers
|upkeep
|turn|27
|
|t:|1728767376
|-singleturn|p1a: Snorlax|move: Focus Punch
|move|p2a: Blissey|Aromatherapy|p2a: Blissey
|-cureteam|p2a: Blissey|[from] move: Aromatherapy
|move|p1a: Snorlax|Focus Punch|p2a: Blissey
|-supereffective|p2a: Blissey
|-damage|p2a: Blissey|11/100
|
|-heal|p2a: Blissey|17/100|[from] item: Leftovers
|-heal|p1a: Snorlax|97/100|[from] item: Leftovers
|upkeep
|turn|28
|
|t:|1728767386
|move|p2a: Blissey|Seismic Toss|p1a: Snorlax
|-damage|p1a: Snorlax|76/100
|move|p1a: Snorlax|Body Slam|p2a: Blissey
|-damage|p2a: Blissey|0 fnt
|faint|p2a: Blissey
|
|t:|1728767398
|switch|p2a: Medicham|Medicham, M, shiny|76/100
|
|-heal|p1a: Snorlax|83/100|[from] item: Leftovers
|upkeep
|turn|29
|inactive|Emerald_Harrold has 270 seconds left.
|
|t:|1728767419
|switch|p1a: Steelix|Steelix, F|92/100 brn
|move|p2a: Medicham|Rock Slide|p1a: Steelix|[miss]
|-miss|p2a: Medicham|p1a: Steelix
|
|-heal|p1a: Steelix|98/100 brn|[from] item: Leftovers
|-damage|p1a: Steelix|86/100 brn|[from] brn
|upkeep
|turn|30
|
|t:|1728767429
|switch|p2a: Magneton|Magneton|1/100
|move|p1a: Steelix|Earthquake|p2a: Magneton
|-supereffective|p2a: Magneton
|-damage|p2a: Magneton|0 fnt
|faint|p2a: Magneton
|
|t:|1728767437
|switch|p2a: Starmie|Starmie|38/100
|
|-heal|p2a: Starmie|45/100|[from] item: Leftovers
|-heal|p1a: Steelix|92/100 brn|[from] item: Leftovers
|-damage|p1a: Steelix|79/100 brn|[from] brn
|upkeep
|turn|31
|inactive|Emerald_Harrold has 270 seconds left.
|
|t:|1728767454
|switch|p2a: Dusclops|Dusclops, F, shiny|53/100
|move|p1a: Steelix|Toxic|p2a: Dusclops
|-status|p2a: Dusclops|tox
|
|-heal|p1a: Steelix|86/100 brn|[from] item: Leftovers
|-damage|p1a: Steelix|73/100 brn|[from] brn
|-heal|p2a: Dusclops|59/100 tox|[from] item: Leftovers
|-damage|p2a: Dusclops|53/100 tox|[from] psn
|upkeep
|turn|32
|inactive|Emerald_Harrold has 270 seconds left.
|
|t:|1728767465
|move|p1a: Steelix|Earthquake|p2a: Dusclops
|-damage|p2a: Dusclops|38/100 tox
|move|p2a: Dusclops|Pain Split|p1a: Steelix
|-sethp|p1a: Steelix|52/100 brn|[from] move: Pain Split|[silent]
|-sethp|p2a: Dusclops|64/100 tox|[from] move: Pain Split
|
|-heal|p1a: Steelix|58/100 brn|[from] item: Leftovers
|-damage|p1a: Steelix|45/100 brn|[from] brn
|-heal|p2a: Dusclops|70/100 tox|[from] item: Leftovers
|-damage|p2a: Dusclops|58/100 tox|[from] psn
|upkeep
|turn|33
|inactive|Emerald_Harrold has 270 seconds left.
|
|t:|1728767483
|switch|p1a: Magneton|Magneton|100/100
|switch|p2a: Medicham|Medicham, M, shiny|76/100
|
|upkeep
|turn|34
|
|t:|1728767499
|move|p1a: Magneton|Protect|p1a: Magneton
|-singleturn|p1a: Magneton|Protect
|move|p2a: Medicham|Rock Slide|p1a: Magneton
|-activate|p1a: Magneton|Protect
|
|upkeep
|turn|35
|inactive|Emerald_Harrold has 270 seconds left.
|
|t:|1728767508
|move|p2a: Medicham|Rock Slide|p1a: Magneton
|-resisted|p1a: Magneton
|-damage|p1a: Magneton|63/100
|cant|p1a: Magneton|flinch
|
|upkeep
|turn|36
|
|t:|1728767519
|switch|p2a: Dusclops|Dusclops, F, shiny|58/100 tox
|move|p1a: Magneton|Thunderbolt|p2a: Dusclops
|-damage|p2a: Dusclops|12/100 tox
|
|-heal|p2a: Dusclops|18/100 tox|[from] item: Leftovers
|-damage|p2a: Dusclops|12/100 tox|[from] psn
|upkeep
|turn|37
|
|t:|1728767528
|move|p1a: Magneton|Thunderbolt|p2a: Dusclops
|-damage|p2a: Dusclops|0 fnt
|faint|p2a: Dusclops
|
|t:|1728767538
|switch|p2a: Starmie|Starmie|45/100
|
|-heal|p2a: Starmie|51/100|[from] item: Leftovers
|upkeep
|turn|38
|
|t:|1728767545
|switch|p1a: Steelix|Steelix, F|45/100 brn
|move|p2a: Starmie|Hydro Pump|p1a: Steelix
|-supereffective|p1a: Steelix
|-damage|p1a: Steelix|0 fnt
|faint|p1a: Steelix
|
|t:|1728767551
|switch|p1a: Snorlax|Snorlax, F|83/100
|
|-heal|p2a: Starmie|57/100|[from] item: Leftovers
|-heal|p1a: Snorlax|89/100|[from] item: Leftovers
|upkeep
|turn|39
|
|t:|1728767568
|switch|p2a: Medicham|Medicham, M, shiny|76/100
|move|p1a: Snorlax|Shadow Ball|p2a: Medicham
|-supereffective|p2a: Medicham
|-damage|p2a: Medicham|0 fnt
|faint|p2a: Medicham
|
|t:|1728767574
|switch|p2a: Starmie|Starmie|57/100
|
|-heal|p2a: Starmie|63/100|[from] item: Leftovers
|-heal|p1a: Snorlax|95/100|[from] item: Leftovers
|upkeep
|turn|40
|c|☆sixofrobins|GG
|
|t:|1728767582
|move|p2a: Starmie|Hydro Pump|p1a: Snorlax
|-damage|p1a: Snorlax|62/100
|move|p1a: Snorlax|Shadow Ball|p2a: Starmie
|-supereffective|p2a: Starmie
|-damage|p2a: Starmie|0 fnt
|faint|p2a: Starmie
|
|win|Emerald_Harrold
|c|☆Emerald_Harrold|gg!
|player|p2|

</script>
<script type="application/json" class="data" id="replaydata-smogtours-gen3ou-797807">
{"id":"smogtours-gen3ou-797807","format":"[Gen 3] OU","players":["Emerald_Harrold","sixofrobins"],"uploadtime":1728767582,"views":117,"formatid":"gen3ou","rating":null,"private":0,"password":null}
</script>

<script defer src="js/replays.js?9d40a366"></script>
