<!DOCTYPE html>
<meta charset="utf-8" />
<meta name="viewport" content="width=device-width" />

<title>[Gen 3] OU: butter dk vs. Figull400 - Replays - Pok&eacute;mon Showdown!</title>

<meta name="description" content="Watch a replay of a Pok&eacute;mon battle between butter dk and Figull400! Format: [Gen 3] OU; Date: Oct 15, 2024" />
<!--

Hey, you! Looking in the source for the replay log?

You can find them in JSON format, just add `.json` at the end of a replay URL.

https://replay.pokemonshowdown.com/gen7randomdoublesbattle-865046831.json

Or, if you only need the log itself, add `.log` instead:

https://replay.pokemonshowdown.com/gen7randomdoublesbattle-865046831.log

-->

<link rel="stylesheet" href="//pokemonshowdown.com/style/global.css?0.023195364461161105" />
<link rel="stylesheet" href="//play.pokemonshowdown.com/style/font-awesome.css?0.13261647063804238" />
<link rel="stylesheet" href="//play.pokemonshowdown.com/style/battle.css?0.8753245789963631" />
<link rel="stylesheet" href="//play.pokemonshowdown.com/style/utilichart.css?0.8627959624976733" />

<!-- Global site tag (gtag.js) - Google Analytics -->
<script async src="https://www.googletagmanager.com/gtag/js?id=UA-26211653-1"></script>
<script>
  window.dataLayer = window.dataLayer || [];
  function gtag(){dataLayer.push(arguments);}
  gtag('js', new Date());

  gtag('config', 'UA-26211653-1');
</script>
<!-- End Google Analytics -->
<!-- Venatus Ad Manager - Install in <HEAD> of page -->
	<script src="https://hb.vntsm.com/v3/live/ad-manager.min.js" type="text/javascript" data-site-id="642aba63ec9a7b11c3c9c1be" data-mode="scan" async></script>
<!-- / Venatus Ad Manager -->

<style>
	@media (max-width:820px) {
		.battle {
			margin: 0 auto;
		}
		.battle-log {
			margin: 7px auto 0;
			max-width: 640px;
			height: 300px;
			position: static;
		}
	}
	.optgroup {
		display: inline-block;
		line-height: 22px;
		font-size: 10pt;
	}
	.optgroup .button {
		height: 25px;
		padding-top: 0;
		padding-bottom: 0;
	}
	.optgroup button.button {
		padding-left: 12px;
		padding-right: 12px;
	}
	.linklist {
		list-style: none;
		margin: 0.5em 0;
		padding: 0;
	}
	.linklist li {
		padding: 2px 0;
	}
	.sidebar {
		float: left;
		width: 320px;
	}
	.bar-wrapper {
		max-width: 1100px;
		margin: 0 auto;
	}
	.bar-wrapper.has-sidebar {
		max-width: 1430px;
	}
	.mainbar {
		margin: 0;
		padding-right: 1px;
	}
	.mainbar.has-sidebar {
		margin-left: 330px;
	}
	@media (min-width: 1511px) {
		.sidebar {
			width: 400px;
		}
		.bar-wrapper.has-sidebar {
			max-width: 1510px;
		}
		.mainbar.has-sidebar {
			margin-left: 410px;
		}
	}
	.section.first-section {
		margin-top: 9px;
	}
	.blocklink small {
		white-space: normal;
	}
	.button {
		vertical-align: middle;
	}
	.replay-controls {
		padding-top: 10px;
	}
	.replay-controls h1 {
		font-size: 16pt;
		font-weight: normal;
		color: #CCC;
	}
	.pagelink {
		text-align: center;
	}
	.pagelink a {
		width: 150px;
	}
	.textbox, .button {
		font-size: 11pt;
		vertical-align: middle;
	}
	@media (max-width: 450px) {
		.button {
			font-size: 9pt;
		}
	}
</style>

<div>

	<header>
		<div class="nav-wrapper"><ul class="nav">
			<li><a class="button nav-first" href="//pokemonshowdown.com/"><img src="//pokemonshowdown.com/images/pokemonshowdownbeta.png" srcset="//pokemonshowdown.com/images/pokemonshowdownbeta.png 1x, //pokemonshowdown.com/images/pokemonshowdownbeta@2x.png 2x" alt="Pok&eacute;mon Showdown" width="146" height="44" /> Home</a></li>
			<li><a class="button" href="//pokemonshowdown.com/dex/">Pok&eacute;dex</a></li>
			<li><a class="button cur" href="/">Replays</a></li>
			<li><a class="button" href="//pokemonshowdown.com/ladder/">Ladder</a></li>
			<li><a class="button nav-last" href="//pokemonshowdown.com/forums/">Forum</a></li>
			<li><a class="button greenbutton nav-first nav-last" href="//play.pokemonshowdown.com/">Play</a></li>
		</ul></div>
	</header>

	<div class="main" id="main">

		<noscript><section class="section">You need to enable JavaScript to use this page; sorry!</section></noscript>

	</div>

</div>

<script defer nomodule src="//play.pokemonshowdown.com/js/lib/ps-polyfill.js"></script>
<script defer src="//play.pokemonshowdown.com/js/lib/preact.min.js"></script>

<script defer src="//play.pokemonshowdown.com/config/config.js?2bddbc15"></script>
<script defer src="//play.pokemonshowdown.com/js/lib/jquery-1.11.0.min.js"></script>
<script defer src="//play.pokemonshowdown.com/js/lib/html-sanitizer-minified.js"></script>
<script defer src="//play.pokemonshowdown.com/js/battle-sound.js"></script>
<script defer src="//play.pokemonshowdown.com/js/battledata.js?0.7209276989879541"></script>
<script defer src="//play.pokemonshowdown.com/data/pokedex-mini.js?0.6111056340867951"></script>
<script defer src="//play.pokemonshowdown.com/data/pokedex-mini-bw.js?0.3532142036491459"></script>
<script defer src="//play.pokemonshowdown.com/data/graphics.js?0.24223875632456182"></script>
<script defer src="//play.pokemonshowdown.com/data/pokedex.js?0.38839984266356864"></script>
<script defer src="//play.pokemonshowdown.com/data/moves.js?0.21866028504024015"></script>
<script defer src="//play.pokemonshowdown.com/data/abilities.js?0.2005157953846628"></script>
<script defer src="//play.pokemonshowdown.com/data/items.js?0.9894211263848525"></script>
<script defer src="//play.pokemonshowdown.com/data/teambuilder-tables.js?0.6008791140282215"></script>
<script defer src="//play.pokemonshowdown.com/js/battle-tooltips.js?0.7580118955022959"></script>
<script defer src="//play.pokemonshowdown.com/js/battle.js?0.6057722274234274"></script>

<script defer src="js/utils.js?e31f9a17"></script>
<script defer src="js/replays-battle.js?7008c182"></script>

<!-- don't scrape this data! just add .json or .log after the URL!
Full API docs: https://github.com/smogon/pokemon-showdown-client/blob/master/WEB-API.md -->
<script type="text/plain" class="log" id="replaylog-smogtours-gen3ou-799000">
|inactive|Battle timer is ON: inactive players will automatically lose when time's up.
|t:|1729022948
|gametype|singles
|player|p1|butter dk|proton|
|player|p2|Figull400|gambler|
|teamsize|p1|6
|teamsize|p2|6
|gen|3
|tier|[Gen 3] OU
|rule|Sleep Clause Mod: Limit one foe put to sleep
|rule|Switch Priority Clause Mod: Faster Pokémon switch first
|rule|Species Clause: Limit one of each Pokémon
|rule|OHKO Clause: OHKO moves are banned
|rule|Evasion Items Clause: Evasion items are banned
|rule|Evasion Moves Clause: Evasion moves are banned
|rule|Endless Battle Clause: Forcing endless battles is banned
|rule|HP Percentage Mod: HP is shown in percentages
|rule|One Boost Passer Clause: Limit one Baton Passer that has a way to boost its stats
|rule|Freeze Clause Mod: Limit one foe frozen
|
|t:|1729022948
|start
|switch|p1a: Tyranitar|Tyranitar, M|100/100
|switch|p2a: Smeargle|Smeargle, M|100/100
|-weather|Sandstorm|[from] ability: Sand Stream|[of] p1a: Tyranitar
|turn|1
|c|☆Figull400|hf
|
|t:|1729022958
|move|p2a: Smeargle|Spore|p1a: Tyranitar
|-status|p1a: Tyranitar|slp|[from] move: Spore
|-enditem|p1a: Tyranitar|Lum Berry|[eat]
|-curestatus|p1a: Tyranitar|slp|[msg]
|move|p1a: Tyranitar|Rock Slide|p2a: Smeargle
|-damage|p2a: Smeargle|0 fnt
|faint|p2a: Smeargle
|
|t:|1729022961
|switch|p2a: Suicune|Suicune|100/100
|
|-weather|Sandstorm|[upkeep]
|-damage|p2a: Suicune|94/100|[from] Sandstorm
|-heal|p2a: Suicune|100/100|[from] item: Leftovers
|upkeep
|turn|2
|c|☆butter dk|glhf
|
|t:|1729022972
|switch|p1a: Blissey|Blissey, F|100/100
|move|p2a: Suicune|Calm Mind|p2a: Suicune
|-boost|p2a: Suicune|spa|1
|-boost|p2a: Suicune|spd|1
|
|-weather|Sandstorm|[upkeep]
|-damage|p2a: Suicune|94/100|[from] Sandstorm
|-damage|p1a: Blissey|94/100|[from] Sandstorm
|-heal|p2a: Suicune|100/100|[from] item: Leftovers
|-heal|p1a: Blissey|100/100|[from] item: Leftovers
|upkeep
|turn|3
|
|t:|1729022978
|move|p2a: Suicune|Hydro Pump|p1a: Blissey
|-damage|p1a: Blissey|69/100
|move|p1a: Blissey|Thunder Wave|p2a: Suicune
|-status|p2a: Suicune|par
|
|-weather|Sandstorm|[upkeep]
|-damage|p1a: Blissey|63/100|[from] Sandstorm
|-damage|p2a: Suicune|94/100 par|[from] Sandstorm
|-heal|p1a: Blissey|69/100|[from] item: Leftovers
|-heal|p2a: Suicune|100/100 par|[from] item: Leftovers
|upkeep
|turn|4
|
|t:|1729022981
|switch|p2a: Tyranitar|Tyranitar, F|100/100
|move|p1a: Blissey|Thunderbolt|p2a: Tyranitar
|-damage|p2a: Tyranitar|74/100
|
|-weather|Sandstorm|[upkeep]
|-damage|p1a: Blissey|63/100|[from] Sandstorm
|-heal|p1a: Blissey|69/100|[from] item: Leftovers
|upkeep
|turn|5
|
|t:|1729022989
|switch|p1a: Skarmory|Skarmory, M|100/100
|move|p2a: Tyranitar|Dragon Dance|p2a: Tyranitar
|-boost|p2a: Tyranitar|atk|1
|-boost|p2a: Tyranitar|spe|1
|
|-weather|Sandstorm|[upkeep]
|upkeep
|turn|6
|
|t:|1729022992
|move|p2a: Tyranitar|Taunt|p1a: Skarmory
|-start|p1a: Skarmory|move: Taunt
|cant|p1a: Skarmory|move: Taunt|Roar
|
|-weather|Sandstorm|[upkeep]
|upkeep
|turn|7
|
|t:|1729022996
|switch|p1a: Metagross|Metagross|100/100
|move|p2a: Tyranitar|Rock Slide|p1a: Metagross
|-resisted|p1a: Metagross
|-damage|p1a: Metagross|76/100
|
|-weather|Sandstorm|[upkeep]
|-heal|p1a: Metagross|82/100|[from] item: Leftovers
|upkeep
|turn|8
|
|t:|1729023022
|switch|p2a: Suicune|Suicune|100/100 par
|move|p1a: Metagross|Meteor Mash|p2a: Suicune
|-resisted|p2a: Suicune
|-damage|p2a: Suicune|80/100 par
|
|-weather|Sandstorm|[upkeep]
|-damage|p2a: Suicune|74/100 par|[from] Sandstorm
|-heal|p1a: Metagross|88/100|[from] item: Leftovers
|-heal|p2a: Suicune|80/100 par|[from] item: Leftovers
|upkeep
|turn|9
|
|t:|1729023029
|move|p1a: Metagross|Protect|p1a: Metagross
|-singleturn|p1a: Metagross|Protect
|move|p2a: Suicune|Hydro Pump|p1a: Metagross
|-activate|p1a: Metagross|Protect
|
|-weather|Sandstorm|[upkeep]
|-damage|p2a: Suicune|74/100 par|[from] Sandstorm
|-heal|p1a: Metagross|94/100|[from] item: Leftovers
|-heal|p2a: Suicune|80/100 par|[from] item: Leftovers
|upkeep
|turn|10
|
|t:|1729023040
|switch|p1a: Blissey|Blissey, F|69/100
|move|p2a: Suicune|Hydro Pump|p1a: Blissey
|-damage|p1a: Blissey|47/100
|
|-weather|Sandstorm|[upkeep]
|-damage|p1a: Blissey|41/100|[from] Sandstorm
|-damage|p2a: Suicune|74/100 par|[from] Sandstorm
|-heal|p1a: Blissey|47/100|[from] item: Leftovers
|-heal|p2a: Suicune|80/100 par|[from] item: Leftovers
|upkeep
|turn|11
|
|t:|1729023043
|switch|p2a: Tyranitar|Tyranitar, F|74/100
|move|p1a: Blissey|Soft-Boiled|p1a: Blissey
|-heal|p1a: Blissey|97/100
|
|-weather|Sandstorm|[upkeep]
|-damage|p1a: Blissey|91/100|[from] Sandstorm
|-heal|p1a: Blissey|97/100|[from] item: Leftovers
|upkeep
|turn|12
|
|t:|1729023045
|move|p2a: Tyranitar|Dragon Dance|p2a: Tyranitar
|-boost|p2a: Tyranitar|atk|1
|-boost|p2a: Tyranitar|spe|1
|move|p1a: Blissey|Thunder Wave|p2a: Tyranitar
|-status|p2a: Tyranitar|par
|-enditem|p2a: Tyranitar|Lum Berry|[eat]
|-curestatus|p2a: Tyranitar|par|[msg]
|
|-weather|Sandstorm|[upkeep]
|-damage|p1a: Blissey|91/100|[from] Sandstorm
|-heal|p1a: Blissey|97/100|[from] item: Leftovers
|upkeep
|turn|13
|
|t:|1729023052
|move|p2a: Tyranitar|Earthquake|p1a: Blissey
|-damage|p1a: Blissey|44/100
|move|p1a: Blissey|Thunder Wave|p2a: Tyranitar
|-status|p2a: Tyranitar|par
|
|-weather|Sandstorm|[upkeep]
|-damage|p1a: Blissey|38/100|[from] Sandstorm
|-heal|p1a: Blissey|44/100|[from] item: Leftovers
|upkeep
|turn|14
|
|t:|1729023055
|switch|p1a: Skarmory|Skarmory, M|100/100
|cant|p2a: Tyranitar|par
|
|-weather|Sandstorm|[upkeep]
|upkeep
|turn|15
|
|t:|1729023059
|move|p1a: Skarmory|Spikes|p2a: Tyranitar
|-sidestart|p2: Figull400|Spikes
|cant|p2a: Tyranitar|par
|
|-weather|Sandstorm|[upkeep]
|upkeep
|turn|16
|
|t:|1729023063
|move|p1a: Skarmory|Spikes|p2a: Tyranitar
|-sidestart|p2: Figull400|Spikes
|cant|p2a: Tyranitar|par
|
|-weather|Sandstorm|[upkeep]
|upkeep
|turn|17
|
|t:|1729023065
|move|p2a: Tyranitar|Rock Slide|p1a: Skarmory|[miss]
|-miss|p2a: Tyranitar|p1a: Skarmory
|move|p1a: Skarmory|Roar|p2a: Tyranitar
|drag|p2a: Suicune|Suicune|80/100 par
|-damage|p2a: Suicune|63/100 par|[from] Spikes
|
|-weather|Sandstorm|[upkeep]
|-damage|p2a: Suicune|57/100 par|[from] Sandstorm
|-heal|p2a: Suicune|63/100 par|[from] item: Leftovers
|upkeep
|turn|18
|
|t:|1729023069
|move|p2a: Suicune|Hydro Pump|p1a: Skarmory
|-damage|p1a: Skarmory|45/100
|move|p1a: Skarmory|Roar|p2a: Suicune
|drag|p2a: Tyranitar|Tyranitar, F|74/100 par
|-damage|p2a: Tyranitar|57/100 par|[from] Spikes
|
|-weather|Sandstorm|[upkeep]
|-heal|p1a: Skarmory|51/100|[from] item: Leftovers
|upkeep
|turn|19
|
|t:|1729023074
|move|p1a: Skarmory|Protect|p1a: Skarmory
|-singleturn|p1a: Skarmory|Protect
|move|p2a: Tyranitar|Rock Slide|p1a: Skarmory
|-activate|p1a: Skarmory|Protect
|
|-weather|Sandstorm|[upkeep]
|-heal|p1a: Skarmory|57/100|[from] item: Leftovers
|upkeep
|turn|20
|
|t:|1729023079
|switch|p1a: Metagross|Metagross|94/100
|move|p2a: Tyranitar|Rock Slide|p1a: Metagross
|-resisted|p1a: Metagross
|-crit|p1a: Metagross
|-damage|p1a: Metagross|60/100
|
|-weather|Sandstorm|[upkeep]
|-heal|p1a: Metagross|66/100|[from] item: Leftovers
|upkeep
|turn|21
|
|t:|1729023084
|move|p1a: Metagross|Earthquake|p2a: Tyranitar
|-supereffective|p2a: Tyranitar
|-damage|p2a: Tyranitar|0 fnt
|faint|p2a: Tyranitar
|
|t:|1729023088
|switch|p2a: Suicune|Suicune|63/100 par
|-damage|p2a: Suicune|47/100 par|[from] Spikes
|
|-weather|Sandstorm|[upkeep]
|-damage|p2a: Suicune|41/100 par|[from] Sandstorm
|-heal|p1a: Metagross|72/100|[from] item: Leftovers
|-heal|p2a: Suicune|47/100 par|[from] item: Leftovers
|upkeep
|turn|22
|
|t:|1729023094
|move|p1a: Metagross|Earthquake|p2a: Suicune
|-damage|p2a: Suicune|16/100 par
|move|p2a: Suicune|Hydro Pump|p1a: Metagross
|-damage|p1a: Metagross|14/100
|
|-weather|Sandstorm|[upkeep]
|-damage|p2a: Suicune|10/100 par|[from] Sandstorm
|-heal|p1a: Metagross|20/100|[from] item: Leftovers
|-heal|p2a: Suicune|16/100 par|[from] item: Leftovers
|upkeep
|turn|23
|
|t:|1729023097
|move|p1a: Metagross|Earthquake|p2a: Suicune
|-damage|p2a: Suicune|0 fnt
|faint|p2a: Suicune
|
|t:|1729023099
|switch|p2a: Gengar|Gengar, M|100/100
|
|-weather|Sandstorm|[upkeep]
|-damage|p2a: Gengar|94/100|[from] Sandstorm
|-heal|p2a: Gengar|100/100|[from] item: Leftovers
|-heal|p1a: Metagross|26/100|[from] item: Leftovers
|upkeep
|turn|24
|
|t:|1729023103
|move|p1a: Metagross|Protect|p1a: Metagross
|-singleturn|p1a: Metagross|Protect
|move|p2a: Gengar|Thunderbolt|p1a: Metagross
|-activate|p1a: Metagross|Protect
|
|-weather|Sandstorm|[upkeep]
|-damage|p2a: Gengar|94/100|[from] Sandstorm
|-heal|p2a: Gengar|100/100|[from] item: Leftovers
|-heal|p1a: Metagross|32/100|[from] item: Leftovers
|upkeep
|turn|25
|
|t:|1729023108
|move|p2a: Gengar|Thunderbolt|p1a: Metagross
|-damage|p1a: Metagross|0 fnt
|faint|p1a: Metagross
|
|t:|1729023121
|switch|p1a: Tyranitar|Tyranitar, M|100/100
|
|-weather|Sandstorm|[upkeep]
|-damage|p2a: Gengar|94/100|[from] Sandstorm
|-heal|p2a: Gengar|100/100|[from] item: Leftovers
|upkeep
|turn|26
|
|t:|1729023125
|move|p2a: Gengar|Explosion|p1a: Tyranitar
|-resisted|p1a: Tyranitar
|-damage|p1a: Tyranitar|74/100
|faint|p2a: Gengar
|
|t:|1729023127
|switch|p2a: Metagross|Metagross|100/100
|-damage|p2a: Metagross|84/100|[from] Spikes
|
|-weather|Sandstorm|[upkeep]
|upkeep
|turn|27
|
|t:|1729023139
|switch|p1a: Skarmory|Skarmory, M|57/100
|move|p2a: Metagross|Agility|p2a: Metagross
|-boost|p2a: Metagross|spe|2
|
|-weather|Sandstorm|[upkeep]
|-heal|p1a: Skarmory|63/100|[from] item: Leftovers
|upkeep
|turn|28
|
|t:|1729023142
|move|p2a: Metagross|Rock Slide|p1a: Skarmory
|-damage|p1a: Skarmory|40/100
|move|p1a: Skarmory|Roar|p2a: Metagross
|drag|p2a: Salamence|Salamence, M|100/100
|-ability|p2a: Salamence|Intimidate|boost
|-unboost|p1a: Skarmory|atk|1
|
|-weather|Sandstorm|[upkeep]
|-damage|p2a: Salamence|94/100|[from] Sandstorm
|-heal|p2a: Salamence|100/100|[from] item: Leftovers
|-heal|p1a: Skarmory|46/100|[from] item: Leftovers
|upkeep
|turn|29
|
|t:|1729023145
|move|p2a: Salamence|Rock Slide|p1a: Skarmory
|-damage|p1a: Skarmory|24/100
|move|p1a: Skarmory|Toxic|p2a: Salamence|[miss]
|-miss|p1a: Skarmory|p2a: Salamence
|
|-weather|Sandstorm|[upkeep]
|-damage|p2a: Salamence|94/100|[from] Sandstorm
|-heal|p2a: Salamence|100/100|[from] item: Leftovers
|-heal|p1a: Skarmory|30/100|[from] item: Leftovers
|upkeep
|turn|30
|
|t:|1729023149
|move|p1a: Skarmory|Protect|p1a: Skarmory
|-singleturn|p1a: Skarmory|Protect
|move|p2a: Salamence|Dragon Dance|p2a: Salamence
|-boost|p2a: Salamence|atk|1
|-boost|p2a: Salamence|spe|1
|
|-weather|Sandstorm|[upkeep]
|-damage|p2a: Salamence|94/100|[from] Sandstorm
|-heal|p2a: Salamence|100/100|[from] item: Leftovers
|-heal|p1a: Skarmory|36/100|[from] item: Leftovers
|upkeep
|turn|31
|
|t:|1729023150
|move|p2a: Salamence|Rock Slide|p1a: Skarmory
|-damage|p1a: Skarmory|5/100
|move|p1a: Skarmory|Toxic|p2a: Salamence
|-status|p2a: Salamence|tox
|
|-weather|Sandstorm|[upkeep]
|-damage|p2a: Salamence|94/100 tox|[from] Sandstorm
|-heal|p2a: Salamence|100/100 tox|[from] item: Leftovers
|-damage|p2a: Salamence|94/100 tox|[from] psn
|-heal|p1a: Skarmory|11/100|[from] item: Leftovers
|upkeep
|turn|32
|
|t:|1729023154
|move|p1a: Skarmory|Protect|p1a: Skarmory
|-singleturn|p1a: Skarmory|Protect
|move|p2a: Salamence|Hidden Power|p1a: Skarmory
|-activate|p1a: Skarmory|Protect
|
|-weather|Sandstorm|[upkeep]
|-damage|p2a: Salamence|88/100 tox|[from] Sandstorm
|-heal|p2a: Salamence|94/100 tox|[from] item: Leftovers
|-damage|p2a: Salamence|82/100 tox|[from] psn
|-heal|p1a: Skarmory|17/100|[from] item: Leftovers
|upkeep
|turn|33
|
|t:|1729023166
|switch|p1a: Blissey|Blissey, F|44/100
|move|p2a: Salamence|Hidden Power|p1a: Blissey
|-crit|p1a: Blissey
|-damage|p1a: Blissey|0 fnt
|faint|p1a: Blissey
|
|t:|1729023171
|switch|p1a: Skarmory|Skarmory, M|17/100
|
|-weather|Sandstorm|[upkeep]
|-damage|p2a: Salamence|76/100 tox|[from] Sandstorm
|-heal|p2a: Salamence|82/100 tox|[from] item: Leftovers
|-damage|p2a: Salamence|64/100 tox|[from] psn
|-heal|p1a: Skarmory|23/100|[from] item: Leftovers
|upkeep
|turn|34
|
|t:|1729023173
|move|p1a: Skarmory|Protect|p1a: Skarmory
|-singleturn|p1a: Skarmory|Protect
|move|p2a: Salamence|Rock Slide|p1a: Skarmory
|-activate|p1a: Skarmory|Protect
|
|-weather|Sandstorm|[upkeep]
|-damage|p2a: Salamence|58/100 tox|[from] Sandstorm
|-heal|p2a: Salamence|64/100 tox|[from] item: Leftovers
|-damage|p2a: Salamence|40/100 tox|[from] psn
|-heal|p1a: Skarmory|29/100|[from] item: Leftovers
|upkeep
|turn|35
|
|t:|1729023176
|switch|p1a: Tyranitar|Tyranitar, M|74/100
|move|p2a: Salamence|Rock Slide|p1a: Tyranitar
|-damage|p1a: Tyranitar|39/100
|
|-weather|Sandstorm|[upkeep]
|-damage|p2a: Salamence|34/100 tox|[from] Sandstorm
|-heal|p2a: Salamence|40/100 tox|[from] item: Leftovers
|-damage|p2a: Salamence|10/100 tox|[from] psn
|upkeep
|turn|36
|
|t:|1729023181
|move|p2a: Salamence|Earthquake|p1a: Tyranitar
|-supereffective|p1a: Tyranitar
|-damage|p1a: Tyranitar|0 fnt
|faint|p1a: Tyranitar
|
|t:|1729023186
|switch|p1a: Charizard|Charizard, M|100/100
|
|-weather|Sandstorm|[upkeep]
|-damage|p2a: Salamence|4/100 tox|[from] Sandstorm
|-damage|p1a: Charizard|94/100|[from] Sandstorm
|-heal|p2a: Salamence|10/100 tox|[from] item: Leftovers
|-damage|p2a: Salamence|0 fnt|[from] psn
|faint|p2a: Salamence
|-heal|p1a: Charizard|100/100|[from] item: Leftovers
|upkeep
|
|t:|1729023188
|switch|p2a: Metagross|Metagross|84/100
|-damage|p2a: Metagross|67/100|[from] Spikes
|turn|37
|
|t:|1729023190
|move|p1a: Charizard|Flamethrower|p2a: Metagross
|-supereffective|p2a: Metagross
|-damage|p2a: Metagross|0 fnt
|faint|p2a: Metagross
|
|win|butter dk
|c|☆butter dk|ggs
|c|☆Figull400|ggs
|player|p2|

</script>
<script type="application/json" class="data" id="replaydata-smogtours-gen3ou-799000">
{"id":"smogtours-gen3ou-799000","format":"[Gen 3] OU","players":["butter dk","Figull400"],"uploadtime":1729023190,"views":122,"formatid":"gen3ou","rating":null,"private":0,"password":null}
</script>

<script defer src="js/replays.js?9d40a366"></script>
