<!DOCTYPE html>
<meta charset="utf-8" />
<meta name="viewport" content="width=device-width" />

<title>[Gen 3] OU: Gooball99 vs. lunasran - Replays - Pok&eacute;mon Showdown!</title>

<meta name="description" content="Watch a replay of a Pok&eacute;mon battle between Gooball99 and lunasran! Format: [Gen 3] OU; Date: Oct 5, 2024" />
<!--

Hey, you! Looking in the source for the replay log?

You can find them in JSON format, just add `.json` at the end of a replay URL.

https://replay.pokemonshowdown.com/gen7randomdoublesbattle-865046831.json

Or, if you only need the log itself, add `.log` instead:

https://replay.pokemonshowdown.com/gen7randomdoublesbattle-865046831.log

-->

<link rel="stylesheet" href="//pokemonshowdown.com/style/global.css?0.023195364461161105" />
<link rel="stylesheet" href="//play.pokemonshowdown.com/style/font-awesome.css?0.13261647063804238" />
<link rel="stylesheet" href="//play.pokemonshowdown.com/style/battle.css?0.8753245789963631" />
<link rel="stylesheet" href="//play.pokemonshowdown.com/style/utilichart.css?0.8627959624976733" />

<!-- Global site tag (gtag.js) - Google Analytics -->
<script async src="https://www.googletagmanager.com/gtag/js?id=UA-26211653-1"></script>
<script>
  window.dataLayer = window.dataLayer || [];
  function gtag(){dataLayer.push(arguments);}
  gtag('js', new Date());

  gtag('config', 'UA-26211653-1');
</script>
<!-- End Google Analytics -->
<!-- Venatus Ad Manager - Install in <HEAD> of page -->
	<script src="https://hb.vntsm.com/v3/live/ad-manager.min.js" type="text/javascript" data-site-id="642aba63ec9a7b11c3c9c1be" data-mode="scan" async></script>
<!-- / Venatus Ad Manager -->

<style>
	@media (max-width:820px) {
		.battle {
			margin: 0 auto;
		}
		.battle-log {
			margin: 7px auto 0;
			max-width: 640px;
			height: 300px;
			position: static;
		}
	}
	.optgroup {
		display: inline-block;
		line-height: 22px;
		font-size: 10pt;
	}
	.optgroup .button {
		height: 25px;
		padding-top: 0;
		padding-bottom: 0;
	}
	.optgroup button.button {
		padding-left: 12px;
		padding-right: 12px;
	}
	.linklist {
		list-style: none;
		margin: 0.5em 0;
		padding: 0;
	}
	.linklist li {
		padding: 2px 0;
	}
	.sidebar {
		float: left;
		width: 320px;
	}
	.bar-wrapper {
		max-width: 1100px;
		margin: 0 auto;
	}
	.bar-wrapper.has-sidebar {
		max-width: 1430px;
	}
	.mainbar {
		margin: 0;
		padding-right: 1px;
	}
	.mainbar.has-sidebar {
		margin-left: 330px;
	}
	@media (min-width: 1511px) {
		.sidebar {
			width: 400px;
		}
		.bar-wrapper.has-sidebar {
			max-width: 1510px;
		}
		.mainbar.has-sidebar {
			margin-left: 410px;
		}
	}
	.section.first-section {
		margin-top: 9px;
	}
	.blocklink small {
		white-space: normal;
	}
	.button {
		vertical-align: middle;
	}
	.replay-controls {
		padding-top: 10px;
	}
	.replay-controls h1 {
		font-size: 16pt;
		font-weight: normal;
		color: #CCC;
	}
	.pagelink {
		text-align: center;
	}
	.pagelink a {
		width: 150px;
	}
	.textbox, .button {
		font-size: 11pt;
		vertical-align: middle;
	}
	@media (max-width: 450px) {
		.button {
			font-size: 9pt;
		}
	}
</style>

<div>

	<header>
		<div class="nav-wrapper"><ul class="nav">
			<li><a class="button nav-first" href="//pokemonshowdown.com/"><img src="//pokemonshowdown.com/images/pokemonshowdownbeta.png" srcset="//pokemonshowdown.com/images/pokemonshowdownbeta.png 1x, //pokemonshowdown.com/images/pokemonshowdownbeta@2x.png 2x" alt="Pok&eacute;mon Showdown" width="146" height="44" /> Home</a></li>
			<li><a class="button" href="//pokemonshowdown.com/dex/">Pok&eacute;dex</a></li>
			<li><a class="button cur" href="/">Replays</a></li>
			<li><a class="button" href="//pokemonshowdown.com/ladder/">Ladder</a></li>
			<li><a class="button nav-last" href="//pokemonshowdown.com/forums/">Forum</a></li>
			<li><a class="button greenbutton nav-first nav-last" href="//play.pokemonshowdown.com/">Play</a></li>
		</ul></div>
	</header>

	<div class="main" id="main">

		<noscript><section class="section">You need to enable JavaScript to use this page; sorry!</section></noscript>

	</div>

</div>

<script defer nomodule src="//play.pokemonshowdown.com/js/lib/ps-polyfill.js"></script>
<script defer src="//play.pokemonshowdown.com/js/lib/preact.min.js"></script>

<script defer src="//play.pokemonshowdown.com/config/config.js?2bddbc15"></script>
<script defer src="//play.pokemonshowdown.com/js/lib/jquery-1.11.0.min.js"></script>
<script defer src="//play.pokemonshowdown.com/js/lib/html-sanitizer-minified.js"></script>
<script defer src="//play.pokemonshowdown.com/js/battle-sound.js"></script>
<script defer src="//play.pokemonshowdown.com/js/battledata.js?0.7209276989879541"></script>
<script defer src="//play.pokemonshowdown.com/data/pokedex-mini.js?0.6111056340867951"></script>
<script defer src="//play.pokemonshowdown.com/data/pokedex-mini-bw.js?0.3532142036491459"></script>
<script defer src="//play.pokemonshowdown.com/data/graphics.js?0.24223875632456182"></script>
<script defer src="//play.pokemonshowdown.com/data/pokedex.js?0.38839984266356864"></script>
<script defer src="//play.pokemonshowdown.com/data/moves.js?0.21866028504024015"></script>
<script defer src="//play.pokemonshowdown.com/data/abilities.js?0.2005157953846628"></script>
<script defer src="//play.pokemonshowdown.com/data/items.js?0.9894211263848525"></script>
<script defer src="//play.pokemonshowdown.com/data/teambuilder-tables.js?0.6008791140282215"></script>
<script defer src="//play.pokemonshowdown.com/js/battle-tooltips.js?0.7580118955022959"></script>
<script defer src="//play.pokemonshowdown.com/js/battle.js?0.6057722274234274"></script>

<script defer src="js/utils.js?e31f9a17"></script>
<script defer src="js/replays-battle.js?7008c182"></script>

<!-- don't scrape this data! just add .json or .log after the URL!
Full API docs: https://github.com/smogon/pokemon-showdown-client/blob/master/WEB-API.md -->
<script type="text/plain" class="log" id="replaylog-smogtours-gen3ou-795207">
|inactive|Battle timer is ON: inactive players will automatically lose when time's up.
|t:|1728162615
|gametype|singles
|player|p1|Gooball99|169|
|player|p2|lunasran|erika|
|teamsize|p1|6
|teamsize|p2|6
|gen|3
|tier|[Gen 3] OU
|rule|Sleep Clause Mod: Limit one foe put to sleep
|rule|Switch Priority Clause Mod: Faster Pokémon switch first
|rule|Species Clause: Limit one of each Pokémon
|rule|OHKO Clause: OHKO moves are banned
|rule|Evasion Items Clause: Evasion items are banned
|rule|Evasion Moves Clause: Evasion moves are banned
|rule|Endless Battle Clause: Forcing endless battles is banned
|rule|HP Percentage Mod: HP is shown in percentages
|rule|One Boost Passer Clause: Limit one Baton Passer that has a way to boost its stats
|rule|Freeze Clause Mod: Limit one foe frozen
|
|t:|1728162615
|start
|switch|p1a: Moltres|Moltres|100/100
|switch|p2a: Medicham|Medicham, F, shiny|100/100
|turn|1
|
|t:|1728162633
|switch|p2a: Snorlax|Snorlax, F, shiny|100/100
|move|p1a: Moltres|Overheat|p2a: Snorlax|[miss]
|-miss|p1a: Moltres|p2a: Snorlax
|
|upkeep
|turn|2
|
|t:|1728162644
|move|p1a: Moltres|Will-O-Wisp|p2a: Snorlax
|-status|p2a: Snorlax|brn
|move|p2a: Snorlax|Curse|p2a: Snorlax
|-unboost|p2a: Snorlax|spe|1
|-boost|p2a: Snorlax|atk|1
|-boost|p2a: Snorlax|def|1
|
|-damage|p2a: Snorlax|88/100 brn|[from] brn
|upkeep
|turn|3
|
|t:|1728162666
|switch|p1a: Skarmory|Skarmory, M|100/100
|move|p2a: Snorlax|Body Slam|p1a: Skarmory
|-resisted|p1a: Skarmory
|-damage|p1a: Skarmory|90/100
|
|-heal|p1a: Skarmory|96/100|[from] item: Leftovers
|-heal|p2a: Snorlax|94/100 brn|[from] item: Leftovers
|-damage|p2a: Snorlax|82/100 brn|[from] brn
|upkeep
|turn|4
|
|t:|1728162678
|move|p1a: Skarmory|Spikes|p2a: Snorlax
|-sidestart|p2: lunasran|Spikes
|move|p2a: Snorlax|Rest|p2a: Snorlax
|-status|p2a: Snorlax|slp|[from] move: Rest
|-heal|p2a: Snorlax|100/100 slp|[silent]
|
|-heal|p1a: Skarmory|100/100|[from] item: Leftovers
|upkeep
|turn|5
|
|t:|1728162698
|switch|p2a: Starmie|Starmie, shiny|100/100
|-damage|p2a: Starmie|88/100|[from] Spikes
|move|p1a: Skarmory|Roar|p2a: Starmie
|drag|p2a: Metagross|Metagross, shiny|100/100
|-damage|p2a: Metagross|88/100|[from] Spikes
|
|-heal|p2a: Metagross|94/100|[from] item: Leftovers
|upkeep
|turn|6
|
|t:|1728162710
|move|p2a: Metagross|Meteor Mash|p1a: Skarmory
|-resisted|p1a: Skarmory
|-damage|p1a: Skarmory|83/100
|move|p1a: Skarmory|Spikes|p2a: Metagross
|-sidestart|p2: lunasran|Spikes
|
|-heal|p2a: Metagross|99/100|[from] item: Leftovers
|-heal|p1a: Skarmory|89/100|[from] item: Leftovers
|upkeep
|turn|7
|
|t:|1728162718
|move|p1a: Skarmory|Protect|p1a: Skarmory
|-singleturn|p1a: Skarmory|Protect
|move|p2a: Metagross|Meteor Mash|p1a: Skarmory
|-activate|p1a: Skarmory|Protect
|
|-heal|p2a: Metagross|100/100|[from] item: Leftovers
|-heal|p1a: Skarmory|95/100|[from] item: Leftovers
|upkeep
|turn|8
|
|t:|1728162728
|move|p2a: Metagross|Meteor Mash|p1a: Skarmory|[miss]
|-miss|p2a: Metagross|p1a: Skarmory
|move|p1a: Skarmory|Spikes|p2a: Metagross
|-sidestart|p2: lunasran|Spikes
|
|-heal|p1a: Skarmory|100/100|[from] item: Leftovers
|upkeep
|turn|9
|
|t:|1728162737
|move|p2a: Metagross|Meteor Mash|p1a: Skarmory
|-resisted|p1a: Skarmory
|-damage|p1a: Skarmory|85/100
|move|p1a: Skarmory|Roar|p2a: Metagross
|drag|p2a: Medicham|Medicham, F, shiny|100/100
|-damage|p2a: Medicham|76/100|[from] Spikes
|
|-heal|p1a: Skarmory|91/100|[from] item: Leftovers
|upkeep
|turn|10
|
|t:|1728162755
|-singleturn|p2a: Medicham|move: Focus Punch
|move|p1a: Skarmory|Protect|p1a: Skarmory
|-singleturn|p1a: Skarmory|Protect
|move|p2a: Medicham|Focus Punch|p1a: Skarmory
|-activate|p1a: Skarmory|Protect
|
|-heal|p1a: Skarmory|97/100|[from] item: Leftovers
|upkeep
|turn|11
|
|t:|1728162764
|-singleturn|p2a: Medicham|move: Focus Punch
|move|p2a: Medicham|Focus Punch|p1a: Skarmory
|-damage|p1a: Skarmory|0 fnt
|faint|p1a: Skarmory
|
|t:|1728162775
|switch|p1a: Metagross|Metagross|100/100
|
|upkeep
|turn|12
|
|t:|1728162799
|switch|p2a: Celebi|Celebi|100/100
|-damage|p2a: Celebi|76/100|[from] Spikes
|move|p1a: Metagross|Agility|p1a: Metagross
|-boost|p1a: Metagross|spe|2
|
|-heal|p2a: Celebi|82/100|[from] item: Leftovers
|upkeep
|turn|13
|
|t:|1728162809
|move|p1a: Metagross|Meteor Mash|p2a: Celebi
|-damage|p2a: Celebi|30/100
|move|p2a: Celebi|Swords Dance|p2a: Celebi
|-boost|p2a: Celebi|atk|2
|
|-heal|p2a: Celebi|36/100|[from] item: Leftovers
|upkeep
|turn|14
|
|t:|1728162828
|move|p1a: Metagross|Meteor Mash|p2a: Celebi
|-damage|p2a: Celebi|0 fnt
|faint|p2a: Celebi
|
|t:|1728162835
|switch|p2a: Zapdos|Zapdos, shiny|100/100
|
|upkeep
|turn|15
|
|t:|1728162842
|move|p1a: Metagross|Rock Slide|p2a: Zapdos
|-supereffective|p2a: Zapdos
|-damage|p2a: Zapdos|30/100
|move|p2a: Zapdos|Substitute|p2a: Zapdos
|-start|p2a: Zapdos|Substitute
|-damage|p2a: Zapdos|5/100
|
|-heal|p2a: Zapdos|11/100|[from] item: Leftovers
|upkeep
|turn|16
|
|t:|1728162851
|move|p1a: Metagross|Rock Slide|p2a: Zapdos
|-supereffective|p2a: Zapdos
|-end|p2a: Zapdos|Substitute
|move|p2a: Zapdos|Thunderbolt|p1a: Metagross
|-damage|p1a: Metagross|50/100
|-status|p1a: Metagross|par
|
|-heal|p2a: Zapdos|17/100|[from] item: Leftovers
|-heal|p1a: Metagross|56/100 par|[from] item: Leftovers
|upkeep
|turn|17
|
|t:|1728162862
|move|p2a: Zapdos|Thunderbolt|p1a: Metagross
|-damage|p1a: Metagross|2/100 par
|move|p1a: Metagross|Rock Slide|p2a: Zapdos
|-supereffective|p2a: Zapdos
|-damage|p2a: Zapdos|0 fnt
|faint|p2a: Zapdos
|
|t:|1728162869
|switch|p2a: Starmie|Starmie, shiny|88/100
|-damage|p2a: Starmie|63/100|[from] Spikes
|
|-heal|p2a: Starmie|69/100|[from] item: Leftovers
|-heal|p1a: Metagross|8/100 par|[from] item: Leftovers
|upkeep
|turn|18
|
|t:|1728162878
|move|p2a: Starmie|Surf|p1a: Metagross
|-damage|p1a: Metagross|0 fnt
|faint|p1a: Metagross
|
|t:|1728162888
|switch|p1a: Celebi|Celebi|100/100
|
|-heal|p2a: Starmie|75/100|[from] item: Leftovers
|upkeep
|turn|19
|
|t:|1728162897
|move|p2a: Starmie|Thunder Wave|p1a: Celebi
|-status|p1a: Celebi|par
|cant|p1a: Celebi|par
|
|-heal|p2a: Starmie|82/100|[from] item: Leftovers
|upkeep
|turn|20
|
|t:|1728162903
|move|p2a: Starmie|Rapid Spin|p1a: Celebi
|-damage|p1a: Celebi|98/100 par
|-sideend|p2: lunasran|Spikes|[from] move: Rapid Spin|[of] p2a: Starmie
|cant|p1a: Celebi|par
|
|-heal|p2a: Starmie|88/100|[from] item: Leftovers
|-heal|p1a: Celebi|100/100 par|[from] item: Leftovers
|upkeep
|turn|21
|
|t:|1728162910
|move|p2a: Starmie|Ice Beam|p1a: Celebi
|-supereffective|p1a: Celebi
|-damage|p1a: Celebi|64/100 par
|move|p1a: Celebi|Calm Mind|p1a: Celebi
|-boost|p1a: Celebi|spa|1
|-boost|p1a: Celebi|spd|1
|
|-heal|p2a: Starmie|94/100|[from] item: Leftovers
|-heal|p1a: Celebi|70/100 par|[from] item: Leftovers
|upkeep
|turn|22
|
|t:|1728162919
|move|p2a: Starmie|Ice Beam|p1a: Celebi
|-supereffective|p1a: Celebi
|-damage|p1a: Celebi|47/100 par
|move|p1a: Celebi|Giga Drain|p2a: Starmie
|-supereffective|p2a: Starmie
|-damage|p2a: Starmie|12/100
|-heal|p1a: Celebi|80/100 par|[from] drain|[of] p2a: Starmie
|
|-heal|p2a: Starmie|18/100|[from] item: Leftovers
|-heal|p1a: Celebi|86/100 par|[from] item: Leftovers
|upkeep
|turn|23
|
|t:|1728162936
|switch|p2a: Metagross|Metagross, shiny|100/100
|move|p1a: Celebi|Calm Mind|p1a: Celebi
|-boost|p1a: Celebi|spa|1
|-boost|p1a: Celebi|spd|1
|
|-heal|p1a: Celebi|92/100 par|[from] item: Leftovers
|upkeep
|turn|24
|
|t:|1728162947
|move|p2a: Metagross|Agility|p2a: Metagross
|-boost|p2a: Metagross|spe|2
|move|p1a: Celebi|Baton Pass|p1a: Celebi
|
|t:|1728162953
|-curestatus|p1a: Celebi|par|[from] ability: Natural Cure
|switch|p1a: Moltres|Moltres|100/100|[from] Baton Pass
|
|upkeep
|turn|25
|
|t:|1728162961
|move|p2a: Metagross|Explosion|p1a: Moltres
|-damage|p1a: Moltres|0 fnt
|faint|p2a: Metagross
|faint|p1a: Moltres
|
|t:|1728162968
|switch|p1a: Magneton|Magneton|100/100
|switch|p2a: Starmie|Starmie, shiny|18/100
|
|-heal|p2a: Starmie|24/100|[from] item: Leftovers
|upkeep
|turn|26
|
|t:|1728162977
|move|p2a: Starmie|Thunder Wave|p1a: Magneton
|-status|p1a: Magneton|par
|move|p1a: Magneton|Thunderbolt|p2a: Starmie
|-supereffective|p2a: Starmie
|-damage|p2a: Starmie|0 fnt
|faint|p2a: Starmie
|
|t:|1728162983
|switch|p2a: Medicham|Medicham, F, shiny|76/100
|
|upkeep
|turn|27
|
|t:|1728162988
|move|p2a: Medicham|Brick Break|p1a: Magneton
|-supereffective|p1a: Magneton
|-damage|p1a: Magneton|0 fnt
|faint|p1a: Magneton
|
|t:|1728162993
|switch|p1a: Celebi|Celebi|92/100
|
|-heal|p1a: Celebi|98/100|[from] item: Leftovers
|upkeep
|turn|28
|
|t:|1728162997
|switch|p2a: Snorlax|Snorlax, F, shiny|100/100 slp
|move|p1a: Celebi|Calm Mind|p1a: Celebi
|-boost|p1a: Celebi|spa|1
|-boost|p1a: Celebi|spd|1
|
|-heal|p1a: Celebi|100/100|[from] item: Leftovers
|upkeep
|turn|29
|
|t:|1728163005
|move|p1a: Celebi|Calm Mind|p1a: Celebi
|-boost|p1a: Celebi|spa|1
|-boost|p1a: Celebi|spd|1
|cant|p2a: Snorlax|slp
|move|p2a: Snorlax|Sleep Talk|p2a: Snorlax
|move|p2a: Snorlax|Rest|p2a: Snorlax|[from]Sleep Talk
|
|upkeep
|turn|30
|
|t:|1728163015
|move|p1a: Celebi|Calm Mind|p1a: Celebi
|-boost|p1a: Celebi|spa|1
|-boost|p1a: Celebi|spd|1
|cant|p2a: Snorlax|slp
|move|p2a: Snorlax|Sleep Talk|p2a: Snorlax
|move|p2a: Snorlax|Curse|p2a: Snorlax|[from]Sleep Talk
|-unboost|p2a: Snorlax|spe|1
|-boost|p2a: Snorlax|atk|1
|-boost|p2a: Snorlax|def|1
|
|upkeep
|turn|31
|
|t:|1728163030
|move|p1a: Celebi|Psychic|p2a: Snorlax
|-damage|p2a: Snorlax|54/100 slp
|-curestatus|p2a: Snorlax|slp|[msg]
|move|p2a: Snorlax|Curse|p2a: Snorlax
|-unboost|p2a: Snorlax|spe|1
|-boost|p2a: Snorlax|atk|1
|-boost|p2a: Snorlax|def|1
|
|-heal|p2a: Snorlax|60/100|[from] item: Leftovers
|upkeep
|turn|32
|
|t:|1728163041
|move|p1a: Celebi|Psychic|p2a: Snorlax
|-damage|p2a: Snorlax|13/100
|move|p2a: Snorlax|Rest|p2a: Snorlax
|-status|p2a: Snorlax|slp|[from] move: Rest
|-heal|p2a: Snorlax|100/100 slp|[silent]
|
|upkeep
|turn|33
|
|t:|1728163048
|move|p1a: Celebi|Psychic|p2a: Snorlax
|-damage|p2a: Snorlax|54/100 slp
|cant|p2a: Snorlax|slp
|move|p2a: Snorlax|Sleep Talk|p2a: Snorlax
|move|p2a: Snorlax|Curse|p2a: Snorlax|[from]Sleep Talk
|-unboost|p2a: Snorlax|spe|1
|-boost|p2a: Snorlax|atk|1
|-boost|p2a: Snorlax|def|1
|
|-heal|p2a: Snorlax|60/100 slp|[from] item: Leftovers
|upkeep
|turn|34
|
|t:|1728163060
|move|p1a: Celebi|Psychic|p2a: Snorlax
|-damage|p2a: Snorlax|15/100 slp
|cant|p2a: Snorlax|slp
|move|p2a: Snorlax|Sleep Talk|p2a: Snorlax
|move|p2a: Snorlax|Rest|p2a: Snorlax|[from]Sleep Talk
|
|-heal|p2a: Snorlax|21/100 slp|[from] item: Leftovers
|upkeep
|turn|35
|c|☆Gooball99|unlucky
|
|t:|1728163076
|move|p1a: Celebi|Psychic|p2a: Snorlax
|-damage|p2a: Snorlax|0 fnt
|faint|p2a: Snorlax
|c|☆lunasran|;u;
|
|t:|1728163088
|switch|p2a: Medicham|Medicham, F, shiny|76/100
|
|upkeep
|turn|36
|
|t:|1728163096
|move|p1a: Celebi|Psychic|p2a: Medicham
|-damage|p2a: Medicham|0 fnt
|faint|p2a: Medicham
|
|win|Gooball99
|c|☆lunasran|ggs
|c|☆Gooball99|gg
|player|p1|

</script>
<script type="application/json" class="data" id="replaydata-smogtours-gen3ou-795207">
{"id":"smogtours-gen3ou-795207","format":"[Gen 3] OU","players":["Gooball99","lunasran"],"uploadtime":1728163096,"views":97,"formatid":"gen3ou","rating":null,"private":0,"password":null}
</script>

<script defer src="js/replays.js?9d40a366"></script>
