<!DOCTYPE html>
<meta charset="utf-8" />
<meta name="viewport" content="width=device-width" />

<title>[Gen 3] OU: Euph0riADV vs. big will 2024 - Replays - Pok&eacute;mon Showdown!</title>

<meta name="description" content="Watch a replay of a Pok&eacute;mon battle between Euph0riADV and big will 2024! Format: [Gen 3] OU; Date: Oct 15, 2024" />
<!--

Hey, you! Looking in the source for the replay log?

You can find them in JSON format, just add `.json` at the end of a replay URL.

https://replay.pokemonshowdown.com/gen7randomdoublesbattle-865046831.json

Or, if you only need the log itself, add `.log` instead:

https://replay.pokemonshowdown.com/gen7randomdoublesbattle-865046831.log

-->

<link rel="stylesheet" href="//pokemonshowdown.com/style/global.css?0.023195364461161105" />
<link rel="stylesheet" href="//play.pokemonshowdown.com/style/font-awesome.css?0.13261647063804238" />
<link rel="stylesheet" href="//play.pokemonshowdown.com/style/battle.css?0.8753245789963631" />
<link rel="stylesheet" href="//play.pokemonshowdown.com/style/utilichart.css?0.8627959624976733" />

<!-- Global site tag (gtag.js) - Google Analytics -->
<script async src="https://www.googletagmanager.com/gtag/js?id=UA-26211653-1"></script>
<script>
  window.dataLayer = window.dataLayer || [];
  function gtag(){dataLayer.push(arguments);}
  gtag('js', new Date());

  gtag('config', 'UA-26211653-1');
</script>
<!-- End Google Analytics -->
<!-- Venatus Ad Manager - Install in <HEAD> of page -->
	<script src="https://hb.vntsm.com/v3/live/ad-manager.min.js" type="text/javascript" data-site-id="642aba63ec9a7b11c3c9c1be" data-mode="scan" async></script>
<!-- / Venatus Ad Manager -->

<style>
	@media (max-width:820px) {
		.battle {
			margin: 0 auto;
		}
		.battle-log {
			margin: 7px auto 0;
			max-width: 640px;
			height: 300px;
			position: static;
		}
	}
	.optgroup {
		display: inline-block;
		line-height: 22px;
		font-size: 10pt;
	}
	.optgroup .button {
		height: 25px;
		padding-top: 0;
		padding-bottom: 0;
	}
	.optgroup button.button {
		padding-left: 12px;
		padding-right: 12px;
	}
	.linklist {
		list-style: none;
		margin: 0.5em 0;
		padding: 0;
	}
	.linklist li {
		padding: 2px 0;
	}
	.sidebar {
		float: left;
		width: 320px;
	}
	.bar-wrapper {
		max-width: 1100px;
		margin: 0 auto;
	}
	.bar-wrapper.has-sidebar {
		max-width: 1430px;
	}
	.mainbar {
		margin: 0;
		padding-right: 1px;
	}
	.mainbar.has-sidebar {
		margin-left: 330px;
	}
	@media (min-width: 1511px) {
		.sidebar {
			width: 400px;
		}
		.bar-wrapper.has-sidebar {
			max-width: 1510px;
		}
		.mainbar.has-sidebar {
			margin-left: 410px;
		}
	}
	.section.first-section {
		margin-top: 9px;
	}
	.blocklink small {
		white-space: normal;
	}
	.button {
		vertical-align: middle;
	}
	.replay-controls {
		padding-top: 10px;
	}
	.replay-controls h1 {
		font-size: 16pt;
		font-weight: normal;
		color: #CCC;
	}
	.pagelink {
		text-align: center;
	}
	.pagelink a {
		width: 150px;
	}
	.textbox, .button {
		font-size: 11pt;
		vertical-align: middle;
	}
	@media (max-width: 450px) {
		.button {
			font-size: 9pt;
		}
	}
</style>

<div>

	<header>
		<div class="nav-wrapper"><ul class="nav">
			<li><a class="button nav-first" href="//pokemonshowdown.com/"><img src="//pokemonshowdown.com/images/pokemonshowdownbeta.png" srcset="//pokemonshowdown.com/images/pokemonshowdownbeta.png 1x, //pokemonshowdown.com/images/pokemonshowdownbeta@2x.png 2x" alt="Pok&eacute;mon Showdown" width="146" height="44" /> Home</a></li>
			<li><a class="button" href="//pokemonshowdown.com/dex/">Pok&eacute;dex</a></li>
			<li><a class="button cur" href="/">Replays</a></li>
			<li><a class="button" href="//pokemonshowdown.com/ladder/">Ladder</a></li>
			<li><a class="button nav-last" href="//pokemonshowdown.com/forums/">Forum</a></li>
			<li><a class="button greenbutton nav-first nav-last" href="//play.pokemonshowdown.com/">Play</a></li>
		</ul></div>
	</header>

	<div class="main" id="main">

		<noscript><section class="section">You need to enable JavaScript to use this page; sorry!</section></noscript>

	</div>

</div>

<script defer nomodule src="//play.pokemonshowdown.com/js/lib/ps-polyfill.js"></script>
<script defer src="//play.pokemonshowdown.com/js/lib/preact.min.js"></script>

<script defer src="//play.pokemonshowdown.com/config/config.js?2bddbc15"></script>
<script defer src="//play.pokemonshowdown.com/js/lib/jquery-1.11.0.min.js"></script>
<script defer src="//play.pokemonshowdown.com/js/lib/html-sanitizer-minified.js"></script>
<script defer src="//play.pokemonshowdown.com/js/battle-sound.js"></script>
<script defer src="//play.pokemonshowdown.com/js/battledata.js?0.7209276989879541"></script>
<script defer src="//play.pokemonshowdown.com/data/pokedex-mini.js?0.6111056340867951"></script>
<script defer src="//play.pokemonshowdown.com/data/pokedex-mini-bw.js?0.3532142036491459"></script>
<script defer src="//play.pokemonshowdown.com/data/graphics.js?0.24223875632456182"></script>
<script defer src="//play.pokemonshowdown.com/data/pokedex.js?0.38839984266356864"></script>
<script defer src="//play.pokemonshowdown.com/data/moves.js?0.21866028504024015"></script>
<script defer src="//play.pokemonshowdown.com/data/abilities.js?0.2005157953846628"></script>
<script defer src="//play.pokemonshowdown.com/data/items.js?0.9894211263848525"></script>
<script defer src="//play.pokemonshowdown.com/data/teambuilder-tables.js?0.6008791140282215"></script>
<script defer src="//play.pokemonshowdown.com/js/battle-tooltips.js?0.7580118955022959"></script>
<script defer src="//play.pokemonshowdown.com/js/battle.js?0.6057722274234274"></script>

<script defer src="js/utils.js?e31f9a17"></script>
<script defer src="js/replays-battle.js?7008c182"></script>

<!-- don't scrape this data! just add .json or .log after the URL!
Full API docs: https://github.com/smogon/pokemon-showdown-client/blob/master/WEB-API.md -->
<script type="text/plain" class="log" id="replaylog-smogtours-gen3ou-798858">
|inactive|Battle timer is ON: inactive players will automatically lose when time's up.
|t:|1728955083
|gametype|singles
|player|p1|Euph0riADV|102|
|player|p2|big will 2024|morty-gen2|
|teamsize|p1|6
|teamsize|p2|6
|gen|3
|tier|[Gen 3] OU
|rule|Sleep Clause Mod: Limit one foe put to sleep
|rule|Switch Priority Clause Mod: Faster Pokémon switch first
|rule|Species Clause: Limit one of each Pokémon
|rule|OHKO Clause: OHKO moves are banned
|rule|Evasion Items Clause: Evasion items are banned
|rule|Evasion Moves Clause: Evasion moves are banned
|rule|Endless Battle Clause: Forcing endless battles is banned
|rule|HP Percentage Mod: HP is shown in percentages
|rule|One Boost Passer Clause: Limit one Baton Passer that has a way to boost its stats
|rule|Freeze Clause Mod: Limit one foe frozen
|
|t:|1728955083
|start
|switch|p1a: Limelight|Tyranitar, F|100/100
|switch|p2a: The Rat|Smeargle, F|100/100
|-weather|Sandstorm|[from] ability: Sand Stream|[of] p1a: Limelight
|turn|1
|inactive|big will 2024 also wants the timer to be on.
|c|☆big will 2024|hf
|c|☆Euph0riADV|glhf
|inactive|Euph0riADV has 270 seconds left.
|
|t:|1728955120
|-singleturn|p1a: Limelight|move: Focus Punch
|move|p2a: The Rat|Spore|p1a: Limelight
|-status|p1a: Limelight|slp|[from] move: Spore
|cant|p1a: Limelight|slp
|
|-weather|Sandstorm|[upkeep]
|-damage|p2a: The Rat|95/100|[from] Sandstorm
|upkeep
|turn|2
|
|t:|1728955148
|switch|p1a: Hemispheres|Metagross|100/100
|move|p2a: The Rat|Spikes|p1a: Hemispheres
|-sidestart|p1: Euph0riADV|Spikes
|
|-weather|Sandstorm|[upkeep]
|-damage|p2a: The Rat|89/100|[from] Sandstorm
|upkeep
|turn|3
|
|t:|1728955163
|switch|p2a: Metagross|Metagross|100/100
|move|p1a: Hemispheres|Meteor Mash|p2a: Metagross
|-resisted|p2a: Metagross
|-damage|p2a: Metagross|66/100
|
|-weather|Sandstorm|[upkeep]
|-heal|p2a: Metagross|72/100|[from] item: Leftovers
|upkeep
|turn|4
|
|t:|1728955170
|switch|p1a: Fly By Night|Skarmory, F|100/100
|move|p2a: Metagross|Earthquake|p1a: Fly By Night
|-immune|p1a: Fly By Night
|
|-weather|Sandstorm|[upkeep]
|-heal|p2a: Metagross|78/100|[from] item: Leftovers
|upkeep
|turn|5
|
|t:|1728955174
|switch|p2a: The Rat|Smeargle, F|89/100
|move|p1a: Fly By Night|Spikes|p2a: The Rat
|-sidestart|p2: big will 2024|Spikes
|
|-weather|Sandstorm|[upkeep]
|-damage|p2a: The Rat|83/100|[from] Sandstorm
|upkeep
|turn|6
|
|t:|1728955188
|switch|p1a: Hemispheres|Metagross|100/100
|-damage|p1a: Hemispheres|88/100|[from] Spikes
|move|p2a: The Rat|Spikes|p1a: Hemispheres
|-sidestart|p1: Euph0riADV|Spikes
|
|-weather|Sandstorm|[upkeep]
|-damage|p2a: The Rat|77/100|[from] Sandstorm
|upkeep
|turn|7
|
|t:|1728955190
|move|p2a: The Rat|Spikes|p1a: Hemispheres
|-sidestart|p1: Euph0riADV|Spikes
|move|p1a: Hemispheres|Earthquake|p2a: The Rat
|-damage|p2a: The Rat|0 fnt
|faint|p2a: The Rat
|
|t:|1728955196
|switch|p2a: Gengar|Gengar, M|100/100
|
|-weather|Sandstorm|[upkeep]
|-damage|p2a: Gengar|95/100|[from] Sandstorm
|-heal|p2a: Gengar|100/100|[from] item: Leftovers
|upkeep
|turn|8
|
|t:|1728955200
|switch|p1a: Limelight|Tyranitar, F|100/100 slp
|-damage|p1a: Limelight|75/100 slp|[from] Spikes
|move|p2a: Gengar|Will-O-Wisp||[still]
|-fail|p2a: Gengar
|
|-weather|Sandstorm|[upkeep]
|-damage|p2a: Gengar|95/100|[from] Sandstorm
|-heal|p2a: Gengar|100/100|[from] item: Leftovers
|-heal|p1a: Limelight|82/100 slp|[from] item: Leftovers
|upkeep
|turn|9
|
|t:|1728955206
|switch|p2a: Metagross|Metagross|78/100
|-damage|p2a: Metagross|66/100|[from] Spikes
|cant|p1a: Limelight|slp
|
|-weather|Sandstorm|[upkeep]
|-heal|p2a: Metagross|72/100|[from] item: Leftovers
|-heal|p1a: Limelight|88/100 slp|[from] item: Leftovers
|upkeep
|turn|10
|
|t:|1728955211
|switch|p2a: Gengar|Gengar, M|100/100
|switch|p1a: Fly By Night|Skarmory, F|100/100
|
|-weather|Sandstorm|[upkeep]
|-damage|p2a: Gengar|95/100|[from] Sandstorm
|-heal|p2a: Gengar|100/100|[from] item: Leftovers
|upkeep
|turn|11
|
|t:|1728955214
|move|p1a: Fly By Night|Protect|p1a: Fly By Night
|-singleturn|p1a: Fly By Night|Protect
|move|p2a: Gengar|Thunderbolt|p1a: Fly By Night
|-activate|p1a: Fly By Night|Protect
|
|-weather|Sandstorm|[upkeep]
|-damage|p2a: Gengar|95/100|[from] Sandstorm
|-heal|p2a: Gengar|100/100|[from] item: Leftovers
|upkeep
|turn|12
|
|t:|1728955219
|switch|p1a: Analog Kid|Jolteon, F|100/100
|-damage|p1a: Analog Kid|75/100|[from] Spikes
|move|p2a: Gengar|Thunderbolt|p1a: Analog Kid
|-heal|p1a: Analog Kid|100/100|[from] ability: Volt Absorb|[of] p2a: Gengar
|
|-weather|Sandstorm|[upkeep]
|-damage|p1a: Analog Kid|94/100|[from] Sandstorm
|-damage|p2a: Gengar|95/100|[from] Sandstorm
|-heal|p1a: Analog Kid|100/100|[from] item: Leftovers
|-heal|p2a: Gengar|100/100|[from] item: Leftovers
|upkeep
|turn|13
|
|t:|1728955230
|move|p1a: Analog Kid|Thunder Wave|p2a: Gengar
|-status|p2a: Gengar|par
|move|p2a: Gengar|Will-O-Wisp|p1a: Analog Kid
|-status|p1a: Analog Kid|brn
|
|-weather|Sandstorm|[upkeep]
|-damage|p1a: Analog Kid|94/100 brn|[from] Sandstorm
|-damage|p2a: Gengar|95/100 par|[from] Sandstorm
|-heal|p1a: Analog Kid|100/100 brn|[from] item: Leftovers
|-damage|p1a: Analog Kid|88/100 brn|[from] brn
|-heal|p2a: Gengar|100/100 par|[from] item: Leftovers
|upkeep
|turn|14
|
|t:|1728955238
|switch|p1a: Limelight|Tyranitar, F|88/100 slp
|-damage|p1a: Limelight|63/100 slp|[from] Spikes
|move|p2a: Gengar|Destiny Bond|p2a: Gengar
|-singlemove|p2a: Gengar|Destiny Bond
|
|-weather|Sandstorm|[upkeep]
|-damage|p2a: Gengar|95/100 par|[from] Sandstorm
|-heal|p1a: Limelight|69/100 slp|[from] item: Leftovers
|-heal|p2a: Gengar|100/100 par|[from] item: Leftovers
|upkeep
|turn|15
|
|t:|1728955243
|cant|p1a: Limelight|slp
|move|p2a: Gengar|Thunderbolt|p1a: Limelight
|-damage|p1a: Limelight|49/100 slp
|
|-weather|Sandstorm|[upkeep]
|-damage|p2a: Gengar|95/100 par|[from] Sandstorm
|-heal|p1a: Limelight|55/100 slp|[from] item: Leftovers
|-heal|p2a: Gengar|100/100 par|[from] item: Leftovers
|upkeep
|turn|16
|
|t:|1728955250
|switch|p2a: Metagross|Metagross|72/100
|-damage|p2a: Metagross|59/100|[from] Spikes
|cant|p1a: Limelight|slp
|
|-weather|Sandstorm|[upkeep]
|-heal|p2a: Metagross|66/100|[from] item: Leftovers
|-heal|p1a: Limelight|61/100 slp|[from] item: Leftovers
|upkeep
|turn|17
|
|t:|1728955255
|switch|p1a: Fly By Night|Skarmory, F|100/100
|move|p2a: Metagross|Meteor Mash|p1a: Fly By Night
|-resisted|p1a: Fly By Night
|-crit|p1a: Fly By Night
|-damage|p1a: Fly By Night|60/100
|
|-weather|Sandstorm|[upkeep]
|-heal|p2a: Metagross|72/100|[from] item: Leftovers
|-heal|p1a: Fly By Night|66/100|[from] item: Leftovers
|upkeep
|turn|18
|
|t:|1728955259
|move|p2a: Metagross|Meteor Mash|p1a: Fly By Night
|-resisted|p1a: Fly By Night
|-damage|p1a: Fly By Night|45/100
|move|p1a: Fly By Night|Spikes|p2a: Metagross
|-sidestart|p2: big will 2024|Spikes
|
|-weather|Sandstorm|[upkeep]
|-heal|p2a: Metagross|78/100|[from] item: Leftovers
|-heal|p1a: Fly By Night|51/100|[from] item: Leftovers
|upkeep
|turn|19
|
|t:|1728955263
|move|p1a: Fly By Night|Protect|p1a: Fly By Night
|-singleturn|p1a: Fly By Night|Protect
|move|p2a: Metagross|Agility|p2a: Metagross
|-boost|p2a: Metagross|spe|2
|
|-weather|Sandstorm|[upkeep]
|-heal|p2a: Metagross|84/100|[from] item: Leftovers
|-heal|p1a: Fly By Night|57/100|[from] item: Leftovers
|upkeep
|turn|20
|
|t:|1728955273
|move|p2a: Metagross|Meteor Mash|p1a: Fly By Night
|-resisted|p1a: Fly By Night
|-damage|p1a: Fly By Night|35/100
|-boost|p2a: Metagross|atk|1
|move|p1a: Fly By Night|Roar|p2a: Metagross
|drag|p2a: Aerodactyl|Aerodactyl, M|100/100
|
|-weather|Sandstorm|[upkeep]
|-heal|p1a: Fly By Night|41/100|[from] item: Leftovers
|upkeep
|turn|21
|
|t:|1728955281
|switch|p2a: Gengar|Gengar, M|100/100 par
|move|p1a: Fly By Night|Protect||[still]
|-fail|p1a: Fly By Night
|
|-weather|Sandstorm|[upkeep]
|-damage|p2a: Gengar|95/100 par|[from] Sandstorm
|-heal|p1a: Fly By Night|47/100|[from] item: Leftovers
|-heal|p2a: Gengar|100/100 par|[from] item: Leftovers
|upkeep
|turn|22
|
|t:|1728955283
|move|p1a: Fly By Night|Protect|p1a: Fly By Night
|-singleturn|p1a: Fly By Night|Protect
|cant|p2a: Gengar|par
|
|-weather|Sandstorm|[upkeep]
|-damage|p2a: Gengar|95/100 par|[from] Sandstorm
|-heal|p1a: Fly By Night|53/100|[from] item: Leftovers
|-heal|p2a: Gengar|100/100 par|[from] item: Leftovers
|upkeep
|turn|23
|
|t:|1728955292
|switch|p1a: Analog Kid|Jolteon, F|88/100 brn
|-damage|p1a: Analog Kid|63/100 brn|[from] Spikes
|switch|p2a: Tyranitar|Tyranitar, M|100/100
|-damage|p2a: Tyranitar|84/100|[from] Spikes
|
|-weather|Sandstorm|[upkeep]
|-damage|p1a: Analog Kid|57/100 brn|[from] Sandstorm
|-heal|p1a: Analog Kid|63/100 brn|[from] item: Leftovers
|-damage|p1a: Analog Kid|50/100 brn|[from] brn
|upkeep
|turn|24
|
|t:|1728955307
|move|p1a: Analog Kid|Thunder Wave|p2a: Tyranitar
|-status|p2a: Tyranitar|par
|-enditem|p2a: Tyranitar|Lum Berry|[eat]
|-curestatus|p2a: Tyranitar|par|[msg]
|move|p2a: Tyranitar|Earthquake|p1a: Analog Kid
|-supereffective|p1a: Analog Kid
|-damage|p1a: Analog Kid|0 fnt
|faint|p1a: Analog Kid
|
|t:|1728955314
|switch|p1a: Hemispheres|Metagross|88/100
|-damage|p1a: Hemispheres|63/100|[from] Spikes
|
|-weather|Sandstorm|[upkeep]
|upkeep
|turn|25
|
|t:|1728955331
|switch|p2a: Metagross|Metagross|84/100
|-damage|p2a: Metagross|68/100|[from] Spikes
|move|p1a: Hemispheres|Meteor Mash|p2a: Metagross
|-resisted|p2a: Metagross
|-crit|p2a: Metagross
|-damage|p2a: Metagross|0 fnt
|-boost|p1a: Hemispheres|atk|1
|faint|p2a: Metagross
|
|t:|1728955339
|switch|p2a: Aerodactyl|Aerodactyl, M|100/100
|
|-weather|Sandstorm|[upkeep]
|upkeep
|turn|26
|c|☆Euph0riADV|my b
|
|t:|1728955353
|switch|p1a: Fly By Night|Skarmory, F|53/100
|move|p2a: Aerodactyl|Substitute|p2a: Aerodactyl
|-start|p2a: Aerodactyl|Substitute
|-damage|p2a: Aerodactyl|75/100
|
|-weather|Sandstorm|[upkeep]
|-heal|p1a: Fly By Night|59/100|[from] item: Leftovers
|upkeep
|turn|27
|
|t:|1728955357
|move|p1a: Fly By Night|Protect|p1a: Fly By Night
|-singleturn|p1a: Fly By Night|Protect
|move|p2a: Aerodactyl|Rock Slide|p1a: Fly By Night
|-activate|p1a: Fly By Night|Protect
|
|-weather|Sandstorm|[upkeep]
|-heal|p1a: Fly By Night|65/100|[from] item: Leftovers
|upkeep
|turn|28
|
|t:|1728955364
|move|p2a: Aerodactyl|Rock Slide|p1a: Fly By Night
|-damage|p1a: Fly By Night|37/100
|cant|p1a: Fly By Night|flinch
|
|-weather|Sandstorm|[upkeep]
|-heal|p1a: Fly By Night|43/100|[from] item: Leftovers
|upkeep
|turn|29
|
|t:|1728955369
|move|p1a: Fly By Night|Protect|p1a: Fly By Night
|-singleturn|p1a: Fly By Night|Protect
|move|p2a: Aerodactyl|Rock Slide|p1a: Fly By Night
|-activate|p1a: Fly By Night|Protect
|
|-weather|Sandstorm|[upkeep]
|-heal|p1a: Fly By Night|49/100|[from] item: Leftovers
|upkeep
|turn|30
|
|t:|1728955373
|move|p2a: Aerodactyl|Rock Slide|p1a: Fly By Night
|-damage|p1a: Fly By Night|22/100
|move|p1a: Fly By Night|Roar|p2a: Aerodactyl
|drag|p2a: Gengar|Gengar, M|100/100 par
|
|-weather|Sandstorm|[upkeep]
|-damage|p2a: Gengar|95/100 par|[from] Sandstorm
|-heal|p1a: Fly By Night|28/100|[from] item: Leftovers
|-heal|p2a: Gengar|100/100 par|[from] item: Leftovers
|upkeep
|turn|31
|
|t:|1728955383
|move|p1a: Fly By Night|Protect|p1a: Fly By Night
|-singleturn|p1a: Fly By Night|Protect
|move|p2a: Gengar|Thunderbolt|p1a: Fly By Night
|-activate|p1a: Fly By Night|Protect
|
|-weather|Sandstorm|[upkeep]
|-damage|p2a: Gengar|95/100 par|[from] Sandstorm
|-heal|p1a: Fly By Night|34/100|[from] item: Leftovers
|-heal|p2a: Gengar|100/100 par|[from] item: Leftovers
|upkeep
|turn|32
|
|t:|1728955395
|switch|p1a: Limelight|Tyranitar, F|61/100 slp
|-damage|p1a: Limelight|36/100 slp|[from] Spikes
|switch|p2a: Aerodactyl|Aerodactyl, M|75/100
|
|-weather|Sandstorm|[upkeep]
|-heal|p1a: Limelight|42/100 slp|[from] item: Leftovers
|upkeep
|turn|33
|
|t:|1728955400
|move|p2a: Aerodactyl|Substitute|p2a: Aerodactyl
|-start|p2a: Aerodactyl|Substitute
|-damage|p2a: Aerodactyl|50/100
|-curestatus|p1a: Limelight|slp|[msg]
|move|p1a: Limelight|Rock Slide|p2a: Aerodactyl
|-supereffective|p2a: Aerodactyl
|-end|p2a: Aerodactyl|Substitute
|
|-weather|Sandstorm|[upkeep]
|-heal|p1a: Limelight|49/100|[from] item: Leftovers
|upkeep
|turn|34
|
|t:|1728955417
|switch|p1a: Fly By Night|Skarmory, F|34/100
|move|p2a: Aerodactyl|Substitute|p2a: Aerodactyl
|-start|p2a: Aerodactyl|Substitute
|-damage|p2a: Aerodactyl|25/100
|
|-weather|Sandstorm|[upkeep]
|-enditem|p2a: Aerodactyl|Liechi Berry|[eat]
|-boost|p2a: Aerodactyl|atk|1|[from] item: Liechi Berry
|-heal|p1a: Fly By Night|40/100|[from] item: Leftovers
|upkeep
|turn|35
|
|t:|1728955420
|move|p1a: Fly By Night|Protect|p1a: Fly By Night
|-singleturn|p1a: Fly By Night|Protect
|move|p2a: Aerodactyl|Rock Slide|p1a: Fly By Night
|-activate|p1a: Fly By Night|Protect
|
|-weather|Sandstorm|[upkeep]
|-heal|p1a: Fly By Night|46/100|[from] item: Leftovers
|upkeep
|turn|36
|
|t:|1728955423
|move|p2a: Aerodactyl|Rock Slide|p1a: Fly By Night
|-damage|p1a: Fly By Night|5/100
|cant|p1a: Fly By Night|flinch
|
|-weather|Sandstorm|[upkeep]
|-heal|p1a: Fly By Night|11/100|[from] item: Leftovers
|upkeep
|turn|37
|
|t:|1728955440
|move|p1a: Fly By Night|Protect|p1a: Fly By Night
|-singleturn|p1a: Fly By Night|Protect
|move|p2a: Aerodactyl|Double-Edge|p1a: Fly By Night
|-activate|p1a: Fly By Night|Protect
|
|-weather|Sandstorm|[upkeep]
|-heal|p1a: Fly By Night|17/100|[from] item: Leftovers
|upkeep
|turn|38
|
|t:|1728955455
|switch|p1a: YYZ|Gengar, F, shiny|100/100
|move|p2a: Aerodactyl|Rock Slide|p1a: YYZ
|-damage|p1a: YYZ|0 fnt
|faint|p1a: YYZ
|
|t:|1728955470
|switch|p1a: Limelight|Tyranitar, F|49/100
|-damage|p1a: Limelight|24/100|[from] Spikes
|
|-weather|Sandstorm|[upkeep]
|-heal|p1a: Limelight|30/100|[from] item: Leftovers
|upkeep
|turn|39
|
|t:|1728955474
|move|p2a: Aerodactyl|Earthquake|p1a: Limelight
|-supereffective|p1a: Limelight
|-damage|p1a: Limelight|0 fnt
|faint|p1a: Limelight
|
|t:|1728955480
|switch|p1a: Hemispheres|Metagross|63/100
|-damage|p1a: Hemispheres|39/100|[from] Spikes
|
|-weather|Sandstorm|[upkeep]
|upkeep
|turn|40
|
|t:|1728955482
|move|p2a: Aerodactyl|Earthquake|p1a: Hemispheres
|-supereffective|p1a: Hemispheres
|-damage|p1a: Hemispheres|0 fnt
|faint|p1a: Hemispheres
|
|t:|1728955489
|switch|p1a: Fly By Night|Skarmory, F|17/100
|
|-weather|Sandstorm|[upkeep]
|-heal|p1a: Fly By Night|23/100|[from] item: Leftovers
|upkeep
|turn|41
|
|t:|1728955492
|move|p2a: Aerodactyl|Rock Slide|p1a: Fly By Night
|-damage|p1a: Fly By Night|0 fnt
|faint|p1a: Fly By Night
|
|t:|1728955494
|switch|p1a: Overture|Starmie|100/100
|-damage|p1a: Overture|76/100|[from] Spikes
|
|-weather|Sandstorm|[upkeep]
|-damage|p1a: Overture|70/100|[from] Sandstorm
|-heal|p1a: Overture|76/100|[from] item: Leftovers
|upkeep
|turn|42
|
|t:|1728955497
|move|p2a: Aerodactyl|Double-Edge|p1a: Overture
|-damage|p1a: Overture|1/100
|move|p1a: Overture|Ice Beam|p2a: Aerodactyl
|-supereffective|p2a: Aerodactyl
|-end|p2a: Aerodactyl|Substitute
|
|-weather|Sandstorm|[upkeep]
|-damage|p1a: Overture|0 fnt|[from] Sandstorm
|faint|p1a: Overture
|
|win|big will 2024
|upkeep
|c|☆big will 2024|gg
|c|☆Euph0riADV|dd

</script>
<script type="application/json" class="data" id="replaydata-smogtours-gen3ou-798858">
{"id":"smogtours-gen3ou-798858","format":"[Gen 3] OU","players":["Euph0riADV","big will 2024"],"uploadtime":1728955497,"views":105,"formatid":"gen3ou","rating":null,"private":0,"password":null}
</script>

<script defer src="js/replays.js?9d40a366"></script>
