<!DOCTYPE html>
<meta charset="utf-8" />
<meta name="viewport" content="width=device-width" />

<title>[Gen 3] OU: blundergoth vs. gthorpe - Replays - Pok&eacute;mon Showdown!</title>

<meta name="description" content="Watch a replay of a Pok&eacute;mon battle between blundergoth and gthorpe! Format: [Gen 3] OU; Date: Oct 4, 2024" />
<!--

Hey, you! Looking in the source for the replay log?

You can find them in JSON format, just add `.json` at the end of a replay URL.

https://replay.pokemonshowdown.com/gen7randomdoublesbattle-865046831.json

Or, if you only need the log itself, add `.log` instead:

https://replay.pokemonshowdown.com/gen7randomdoublesbattle-865046831.log

-->

<link rel="stylesheet" href="//pokemonshowdown.com/style/global.css?0.023195364461161105" />
<link rel="stylesheet" href="//play.pokemonshowdown.com/style/font-awesome.css?0.13261647063804238" />
<link rel="stylesheet" href="//play.pokemonshowdown.com/style/battle.css?0.8753245789963631" />
<link rel="stylesheet" href="//play.pokemonshowdown.com/style/utilichart.css?0.8627959624976733" />

<!-- Global site tag (gtag.js) - Google Analytics -->
<script async src="https://www.googletagmanager.com/gtag/js?id=UA-26211653-1"></script>
<script>
  window.dataLayer = window.dataLayer || [];
  function gtag(){dataLayer.push(arguments);}
  gtag('js', new Date());

  gtag('config', 'UA-26211653-1');
</script>
<!-- End Google Analytics -->
<!-- Venatus Ad Manager - Install in <HEAD> of page -->
	<script src="https://hb.vntsm.com/v3/live/ad-manager.min.js" type="text/javascript" data-site-id="642aba63ec9a7b11c3c9c1be" data-mode="scan" async></script>
<!-- / Venatus Ad Manager -->

<style>
	@media (max-width:820px) {
		.battle {
			margin: 0 auto;
		}
		.battle-log {
			margin: 7px auto 0;
			max-width: 640px;
			height: 300px;
			position: static;
		}
	}
	.optgroup {
		display: inline-block;
		line-height: 22px;
		font-size: 10pt;
	}
	.optgroup .button {
		height: 25px;
		padding-top: 0;
		padding-bottom: 0;
	}
	.optgroup button.button {
		padding-left: 12px;
		padding-right: 12px;
	}
	.linklist {
		list-style: none;
		margin: 0.5em 0;
		padding: 0;
	}
	.linklist li {
		padding: 2px 0;
	}
	.sidebar {
		float: left;
		width: 320px;
	}
	.bar-wrapper {
		max-width: 1100px;
		margin: 0 auto;
	}
	.bar-wrapper.has-sidebar {
		max-width: 1430px;
	}
	.mainbar {
		margin: 0;
		padding-right: 1px;
	}
	.mainbar.has-sidebar {
		margin-left: 330px;
	}
	@media (min-width: 1511px) {
		.sidebar {
			width: 400px;
		}
		.bar-wrapper.has-sidebar {
			max-width: 1510px;
		}
		.mainbar.has-sidebar {
			margin-left: 410px;
		}
	}
	.section.first-section {
		margin-top: 9px;
	}
	.blocklink small {
		white-space: normal;
	}
	.button {
		vertical-align: middle;
	}
	.replay-controls {
		padding-top: 10px;
	}
	.replay-controls h1 {
		font-size: 16pt;
		font-weight: normal;
		color: #CCC;
	}
	.pagelink {
		text-align: center;
	}
	.pagelink a {
		width: 150px;
	}
	.textbox, .button {
		font-size: 11pt;
		vertical-align: middle;
	}
	@media (max-width: 450px) {
		.button {
			font-size: 9pt;
		}
	}
</style>

<div>

	<header>
		<div class="nav-wrapper"><ul class="nav">
			<li><a class="button nav-first" href="//pokemonshowdown.com/"><img src="//pokemonshowdown.com/images/pokemonshowdownbeta.png" srcset="//pokemonshowdown.com/images/pokemonshowdownbeta.png 1x, //pokemonshowdown.com/images/pokemonshowdownbeta@2x.png 2x" alt="Pok&eacute;mon Showdown" width="146" height="44" /> Home</a></li>
			<li><a class="button" href="//pokemonshowdown.com/dex/">Pok&eacute;dex</a></li>
			<li><a class="button cur" href="/">Replays</a></li>
			<li><a class="button" href="//pokemonshowdown.com/ladder/">Ladder</a></li>
			<li><a class="button nav-last" href="//pokemonshowdown.com/forums/">Forum</a></li>
			<li><a class="button greenbutton nav-first nav-last" href="//play.pokemonshowdown.com/">Play</a></li>
		</ul></div>
	</header>

	<div class="main" id="main">

		<noscript><section class="section">You need to enable JavaScript to use this page; sorry!</section></noscript>

	</div>

</div>

<script defer nomodule src="//play.pokemonshowdown.com/js/lib/ps-polyfill.js"></script>
<script defer src="//play.pokemonshowdown.com/js/lib/preact.min.js"></script>

<script defer src="//play.pokemonshowdown.com/config/config.js?2bddbc15"></script>
<script defer src="//play.pokemonshowdown.com/js/lib/jquery-1.11.0.min.js"></script>
<script defer src="//play.pokemonshowdown.com/js/lib/html-sanitizer-minified.js"></script>
<script defer src="//play.pokemonshowdown.com/js/battle-sound.js"></script>
<script defer src="//play.pokemonshowdown.com/js/battledata.js?0.7209276989879541"></script>
<script defer src="//play.pokemonshowdown.com/data/pokedex-mini.js?0.6111056340867951"></script>
<script defer src="//play.pokemonshowdown.com/data/pokedex-mini-bw.js?0.3532142036491459"></script>
<script defer src="//play.pokemonshowdown.com/data/graphics.js?0.24223875632456182"></script>
<script defer src="//play.pokemonshowdown.com/data/pokedex.js?0.38839984266356864"></script>
<script defer src="//play.pokemonshowdown.com/data/moves.js?0.21866028504024015"></script>
<script defer src="//play.pokemonshowdown.com/data/abilities.js?0.2005157953846628"></script>
<script defer src="//play.pokemonshowdown.com/data/items.js?0.9894211263848525"></script>
<script defer src="//play.pokemonshowdown.com/data/teambuilder-tables.js?0.6008791140282215"></script>
<script defer src="//play.pokemonshowdown.com/js/battle-tooltips.js?0.7580118955022959"></script>
<script defer src="//play.pokemonshowdown.com/js/battle.js?0.6057722274234274"></script>

<script defer src="js/utils.js?e31f9a17"></script>
<script defer src="js/replays-battle.js?7008c182"></script>

<!-- don't scrape this data! just add .json or .log after the URL!
Full API docs: https://github.com/smogon/pokemon-showdown-client/blob/master/WEB-API.md -->
<script type="text/plain" class="log" id="replaylog-smogtours-gen3ou-794479">
|inactive|Battle timer is ON: inactive players will automatically lose when time's up.
|t:|1728007989
|gametype|singles
|player|p1|blundergoth|ingo|
|player|p2|gthorpe|169|
|teamsize|p1|6
|teamsize|p2|6
|gen|3
|tier|[Gen 3] OU
|rule|Sleep Clause Mod: Limit one foe put to sleep
|rule|Switch Priority Clause Mod: Faster Pokémon switch first
|rule|Species Clause: Limit one of each Pokémon
|rule|OHKO Clause: OHKO moves are banned
|rule|Evasion Items Clause: Evasion items are banned
|rule|Evasion Moves Clause: Evasion moves are banned
|rule|Endless Battle Clause: Forcing endless battles is banned
|rule|HP Percentage Mod: HP is shown in percentages
|rule|One Boost Passer Clause: Limit one Baton Passer that has a way to boost its stats
|rule|Freeze Clause Mod: Limit one foe frozen
|
|t:|1728007989
|start
|switch|p1a: sharp fangs|Tyranitar, M|100/100
|switch|p2a: Zapdos|Zapdos|100/100
|-weather|Sandstorm|[from] ability: Sand Stream|[of] p1a: sharp fangs
|turn|1
|
|t:|1728008001
|-singleturn|p1a: sharp fangs|move: Focus Punch
|switch|p2a: Skarmory|Skarmory, F|100/100
|move|p1a: sharp fangs|Focus Punch|p2a: Skarmory
|-damage|p2a: Skarmory|48/100
|
|-weather|Sandstorm|[upkeep]
|-heal|p2a: Skarmory|55/100|[from] item: Leftovers
|upkeep
|turn|2
|c|☆gthorpe|glhf
|c|☆blundergoth|u2
|inactive|blundergoth has 270 seconds left.
|
|t:|1728008040
|-singleturn|p1a: sharp fangs|move: Focus Punch
|move|p2a: Skarmory|Hidden Power|p1a: sharp fangs
|-supereffective|p1a: sharp fangs
|-damage|p1a: sharp fangs|72/100
|move|p1a: sharp fangs|Focus Punch||[still]
|cant|p1a: sharp fangs|Focus Punch|Focus Punch
|
|-weather|Sandstorm|[upkeep]
|-heal|p2a: Skarmory|61/100|[from] item: Leftovers
|-heal|p1a: sharp fangs|78/100|[from] item: Leftovers
|upkeep
|turn|3
|inactive|blundergoth has 270 seconds left.
|
|t:|1728008046
|move|p2a: Skarmory|Spikes|p1a: sharp fangs
|-sidestart|p1: blundergoth|Spikes
|move|p1a: sharp fangs|Rock Slide|p2a: Skarmory
|-damage|p2a: Skarmory|20/100
|
|-weather|Sandstorm|[upkeep]
|-heal|p2a: Skarmory|26/100|[from] item: Leftovers
|-heal|p1a: sharp fangs|84/100|[from] item: Leftovers
|upkeep
|turn|4
|
|t:|1728008050
|move|p2a: Skarmory|Hidden Power|p1a: sharp fangs
|-supereffective|p1a: sharp fangs
|-damage|p1a: sharp fangs|56/100
|move|p1a: sharp fangs|Dragon Dance|p1a: sharp fangs
|-boost|p1a: sharp fangs|atk|1
|-boost|p1a: sharp fangs|spe|1
|
|-weather|Sandstorm|[upkeep]
|-heal|p2a: Skarmory|32/100|[from] item: Leftovers
|-heal|p1a: sharp fangs|63/100|[from] item: Leftovers
|upkeep
|turn|5
|
|t:|1728008059
|move|p1a: sharp fangs|Rock Slide|p2a: Skarmory
|-damage|p2a: Skarmory|0 fnt
|faint|p2a: Skarmory
|
|t:|1728008063
|switch|p2a: Suicune|Suicune|100/100
|
|-weather|Sandstorm|[upkeep]
|-damage|p2a: Suicune|94/100|[from] Sandstorm
|-heal|p1a: sharp fangs|69/100|[from] item: Leftovers
|-heal|p2a: Suicune|100/100|[from] item: Leftovers
|upkeep
|turn|6
|inactive|blundergoth has 270 seconds left.
|
|t:|1728008110
|move|p1a: sharp fangs|Rock Slide|p2a: Suicune
|-damage|p2a: Suicune|60/100
|move|p2a: Suicune|Surf|p1a: sharp fangs
|-supereffective|p1a: sharp fangs
|-damage|p1a: sharp fangs|5/100
|
|-weather|Sandstorm|[upkeep]
|-damage|p2a: Suicune|54/100|[from] Sandstorm
|-heal|p1a: sharp fangs|11/100|[from] item: Leftovers
|-heal|p2a: Suicune|60/100|[from] item: Leftovers
|upkeep
|turn|7
|
|t:|1728008118
|move|p1a: sharp fangs|Rock Slide|p2a: Suicune
|-damage|p2a: Suicune|21/100
|move|p2a: Suicune|Surf|p1a: sharp fangs
|-supereffective|p1a: sharp fangs
|-damage|p1a: sharp fangs|0 fnt
|faint|p1a: sharp fangs
|
|t:|1728008137
|switch|p1a: execution fantasy|Starmie|100/100
|-damage|p1a: execution fantasy|88/100|[from] Spikes
|
|-weather|Sandstorm|[upkeep]
|-damage|p1a: execution fantasy|82/100|[from] Sandstorm
|-damage|p2a: Suicune|15/100|[from] Sandstorm
|-heal|p1a: execution fantasy|88/100|[from] item: Leftovers
|-heal|p2a: Suicune|21/100|[from] item: Leftovers
|upkeep
|turn|8
|
|t:|1728008150
|switch|p2a: Blissey|Blissey, F|100/100
|move|p1a: execution fantasy|Thunderbolt|p2a: Blissey
|-damage|p2a: Blissey|91/100
|
|-weather|Sandstorm|[upkeep]
|-damage|p1a: execution fantasy|82/100|[from] Sandstorm
|-damage|p2a: Blissey|85/100|[from] Sandstorm
|-heal|p1a: execution fantasy|88/100|[from] item: Leftovers
|-heal|p2a: Blissey|91/100|[from] item: Leftovers
|upkeep
|turn|9
|
|t:|1728008154
|move|p1a: execution fantasy|Rapid Spin|p2a: Blissey
|-damage|p2a: Blissey|88/100
|-sideend|p1: blundergoth|Spikes|[from] move: Rapid Spin|[of] p1a: execution fantasy
|move|p2a: Blissey|Thunderbolt|p1a: execution fantasy
|-supereffective|p1a: execution fantasy
|-damage|p1a: execution fantasy|36/100
|
|-weather|Sandstorm|[upkeep]
|-damage|p1a: execution fantasy|30/100|[from] Sandstorm
|-damage|p2a: Blissey|82/100|[from] Sandstorm
|-heal|p1a: execution fantasy|36/100|[from] item: Leftovers
|-heal|p2a: Blissey|88/100|[from] item: Leftovers
|upkeep
|turn|10
|
|t:|1728008165
|switch|p1a: grandest design|Swampert, F|100/100
|switch|p2a: Suicune|Suicune|21/100
|
|-weather|Sandstorm|[upkeep]
|-damage|p2a: Suicune|15/100|[from] Sandstorm
|-heal|p2a: Suicune|21/100|[from] item: Leftovers
|upkeep
|turn|11
|
|t:|1728008171
|move|p2a: Suicune|Rest|p2a: Suicune
|-status|p2a: Suicune|slp|[from] move: Rest
|-heal|p2a: Suicune|100/100 slp|[silent]
|move|p1a: grandest design|Earthquake|p2a: Suicune
|-damage|p2a: Suicune|78/100 slp
|
|-weather|Sandstorm|[upkeep]
|-damage|p2a: Suicune|72/100 slp|[from] Sandstorm
|-heal|p2a: Suicune|78/100 slp|[from] item: Leftovers
|upkeep
|turn|12
|
|t:|1728008176
|switch|p2a: Celebi|Celebi|100/100
|switch|p1a: sulphur god|Skarmory, F|100/100
|
|-weather|Sandstorm|[upkeep]
|-damage|p2a: Celebi|94/100|[from] Sandstorm
|-heal|p2a: Celebi|100/100|[from] item: Leftovers
|upkeep
|turn|13
|
|t:|1728008178
|move|p2a: Celebi|Leech Seed|p1a: sulphur god|[miss]
|-miss|p2a: Celebi|p1a: sulphur god
|move|p1a: sulphur god|Spikes|p2a: Celebi
|-sidestart|p2: gthorpe|Spikes
|
|-weather|Sandstorm|[upkeep]
|-damage|p2a: Celebi|94/100|[from] Sandstorm
|-heal|p2a: Celebi|100/100|[from] item: Leftovers
|upkeep
|turn|14
|
|t:|1728008181
|move|p2a: Celebi|Hidden Power|p1a: sulphur god
|-supereffective|p1a: sulphur god
|-damage|p1a: sulphur god|65/100
|move|p1a: sulphur god|Spikes|p2a: Celebi
|-sidestart|p2: gthorpe|Spikes
|
|-weather|Sandstorm|[upkeep]
|-damage|p2a: Celebi|94/100|[from] Sandstorm
|-heal|p2a: Celebi|100/100|[from] item: Leftovers
|-heal|p1a: sulphur god|71/100|[from] item: Leftovers
|upkeep
|turn|15
|
|t:|1728008203
|switch|p1a: sweet lemonade!|Jirachi|100/100
|move|p2a: Celebi|Leech Seed|p1a: sweet lemonade!
|-start|p1a: sweet lemonade!|move: Leech Seed
|
|-weather|Sandstorm|[upkeep]
|-damage|p2a: Celebi|94/100|[from] Sandstorm
|-heal|p2a: Celebi|100/100|[from] item: Leftovers
|-damage|p1a: sweet lemonade!|88/100|[from] Leech Seed|[of] p2a: Celebi
|upkeep
|turn|16
|
|t:|1728008208
|move|p2a: Celebi|Hidden Power|p1a: sweet lemonade!
|-supereffective|p1a: sweet lemonade!
|-damage|p1a: sweet lemonade!|67/100
|move|p1a: sweet lemonade!|Wish|p1a: sweet lemonade!
|
|-weather|Sandstorm|[upkeep]
|-damage|p2a: Celebi|94/100|[from] Sandstorm
|-heal|p2a: Celebi|100/100|[from] item: Leftovers
|-heal|p1a: sweet lemonade!|73/100|[from] item: Leftovers
|-damage|p1a: sweet lemonade!|61/100|[from] Leech Seed|[of] p2a: Celebi
|upkeep
|turn|17
|
|t:|1728008214
|switch|p2a: Suicune|Suicune|78/100 slp
|-damage|p2a: Suicune|62/100 slp|[from] Spikes
|switch|p1a: sulphur god|Skarmory, F|71/100
|
|-heal|p1a: sulphur god|100/100|[from] move: Wish|[wisher] sweet lemonade!
|-weather|Sandstorm|[upkeep]
|-damage|p2a: Suicune|55/100 slp|[from] Sandstorm
|-heal|p2a: Suicune|62/100 slp|[from] item: Leftovers
|upkeep
|turn|18
|
|t:|1728008217
|cant|p2a: Suicune|slp
|move|p1a: sulphur god|Spikes|p2a: Suicune
|-sidestart|p2: gthorpe|Spikes
|
|-weather|Sandstorm|[upkeep]
|-damage|p2a: Suicune|55/100 slp|[from] Sandstorm
|-heal|p2a: Suicune|62/100 slp|[from] item: Leftovers
|upkeep
|turn|19
|
|t:|1728008220
|cant|p2a: Suicune|slp
|move|p1a: sulphur god|Roar|p2a: Suicune
|drag|p2a: Zapdos|Zapdos|100/100
|
|-weather|Sandstorm|[upkeep]
|-damage|p2a: Zapdos|94/100|[from] Sandstorm
|-heal|p2a: Zapdos|100/100|[from] item: Leftovers
|upkeep
|turn|20
|
|t:|1728008228
|switch|p1a: grandest design|Swampert, F|100/100
|move|p2a: Zapdos|Substitute|p2a: Zapdos
|-start|p2a: Zapdos|Substitute
|-damage|p2a: Zapdos|75/100
|
|-weather|Sandstorm|[upkeep]
|-damage|p2a: Zapdos|69/100|[from] Sandstorm
|-heal|p2a: Zapdos|75/100|[from] item: Leftovers
|upkeep
|turn|21
|
|t:|1728008233
|move|p2a: Zapdos|Hidden Power|p1a: grandest design
|-supereffective|p1a: grandest design
|-damage|p1a: grandest design|23/100
|move|p1a: grandest design|Ice Beam|p2a: Zapdos
|-supereffective|p2a: Zapdos
|-end|p2a: Zapdos|Substitute
|
|-weather|Sandstorm|[upkeep]
|-damage|p2a: Zapdos|69/100|[from] Sandstorm
|-heal|p2a: Zapdos|75/100|[from] item: Leftovers
|-heal|p1a: grandest design|29/100|[from] item: Leftovers
|upkeep
|turn|22
|
|t:|1728008244
|switch|p1a: sweet lemonade!|Jirachi|61/100
|move|p2a: Zapdos|Substitute|p2a: Zapdos
|-start|p2a: Zapdos|Substitute
|-damage|p2a: Zapdos|50/100
|
|-weather|Sandstorm|[upkeep]
|-damage|p2a: Zapdos|44/100|[from] Sandstorm
|-heal|p2a: Zapdos|50/100|[from] item: Leftovers
|-heal|p1a: sweet lemonade!|67/100|[from] item: Leftovers
|upkeep
|turn|23
|
|t:|1728008248
|move|p2a: Zapdos|Thunderbolt|p1a: sweet lemonade!
|-damage|p1a: sweet lemonade!|38/100
|move|p1a: sweet lemonade!|Wish|p1a: sweet lemonade!
|
|-weather|Sandstorm|[upkeep]
|-damage|p2a: Zapdos|44/100|[from] Sandstorm
|-heal|p2a: Zapdos|50/100|[from] item: Leftovers
|-heal|p1a: sweet lemonade!|44/100|[from] item: Leftovers
|upkeep
|turn|24
|
|t:|1728008258
|move|p2a: Zapdos|Thunderbolt|p1a: sweet lemonade!
|-damage|p1a: sweet lemonade!|12/100
|move|p1a: sweet lemonade!|Body Slam|p2a: Zapdos
|-activate|p2a: Zapdos|Substitute|[damage]
|
|-heal|p1a: sweet lemonade!|62/100|[from] move: Wish|[wisher] sweet lemonade!
|-weather|Sandstorm|[upkeep]
|-damage|p2a: Zapdos|44/100|[from] Sandstorm
|-heal|p2a: Zapdos|50/100|[from] item: Leftovers
|-heal|p1a: sweet lemonade!|68/100|[from] item: Leftovers
|upkeep
|turn|25
|
|t:|1728008265
|move|p2a: Zapdos|Baton Pass|p2a: Zapdos
|
|t:|1728008267
|switch|p2a: Tyranitar|Tyranitar, M|100/100|[from] Baton Pass
|-damage|p2a: Tyranitar|76/100|[from] Spikes
|move|p1a: sweet lemonade!|Wish|p1a: sweet lemonade!
|
|-weather|Sandstorm|[upkeep]
|-heal|p1a: sweet lemonade!|74/100|[from] item: Leftovers
|upkeep
|turn|26
|
|t:|1728008275
|switch|p1a: sulphur god|Skarmory, F|100/100
|move|p2a: Tyranitar|Dragon Dance|p2a: Tyranitar
|-boost|p2a: Tyranitar|atk|1
|-boost|p2a: Tyranitar|spe|1
|
|-weather|Sandstorm|[upkeep]
|upkeep
|turn|27
|
|t:|1728008279
|move|p2a: Tyranitar|Rock Slide|p1a: sulphur god
|-damage|p1a: sulphur god|51/100
|move|p1a: sulphur god|Roar|p2a: Tyranitar
|drag|p2a: Zapdos|Zapdos|50/100
|
|-weather|Sandstorm|[upkeep]
|-damage|p2a: Zapdos|44/100|[from] Sandstorm
|-heal|p2a: Zapdos|50/100|[from] item: Leftovers
|-heal|p1a: sulphur god|57/100|[from] item: Leftovers
|upkeep
|turn|28
|
|t:|1728008304
|switch|p1a: sweet lemonade!|Jirachi|74/100
|move|p2a: Zapdos|Thunderbolt|p1a: sweet lemonade!
|-damage|p1a: sweet lemonade!|41/100
|
|-weather|Sandstorm|[upkeep]
|-damage|p2a: Zapdos|44/100|[from] Sandstorm
|-heal|p2a: Zapdos|50/100|[from] item: Leftovers
|-heal|p1a: sweet lemonade!|47/100|[from] item: Leftovers
|upkeep
|turn|29
|
|t:|1728008311
|move|p2a: Zapdos|Substitute|p2a: Zapdos
|-start|p2a: Zapdos|Substitute
|-damage|p2a: Zapdos|25/100
|move|p1a: sweet lemonade!|Wish|p1a: sweet lemonade!
|
|-weather|Sandstorm|[upkeep]
|-damage|p2a: Zapdos|19/100|[from] Sandstorm
|-heal|p2a: Zapdos|25/100|[from] item: Leftovers
|-heal|p1a: sweet lemonade!|53/100|[from] item: Leftovers
|upkeep
|turn|30
|inactive|blundergoth has 270 seconds left.
|
|t:|1728008352
|move|p2a: Zapdos|Hidden Power|p1a: sweet lemonade!
|-resisted|p1a: sweet lemonade!
|-damage|p1a: sweet lemonade!|46/100
|move|p1a: sweet lemonade!|Body Slam|p2a: Zapdos
|-activate|p2a: Zapdos|Substitute|[damage]
|
|-heal|p1a: sweet lemonade!|96/100|[from] move: Wish|[wisher] sweet lemonade!
|-weather|Sandstorm|[upkeep]
|-damage|p2a: Zapdos|19/100|[from] Sandstorm
|-heal|p2a: Zapdos|25/100|[from] item: Leftovers
|-heal|p1a: sweet lemonade!|100/100|[from] item: Leftovers
|upkeep
|turn|31
|
|t:|1728008363
|move|p2a: Zapdos|Thunderbolt|p1a: sweet lemonade!
|-damage|p1a: sweet lemonade!|70/100
|move|p1a: sweet lemonade!|Body Slam|p2a: Zapdos
|-crit|p2a: Zapdos
|-end|p2a: Zapdos|Substitute
|
|-weather|Sandstorm|[upkeep]
|-damage|p2a: Zapdos|19/100|[from] Sandstorm
|-heal|p2a: Zapdos|25/100|[from] item: Leftovers
|-heal|p1a: sweet lemonade!|76/100|[from] item: Leftovers
|upkeep
|turn|32
|
|t:|1728008367
|move|p2a: Zapdos|Thunderbolt|p1a: sweet lemonade!
|-damage|p1a: sweet lemonade!|48/100
|move|p1a: sweet lemonade!|Wish|p1a: sweet lemonade!
|
|-weather|Sandstorm|[upkeep]
|-damage|p2a: Zapdos|19/100|[from] Sandstorm
|-heal|p2a: Zapdos|25/100|[from] item: Leftovers
|-heal|p1a: sweet lemonade!|54/100|[from] item: Leftovers
|upkeep
|turn|33
|inactive|blundergoth has 270 seconds left.
|
|t:|1728008376
|move|p2a: Zapdos|Baton Pass|p2a: Zapdos
|
|t:|1728008381
|switch|p2a: Suicune|Suicune|62/100 slp|[from] Baton Pass
|-damage|p2a: Suicune|37/100 slp|[from] Spikes
|move|p1a: sweet lemonade!|Body Slam|p2a: Suicune
|-damage|p2a: Suicune|25/100 slp
|
|-heal|p1a: sweet lemonade!|100/100|[from] move: Wish|[wisher] sweet lemonade!
|-weather|Sandstorm|[upkeep]
|-damage|p2a: Suicune|19/100 slp|[from] Sandstorm
|-heal|p2a: Suicune|25/100 slp|[from] item: Leftovers
|upkeep
|turn|34
|
|t:|1728008385
|switch|p1a: execution fantasy|Starmie|36/100
|-curestatus|p2a: Suicune|slp|[msg]
|move|p2a: Suicune|Rest|p2a: Suicune
|-status|p2a: Suicune|slp|[from] move: Rest
|-heal|p2a: Suicune|100/100 slp|[silent]
|
|-weather|Sandstorm|[upkeep]
|-damage|p1a: execution fantasy|30/100|[from] Sandstorm
|-damage|p2a: Suicune|94/100 slp|[from] Sandstorm
|-heal|p1a: execution fantasy|36/100|[from] item: Leftovers
|-heal|p2a: Suicune|100/100 slp|[from] item: Leftovers
|upkeep
|turn|35
|inactive|blundergoth has 270 seconds left.
|
|t:|1728008418
|switch|p1a: sulphur god|Skarmory, F|57/100
|switch|p2a: Blissey|Blissey, F|88/100
|-damage|p2a: Blissey|64/100|[from] Spikes
|
|-weather|Sandstorm|[upkeep]
|-damage|p2a: Blissey|57/100|[from] Sandstorm
|-heal|p1a: sulphur god|63/100|[from] item: Leftovers
|-heal|p2a: Blissey|64/100|[from] item: Leftovers
|upkeep
|turn|36
|inactive|blundergoth has 270 seconds left.
|
|t:|1728008442
|move|p2a: Blissey|Soft-Boiled|p2a: Blissey
|-heal|p2a: Blissey|100/100
|move|p1a: sulphur god|Roar|p2a: Blissey
|drag|p2a: Celebi|Celebi|100/100
|-damage|p2a: Celebi|75/100|[from] Spikes
|
|-weather|Sandstorm|[upkeep]
|-damage|p2a: Celebi|69/100|[from] Sandstorm
|-heal|p2a: Celebi|75/100|[from] item: Leftovers
|-heal|p1a: sulphur god|69/100|[from] item: Leftovers
|upkeep
|turn|37
|inactive|gthorpe has 270 seconds left.
|
|t:|1728008474
|move|p2a: Celebi|Leech Seed|p1a: sulphur god
|-start|p1a: sulphur god|move: Leech Seed
|move|p1a: sulphur god|Roar|p2a: Celebi
|drag|p2a: Blissey|Blissey, F|100/100
|-damage|p2a: Blissey|76/100|[from] Spikes
|
|-weather|Sandstorm|[upkeep]
|-damage|p2a: Blissey|69/100|[from] Sandstorm
|-heal|p1a: sulphur god|75/100|[from] item: Leftovers
|-damage|p1a: sulphur god|62/100|[from] Leech Seed|[of] p2a: Blissey
|-heal|p2a: Blissey|75/100|[silent]
|-heal|p2a: Blissey|81/100|[from] item: Leftovers
|upkeep
|turn|38
|
|t:|1728008484
|switch|p1a: grandest design|Swampert, F|29/100
|move|p2a: Blissey|Calm Mind|p2a: Blissey
|-boost|p2a: Blissey|spa|1
|-boost|p2a: Blissey|spd|1
|
|-weather|Sandstorm|[upkeep]
|-damage|p2a: Blissey|75/100|[from] Sandstorm
|-heal|p2a: Blissey|81/100|[from] item: Leftovers
|-heal|p1a: grandest design|35/100|[from] item: Leftovers
|upkeep
|turn|39
|
|t:|1728008492
|move|p2a: Blissey|Ice Beam|p1a: grandest design
|-damage|p1a: grandest design|12/100
|move|p1a: grandest design|Earthquake|p2a: Blissey
|-damage|p2a: Blissey|47/100
|
|-weather|Sandstorm|[upkeep]
|-damage|p2a: Blissey|41/100|[from] Sandstorm
|-heal|p2a: Blissey|47/100|[from] item: Leftovers
|-heal|p1a: grandest design|19/100|[from] item: Leftovers
|upkeep
|turn|40
|inactive|blundergoth has 240 seconds left.
|
|t:|1728008521
|switch|p1a: sweet lemonade!|Jirachi|100/100
|move|p2a: Blissey|Soft-Boiled|p2a: Blissey
|-heal|p2a: Blissey|97/100
|
|-weather|Sandstorm|[upkeep]
|-damage|p2a: Blissey|91/100|[from] Sandstorm
|-heal|p2a: Blissey|97/100|[from] item: Leftovers
|upkeep
|turn|41
|
|t:|1728008525
|move|p1a: sweet lemonade!|Body Slam|p2a: Blissey
|-damage|p2a: Blissey|81/100
|-status|p2a: Blissey|par
|move|p2a: Blissey|Calm Mind|p2a: Blissey
|-boost|p2a: Blissey|spa|1
|-boost|p2a: Blissey|spd|1
|
|-weather|Sandstorm|[upkeep]
|-damage|p2a: Blissey|75/100 par|[from] Sandstorm
|-heal|p2a: Blissey|81/100 par|[from] item: Leftovers
|upkeep
|turn|42
|
|t:|1728008529
|move|p1a: sweet lemonade!|Wish|p1a: sweet lemonade!
|move|p2a: Blissey|Calm Mind|p2a: Blissey
|-boost|p2a: Blissey|spa|1
|-boost|p2a: Blissey|spd|1
|
|-weather|Sandstorm|[upkeep]
|-damage|p2a: Blissey|75/100 par|[from] Sandstorm
|-heal|p2a: Blissey|81/100 par|[from] item: Leftovers
|upkeep
|turn|43
|
|t:|1728008540
|move|p1a: sweet lemonade!|Body Slam|p2a: Blissey
|-crit|p2a: Blissey
|-damage|p2a: Blissey|46/100 par
|cant|p2a: Blissey|par
|
|-weather|Sandstorm|[upkeep]
|-damage|p2a: Blissey|40/100 par|[from] Sandstorm
|-heal|p2a: Blissey|46/100 par|[from] item: Leftovers
|upkeep
|turn|44
|
|t:|1728008548
|move|p1a: sweet lemonade!|Body Slam|p2a: Blissey
|-damage|p2a: Blissey|30/100 par
|move|p2a: Blissey|Soft-Boiled|p2a: Blissey
|-heal|p2a: Blissey|80/100 par
|
|-weather|Sandstorm|[upkeep]
|-damage|p2a: Blissey|73/100 par|[from] Sandstorm
|-heal|p2a: Blissey|80/100 par|[from] item: Leftovers
|upkeep
|turn|45
|
|t:|1728008558
|switch|p1a: candelabra heart|Gengar, M|100/100
|move|p2a: Blissey|Thunderbolt|p1a: candelabra heart
|-damage|p1a: candelabra heart|49/100
|
|-weather|Sandstorm|[upkeep]
|-damage|p1a: candelabra heart|43/100|[from] Sandstorm
|-damage|p2a: Blissey|73/100 par|[from] Sandstorm
|-heal|p1a: candelabra heart|49/100|[from] item: Leftovers
|-heal|p2a: Blissey|80/100 par|[from] item: Leftovers
|upkeep
|turn|46
|
|t:|1728008568
|move|p1a: candelabra heart|Explosion|p2a: Blissey
|-damage|p2a: Blissey|11/100 par
|faint|p1a: candelabra heart
|inactive|blundergoth has 240 seconds left.
|
|t:|1728008599
|switch|p1a: grandest design|Swampert, F|19/100
|
|-weather|Sandstorm|[upkeep]
|-damage|p2a: Blissey|5/100 par|[from] Sandstorm
|-heal|p1a: grandest design|25/100|[from] item: Leftovers
|-heal|p2a: Blissey|11/100 par|[from] item: Leftovers
|upkeep
|turn|47
|
|t:|1728008605
|move|p1a: grandest design|Earthquake|p2a: Blissey
|-damage|p2a: Blissey|0 fnt
|faint|p2a: Blissey
|
|t:|1728008620
|switch|p2a: Celebi|Celebi|75/100
|-damage|p2a: Celebi|50/100|[from] Spikes
|
|-weather|Sandstorm|[upkeep]
|-damage|p2a: Celebi|44/100|[from] Sandstorm
|-heal|p2a: Celebi|50/100|[from] item: Leftovers
|-heal|p1a: grandest design|31/100|[from] item: Leftovers
|upkeep
|turn|48
|
|t:|1728008630
|move|p2a: Celebi|Leech Seed|p1a: grandest design
|-start|p1a: grandest design|move: Leech Seed
|move|p1a: grandest design|Ice Beam|p2a: Celebi
|-supereffective|p2a: Celebi
|-crit|p2a: Celebi
|-damage|p2a: Celebi|0 fnt
|faint|p2a: Celebi
|
|t:|1728008635
|switch|p2a: Zapdos|Zapdos|25/100
|
|-weather|Sandstorm|[upkeep]
|-damage|p2a: Zapdos|19/100|[from] Sandstorm
|-heal|p2a: Zapdos|25/100|[from] item: Leftovers
|-heal|p1a: grandest design|37/100|[from] item: Leftovers
|-damage|p1a: grandest design|25/100|[from] Leech Seed|[of] p2a: Zapdos
|-heal|p2a: Zapdos|40/100|[silent]
|upkeep
|turn|49
|
|t:|1728008646
|switch|p1a: sweet lemonade!|Jirachi|100/100
|move|p2a: Zapdos|Substitute|p2a: Zapdos
|-start|p2a: Zapdos|Substitute
|-damage|p2a: Zapdos|15/100
|
|-weather|Sandstorm|[upkeep]
|-damage|p2a: Zapdos|9/100|[from] Sandstorm
|-heal|p2a: Zapdos|15/100|[from] item: Leftovers
|upkeep
|turn|50
|
|t:|1728008649
|move|p2a: Zapdos|Thunderbolt|p1a: sweet lemonade!
|-damage|p1a: sweet lemonade!|67/100
|move|p1a: sweet lemonade!|Wish|p1a: sweet lemonade!
|
|-weather|Sandstorm|[upkeep]
|-damage|p2a: Zapdos|9/100|[from] Sandstorm
|-heal|p2a: Zapdos|15/100|[from] item: Leftovers
|-heal|p1a: sweet lemonade!|74/100|[from] item: Leftovers
|upkeep
|turn|51
|
|t:|1728008657
|move|p2a: Zapdos|Thunderbolt|p1a: sweet lemonade!
|-damage|p1a: sweet lemonade!|44/100
|move|p1a: sweet lemonade!|Body Slam|p2a: Zapdos
|-activate|p2a: Zapdos|Substitute|[damage]
|
|-heal|p1a: sweet lemonade!|94/100|[from] move: Wish|[wisher] sweet lemonade!
|-weather|Sandstorm|[upkeep]
|-damage|p2a: Zapdos|9/100|[from] Sandstorm
|-heal|p2a: Zapdos|15/100|[from] item: Leftovers
|-heal|p1a: sweet lemonade!|99/100|[from] item: Leftovers
|upkeep
|turn|52
|
|t:|1728008665
|move|p2a: Zapdos|Baton Pass|p2a: Zapdos
|
|t:|1728008668
|switch|p2a: Tyranitar|Tyranitar, M|76/100|[from] Baton Pass
|-damage|p2a: Tyranitar|51/100|[from] Spikes
|move|p1a: sweet lemonade!|Wish|p1a: sweet lemonade!
|
|-weather|Sandstorm|[upkeep]
|-heal|p1a: sweet lemonade!|100/100|[from] item: Leftovers
|upkeep
|turn|53
|
|t:|1728008671
|switch|p1a: sulphur god|Skarmory, F|62/100
|move|p2a: Tyranitar|Dragon Dance|p2a: Tyranitar
|-boost|p2a: Tyranitar|atk|1
|-boost|p2a: Tyranitar|spe|1
|
|-heal|p1a: sulphur god|100/100|[from] move: Wish|[wisher] sweet lemonade!
|-weather|Sandstorm|[upkeep]
|upkeep
|turn|54
|
|t:|1728008674
|move|p2a: Tyranitar|Rock Slide|p1a: sulphur god
|-damage|p1a: sulphur god|55/100
|move|p1a: sulphur god|Roar|p2a: Tyranitar
|drag|p2a: Zapdos|Zapdos|15/100
|
|-weather|Sandstorm|[upkeep]
|-damage|p2a: Zapdos|9/100|[from] Sandstorm
|-heal|p2a: Zapdos|15/100|[from] item: Leftovers
|-heal|p1a: sulphur god|61/100|[from] item: Leftovers
|upkeep
|turn|55
|
|t:|1728008679
|switch|p1a: sweet lemonade!|Jirachi|100/100
|move|p2a: Zapdos|Thunderbolt|p1a: sweet lemonade!
|-damage|p1a: sweet lemonade!|69/100
|
|-weather|Sandstorm|[upkeep]
|-damage|p2a: Zapdos|9/100|[from] Sandstorm
|-heal|p2a: Zapdos|15/100|[from] item: Leftovers
|-heal|p1a: sweet lemonade!|75/100|[from] item: Leftovers
|upkeep
|turn|56
|
|t:|1728008683
|move|p2a: Zapdos|Thunderbolt|p1a: sweet lemonade!
|-damage|p1a: sweet lemonade!|44/100
|move|p1a: sweet lemonade!|Wish|p1a: sweet lemonade!
|
|-weather|Sandstorm|[upkeep]
|-damage|p2a: Zapdos|9/100|[from] Sandstorm
|-heal|p2a: Zapdos|15/100|[from] item: Leftovers
|-heal|p1a: sweet lemonade!|50/100|[from] item: Leftovers
|upkeep
|turn|57
|
|t:|1728008699
|move|p2a: Zapdos|Thunderbolt|p1a: sweet lemonade!
|-damage|p1a: sweet lemonade!|19/100
|move|p1a: sweet lemonade!|Body Slam|p2a: Zapdos
|-crit|p2a: Zapdos
|-damage|p2a: Zapdos|0 fnt
|faint|p2a: Zapdos
|
|t:|1728008703
|switch|p2a: Tyranitar|Tyranitar, M|51/100
|-damage|p2a: Tyranitar|26/100|[from] Spikes
|
|-heal|p1a: sweet lemonade!|69/100|[from] move: Wish|[wisher] sweet lemonade!
|-weather|Sandstorm|[upkeep]
|-heal|p1a: sweet lemonade!|75/100|[from] item: Leftovers
|upkeep
|turn|58
|inactive|blundergoth has 270 seconds left.
|
|t:|1728008745
|switch|p1a: grandest design|Swampert, F|25/100
|move|p2a: Tyranitar|Dragon Dance|p2a: Tyranitar
|-boost|p2a: Tyranitar|atk|1
|-boost|p2a: Tyranitar|spe|1
|
|-weather|Sandstorm|[upkeep]
|-heal|p1a: grandest design|31/100|[from] item: Leftovers
|upkeep
|turn|59
|inactive|blundergoth has 240 seconds left.
|
|t:|1728008777
|move|p2a: Tyranitar|Earthquake|p1a: grandest design
|-damage|p1a: grandest design|0 fnt
|faint|p1a: grandest design
|
|t:|1728008780
|switch|p1a: sulphur god|Skarmory, F|61/100
|
|-weather|Sandstorm|[upkeep]
|-heal|p1a: sulphur god|67/100|[from] item: Leftovers
|upkeep
|turn|60
|
|t:|1728008785
|move|p2a: Tyranitar|Rock Slide|p1a: sulphur god
|-damage|p1a: sulphur god|22/100
|move|p1a: sulphur god|Roar|p2a: Tyranitar
|drag|p2a: Suicune|Suicune|100/100 slp
|-damage|p2a: Suicune|75/100 slp|[from] Spikes
|
|-weather|Sandstorm|[upkeep]
|-damage|p2a: Suicune|69/100 slp|[from] Sandstorm
|-heal|p2a: Suicune|75/100 slp|[from] item: Leftovers
|-heal|p1a: sulphur god|28/100|[from] item: Leftovers
|upkeep
|turn|61
|
|t:|1728008796
|switch|p1a: execution fantasy|Starmie|36/100
|cant|p2a: Suicune|slp
|
|-weather|Sandstorm|[upkeep]
|-damage|p1a: execution fantasy|30/100|[from] Sandstorm
|-damage|p2a: Suicune|69/100 slp|[from] Sandstorm
|-heal|p1a: execution fantasy|36/100|[from] item: Leftovers
|-heal|p2a: Suicune|75/100 slp|[from] item: Leftovers
|upkeep
|turn|62
|
|t:|1728008799
|move|p1a: execution fantasy|Thunderbolt|p2a: Suicune
|-supereffective|p2a: Suicune
|-damage|p2a: Suicune|34/100 slp
|cant|p2a: Suicune|slp
|
|-weather|Sandstorm|[upkeep]
|-damage|p1a: execution fantasy|30/100|[from] Sandstorm
|-damage|p2a: Suicune|27/100 slp|[from] Sandstorm
|-heal|p1a: execution fantasy|36/100|[from] item: Leftovers
|-heal|p2a: Suicune|34/100 slp|[from] item: Leftovers
|upkeep
|turn|63
|
|t:|1728008802
|move|p1a: execution fantasy|Thunderbolt|p2a: Suicune
|-supereffective|p2a: Suicune
|-damage|p2a: Suicune|0 fnt
|faint|p2a: Suicune
|
|t:|1728008804
|switch|p2a: Tyranitar|Tyranitar, M|26/100
|-damage|p2a: Tyranitar|1/100|[from] Spikes
|
|-weather|Sandstorm|[upkeep]
|-damage|p1a: execution fantasy|30/100|[from] Sandstorm
|-heal|p1a: execution fantasy|36/100|[from] item: Leftovers
|upkeep
|turn|64
|c|☆gthorpe|gg
|
|t:|1728008810
|move|p1a: execution fantasy|Rapid Spin|p2a: Tyranitar
|-resisted|p2a: Tyranitar
|-damage|p2a: Tyranitar|0 fnt
|faint|p2a: Tyranitar
|
|win|blundergoth
|c|☆blundergoth|GG
|c|☆gthorpe|that 1st team was awful 
|c|☆gthorpe|and you got every hack 
|c|☆gthorpe|BUT GG
|c|☆blundergoth|GG
|player|p1|

</script>
<script type="application/json" class="data" id="replaydata-smogtours-gen3ou-794479">
{"id":"smogtours-gen3ou-794479","format":"[Gen 3] OU","players":["blundergoth","gthorpe"],"uploadtime":1728008810,"views":149,"formatid":"gen3ou","rating":null,"private":0,"password":null}
</script>

<script defer src="js/replays.js?9d40a366"></script>
