<!DOCTYPE html>
<meta charset="utf-8" />
<meta name="viewport" content="width=device-width" />

<title>[Gen 3] OU: thunderousbagel vs. cyberodin - Replays - Pok&eacute;mon Showdown!</title>

<meta name="description" content="Watch a replay of a Pok&eacute;mon battle between thunderousbagel and cyberodin! Format: [Gen 3] OU; Date: Oct 26, 2024" />
<!--

Hey, you! Looking in the source for the replay log?

You can find them in JSON format, just add `.json` at the end of a replay URL.

https://replay.pokemonshowdown.com/gen7randomdoublesbattle-865046831.json

Or, if you only need the log itself, add `.log` instead:

https://replay.pokemonshowdown.com/gen7randomdoublesbattle-865046831.log

-->

<link rel="stylesheet" href="//pokemonshowdown.com/style/global.css?0.767286132409787" />
<link rel="stylesheet" href="//play.pokemonshowdown.com/style/font-awesome.css?0.9266228007934947" />
<link rel="stylesheet" href="//play.pokemonshowdown.com/style/battle.css?0.7924700842790926" />
<link rel="stylesheet" href="//play.pokemonshowdown.com/style/utilichart.css?0.8777417872839479" />

<!-- Global site tag (gtag.js) - Google Analytics -->
<script async src="https://www.googletagmanager.com/gtag/js?id=UA-26211653-1"></script>
<script>
  window.dataLayer = window.dataLayer || [];
  function gtag(){dataLayer.push(arguments);}
  gtag('js', new Date());

  gtag('config', 'UA-26211653-1');
</script>
<!-- End Google Analytics -->
<!-- Venatus Ad Manager - Install in <HEAD> of page -->
	<script src="https://hb.vntsm.com/v3/live/ad-manager.min.js" type="text/javascript" data-site-id="642aba63ec9a7b11c3c9c1be" data-mode="scan" async></script>
<!-- / Venatus Ad Manager -->

<style>
	@media (max-width:820px) {
		.battle {
			margin: 0 auto;
		}
		.battle-log {
			margin: 7px auto 0;
			max-width: 640px;
			height: 300px;
			position: static;
		}
	}
	.optgroup {
		display: inline-block;
		line-height: 22px;
		font-size: 10pt;
	}
	.optgroup .button {
		height: 25px;
		padding-top: 0;
		padding-bottom: 0;
	}
	.optgroup button.button {
		padding-left: 12px;
		padding-right: 12px;
	}
	.linklist {
		list-style: none;
		margin: 0.5em 0;
		padding: 0;
	}
	.linklist li {
		padding: 2px 0;
	}
	.sidebar {
		float: left;
		width: 320px;
	}
	.bar-wrapper {
		max-width: 1100px;
		margin: 0 auto;
	}
	.bar-wrapper.has-sidebar {
		max-width: 1430px;
	}
	.mainbar {
		margin: 0;
		padding-right: 1px;
	}
	.mainbar.has-sidebar {
		margin-left: 330px;
	}
	@media (min-width: 1511px) {
		.sidebar {
			width: 400px;
		}
		.bar-wrapper.has-sidebar {
			max-width: 1510px;
		}
		.mainbar.has-sidebar {
			margin-left: 410px;
		}
	}
	.section.first-section {
		margin-top: 9px;
	}
	.blocklink small {
		white-space: normal;
	}
	.button {
		vertical-align: middle;
	}
	.replay-controls {
		padding-top: 10px;
	}
	.replay-controls h1 {
		font-size: 16pt;
		font-weight: normal;
		color: #CCC;
	}
	.pagelink {
		text-align: center;
	}
	.pagelink a {
		width: 150px;
	}
	.textbox, .button {
		font-size: 11pt;
		vertical-align: middle;
	}
	@media (max-width: 450px) {
		.button {
			font-size: 9pt;
		}
	}
</style>

<div>

	<header>
		<div class="nav-wrapper"><ul class="nav">
			<li><a class="button nav-first" href="//pokemonshowdown.com/"><img src="//pokemonshowdown.com/images/pokemonshowdownbeta.png" srcset="//pokemonshowdown.com/images/pokemonshowdownbeta.png 1x, //pokemonshowdown.com/images/pokemonshowdownbeta@2x.png 2x" alt="Pok&eacute;mon Showdown" width="146" height="44" /> Home</a></li>
			<li><a class="button" href="//pokemonshowdown.com/dex/">Pok&eacute;dex</a></li>
			<li><a class="button cur" href="/">Replays</a></li>
			<li><a class="button" href="//pokemonshowdown.com/ladder/">Ladder</a></li>
			<li><a class="button nav-last" href="//pokemonshowdown.com/forums/">Forum</a></li>
			<li><a class="button greenbutton nav-first nav-last" href="//play.pokemonshowdown.com/">Play</a></li>
		</ul></div>
	</header>

	<div class="main" id="main">

		<noscript><section class="section">You need to enable JavaScript to use this page; sorry!</section></noscript>

	</div>

</div>

<script defer nomodule src="//play.pokemonshowdown.com/js/lib/ps-polyfill.js"></script>
<script defer src="//play.pokemonshowdown.com/js/lib/preact.min.js"></script>

<script defer src="//play.pokemonshowdown.com/config/config.js?6dec07f6"></script>
<script defer src="//play.pokemonshowdown.com/js/lib/jquery-1.11.0.min.js"></script>
<script defer src="//play.pokemonshowdown.com/js/lib/html-sanitizer-minified.js"></script>
<script defer src="//play.pokemonshowdown.com/js/battle-sound.js"></script>
<script defer src="//play.pokemonshowdown.com/js/battledata.js?0.6315294753075389"></script>
<script defer src="//play.pokemonshowdown.com/data/pokedex-mini.js?0.7603743185311358"></script>
<script defer src="//play.pokemonshowdown.com/data/pokedex-mini-bw.js?0.030888842834281283"></script>
<script defer src="//play.pokemonshowdown.com/data/graphics.js?0.05593094747507488"></script>
<script defer src="//play.pokemonshowdown.com/data/pokedex.js?0.47064822249611904"></script>
<script defer src="//play.pokemonshowdown.com/data/moves.js?0.8583693120512459"></script>
<script defer src="//play.pokemonshowdown.com/data/abilities.js?0.16017181182386842"></script>
<script defer src="//play.pokemonshowdown.com/data/items.js?0.4163379185673943"></script>
<script defer src="//play.pokemonshowdown.com/data/teambuilder-tables.js?0.31075597372830477"></script>
<script defer src="//play.pokemonshowdown.com/js/battle-tooltips.js?0.6536193500708172"></script>
<script defer src="//play.pokemonshowdown.com/js/battle.js?0.1916591943277901"></script>

<script defer src="js/utils.js?e31f9a17"></script>
<script defer src="js/replays-battle.js?7008c182"></script>

<!-- don't scrape this data! just add .json or .log after the URL!
Full API docs: https://github.com/smogon/pokemon-showdown-client/blob/master/WEB-API.md -->
<script type="text/plain" class="log" id="replaylog-gen3ou-2231058038">
|j|☆thunderousbagel
|j|☆cyberodin
|t:|1729904920
|gametype|singles
|player|p1|thunderousbagel|cameraman|
|player|p2|cyberodin|#wcop2020latinamerica|
|teamsize|p1|6
|teamsize|p2|6
|gen|3
|tier|[Gen 3] OU
|rule|Sleep Clause Mod: Limit one foe put to sleep
|rule|Switch Priority Clause Mod: Faster Pokémon switch first
|rule|Species Clause: Limit one of each Pokémon
|rule|OHKO Clause: OHKO moves are banned
|rule|Evasion Items Clause: Evasion items are banned
|rule|Evasion Moves Clause: Evasion moves are banned
|rule|Endless Battle Clause: Forcing endless battles is banned
|rule|HP Percentage Mod: HP is shown in percentages
|rule|One Boost Passer Clause: Limit one Baton Passer that has a way to boost its stats
|rule|Freeze Clause Mod: Limit one foe frozen
|
|t:|1729904920
|start
|switch|p1a: Tyranocif|Tyranitar, F|100/100
|switch|p2a: Tyranitar|Tyranitar, M|100/100
|-weather|Sandstorm|[from] ability: Sand Stream|[of] p2a: Tyranitar
|turn|1
|j| EG Sato
|c|☆cyberodin|Gl Hf
|c|☆thunderousbagel|u2
|j| RodentCollector
|j| I'm the Dome Ace
|j| LearningChineseMr
|inactive|Battle timer is ON: inactive players will automatically lose when time's up. (requested by cyberodin)
|c| LearningChineseMr|yall need to be on smogtours
|l|learningchinesemr
|inactive|thunderousbagel has 270 seconds left.
|
|t:|1729905019
|switch|p2a: Suicune|Suicune|100/100
|move|p1a: Tyranocif|Earthquake|p2a: Suicune
|-damage|p2a: Suicune|80/100
|
|-weather|Sandstorm|[upkeep]
|-damage|p2a: Suicune|74/100|[from] Sandstorm
|-heal|p2a: Suicune|80/100|[from] item: Leftovers
|upkeep
|turn|2
|inactive|thunderousbagel has 270 seconds left.
|
|t:|1729905053
|switch|p2a: Tyranitar|Tyranitar, M|100/100
|switch|p1a: Milobellus|Milotic, M|100/100
|
|-weather|Sandstorm|[upkeep]
|-damage|p1a: Milobellus|94/100|[from] Sandstorm
|-heal|p1a: Milobellus|100/100|[from] item: Leftovers
|upkeep
|turn|3
|inactive|cyberodin has 270 seconds left.
|
|t:|1729905079
|switch|p2a: Jirachi|Jirachi|100/100
|move|p1a: Milobellus|Surf|p2a: Jirachi
|-damage|p2a: Jirachi|75/100
|
|-weather|Sandstorm|[upkeep]
|-damage|p1a: Milobellus|94/100|[from] Sandstorm
|-heal|p2a: Jirachi|81/100|[from] item: Leftovers
|-heal|p1a: Milobellus|100/100|[from] item: Leftovers
|upkeep
|turn|4
|j| Ooziegib
|
|t:|1729905095
|switch|p1a: Leuphorie|Blissey, F|100/100
|move|p2a: Jirachi|Wish|p2a: Jirachi
|
|-weather|Sandstorm|[upkeep]
|-damage|p1a: Leuphorie|94/100|[from] Sandstorm
|-heal|p2a: Jirachi|88/100|[from] item: Leftovers
|-heal|p1a: Leuphorie|100/100|[from] item: Leftovers
|upkeep
|turn|5
|inactive|thunderousbagel has 270 seconds left.
|inactive|cyberodin has 240 seconds left.
|
|t:|1729905144
|move|p2a: Jirachi|Fire Punch|p1a: Leuphorie
|-damage|p1a: Leuphorie|94/100
|move|p1a: Leuphorie|Ice Beam|p2a: Jirachi
|-resisted|p2a: Jirachi
|-damage|p2a: Jirachi|76/100
|
|-heal|p2a: Jirachi|100/100|[from] move: Wish|[wisher] Jirachi
|-weather|Sandstorm|[upkeep]
|-damage|p1a: Leuphorie|88/100|[from] Sandstorm
|-heal|p1a: Leuphorie|94/100|[from] item: Leftovers
|upkeep
|turn|6
|inactive|cyberodin has 240 seconds left.
|
|t:|1729905161
|move|p2a: Jirachi|Fire Punch|p1a: Leuphorie
|-damage|p1a: Leuphorie|87/100
|move|p1a: Leuphorie|Thunderbolt|p2a: Jirachi
|-damage|p2a: Jirachi|80/100
|
|-weather|Sandstorm|[upkeep]
|-damage|p1a: Leuphorie|81/100|[from] Sandstorm
|-heal|p2a: Jirachi|86/100|[from] item: Leftovers
|-heal|p1a: Leuphorie|87/100|[from] item: Leftovers
|upkeep
|turn|7
|inactive|cyberodin has 240 seconds left.
|inactive|thunderousbagel has 240 seconds left.
|
|t:|1729905189
|move|p2a: Jirachi|Fire Punch|p1a: Leuphorie
|-damage|p1a: Leuphorie|81/100
|move|p1a: Leuphorie|Calm Mind|p1a: Leuphorie
|-boost|p1a: Leuphorie|spa|1
|-boost|p1a: Leuphorie|spd|1
|
|-weather|Sandstorm|[upkeep]
|-damage|p1a: Leuphorie|75/100|[from] Sandstorm
|-heal|p2a: Jirachi|92/100|[from] item: Leftovers
|-heal|p1a: Leuphorie|81/100|[from] item: Leftovers
|upkeep
|turn|8
|
|t:|1729905195
|move|p2a: Jirachi|Toxic|p1a: Leuphorie
|-status|p1a: Leuphorie|tox
|move|p1a: Leuphorie|Soft-Boiled|p1a: Leuphorie
|-heal|p1a: Leuphorie|100/100 tox
|
|-weather|Sandstorm|[upkeep]
|-damage|p1a: Leuphorie|94/100 tox|[from] Sandstorm
|-heal|p2a: Jirachi|98/100|[from] item: Leftovers
|-heal|p1a: Leuphorie|100/100 tox|[from] item: Leftovers
|-damage|p1a: Leuphorie|94/100 tox|[from] psn
|upkeep
|turn|9
|
|t:|1729905199
|move|p2a: Jirachi|Toxic|p1a: Leuphorie
|-fail|p1a: Leuphorie|tox
|move|p1a: Leuphorie|Thunderbolt|p2a: Jirachi
|-damage|p2a: Jirachi|64/100
|
|-weather|Sandstorm|[upkeep]
|-damage|p1a: Leuphorie|88/100 tox|[from] Sandstorm
|-heal|p2a: Jirachi|70/100|[from] item: Leftovers
|-heal|p1a: Leuphorie|94/100 tox|[from] item: Leftovers
|-damage|p1a: Leuphorie|82/100 tox|[from] psn
|upkeep
|turn|10
|
|t:|1729905208
|move|p2a: Jirachi|Toxic|p1a: Leuphorie
|-fail|p1a: Leuphorie|tox
|move|p1a: Leuphorie|Thunderbolt|p2a: Jirachi
|-damage|p2a: Jirachi|37/100
|-status|p2a: Jirachi|par
|
|-weather|Sandstorm|[upkeep]
|-damage|p1a: Leuphorie|76/100 tox|[from] Sandstorm
|-heal|p1a: Leuphorie|82/100 tox|[from] item: Leftovers
|-damage|p1a: Leuphorie|64/100 tox|[from] psn
|-heal|p2a: Jirachi|43/100 par|[from] item: Leftovers
|upkeep
|turn|11
|
|t:|1729905212
|move|p1a: Leuphorie|Soft-Boiled|p1a: Leuphorie
|-heal|p1a: Leuphorie|100/100 tox
|move|p2a: Jirachi|Wish|p2a: Jirachi
|
|-weather|Sandstorm|[upkeep]
|-damage|p1a: Leuphorie|94/100 tox|[from] Sandstorm
|-heal|p1a: Leuphorie|100/100 tox|[from] item: Leftovers
|-damage|p1a: Leuphorie|76/100 tox|[from] psn
|-heal|p2a: Jirachi|49/100 par|[from] item: Leftovers
|upkeep
|turn|12
|
|t:|1729905222
|-curestatus|p1a: Leuphorie|tox|[from] ability: Natural Cure
|switch|p1a: Milobellus|Milotic, M|100/100
|move|p2a: Jirachi|Toxic|p1a: Milobellus
|-status|p1a: Milobellus|tox
|
|-heal|p2a: Jirachi|99/100 par|[from] move: Wish|[wisher] Jirachi
|-weather|Sandstorm|[upkeep]
|-damage|p1a: Milobellus|94/100 tox|[from] Sandstorm
|-heal|p1a: Milobellus|100/100 tox|[from] item: Leftovers
|-damage|p1a: Milobellus|94/100 tox|[from] psn
|-heal|p2a: Jirachi|100/100 par|[from] item: Leftovers
|upkeep
|turn|13
|
|t:|1729905238
|switch|p2a: Blissey|Blissey, F|100/100
|move|p1a: Milobellus|Refresh|p1a: Milobellus
|-curestatus|p1a: Milobellus|tox|[msg]
|
|-weather|Sandstorm|[upkeep]
|-damage|p1a: Milobellus|88/100|[from] Sandstorm
|-damage|p2a: Blissey|94/100|[from] Sandstorm
|-heal|p1a: Milobellus|94/100|[from] item: Leftovers
|-heal|p2a: Blissey|100/100|[from] item: Leftovers
|upkeep
|turn|14
|inactive|thunderousbagel has 270 seconds left.
|inactive|thunderousbagel has 240 seconds left.
|
|t:|1729905292
|move|p1a: Milobellus|Toxic|p2a: Blissey
|-status|p2a: Blissey|tox
|move|p2a: Blissey|Seismic Toss|p1a: Milobellus
|-damage|p1a: Milobellus|69/100
|
|-weather|Sandstorm|[upkeep]
|-damage|p1a: Milobellus|63/100|[from] Sandstorm
|-damage|p2a: Blissey|94/100 tox|[from] Sandstorm
|-heal|p1a: Milobellus|69/100|[from] item: Leftovers
|-heal|p2a: Blissey|100/100 tox|[from] item: Leftovers
|-damage|p2a: Blissey|94/100 tox|[from] psn
|upkeep
|turn|15
|
|t:|1729905301
|move|p1a: Milobellus|Recover|p1a: Milobellus
|-heal|p1a: Milobellus|100/100
|move|p2a: Blissey|Aromatherapy|p2a: Blissey
|-cureteam|p2a: Blissey|[from] move: Aromatherapy
|
|-weather|Sandstorm|[upkeep]
|-damage|p1a: Milobellus|94/100|[from] Sandstorm
|-damage|p2a: Blissey|88/100|[from] Sandstorm
|-heal|p1a: Milobellus|100/100|[from] item: Leftovers
|-heal|p2a: Blissey|94/100|[from] item: Leftovers
|upkeep
|turn|16
|
|t:|1729905307
|switch|p1a: Leuphorie|Blissey, F|76/100
|move|p2a: Blissey|Seismic Toss|p1a: Leuphorie
|-damage|p1a: Leuphorie|61/100
|
|-weather|Sandstorm|[upkeep]
|-damage|p2a: Blissey|88/100|[from] Sandstorm
|-damage|p1a: Leuphorie|54/100|[from] Sandstorm
|-heal|p2a: Blissey|94/100|[from] item: Leftovers
|-heal|p1a: Leuphorie|61/100|[from] item: Leftovers
|upkeep
|turn|17
|
|t:|1729905312
|switch|p2a: Tyranitar|Tyranitar, M|100/100
|move|p1a: Leuphorie|Soft-Boiled|p1a: Leuphorie
|-heal|p1a: Leuphorie|100/100
|
|-weather|Sandstorm|[upkeep]
|-damage|p1a: Leuphorie|94/100|[from] Sandstorm
|-heal|p1a: Leuphorie|100/100|[from] item: Leftovers
|upkeep
|turn|18
|inactive|thunderousbagel has 240 seconds left.
|
|t:|1729905367
|switch|p1a: Milobellus|Milotic, M|100/100
|move|p2a: Tyranitar|Rock Slide|p1a: Milobellus
|-crit|p1a: Milobellus
|-damage|p1a: Milobellus|0 fnt
|faint|p1a: Milobellus
|inactive|thunderousbagel has 210 seconds left.
|inactive|thunderousbagel has 180 seconds left.
|j| 3 blades
|inactive|thunderousbagel has 150 seconds left.
|
|t:|1729905454
|switch|p1a: Triopikeur|Dugtrio, M|100/100
|
|-weather|Sandstorm|[upkeep]
|upkeep
|turn|19
|inactive|cyberodin has 270 seconds left.
|
|t:|1729905489
|move|p1a: Triopikeur|Earthquake|p2a: Tyranitar
|-supereffective|p2a: Tyranitar
|-damage|p2a: Tyranitar|8/100
|move|p2a: Tyranitar|Rock Slide|p1a: Triopikeur
|-resisted|p1a: Triopikeur
|-damage|p1a: Triopikeur|18/100
|
|-weather|Sandstorm|[upkeep]
|upkeep
|turn|20
|inactive|thunderousbagel has 150 seconds left.
|
|t:|1729905508
|move|p1a: Triopikeur|Earthquake|p2a: Tyranitar
|-supereffective|p2a: Tyranitar
|-damage|p2a: Tyranitar|0 fnt
|faint|p2a: Tyranitar
|inactive|cyberodin has 240 seconds left.
|j| Queueueuebone
|inactive|cyberodin has 210 seconds left.
|
|t:|1729905587
|switch|p2a: Suicune|Suicune|80/100
|
|-weather|Sandstorm|[upkeep]
|-damage|p2a: Suicune|74/100|[from] Sandstorm
|-heal|p2a: Suicune|80/100|[from] item: Leftovers
|upkeep
|turn|21
|inactive|thunderousbagel has 150 seconds left.
|inactive|thunderousbagel has 120 seconds left.
|inactive|cyberodin has 180 seconds left.
|l| Queueueuebone
|j| Queueueuebone
|inactive|thunderousbagel has 90 seconds left.
|
|t:|1729905681
|switch|p1a: Airmure|Skarmory, M|100/100
|move|p2a: Suicune|Surf|p1a: Airmure
|-damage|p1a: Airmure|75/100
|
|-weather|Sandstorm|[upkeep]
|-damage|p2a: Suicune|74/100|[from] Sandstorm
|-heal|p2a: Suicune|80/100|[from] item: Leftovers
|-heal|p1a: Airmure|81/100|[from] item: Leftovers
|upkeep
|turn|22
|
|t:|1729905687
|move|p2a: Suicune|Surf|p1a: Airmure
|-damage|p1a: Airmure|52/100
|move|p1a: Airmure|Spikes|p2a: Suicune
|-sidestart|p2: cyberodin|Spikes
|
|-weather|Sandstorm|[upkeep]
|-damage|p2a: Suicune|74/100|[from] Sandstorm
|-heal|p2a: Suicune|80/100|[from] item: Leftovers
|-heal|p1a: Airmure|59/100|[from] item: Leftovers
|upkeep
|turn|23
|
|t:|1729905690
|move|p1a: Airmure|Protect|p1a: Airmure
|-singleturn|p1a: Airmure|Protect
|move|p2a: Suicune|Calm Mind|p2a: Suicune
|-boost|p2a: Suicune|spa|1
|-boost|p2a: Suicune|spd|1
|
|-weather|Sandstorm|[upkeep]
|-damage|p2a: Suicune|74/100|[from] Sandstorm
|-heal|p2a: Suicune|80/100|[from] item: Leftovers
|-heal|p1a: Airmure|65/100|[from] item: Leftovers
|upkeep
|turn|24
|
|t:|1729905696
|switch|p1a: Leuphorie|Blissey, F|100/100
|move|p2a: Suicune|Surf|p1a: Leuphorie
|-damage|p1a: Leuphorie|82/100
|
|-weather|Sandstorm|[upkeep]
|-damage|p2a: Suicune|74/100|[from] Sandstorm
|-damage|p1a: Leuphorie|76/100|[from] Sandstorm
|-heal|p2a: Suicune|80/100|[from] item: Leftovers
|-heal|p1a: Leuphorie|82/100|[from] item: Leftovers
|upkeep
|turn|25
|
|t:|1729905707
|move|p1a: Leuphorie|Ice Beam|p2a: Suicune
|-resisted|p2a: Suicune
|-damage|p2a: Suicune|74/100
|-status|p2a: Suicune|frz
|-curestatus|p2a: Suicune|frz|[msg]
|move|p2a: Suicune|Roar|p1a: Leuphorie
|drag|p1a: Airmure|Skarmory, M|65/100
|
|-weather|Sandstorm|[upkeep]
|-damage|p2a: Suicune|68/100|[from] Sandstorm
|-heal|p2a: Suicune|74/100|[from] item: Leftovers
|-heal|p1a: Airmure|71/100|[from] item: Leftovers
|upkeep
|turn|26
|j| FJ3K
|inactive|cyberodin has 210 seconds left.
|
|t:|1729905714
|move|p1a: Airmure|Protect|p1a: Airmure
|-singleturn|p1a: Airmure|Protect
|move|p2a: Suicune|Calm Mind|p2a: Suicune
|-boost|p2a: Suicune|spa|1
|-boost|p2a: Suicune|spd|1
|
|-weather|Sandstorm|[upkeep]
|-damage|p2a: Suicune|68/100|[from] Sandstorm
|-heal|p2a: Suicune|74/100|[from] item: Leftovers
|-heal|p1a: Airmure|77/100|[from] item: Leftovers
|upkeep
|turn|27
|
|t:|1729905719
|switch|p1a: Leuphorie|Blissey, F|82/100
|move|p2a: Suicune|Surf|p1a: Leuphorie
|-damage|p1a: Leuphorie|60/100
|
|-weather|Sandstorm|[upkeep]
|-damage|p2a: Suicune|68/100|[from] Sandstorm
|-damage|p1a: Leuphorie|54/100|[from] Sandstorm
|-heal|p2a: Suicune|74/100|[from] item: Leftovers
|-heal|p1a: Leuphorie|60/100|[from] item: Leftovers
|upkeep
|turn|28
|
|t:|1729905724
|move|p1a: Leuphorie|Soft-Boiled|p1a: Leuphorie
|-heal|p1a: Leuphorie|100/100
|move|p2a: Suicune|Roar|p1a: Leuphorie
|drag|p1a: Kaorine|Claydol|100/100
|
|-weather|Sandstorm|[upkeep]
|-damage|p2a: Suicune|68/100|[from] Sandstorm
|-heal|p2a: Suicune|74/100|[from] item: Leftovers
|upkeep
|turn|29
|
|t:|1729905727
|switch|p1a: Leuphorie|Blissey, F|100/100
|move|p2a: Suicune|Calm Mind|p2a: Suicune
|-boost|p2a: Suicune|spa|1
|-boost|p2a: Suicune|spd|1
|
|-weather|Sandstorm|[upkeep]
|-damage|p2a: Suicune|68/100|[from] Sandstorm
|-damage|p1a: Leuphorie|94/100|[from] Sandstorm
|-heal|p2a: Suicune|74/100|[from] item: Leftovers
|-heal|p1a: Leuphorie|100/100|[from] item: Leftovers
|upkeep
|turn|30
|
|t:|1729905731
|move|p2a: Suicune|Calm Mind|p2a: Suicune
|-boost|p2a: Suicune|spa|1
|-boost|p2a: Suicune|spd|1
|move|p1a: Leuphorie|Thunderbolt|p2a: Suicune
|-supereffective|p2a: Suicune
|-damage|p2a: Suicune|61/100
|
|-weather|Sandstorm|[upkeep]
|-damage|p2a: Suicune|55/100|[from] Sandstorm
|-damage|p1a: Leuphorie|94/100|[from] Sandstorm
|-heal|p2a: Suicune|61/100|[from] item: Leftovers
|-heal|p1a: Leuphorie|100/100|[from] item: Leftovers
|upkeep
|turn|31
|inactive|thunderousbagel has 120 seconds left.
|
|t:|1729905759
|move|p1a: Leuphorie|Thunderbolt|p2a: Suicune
|-supereffective|p2a: Suicune
|-damage|p2a: Suicune|49/100
|move|p2a: Suicune|Roar|p1a: Leuphorie
|drag|p1a: Airmure|Skarmory, M|77/100
|
|-weather|Sandstorm|[upkeep]
|-damage|p2a: Suicune|42/100|[from] Sandstorm
|-heal|p2a: Suicune|49/100|[from] item: Leftovers
|-heal|p1a: Airmure|83/100|[from] item: Leftovers
|upkeep
|turn|32
|
|t:|1729905767
|move|p2a: Suicune|Surf|p1a: Airmure
|-damage|p1a: Airmure|0 fnt
|faint|p1a: Airmure
|inactive|thunderousbagel has 120 seconds left.
|j| Xenocles
|
|t:|1729905796
|switch|p1a: Leuphorie|Blissey, F|100/100
|
|-weather|Sandstorm|[upkeep]
|-damage|p2a: Suicune|42/100|[from] Sandstorm
|-damage|p1a: Leuphorie|94/100|[from] Sandstorm
|-heal|p2a: Suicune|49/100|[from] item: Leftovers
|-heal|p1a: Leuphorie|100/100|[from] item: Leftovers
|upkeep
|turn|33
|inactive|cyberodin has 270 seconds left.
|
|t:|1729905811
|switch|p2a: Jirachi|Jirachi|100/100
|-damage|p2a: Jirachi|88/100|[from] Spikes
|move|p1a: Leuphorie|Thunderbolt|p2a: Jirachi
|-damage|p2a: Jirachi|65/100
|
|-weather|Sandstorm|[upkeep]
|-damage|p1a: Leuphorie|94/100|[from] Sandstorm
|-heal|p2a: Jirachi|71/100|[from] item: Leftovers
|-heal|p1a: Leuphorie|100/100|[from] item: Leftovers
|upkeep
|turn|34
|inactive|thunderousbagel has 120 seconds left.
|inactive|cyberodin has 270 seconds left.
|l| Queueueuebone
|inactive|thunderousbagel has 90 seconds left.
|j| Queueueuebone
|
|t:|1729905859
|switch|p1a: Tyranocif|Tyranitar, F|100/100
|move|p2a: Jirachi|Wish|p2a: Jirachi
|
|-weather|Sandstorm|[upkeep]
|-heal|p2a: Jirachi|77/100|[from] item: Leftovers
|upkeep
|turn|35
|inactive|thunderousbagel has 90 seconds left.
|inactive|cyberodin has 270 seconds left.
|
|t:|1729905866
|move|p2a: Jirachi|Toxic|p1a: Tyranocif
|-status|p1a: Tyranocif|tox
|move|p1a: Tyranocif|Thunder Wave|p2a: Jirachi
|-status|p2a: Jirachi|par
|
|-heal|p2a: Jirachi|100/100 par|[from] move: Wish|[wisher] Jirachi
|-weather|Sandstorm|[upkeep]
|-damage|p1a: Tyranocif|94/100 tox|[from] psn
|upkeep
|turn|36
|
|t:|1729905874
|switch|p2a: Claydol|Claydol|100/100
|move|p1a: Tyranocif|Earthquake|p2a: Claydol
|-immune|p2a: Claydol
|
|-weather|Sandstorm|[upkeep]
|-heal|p1a: Tyranocif|100/100 tox|[from] item: Leftovers
|-damage|p1a: Tyranocif|88/100 tox|[from] psn
|upkeep
|turn|37
|inactive|thunderousbagel has 90 seconds left.
|
|t:|1729905905
|move|p2a: Claydol|Rapid Spin|p1a: Tyranocif
|-resisted|p1a: Tyranocif
|-damage|p1a: Tyranocif|86/100 tox
|-sideend|p2: cyberodin|Spikes|[from] move: Rapid Spin|[of] p2a: Claydol
|move|p1a: Tyranocif|Hidden Power|p2a: Claydol
|-supereffective|p2a: Claydol
|-damage|p2a: Claydol|43/100
|
|-weather|Sandstorm|[upkeep]
|-heal|p2a: Claydol|49/100|[from] item: Leftovers
|-heal|p1a: Tyranocif|93/100 tox|[from] item: Leftovers
|-damage|p1a: Tyranocif|74/100 tox|[from] psn
|upkeep
|turn|38
|inactive|cyberodin has 270 seconds left.
|
|t:|1729905928
|switch|p1a: Kaorine|Claydol|100/100
|move|p2a: Claydol|Earthquake|p1a: Kaorine
|-immune|p1a: Kaorine
|
|-weather|Sandstorm|[upkeep]
|-heal|p2a: Claydol|55/100|[from] item: Leftovers
|upkeep
|turn|39
|inactive|thunderousbagel has 90 seconds left.
|inactive|cyberodin has 270 seconds left.
|
|t:|1729905958
|move|p2a: Claydol|Earthquake|p1a: Kaorine
|-immune|p1a: Kaorine
|move|p1a: Kaorine|Hidden Power|p2a: Claydol
|-damage|p2a: Claydol|44/100
|
|-weather|Sandstorm|[upkeep]
|-heal|p2a: Claydol|50/100|[from] item: Leftovers
|upkeep
|turn|40
|
|t:|1729905967
|switch|p2a: Blissey|Blissey, F|94/100
|move|p1a: Kaorine|Hidden Power|p2a: Blissey
|-damage|p2a: Blissey|89/100
|
|-weather|Sandstorm|[upkeep]
|-damage|p2a: Blissey|83/100|[from] Sandstorm
|-heal|p2a: Blissey|89/100|[from] item: Leftovers
|upkeep
|turn|41
|
|t:|1729905973
|switch|p1a: Leuphorie|Blissey, F|100/100
|switch|p2a: Claydol|Claydol|50/100
|
|-weather|Sandstorm|[upkeep]
|-damage|p1a: Leuphorie|94/100|[from] Sandstorm
|-heal|p2a: Claydol|57/100|[from] item: Leftovers
|-heal|p1a: Leuphorie|100/100|[from] item: Leftovers
|upkeep
|turn|42
|
|t:|1729905978
|switch|p1a: Kaorine|Claydol|100/100
|move|p2a: Claydol|Explosion|p1a: Kaorine
|-damage|p1a: Kaorine|3/100
|faint|p2a: Claydol
|l| Xenocles
|
|t:|1729905987
|switch|p2a: Suicune|Suicune|49/100
|
|-weather|Sandstorm|[upkeep]
|-damage|p2a: Suicune|42/100|[from] Sandstorm
|-heal|p2a: Suicune|49/100|[from] item: Leftovers
|-heal|p1a: Kaorine|9/100|[from] item: Leftovers
|upkeep
|turn|43
|
|t:|1729906013
|switch|p2a: Blissey|Blissey, F|89/100
|switch|p1a: Leuphorie|Blissey, F|100/100
|
|-weather|Sandstorm|[upkeep]
|-damage|p2a: Blissey|83/100|[from] Sandstorm
|-damage|p1a: Leuphorie|94/100|[from] Sandstorm
|-heal|p2a: Blissey|89/100|[from] item: Leftovers
|-heal|p1a: Leuphorie|100/100|[from] item: Leftovers
|upkeep
|turn|44
|
|t:|1729906019
|move|p2a: Blissey|Aromatherapy|p2a: Blissey
|-cureteam|p2a: Blissey|[from] move: Aromatherapy
|move|p1a: Leuphorie|Calm Mind|p1a: Leuphorie
|-boost|p1a: Leuphorie|spa|1
|-boost|p1a: Leuphorie|spd|1
|
|-weather|Sandstorm|[upkeep]
|-damage|p2a: Blissey|83/100|[from] Sandstorm
|-damage|p1a: Leuphorie|94/100|[from] Sandstorm
|-heal|p2a: Blissey|89/100|[from] item: Leftovers
|-heal|p1a: Leuphorie|100/100|[from] item: Leftovers
|upkeep
|turn|45
|j| Xenocles
|inactive|thunderousbagel has 90 seconds left.
|
|t:|1729906062
|move|p2a: Blissey|Seismic Toss|p1a: Leuphorie
|-damage|p1a: Leuphorie|85/100
|move|p1a: Leuphorie|Thunderbolt|p2a: Blissey
|-damage|p2a: Blissey|74/100
|
|-weather|Sandstorm|[upkeep]
|-damage|p2a: Blissey|68/100|[from] Sandstorm
|-damage|p1a: Leuphorie|79/100|[from] Sandstorm
|-heal|p2a: Blissey|74/100|[from] item: Leftovers
|-heal|p1a: Leuphorie|85/100|[from] item: Leftovers
|upkeep
|turn|46
|
|t:|1729906066
|switch|p2a: Jirachi|Jirachi|100/100
|move|p1a: Leuphorie|Calm Mind|p1a: Leuphorie
|-boost|p1a: Leuphorie|spa|1
|-boost|p1a: Leuphorie|spd|1
|
|-weather|Sandstorm|[upkeep]
|-damage|p1a: Leuphorie|79/100|[from] Sandstorm
|-heal|p1a: Leuphorie|85/100|[from] item: Leftovers
|upkeep
|turn|47
|
|t:|1729906071
|move|p2a: Jirachi|Wish|p2a: Jirachi
|move|p1a: Leuphorie|Thunderbolt|p2a: Jirachi
|-damage|p2a: Jirachi|57/100
|
|-weather|Sandstorm|[upkeep]
|-damage|p1a: Leuphorie|79/100|[from] Sandstorm
|-heal|p2a: Jirachi|63/100|[from] item: Leftovers
|-heal|p1a: Leuphorie|85/100|[from] item: Leftovers
|upkeep
|turn|48
|
|t:|1729906076
|move|p2a: Jirachi|Toxic|p1a: Leuphorie
|-status|p1a: Leuphorie|tox
|move|p1a: Leuphorie|Thunderbolt|p2a: Jirachi
|-damage|p2a: Jirachi|18/100
|
|-heal|p2a: Jirachi|68/100|[from] move: Wish|[wisher] Jirachi
|-weather|Sandstorm|[upkeep]
|-damage|p1a: Leuphorie|79/100 tox|[from] Sandstorm
|-heal|p2a: Jirachi|74/100|[from] item: Leftovers
|-heal|p1a: Leuphorie|85/100 tox|[from] item: Leftovers
|-damage|p1a: Leuphorie|79/100 tox|[from] psn
|upkeep
|turn|49
|
|t:|1729906093
|-curestatus|p1a: Leuphorie|tox|[from] ability: Natural Cure
|switch|p1a: Triopikeur|Dugtrio, M|18/100
|move|p2a: Jirachi|Fire Punch|p1a: Triopikeur
|-damage|p1a: Triopikeur|0 fnt
|faint|p1a: Triopikeur
|inactive|thunderousbagel has 90 seconds left.
|
|t:|1729906129
|switch|p1a: Tyranocif|Tyranitar, F|74/100 tox
|
|-weather|Sandstorm|[upkeep]
|-heal|p2a: Jirachi|80/100|[from] item: Leftovers
|-heal|p1a: Tyranocif|80/100 tox|[from] item: Leftovers
|-damage|p1a: Tyranocif|74/100 tox|[from] psn
|upkeep
|turn|50
|inactive|cyberodin has 270 seconds left.
|
|t:|1729906178
|move|p2a: Jirachi|Protect|p2a: Jirachi
|-singleturn|p2a: Jirachi|Protect
|move|p1a: Tyranocif|Earthquake|p2a: Jirachi
|-activate|p2a: Jirachi|Protect
|
|-weather|Sandstorm|[upkeep]
|-heal|p2a: Jirachi|87/100|[from] item: Leftovers
|-heal|p1a: Tyranocif|80/100 tox|[from] item: Leftovers
|-damage|p1a: Tyranocif|68/100 tox|[from] psn
|upkeep
|turn|51
|l| Queueueuebone
|j| incognidoqueen
|
|t:|1729906200
|switch|p1a: Leuphorie|Blissey, F|79/100
|move|p2a: Jirachi|Wish|p2a: Jirachi
|
|-weather|Sandstorm|[upkeep]
|-damage|p1a: Leuphorie|73/100|[from] Sandstorm
|-heal|p2a: Jirachi|93/100|[from] item: Leftovers
|-heal|p1a: Leuphorie|79/100|[from] item: Leftovers
|upkeep
|turn|52
|
|t:|1729906210
|move|p2a: Jirachi|Toxic|p1a: Leuphorie|[miss]
|-miss|p2a: Jirachi|p1a: Leuphorie
|move|p1a: Leuphorie|Calm Mind|p1a: Leuphorie
|-boost|p1a: Leuphorie|spa|1
|-boost|p1a: Leuphorie|spd|1
|
|-heal|p2a: Jirachi|100/100|[from] move: Wish|[wisher] Jirachi
|-weather|Sandstorm|[upkeep]
|-damage|p1a: Leuphorie|73/100|[from] Sandstorm
|-heal|p1a: Leuphorie|79/100|[from] item: Leftovers
|upkeep
|turn|53
|j| Queueueuebone
|inactive|thunderousbagel has 60 seconds left.
|
|t:|1729906251
|move|p2a: Jirachi|Wish|p2a: Jirachi
|move|p1a: Leuphorie|Thunderbolt|p2a: Jirachi
|-damage|p2a: Jirachi|68/100
|
|-weather|Sandstorm|[upkeep]
|-damage|p1a: Leuphorie|73/100|[from] Sandstorm
|-heal|p2a: Jirachi|74/100|[from] item: Leftovers
|-heal|p1a: Leuphorie|79/100|[from] item: Leftovers
|upkeep
|turn|54
|
|t:|1729906260
|move|p2a: Jirachi|Toxic|p1a: Leuphorie|[miss]
|-miss|p2a: Jirachi|p1a: Leuphorie
|move|p1a: Leuphorie|Calm Mind|p1a: Leuphorie
|-boost|p1a: Leuphorie|spa|1
|-boost|p1a: Leuphorie|spd|1
|
|-heal|p2a: Jirachi|100/100|[from] move: Wish|[wisher] Jirachi
|-weather|Sandstorm|[upkeep]
|-damage|p1a: Leuphorie|73/100|[from] Sandstorm
|-heal|p1a: Leuphorie|79/100|[from] item: Leftovers
|upkeep
|turn|55
|
|t:|1729906265
|move|p2a: Jirachi|Toxic|p1a: Leuphorie
|-status|p1a: Leuphorie|tox
|move|p1a: Leuphorie|Thunderbolt|p2a: Jirachi
|-damage|p2a: Jirachi|58/100
|
|-weather|Sandstorm|[upkeep]
|-damage|p1a: Leuphorie|73/100 tox|[from] Sandstorm
|-heal|p2a: Jirachi|64/100|[from] item: Leftovers
|-heal|p1a: Leuphorie|79/100 tox|[from] item: Leftovers
|-damage|p1a: Leuphorie|73/100 tox|[from] psn
|upkeep
|turn|56
|inactive|cyberodin has 270 seconds left.
|
|t:|1729906275
|move|p2a: Jirachi|Wish|p2a: Jirachi
|move|p1a: Leuphorie|Thunderbolt|p2a: Jirachi
|-damage|p2a: Jirachi|25/100
|
|-weather|Sandstorm|[upkeep]
|-damage|p1a: Leuphorie|67/100 tox|[from] Sandstorm
|-heal|p2a: Jirachi|31/100|[from] item: Leftovers
|-heal|p1a: Leuphorie|73/100 tox|[from] item: Leftovers
|-damage|p1a: Leuphorie|61/100 tox|[from] psn
|upkeep
|turn|57
|
|t:|1729906280
|move|p2a: Jirachi|Fire Punch|p1a: Leuphorie
|-damage|p1a: Leuphorie|57/100 tox
|move|p1a: Leuphorie|Soft-Boiled|p1a: Leuphorie
|-heal|p1a: Leuphorie|100/100 tox
|
|-heal|p2a: Jirachi|81/100|[from] move: Wish|[wisher] Jirachi
|-weather|Sandstorm|[upkeep]
|-damage|p1a: Leuphorie|94/100 tox|[from] Sandstorm
|-heal|p2a: Jirachi|87/100|[from] item: Leftovers
|-heal|p1a: Leuphorie|100/100 tox|[from] item: Leftovers
|-damage|p1a: Leuphorie|82/100 tox|[from] psn
|upkeep
|turn|58
|
|t:|1729906290
|-curestatus|p1a: Leuphorie|tox|[from] ability: Natural Cure
|switch|p1a: Tyranocif|Tyranitar, F|68/100 tox
|move|p2a: Jirachi|Wish|p2a: Jirachi
|
|-weather|Sandstorm|[upkeep]
|-heal|p2a: Jirachi|93/100|[from] item: Leftovers
|-heal|p1a: Tyranocif|74/100 tox|[from] item: Leftovers
|-damage|p1a: Tyranocif|68/100 tox|[from] psn
|upkeep
|turn|59
|
|t:|1729906294
|switch|p2a: Suicune|Suicune|49/100
|switch|p1a: Leuphorie|Blissey, F|82/100
|
|-heal|p2a: Suicune|99/100|[from] move: Wish|[wisher] Jirachi
|-weather|Sandstorm|[upkeep]
|-damage|p2a: Suicune|92/100|[from] Sandstorm
|-damage|p1a: Leuphorie|76/100|[from] Sandstorm
|-heal|p2a: Suicune|99/100|[from] item: Leftovers
|-heal|p1a: Leuphorie|82/100|[from] item: Leftovers
|upkeep
|turn|60
|
|t:|1729906301
|move|p2a: Suicune|Calm Mind|p2a: Suicune
|-boost|p2a: Suicune|spa|1
|-boost|p2a: Suicune|spd|1
|move|p1a: Leuphorie|Thunderbolt|p2a: Suicune
|-supereffective|p2a: Suicune
|-crit|p2a: Suicune
|-damage|p2a: Suicune|26/100
|
|-weather|Sandstorm|[upkeep]
|-damage|p2a: Suicune|20/100|[from] Sandstorm
|-damage|p1a: Leuphorie|76/100|[from] Sandstorm
|-heal|p2a: Suicune|26/100|[from] item: Leftovers
|-heal|p1a: Leuphorie|82/100|[from] item: Leftovers
|upkeep
|turn|61
|
|t:|1729906311
|move|p2a: Suicune|Rest|p2a: Suicune
|-status|p2a: Suicune|slp|[from] move: Rest
|-heal|p2a: Suicune|100/100 slp|[silent]
|move|p1a: Leuphorie|Calm Mind|p1a: Leuphorie
|-boost|p1a: Leuphorie|spa|1
|-boost|p1a: Leuphorie|spd|1
|
|-weather|Sandstorm|[upkeep]
|-damage|p2a: Suicune|94/100 slp|[from] Sandstorm
|-damage|p1a: Leuphorie|76/100|[from] Sandstorm
|-heal|p2a: Suicune|100/100 slp|[from] item: Leftovers
|-heal|p1a: Leuphorie|82/100|[from] item: Leftovers
|upkeep
|turn|62
|
|t:|1729906332
|switch|p2a: Jirachi|Jirachi|93/100
|move|p1a: Leuphorie|Thunderbolt|p2a: Jirachi
|-damage|p2a: Jirachi|64/100
|
|-weather|Sandstorm|[upkeep]
|-damage|p1a: Leuphorie|76/100|[from] Sandstorm
|-heal|p2a: Jirachi|70/100|[from] item: Leftovers
|-heal|p1a: Leuphorie|82/100|[from] item: Leftovers
|upkeep
|turn|63
|
|t:|1729906340
|move|p2a: Jirachi|Toxic|p1a: Leuphorie
|-status|p1a: Leuphorie|tox
|move|p1a: Leuphorie|Ice Beam|p2a: Jirachi
|-resisted|p2a: Jirachi
|-damage|p2a: Jirachi|53/100
|
|-weather|Sandstorm|[upkeep]
|-damage|p1a: Leuphorie|76/100 tox|[from] Sandstorm
|-heal|p2a: Jirachi|59/100|[from] item: Leftovers
|-heal|p1a: Leuphorie|82/100 tox|[from] item: Leftovers
|-damage|p1a: Leuphorie|76/100 tox|[from] psn
|upkeep
|turn|64
|
|t:|1729906346
|move|p2a: Jirachi|Wish|p2a: Jirachi
|move|p1a: Leuphorie|Ice Beam|p2a: Jirachi
|-resisted|p2a: Jirachi
|-damage|p2a: Jirachi|45/100
|
|-weather|Sandstorm|[upkeep]
|-damage|p1a: Leuphorie|70/100 tox|[from] Sandstorm
|-heal|p2a: Jirachi|51/100|[from] item: Leftovers
|-heal|p1a: Leuphorie|76/100 tox|[from] item: Leftovers
|-damage|p1a: Leuphorie|64/100 tox|[from] psn
|upkeep
|turn|65
|
|t:|1729906353
|-curestatus|p1a: Leuphorie|tox|[from] ability: Natural Cure
|switch|p1a: Tyranocif|Tyranitar, F|68/100 tox
|move|p2a: Jirachi|Fire Punch|p1a: Tyranocif
|-resisted|p1a: Tyranocif
|-damage|p1a: Tyranocif|60/100 tox
|
|-heal|p2a: Jirachi|100/100|[from] move: Wish|[wisher] Jirachi
|-weather|Sandstorm|[upkeep]
|-heal|p1a: Tyranocif|66/100 tox|[from] item: Leftovers
|-damage|p1a: Tyranocif|60/100 tox|[from] psn
|upkeep
|turn|66
|l| FJ3K
|
|t:|1729906376
|switch|p2a: Suicune|Suicune|100/100 slp
|switch|p1a: Leuphorie|Blissey, F|64/100
|
|-weather|Sandstorm|[upkeep]
|-damage|p2a: Suicune|94/100 slp|[from] Sandstorm
|-damage|p1a: Leuphorie|57/100|[from] Sandstorm
|-heal|p2a: Suicune|100/100 slp|[from] item: Leftovers
|-heal|p1a: Leuphorie|64/100|[from] item: Leftovers
|upkeep
|turn|67
|
|t:|1729906394
|move|p1a: Leuphorie|Soft-Boiled|p1a: Leuphorie
|-heal|p1a: Leuphorie|100/100
|cant|p2a: Suicune|slp
|
|-weather|Sandstorm|[upkeep]
|-damage|p2a: Suicune|94/100 slp|[from] Sandstorm
|-damage|p1a: Leuphorie|94/100|[from] Sandstorm
|-heal|p2a: Suicune|100/100 slp|[from] item: Leftovers
|-heal|p1a: Leuphorie|100/100|[from] item: Leftovers
|upkeep
|turn|68
|
|t:|1729906398
|move|p1a: Leuphorie|Thunderbolt|p2a: Suicune
|-supereffective|p2a: Suicune
|-crit|p2a: Suicune
|-damage|p2a: Suicune|30/100 slp
|cant|p2a: Suicune|slp
|
|-weather|Sandstorm|[upkeep]
|-damage|p2a: Suicune|24/100 slp|[from] Sandstorm
|-damage|p1a: Leuphorie|94/100|[from] Sandstorm
|-heal|p2a: Suicune|30/100 slp|[from] item: Leftovers
|-heal|p1a: Leuphorie|100/100|[from] item: Leftovers
|upkeep
|turn|69
|
|t:|1729906404
|switch|p2a: Jirachi|Jirachi|100/100
|move|p1a: Leuphorie|Ice Beam|p2a: Jirachi
|-resisted|p2a: Jirachi
|-damage|p2a: Jirachi|90/100
|
|-weather|Sandstorm|[upkeep]
|-damage|p1a: Leuphorie|94/100|[from] Sandstorm
|-heal|p2a: Jirachi|96/100|[from] item: Leftovers
|-heal|p1a: Leuphorie|100/100|[from] item: Leftovers
|upkeep
|turn|70
|j| melodion
|inactive|thunderousbagel has 150 seconds left.
|
|t:|1729906421
|move|p2a: Jirachi|Wish|p2a: Jirachi
|move|p1a: Leuphorie|Ice Beam|p2a: Jirachi
|-resisted|p2a: Jirachi
|-damage|p2a: Jirachi|85/100
|
|-weather|Sandstorm|[upkeep]
|-damage|p1a: Leuphorie|94/100|[from] Sandstorm
|-heal|p2a: Jirachi|91/100|[from] item: Leftovers
|-heal|p1a: Leuphorie|100/100|[from] item: Leftovers
|upkeep
|turn|71
|
|t:|1729906424
|move|p2a: Jirachi|Toxic|p1a: Leuphorie|[miss]
|-miss|p2a: Jirachi|p1a: Leuphorie
|move|p1a: Leuphorie|Thunderbolt|p2a: Jirachi
|-damage|p2a: Jirachi|70/100
|
|-heal|p2a: Jirachi|100/100|[from] move: Wish|[wisher] Jirachi
|-weather|Sandstorm|[upkeep]
|-damage|p1a: Leuphorie|94/100|[from] Sandstorm
|-heal|p1a: Leuphorie|100/100|[from] item: Leftovers
|upkeep
|turn|72
|
|t:|1729906430
|move|p2a: Jirachi|Fire Punch|p1a: Leuphorie
|-damage|p1a: Leuphorie|93/100
|move|p1a: Leuphorie|Calm Mind|p1a: Leuphorie
|-boost|p1a: Leuphorie|spa|1
|-boost|p1a: Leuphorie|spd|1
|
|-weather|Sandstorm|[upkeep]
|-damage|p1a: Leuphorie|87/100|[from] Sandstorm
|-heal|p1a: Leuphorie|93/100|[from] item: Leftovers
|upkeep
|turn|73
|
|t:|1729906434
|move|p2a: Jirachi|Toxic|p1a: Leuphorie
|-status|p1a: Leuphorie|tox
|move|p1a: Leuphorie|Ice Beam|p2a: Jirachi
|-resisted|p2a: Jirachi
|-damage|p2a: Jirachi|83/100
|
|-weather|Sandstorm|[upkeep]
|-damage|p1a: Leuphorie|87/100 tox|[from] Sandstorm
|-heal|p2a: Jirachi|89/100|[from] item: Leftovers
|-heal|p1a: Leuphorie|93/100 tox|[from] item: Leftovers
|-damage|p1a: Leuphorie|87/100 tox|[from] psn
|upkeep
|turn|74
|
|t:|1729906441
|move|p2a: Jirachi|Wish|p2a: Jirachi
|move|p1a: Leuphorie|Ice Beam|p2a: Jirachi
|-resisted|p2a: Jirachi
|-damage|p2a: Jirachi|72/100
|
|-weather|Sandstorm|[upkeep]
|-damage|p1a: Leuphorie|81/100 tox|[from] Sandstorm
|-heal|p2a: Jirachi|78/100|[from] item: Leftovers
|-heal|p1a: Leuphorie|87/100 tox|[from] item: Leftovers
|-damage|p1a: Leuphorie|75/100 tox|[from] psn
|upkeep
|turn|75
|
|t:|1729906448
|move|p2a: Jirachi|Fire Punch|p1a: Leuphorie
|-damage|p1a: Leuphorie|70/100 tox
|move|p1a: Leuphorie|Calm Mind|p1a: Leuphorie
|-boost|p1a: Leuphorie|spa|1
|-boost|p1a: Leuphorie|spd|1
|
|-heal|p2a: Jirachi|100/100|[from] move: Wish|[wisher] Jirachi
|-weather|Sandstorm|[upkeep]
|-damage|p1a: Leuphorie|64/100 tox|[from] Sandstorm
|-heal|p1a: Leuphorie|70/100 tox|[from] item: Leftovers
|-damage|p1a: Leuphorie|51/100 tox|[from] psn
|upkeep
|turn|76
|
|t:|1729906454
|move|p2a: Jirachi|Wish|p2a: Jirachi
|move|p1a: Leuphorie|Soft-Boiled|p1a: Leuphorie
|-heal|p1a: Leuphorie|100/100 tox
|
|-weather|Sandstorm|[upkeep]
|-damage|p1a: Leuphorie|94/100 tox|[from] Sandstorm
|-heal|p1a: Leuphorie|100/100 tox|[from] item: Leftovers
|-damage|p1a: Leuphorie|76/100 tox|[from] psn
|upkeep
|turn|77
|
|t:|1729906457
|switch|p2a: Suicune|Suicune|30/100 slp
|move|p1a: Leuphorie|Thunderbolt|p2a: Suicune
|-supereffective|p2a: Suicune
|-damage|p2a: Suicune|0 fnt
|faint|p2a: Suicune
|
|t:|1729906475
|switch|p2a: Salamence|Salamence, F|100/100
|-ability|p2a: Salamence|Intimidate|boost
|-unboost|p1a: Leuphorie|atk|1
|
|-weather|Sandstorm|[upkeep]
|-damage|p2a: Salamence|94/100|[from] Sandstorm
|-damage|p1a: Leuphorie|70/100 tox|[from] Sandstorm
|-heal|p2a: Salamence|100/100|[from] item: Leftovers
|-heal|p1a: Leuphorie|76/100 tox|[from] item: Leftovers
|-damage|p1a: Leuphorie|45/100 tox|[from] psn
|upkeep
|turn|78
|inactive|thunderousbagel has 210 seconds left.
|inactive|thunderousbagel has 180 seconds left.
|
|t:|1729906550
|-curestatus|p1a: Leuphorie|tox|[from] ability: Natural Cure
|switch|p1a: Kaorine|Claydol|9/100
|move|p2a: Salamence|Hidden Power|p1a: Kaorine
|-damage|p1a: Kaorine|0 fnt
|faint|p1a: Kaorine
|inactive|thunderousbagel has 150 seconds left.
|inactive|thunderousbagel has 120 seconds left.
|
|t:|1729906617
|switch|p1a: Leuphorie|Blissey, F|45/100
|
|-weather|Sandstorm|[upkeep]
|-damage|p2a: Salamence|94/100|[from] Sandstorm
|-damage|p1a: Leuphorie|39/100|[from] Sandstorm
|-heal|p2a: Salamence|100/100|[from] item: Leftovers
|-heal|p1a: Leuphorie|45/100|[from] item: Leftovers
|upkeep
|turn|79
|
|t:|1729906628
|move|p2a: Salamence|Hidden Power|p1a: Leuphorie
|-damage|p1a: Leuphorie|5/100
|move|p1a: Leuphorie|Soft-Boiled|p1a: Leuphorie
|-heal|p1a: Leuphorie|55/100
|
|-weather|Sandstorm|[upkeep]
|-damage|p2a: Salamence|94/100|[from] Sandstorm
|-damage|p1a: Leuphorie|49/100|[from] Sandstorm
|-heal|p2a: Salamence|100/100|[from] item: Leftovers
|-heal|p1a: Leuphorie|55/100|[from] item: Leftovers
|upkeep
|turn|80
|
|t:|1729906636
|switch|p2a: Jirachi|Jirachi|100/100
|move|p1a: Leuphorie|Soft-Boiled|p1a: Leuphorie
|-heal|p1a: Leuphorie|100/100
|
|-weather|Sandstorm|[upkeep]
|-damage|p1a: Leuphorie|94/100|[from] Sandstorm
|-heal|p1a: Leuphorie|100/100|[from] item: Leftovers
|upkeep
|turn|81
|
|t:|1729906646
|move|p2a: Jirachi|Toxic|p1a: Leuphorie
|-status|p1a: Leuphorie|tox
|move|p1a: Leuphorie|Calm Mind|p1a: Leuphorie
|-boost|p1a: Leuphorie|spa|1
|-boost|p1a: Leuphorie|spd|1
|
|-weather|Sandstorm|[upkeep]
|-damage|p1a: Leuphorie|94/100 tox|[from] Sandstorm
|-heal|p1a: Leuphorie|100/100 tox|[from] item: Leftovers
|-damage|p1a: Leuphorie|94/100 tox|[from] psn
|upkeep
|turn|82
|
|t:|1729906653
|move|p2a: Jirachi|Fire Punch|p1a: Leuphorie
|-crit|p1a: Leuphorie
|-damage|p1a: Leuphorie|80/100 tox
|move|p1a: Leuphorie|Calm Mind|p1a: Leuphorie
|-boost|p1a: Leuphorie|spa|1
|-boost|p1a: Leuphorie|spd|1
|
|-weather|Sandstorm|[upkeep]
|-damage|p1a: Leuphorie|74/100 tox|[from] Sandstorm
|-heal|p1a: Leuphorie|80/100 tox|[from] item: Leftovers
|-damage|p1a: Leuphorie|68/100 tox|[from] psn
|upkeep
|turn|83
|
|t:|1729906660
|switch|p2a: Blissey|Blissey, F|74/100
|-curestatus|p1a: Leuphorie|tox|[from] ability: Natural Cure
|switch|p1a: Tyranocif|Tyranitar, F|60/100 tox
|
|-weather|Sandstorm|[upkeep]
|-damage|p2a: Blissey|68/100|[from] Sandstorm
|-heal|p1a: Tyranocif|66/100 tox|[from] item: Leftovers
|-damage|p1a: Tyranocif|60/100 tox|[from] psn
|-heal|p2a: Blissey|74/100|[from] item: Leftovers
|upkeep
|turn|84
|
|t:|1729906669
|move|p1a: Tyranocif|Rock Slide|p2a: Blissey
|-damage|p2a: Blissey|31/100
|move|p2a: Blissey|Seismic Toss|p1a: Tyranocif
|-damage|p1a: Tyranocif|35/100 tox
|
|-weather|Sandstorm|[upkeep]
|-damage|p2a: Blissey|25/100|[from] Sandstorm
|-heal|p1a: Tyranocif|42/100 tox|[from] item: Leftovers
|-damage|p1a: Tyranocif|29/100 tox|[from] psn
|-heal|p2a: Blissey|31/100|[from] item: Leftovers
|upkeep
|turn|85
|
|t:|1729906692
|move|p1a: Tyranocif|Earthquake|p2a: Blissey
|-damage|p2a: Blissey|0 fnt
|faint|p2a: Blissey
|
|t:|1729906695
|switch|p2a: Salamence|Salamence, F|100/100
|-ability|p2a: Salamence|Intimidate|boost
|-unboost|p1a: Tyranocif|atk|1
|
|-weather|Sandstorm|[upkeep]
|-damage|p2a: Salamence|94/100|[from] Sandstorm
|-heal|p2a: Salamence|100/100|[from] item: Leftovers
|-heal|p1a: Tyranocif|35/100 tox|[from] item: Leftovers
|-damage|p1a: Tyranocif|17/100 tox|[from] psn
|upkeep
|turn|86
|
|t:|1729906705
|move|p2a: Salamence|Earthquake|p1a: Tyranocif
|-supereffective|p1a: Tyranocif
|-damage|p1a: Tyranocif|0 fnt
|faint|p1a: Tyranocif
|
|t:|1729906707
|switch|p1a: Leuphorie|Blissey, F|68/100
|
|-weather|Sandstorm|[upkeep]
|-damage|p2a: Salamence|94/100|[from] Sandstorm
|-damage|p1a: Leuphorie|62/100|[from] Sandstorm
|-heal|p2a: Salamence|100/100|[from] item: Leftovers
|-heal|p1a: Leuphorie|68/100|[from] item: Leftovers
|upkeep
|turn|87
|
|t:|1729906712
|switch|p2a: Jirachi|Jirachi|100/100
|move|p1a: Leuphorie|Ice Beam|p2a: Jirachi
|-resisted|p2a: Jirachi
|-damage|p2a: Jirachi|89/100
|
|-weather|Sandstorm|[upkeep]
|-damage|p1a: Leuphorie|62/100|[from] Sandstorm
|-heal|p2a: Jirachi|96/100|[from] item: Leftovers
|-heal|p1a: Leuphorie|68/100|[from] item: Leftovers
|upkeep
|turn|88
|inactive|thunderousbagel has 150 seconds left.
|
|t:|1729906739
|move|p2a: Jirachi|Toxic|p1a: Leuphorie
|-status|p1a: Leuphorie|tox
|move|p1a: Leuphorie|Ice Beam|p2a: Jirachi
|-resisted|p2a: Jirachi
|-damage|p2a: Jirachi|85/100
|
|-weather|Sandstorm|[upkeep]
|-damage|p1a: Leuphorie|62/100 tox|[from] Sandstorm
|-heal|p2a: Jirachi|92/100|[from] item: Leftovers
|-heal|p1a: Leuphorie|68/100 tox|[from] item: Leftovers
|-damage|p1a: Leuphorie|62/100 tox|[from] psn
|upkeep
|turn|89
|
|t:|1729906749
|move|p2a: Jirachi|Fire Punch|p1a: Leuphorie
|-damage|p1a: Leuphorie|55/100 tox
|move|p1a: Leuphorie|Soft-Boiled|p1a: Leuphorie
|-heal|p1a: Leuphorie|100/100 tox
|
|-weather|Sandstorm|[upkeep]
|-damage|p1a: Leuphorie|94/100 tox|[from] Sandstorm
|-heal|p2a: Jirachi|98/100|[from] item: Leftovers
|-heal|p1a: Leuphorie|100/100 tox|[from] item: Leftovers
|-damage|p1a: Leuphorie|88/100 tox|[from] psn
|upkeep
|turn|90
|
|t:|1729906756
|move|p2a: Jirachi|Fire Punch|p1a: Leuphorie
|-damage|p1a: Leuphorie|81/100 tox
|move|p1a: Leuphorie|Calm Mind|p1a: Leuphorie
|-boost|p1a: Leuphorie|spa|1
|-boost|p1a: Leuphorie|spd|1
|
|-weather|Sandstorm|[upkeep]
|-damage|p1a: Leuphorie|75/100 tox|[from] Sandstorm
|-heal|p2a: Jirachi|100/100|[from] item: Leftovers
|-heal|p1a: Leuphorie|81/100 tox|[from] item: Leftovers
|-damage|p1a: Leuphorie|63/100 tox|[from] psn
|upkeep
|turn|91
|
|t:|1729906766
|move|p2a: Jirachi|Fire Punch|p1a: Leuphorie
|-damage|p1a: Leuphorie|58/100 tox
|move|p1a: Leuphorie|Thunderbolt|p2a: Jirachi
|-damage|p2a: Jirachi|71/100
|
|-weather|Sandstorm|[upkeep]
|-damage|p1a: Leuphorie|52/100 tox|[from] Sandstorm
|-heal|p2a: Jirachi|77/100|[from] item: Leftovers
|-heal|p1a: Leuphorie|58/100 tox|[from] item: Leftovers
|-damage|p1a: Leuphorie|34/100 tox|[from] psn
|upkeep
|turn|92
|
|t:|1729906773
|move|p2a: Jirachi|Fire Punch|p1a: Leuphorie
|-damage|p1a: Leuphorie|29/100 tox
|move|p1a: Leuphorie|Soft-Boiled|p1a: Leuphorie
|-heal|p1a: Leuphorie|79/100 tox
|
|-weather|Sandstorm|[upkeep]
|-damage|p1a: Leuphorie|73/100 tox|[from] Sandstorm
|-heal|p2a: Jirachi|83/100|[from] item: Leftovers
|-heal|p1a: Leuphorie|79/100 tox|[from] item: Leftovers
|-damage|p1a: Leuphorie|48/100 tox|[from] psn
|upkeep
|turn|93
|
|t:|1729906777
|move|p2a: Jirachi|Fire Punch|p1a: Leuphorie
|-damage|p1a: Leuphorie|43/100 tox
|move|p1a: Leuphorie|Soft-Boiled|p1a: Leuphorie
|-heal|p1a: Leuphorie|93/100 tox
|
|-weather|Sandstorm|[upkeep]
|-damage|p1a: Leuphorie|87/100 tox|[from] Sandstorm
|-heal|p2a: Jirachi|89/100|[from] item: Leftovers
|-heal|p1a: Leuphorie|93/100 tox|[from] item: Leftovers
|-damage|p1a: Leuphorie|56/100 tox|[from] psn
|upkeep
|turn|94
|inactive|thunderousbagel has 180 seconds left.
|
|t:|1729906800
|move|p2a: Jirachi|Fire Punch|p1a: Leuphorie
|-damage|p1a: Leuphorie|52/100 tox
|move|p1a: Leuphorie|Thunderbolt|p2a: Jirachi
|-crit|p2a: Jirachi
|-damage|p2a: Jirachi|27/100
|
|-weather|Sandstorm|[upkeep]
|-damage|p1a: Leuphorie|46/100 tox|[from] Sandstorm
|-heal|p2a: Jirachi|33/100|[from] item: Leftovers
|-heal|p1a: Leuphorie|52/100 tox|[from] item: Leftovers
|-damage|p1a: Leuphorie|9/100 tox|[from] psn
|upkeep
|turn|95
|
|t:|1729906821
|move|p2a: Jirachi|Protect|p2a: Jirachi
|-singleturn|p2a: Jirachi|Protect
|move|p1a: Leuphorie|Ice Beam|p2a: Jirachi
|-activate|p2a: Jirachi|Protect
|
|-weather|Sandstorm|[upkeep]
|-damage|p1a: Leuphorie|3/100 tox|[from] Sandstorm
|-heal|p2a: Jirachi|39/100|[from] item: Leftovers
|-heal|p1a: Leuphorie|9/100 tox|[from] item: Leftovers
|-damage|p1a: Leuphorie|0 fnt|[from] psn
|faint|p1a: Leuphorie
|
|win|cyberodin
|upkeep
|l| Xenocles
|c|☆cyberodin|gg

</script>
<script type="application/json" class="data" id="replaydata-gen3ou-2231058038">
{"id":"gen3ou-2231058038","format":"[Gen 3] OU","players":["thunderousbagel","cyberodin"],"uploadtime":1729906827,"views":256,"formatid":"gen3ou","rating":null,"private":0,"password":null}
</script>

<script defer src="js/replays.js?9d40a366"></script>
