<!DOCTYPE html>
<meta charset="utf-8" />
<meta name="viewport" content="width=device-width" />

<title>[Gen 3] OU: Genexys vs. Skarpherim© - Replays - Pok&eacute;mon Showdown!</title>

<meta name="description" content="Watch a replay of a Pok&eacute;mon battle between Genexys and Skarpherim©! Format: [Gen 3] OU; Date: Nov 14, 2024" />
<!--

Hey, you! Looking in the source for the replay log?

You can find them in JSON format, just add `.json` at the end of a replay URL.

https://replay.pokemonshowdown.com/gen7randomdoublesbattle-865046831.json

Or, if you only need the log itself, add `.log` instead:

https://replay.pokemonshowdown.com/gen7randomdoublesbattle-865046831.log

-->

<link rel="stylesheet" href="//pokemonshowdown.com/style/global.css?0.767286132409787" />
<link rel="stylesheet" href="//play.pokemonshowdown.com/style/font-awesome.css?0.9266228007934947" />
<link rel="stylesheet" href="//play.pokemonshowdown.com/style/battle.css?0.7924700842790926" />
<link rel="stylesheet" href="//play.pokemonshowdown.com/style/utilichart.css?0.8777417872839479" />

<!-- Global site tag (gtag.js) - Google Analytics -->
<script async src="https://www.googletagmanager.com/gtag/js?id=UA-26211653-1"></script>
<script>
  window.dataLayer = window.dataLayer || [];
  function gtag(){dataLayer.push(arguments);}
  gtag('js', new Date());

  gtag('config', 'UA-26211653-1');
</script>
<!-- End Google Analytics -->
<!-- Venatus Ad Manager - Install in <HEAD> of page -->
	<script src="https://hb.vntsm.com/v3/live/ad-manager.min.js" type="text/javascript" data-site-id="642aba63ec9a7b11c3c9c1be" data-mode="scan" async></script>
<!-- / Venatus Ad Manager -->

<style>
	@media (max-width:820px) {
		.battle {
			margin: 0 auto;
		}
		.battle-log {
			margin: 7px auto 0;
			max-width: 640px;
			height: 300px;
			position: static;
		}
	}
	.optgroup {
		display: inline-block;
		line-height: 22px;
		font-size: 10pt;
	}
	.optgroup .button {
		height: 25px;
		padding-top: 0;
		padding-bottom: 0;
	}
	.optgroup button.button {
		padding-left: 12px;
		padding-right: 12px;
	}
	.linklist {
		list-style: none;
		margin: 0.5em 0;
		padding: 0;
	}
	.linklist li {
		padding: 2px 0;
	}
	.sidebar {
		float: left;
		width: 320px;
	}
	.bar-wrapper {
		max-width: 1100px;
		margin: 0 auto;
	}
	.bar-wrapper.has-sidebar {
		max-width: 1430px;
	}
	.mainbar {
		margin: 0;
		padding-right: 1px;
	}
	.mainbar.has-sidebar {
		margin-left: 330px;
	}
	@media (min-width: 1511px) {
		.sidebar {
			width: 400px;
		}
		.bar-wrapper.has-sidebar {
			max-width: 1510px;
		}
		.mainbar.has-sidebar {
			margin-left: 410px;
		}
	}
	.section.first-section {
		margin-top: 9px;
	}
	.blocklink small {
		white-space: normal;
	}
	.button {
		vertical-align: middle;
	}
	.replay-controls {
		padding-top: 10px;
	}
	.replay-controls h1 {
		font-size: 16pt;
		font-weight: normal;
		color: #CCC;
	}
	.pagelink {
		text-align: center;
	}
	.pagelink a {
		width: 150px;
	}
	.textbox, .button {
		font-size: 11pt;
		vertical-align: middle;
	}
	@media (max-width: 450px) {
		.button {
			font-size: 9pt;
		}
	}
</style>

<div>

	<header>
		<div class="nav-wrapper"><ul class="nav">
			<li><a class="button nav-first" href="//pokemonshowdown.com/"><img src="//pokemonshowdown.com/images/pokemonshowdownbeta.png" srcset="//pokemonshowdown.com/images/pokemonshowdownbeta.png 1x, //pokemonshowdown.com/images/pokemonshowdownbeta@2x.png 2x" alt="Pok&eacute;mon Showdown" width="146" height="44" /> Home</a></li>
			<li><a class="button" href="//pokemonshowdown.com/dex/">Pok&eacute;dex</a></li>
			<li><a class="button cur" href="/">Replays</a></li>
			<li><a class="button" href="//pokemonshowdown.com/ladder/">Ladder</a></li>
			<li><a class="button nav-last" href="//pokemonshowdown.com/forums/">Forum</a></li>
			<li><a class="button greenbutton nav-first nav-last" href="//play.pokemonshowdown.com/">Play</a></li>
		</ul></div>
	</header>

	<div class="main" id="main">

		<noscript><section class="section">You need to enable JavaScript to use this page; sorry!</section></noscript>

	</div>

</div>

<script defer nomodule src="//play.pokemonshowdown.com/js/lib/ps-polyfill.js"></script>
<script defer src="//play.pokemonshowdown.com/js/lib/preact.min.js"></script>

<script defer src="//play.pokemonshowdown.com/config/config.js?6dec07f6"></script>
<script defer src="//play.pokemonshowdown.com/js/lib/jquery-1.11.0.min.js"></script>
<script defer src="//play.pokemonshowdown.com/js/lib/html-sanitizer-minified.js"></script>
<script defer src="//play.pokemonshowdown.com/js/battle-sound.js"></script>
<script defer src="//play.pokemonshowdown.com/js/battledata.js?0.6315294753075389"></script>
<script defer src="//play.pokemonshowdown.com/data/pokedex-mini.js?0.7603743185311358"></script>
<script defer src="//play.pokemonshowdown.com/data/pokedex-mini-bw.js?0.030888842834281283"></script>
<script defer src="//play.pokemonshowdown.com/data/graphics.js?0.05593094747507488"></script>
<script defer src="//play.pokemonshowdown.com/data/pokedex.js?0.47064822249611904"></script>
<script defer src="//play.pokemonshowdown.com/data/moves.js?0.8583693120512459"></script>
<script defer src="//play.pokemonshowdown.com/data/abilities.js?0.16017181182386842"></script>
<script defer src="//play.pokemonshowdown.com/data/items.js?0.4163379185673943"></script>
<script defer src="//play.pokemonshowdown.com/data/teambuilder-tables.js?0.31075597372830477"></script>
<script defer src="//play.pokemonshowdown.com/js/battle-tooltips.js?0.6536193500708172"></script>
<script defer src="//play.pokemonshowdown.com/js/battle.js?0.1916591943277901"></script>

<script defer src="js/utils.js?e31f9a17"></script>
<script defer src="js/replays-battle.js?7008c182"></script>

<!-- don't scrape this data! just add .json or .log after the URL!
Full API docs: https://github.com/smogon/pokemon-showdown-client/blob/master/WEB-API.md -->
<script type="text/plain" class="log" id="replaylog-smogtours-gen3ou-806257">
|inactive|Battle timer is ON: inactive players will automatically lose when time's up.
|t:|1731613739
|gametype|singles
|player|p1|Genexys|ghetsis|
|player|p2|Skarpherim©|lucas-gen4pt|
|teamsize|p1|6
|teamsize|p2|6
|gen|3
|tier|[Gen 3] OU
|rule|Sleep Clause Mod: Limit one foe put to sleep
|rule|Switch Priority Clause Mod: Faster Pokémon switch first
|rule|Species Clause: Limit one of each Pokémon
|rule|OHKO Clause: OHKO moves are banned
|rule|Evasion Items Clause: Evasion items are banned
|rule|Evasion Moves Clause: Evasion moves are banned
|rule|Endless Battle Clause: Forcing endless battles is banned
|rule|HP Percentage Mod: HP is shown in percentages
|rule|One Boost Passer Clause: Limit one Baton Passer that has a way to boost its stats
|rule|Freeze Clause Mod: Limit one foe frozen
|
|t:|1731613739
|start
|switch|p1a: Hariyamaguire|Hariyama, M|100/100
|switch|p2a: Celebi|Celebi|100/100
|turn|1
|raw|<div class="broadcast-red"><strong>Moderated chat was set to ☆!<\/strong><br />Only users of rank ☆ and higher can talk.<\/div>
|c|☆Skarpherim©|hf
|c|☆Genexys|glhf
|inactive|Skarpherim© has 270 seconds left.
|
|t:|1731613791
|move|p2a: Celebi|Calm Mind|p2a: Celebi
|-boost|p2a: Celebi|spa|1
|-boost|p2a: Celebi|spd|1
|move|p1a: Hariyamaguire|Whirlwind|p2a: Celebi
|drag|p2a: Metagross|Metagross|100/100
|
|upkeep
|turn|2
|inactive|Skarpherim© has 270 seconds left.
|
|t:|1731613844
|switch|p2a: Celebi|Celebi|100/100
|switch|p1a: Infinite Rotation|Starmie|100/100
|
|upkeep
|turn|3
|
|t:|1731613857
|switch|p1a: ILTGMDSWIGH|Skarmory, M|100/100
|move|p2a: Celebi|Calm Mind|p2a: Celebi
|-boost|p2a: Celebi|spa|1
|-boost|p2a: Celebi|spd|1
|
|upkeep
|turn|4
|inactive|Skarpherim© has 240 seconds left.
|
|t:|1731613884
|move|p2a: Celebi|Leech Seed|p1a: ILTGMDSWIGH|[miss]
|-miss|p2a: Celebi|p1a: ILTGMDSWIGH
|move|p1a: ILTGMDSWIGH|Roar|p2a: Celebi
|drag|p2a: Metagross|Metagross|100/100
|
|upkeep
|turn|5
|
|t:|1731613887
|switch|p2a: Magneton|Magneton|100/100
|move|p1a: ILTGMDSWIGH|Spikes|p2a: Magneton
|-sidestart|p2: Skarpherim©|Spikes
|
|upkeep
|turn|6
|
|t:|1731613889
|move|p2a: Magneton|Thunderbolt|p1a: ILTGMDSWIGH
|-supereffective|p1a: ILTGMDSWIGH
|-damage|p1a: ILTGMDSWIGH|0 fnt
|faint|p1a: ILTGMDSWIGH
|
|t:|1731613892
|switch|p1a: Salah Mence|Salamence, M|100/100
|-ability|p1a: Salah Mence|Intimidate|boost
|-unboost|p2a: Magneton|atk|1
|
|upkeep
|turn|7
|
|t:|1731613903
|switch|p2a: Swampert|Swampert, M|100/100
|-damage|p2a: Swampert|88/100|[from] Spikes
|move|p1a: Salah Mence|Earthquake|p2a: Swampert
|-damage|p2a: Swampert|40/100
|
|-heal|p2a: Swampert|46/100|[from] item: Leftovers
|upkeep
|turn|8
|inactive|Skarpherim© has 240 seconds left.
|
|t:|1731613945
|switch|p1a: Infinite Rotation|Starmie|100/100
|switch|p2a: Celebi|Celebi|100/100
|-damage|p2a: Celebi|88/100|[from] Spikes
|
|-heal|p2a: Celebi|94/100|[from] item: Leftovers
|upkeep
|turn|9
|
|t:|1731613957
|switch|p1a: Salah Mence|Salamence, M|100/100
|-ability|p1a: Salah Mence|Intimidate|boost
|-unboost|p2a: Celebi|atk|1
|move|p2a: Celebi|Leech Seed|p1a: Salah Mence
|-start|p1a: Salah Mence|move: Leech Seed
|
|-damage|p1a: Salah Mence|88/100|[from] Leech Seed|[of] p2a: Celebi
|-heal|p2a: Celebi|100/100|[silent]
|upkeep
|turn|10
|inactive|Skarpherim© has 210 seconds left.
|
|t:|1731613996
|switch|p2a: Magneton|Magneton|100/100
|-damage|p2a: Magneton|88/100|[from] Spikes
|move|p1a: Salah Mence|Hidden Power|p2a: Magneton
|-resisted|p2a: Magneton
|-damage|p2a: Magneton|67/100
|
|-damage|p1a: Salah Mence|76/100|[from] Leech Seed|[of] p2a: Magneton
|-heal|p2a: Magneton|84/100|[silent]
|upkeep
|turn|11
|inactive|Skarpherim© has 210 seconds left.
|
|t:|1731614009
|switch|p1a: Rose Behelit|Blissey, F|100/100
|move|p2a: Magneton|Toxic|p1a: Rose Behelit
|-status|p1a: Rose Behelit|tox
|
|-damage|p1a: Rose Behelit|94/100 tox|[from] psn
|upkeep
|turn|12
|inactive|Skarpherim© has 210 seconds left.
|
|t:|1731614019
|move|p2a: Magneton|Substitute|p2a: Magneton
|-start|p2a: Magneton|Substitute
|-damage|p2a: Magneton|59/100
|move|p1a: Rose Behelit|Wish|p1a: Rose Behelit
|
|-heal|p1a: Rose Behelit|100/100 tox|[from] item: Leftovers
|-damage|p1a: Rose Behelit|88/100 tox|[from] psn
|upkeep
|turn|13
|inactive|Skarpherim© has 210 seconds left.
|
|t:|1731614032
|move|p2a: Magneton|Thunderbolt|p1a: Rose Behelit
|-damage|p1a: Rose Behelit|64/100 tox
|move|p1a: Rose Behelit|Seismic Toss|p2a: Magneton
|-end|p2a: Magneton|Substitute
|
|-heal|p1a: Rose Behelit|100/100 tox|[from] move: Wish|[wisher] Rose Behelit
|-damage|p1a: Rose Behelit|82/100 tox|[from] psn
|upkeep
|turn|14
|inactive|Skarpherim© has 210 seconds left.
|
|t:|1731614039
|-curestatus|p1a: Rose Behelit|tox|[from] ability: Natural Cure
|switch|p1a: Hariyamaguire|Hariyama, M|100/100
|move|p2a: Magneton|Thunderbolt|p1a: Hariyamaguire
|-damage|p1a: Hariyamaguire|58/100
|
|-heal|p1a: Hariyamaguire|64/100|[from] item: Leftovers
|upkeep
|turn|15
|inactive|Skarpherim© has 210 seconds left.
|
|t:|1731614059
|switch|p2a: Celebi|Celebi|100/100
|-damage|p2a: Celebi|88/100|[from] Spikes
|move|p1a: Hariyamaguire|Brick Break|p2a: Celebi
|-resisted|p2a: Celebi
|-damage|p2a: Celebi|74/100
|
|-heal|p2a: Celebi|80/100|[from] item: Leftovers
|-heal|p1a: Hariyamaguire|70/100|[from] item: Leftovers
|upkeep
|turn|16
|
|t:|1731614068
|move|p2a: Celebi|Psychic|p1a: Hariyamaguire
|-supereffective|p1a: Hariyamaguire
|-damage|p1a: Hariyamaguire|23/100
|-unboost|p1a: Hariyamaguire|spd|1
|move|p1a: Hariyamaguire|Knock Off|p2a: Celebi
|-supereffective|p2a: Celebi
|-damage|p2a: Celebi|76/100
|-enditem|p2a: Celebi|Leftovers|[from] move: Knock Off|[of] p1a: Hariyamaguire
|-hint|In Gens 3-4, Knock Off only makes the target's item unusable; it cannot obtain a new item.
|
|-heal|p1a: Hariyamaguire|29/100|[from] item: Leftovers
|upkeep
|turn|17
|inactive|Skarpherim© has 210 seconds left.
|
|t:|1731614086
|switch|p1a: Rose Behelit|Blissey, F|82/100
|move|p2a: Celebi|Psychic|p1a: Rose Behelit
|-damage|p1a: Rose Behelit|69/100
|
|-heal|p1a: Rose Behelit|75/100|[from] item: Leftovers
|upkeep
|turn|18
|
|t:|1731614090
|move|p2a: Celebi|Leech Seed|p1a: Rose Behelit
|-start|p1a: Rose Behelit|move: Leech Seed
|move|p1a: Rose Behelit|Wish|p1a: Rose Behelit
|
|-heal|p1a: Rose Behelit|81/100|[from] item: Leftovers
|-damage|p1a: Rose Behelit|69/100|[from] Leech Seed|[of] p2a: Celebi
|-heal|p2a: Celebi|97/100|[silent]
|upkeep
|turn|19
|
|t:|1731614098
|switch|p2a: Starmie|Starmie|100/100
|-damage|p2a: Starmie|88/100|[from] Spikes
|switch|p1a: Salah Mence|Salamence, M|76/100
|-ability|p1a: Salah Mence|Intimidate|boost
|-unboost|p2a: Starmie|atk|1
|
|-heal|p1a: Salah Mence|100/100|[from] move: Wish|[wisher] Rose Behelit
|-heal|p2a: Starmie|94/100|[from] item: Leftovers
|upkeep
|turn|20
|
|t:|1731614106
|switch|p1a: Rose Behelit|Blissey, F|69/100
|move|p2a: Starmie|Rapid Spin|p1a: Rose Behelit
|-damage|p1a: Rose Behelit|66/100
|-sideend|p2: Skarpherim©|Spikes|[from] move: Rapid Spin|[of] p2a: Starmie
|
|-heal|p2a: Starmie|100/100|[from] item: Leftovers
|-heal|p1a: Rose Behelit|73/100|[from] item: Leftovers
|upkeep
|turn|21
|
|t:|1731614118
|switch|p2a: Celebi|Celebi|97/100
|move|p1a: Rose Behelit|Soft-Boiled|p1a: Rose Behelit
|-heal|p1a: Rose Behelit|100/100
|
|upkeep
|turn|22
|
|t:|1731614126
|switch|p1a: Salah Mence|Salamence, M|100/100
|-ability|p1a: Salah Mence|Intimidate|boost
|-unboost|p2a: Celebi|atk|1
|move|p2a: Celebi|Calm Mind|p2a: Celebi
|-boost|p2a: Celebi|spa|1
|-boost|p2a: Celebi|spd|1
|
|upkeep
|turn|23
|
|t:|1731614128
|switch|p2a: Magneton|Magneton|59/100
|move|p1a: Salah Mence|Hidden Power|p2a: Magneton
|-resisted|p2a: Magneton
|-damage|p2a: Magneton|39/100
|
|upkeep
|turn|24
|
|t:|1731614140
|switch|p1a: Rose Behelit|Blissey, F|100/100
|move|p2a: Magneton|Toxic|p1a: Rose Behelit|[miss]
|-miss|p2a: Magneton|p1a: Rose Behelit
|
|upkeep
|turn|25
|inactive|Skarpherim© has 240 seconds left.
|
|t:|1731614156
|switch|p2a: Celebi|Celebi|97/100
|move|p1a: Rose Behelit|Seismic Toss|p2a: Celebi
|-damage|p2a: Celebi|72/100
|
|upkeep
|turn|26
|
|t:|1731614161
|switch|p1a: Salah Mence|Salamence, M|100/100
|-ability|p1a: Salah Mence|Intimidate|boost
|-unboost|p2a: Celebi|atk|1
|move|p2a: Celebi|Leech Seed|p1a: Salah Mence
|-start|p1a: Salah Mence|move: Leech Seed
|
|-damage|p1a: Salah Mence|88/100|[from] Leech Seed|[of] p2a: Celebi
|-heal|p2a: Celebi|82/100|[silent]
|upkeep
|turn|27
|inactive|Skarpherim© has 240 seconds left.
|inactive|Skarpherim© has 210 seconds left.
|
|t:|1731614213
|switch|p2a: Starmie|Starmie|100/100
|move|p1a: Salah Mence|Hidden Power|p2a: Starmie
|-crit|p2a: Starmie
|-damage|p2a: Starmie|0 fnt
|faint|p2a: Starmie
|c|☆Genexys|sorry
|
|t:|1731614235
|switch|p2a: Magneton|Magneton|39/100
|
|-damage|p1a: Salah Mence|76/100|[from] Leech Seed|[of] p2a: Magneton
|-heal|p2a: Magneton|56/100|[silent]
|upkeep
|turn|28
|
|t:|1731614243
|switch|p1a: Rose Behelit|Blissey, F|100/100
|move|p2a: Magneton|Toxic|p1a: Rose Behelit
|-status|p1a: Rose Behelit|tox
|
|-damage|p1a: Rose Behelit|94/100 tox|[from] psn
|upkeep
|turn|29
|
|t:|1731614265
|move|p2a: Magneton|Thunderbolt|p1a: Rose Behelit
|-damage|p1a: Rose Behelit|70/100 tox
|move|p1a: Rose Behelit|Seismic Toss|p2a: Magneton
|-damage|p2a: Magneton|14/100
|
|-heal|p1a: Rose Behelit|76/100 tox|[from] item: Leftovers
|-damage|p1a: Rose Behelit|64/100 tox|[from] psn
|upkeep
|turn|30
|
|t:|1731614273
|move|p2a: Magneton|Thunderbolt|p1a: Rose Behelit
|-damage|p1a: Rose Behelit|41/100 tox
|move|p1a: Rose Behelit|Seismic Toss|p2a: Magneton
|-damage|p2a: Magneton|0 fnt
|faint|p2a: Magneton
|inactive|Skarpherim© has 180 seconds left.
|
|t:|1731614311
|switch|p2a: Metagross|Metagross|100/100
|
|-heal|p1a: Rose Behelit|47/100 tox|[from] item: Leftovers
|-damage|p1a: Rose Behelit|29/100 tox|[from] psn
|upkeep
|turn|31
|
|t:|1731614314
|-curestatus|p1a: Rose Behelit|tox|[from] ability: Natural Cure
|switch|p1a: Infinite Rotation|Starmie|100/100
|move|p2a: Metagross|Earthquake|p1a: Infinite Rotation
|-damage|p1a: Infinite Rotation|51/100
|
|-heal|p1a: Infinite Rotation|57/100|[from] item: Leftovers
|upkeep
|turn|32
|
|t:|1731614335
|move|p1a: Infinite Rotation|Recover|p1a: Infinite Rotation
|-heal|p1a: Infinite Rotation|100/100
|move|p2a: Metagross|Meteor Mash|p1a: Infinite Rotation
|-resisted|p1a: Infinite Rotation
|-damage|p1a: Infinite Rotation|65/100
|
|-heal|p1a: Infinite Rotation|71/100|[from] item: Leftovers
|upkeep
|turn|33
|
|t:|1731614354
|switch|p2a: Celebi|Celebi|82/100
|move|p1a: Infinite Rotation|Thunder Wave|p2a: Celebi
|-status|p2a: Celebi|par
|
|-heal|p1a: Infinite Rotation|78/100|[from] item: Leftovers
|upkeep
|turn|34
|
|t:|1731614365
|switch|p1a: MeteGROSS #OWNED|Metagross, shiny|100/100
|-curestatus|p2a: Celebi|par|[from] ability: Natural Cure
|switch|p2a: Salamence|Salamence, F|100/100
|-ability|p2a: Salamence|Intimidate|boost
|-fail|p1a: MeteGROSS #OWNED|unboost|[from] ability: Clear Body|[of] p1a: MeteGROSS #OWNED
|
|upkeep
|turn|35
|
|t:|1731614374
|switch|p2a: Metagross|Metagross|100/100
|move|p1a: MeteGROSS #OWNED|Meteor Mash|p2a: Metagross
|-resisted|p2a: Metagross
|-damage|p2a: Metagross|80/100
|
|-heal|p2a: Metagross|86/100|[from] item: Leftovers
|upkeep
|turn|36
|
|t:|1731614379
|move|p2a: Metagross|Earthquake|p1a: MeteGROSS #OWNED
|-supereffective|p1a: MeteGROSS #OWNED
|-damage|p1a: MeteGROSS #OWNED|43/100
|move|p1a: MeteGROSS #OWNED|Earthquake|p2a: Metagross
|-supereffective|p2a: Metagross
|-damage|p2a: Metagross|33/100
|
|-heal|p2a: Metagross|39/100|[from] item: Leftovers
|-heal|p1a: MeteGROSS #OWNED|49/100|[from] item: Leftovers
|upkeep
|turn|37
|
|t:|1731614404
|move|p1a: MeteGROSS #OWNED|Protect|p1a: MeteGROSS #OWNED
|-singleturn|p1a: MeteGROSS #OWNED|Protect
|move|p2a: Metagross|Meteor Mash|p1a: MeteGROSS #OWNED
|-activate|p1a: MeteGROSS #OWNED|Protect
|
|-heal|p2a: Metagross|45/100|[from] item: Leftovers
|-heal|p1a: MeteGROSS #OWNED|55/100|[from] item: Leftovers
|upkeep
|turn|38
|inactive|Skarpherim© has 150 seconds left.
|inactive|Skarpherim© has 120 seconds left.
|
|t:|1731614450
|switch|p1a: Infinite Rotation|Starmie|78/100
|move|p2a: Metagross|Earthquake|p1a: Infinite Rotation
|-damage|p1a: Infinite Rotation|31/100
|
|-heal|p1a: Infinite Rotation|37/100|[from] item: Leftovers
|-heal|p2a: Metagross|51/100|[from] item: Leftovers
|upkeep
|turn|39
|
|t:|1731614459
|move|p1a: Infinite Rotation|Recover|p1a: Infinite Rotation
|-heal|p1a: Infinite Rotation|87/100
|move|p2a: Metagross|Earthquake|p1a: Infinite Rotation
|-damage|p1a: Infinite Rotation|45/100
|
|-heal|p1a: Infinite Rotation|51/100|[from] item: Leftovers
|-heal|p2a: Metagross|57/100|[from] item: Leftovers
|upkeep
|turn|40
|
|t:|1731614464
|move|p1a: Infinite Rotation|Thunder Wave|p2a: Metagross
|-status|p2a: Metagross|par
|cant|p2a: Metagross|par
|
|-heal|p1a: Infinite Rotation|57/100|[from] item: Leftovers
|-heal|p2a: Metagross|63/100 par|[from] item: Leftovers
|upkeep
|turn|41
|
|t:|1731614467
|move|p1a: Infinite Rotation|Surf|p2a: Metagross
|-damage|p2a: Metagross|27/100 par
|cant|p2a: Metagross|par
|
|-heal|p1a: Infinite Rotation|63/100|[from] item: Leftovers
|-heal|p2a: Metagross|33/100 par|[from] item: Leftovers
|upkeep
|turn|42
|inactive|Skarpherim© has 150 seconds left.
|
|t:|1731614478
|switch|p2a: Celebi|Celebi|82/100
|move|p1a: Infinite Rotation|Surf|p2a: Celebi
|-resisted|p2a: Celebi
|-damage|p2a: Celebi|68/100
|
|-heal|p1a: Infinite Rotation|69/100|[from] item: Leftovers
|upkeep
|turn|43
|inactive|Skarpherim© has 150 seconds left.
|
|t:|1731614493
|switch|p1a: Rose Behelit|Blissey, F|29/100
|move|p2a: Celebi|Leech Seed|p1a: Rose Behelit
|-start|p1a: Rose Behelit|move: Leech Seed
|
|-heal|p1a: Rose Behelit|35/100|[from] item: Leftovers
|-damage|p1a: Rose Behelit|23/100|[from] Leech Seed|[of] p2a: Celebi
|-heal|p2a: Celebi|88/100|[silent]
|upkeep
|turn|44
|inactive|Skarpherim© has 150 seconds left.
|
|t:|1731614498
|switch|p2a: Metagross|Metagross|33/100 par
|move|p1a: Rose Behelit|Soft-Boiled|p1a: Rose Behelit
|-heal|p1a: Rose Behelit|73/100
|
|-heal|p1a: Rose Behelit|79/100|[from] item: Leftovers
|-damage|p1a: Rose Behelit|66/100|[from] Leech Seed|[of] p2a: Metagross
|-heal|p2a: Metagross|56/100 par|[silent]
|-heal|p2a: Metagross|62/100 par|[from] item: Leftovers
|upkeep
|turn|45
|
|t:|1731614505
|switch|p1a: Hariyamaguire|Hariyama, M|29/100
|move|p2a: Metagross|Meteor Mash|p1a: Hariyamaguire
|-damage|p1a: Hariyamaguire|0 fnt
|faint|p1a: Hariyamaguire
|
|t:|1731614513
|switch|p1a: MeteGROSS #OWNED|Metagross, shiny|55/100
|
|-heal|p1a: MeteGROSS #OWNED|61/100|[from] item: Leftovers
|-heal|p2a: Metagross|68/100 par|[from] item: Leftovers
|upkeep
|turn|46
|
|t:|1731614524
|move|p1a: MeteGROSS #OWNED|Protect|p1a: MeteGROSS #OWNED
|-singleturn|p1a: MeteGROSS #OWNED|Protect
|move|p2a: Metagross|Earthquake|p1a: MeteGROSS #OWNED
|-activate|p1a: MeteGROSS #OWNED|Protect
|
|-heal|p1a: MeteGROSS #OWNED|67/100|[from] item: Leftovers
|-heal|p2a: Metagross|74/100 par|[from] item: Leftovers
|upkeep
|turn|47
|
|t:|1731614529
|move|p1a: MeteGROSS #OWNED|Earthquake|p2a: Metagross
|-supereffective|p2a: Metagross
|-damage|p2a: Metagross|13/100 par
|move|p2a: Metagross|Explosion|p1a: MeteGROSS #OWNED
|-resisted|p1a: MeteGROSS #OWNED
|-damage|p1a: MeteGROSS #OWNED|0 fnt
|faint|p2a: Metagross
|faint|p1a: MeteGROSS #OWNED
|inactive|Skarpherim© has 150 seconds left.
|inactive|Skarpherim© has 120 seconds left.
|
|t:|1731614587
|switch|p2a: Swampert|Swampert, M|46/100
|switch|p1a: Rose Behelit|Blissey, F|66/100
|
|-heal|p1a: Rose Behelit|72/100|[from] item: Leftovers
|-heal|p2a: Swampert|52/100|[from] item: Leftovers
|upkeep
|turn|48
|
|t:|1731614591
|switch|p1a: Infinite Rotation|Starmie|69/100
|switch|p2a: Celebi|Celebi|88/100
|
|-heal|p1a: Infinite Rotation|75/100|[from] item: Leftovers
|upkeep
|turn|49
|
|t:|1731614600
|switch|p1a: Salah Mence|Salamence, M|76/100
|-ability|p1a: Salah Mence|Intimidate|boost
|-unboost|p2a: Celebi|atk|1
|move|p2a: Celebi|Leech Seed|p1a: Salah Mence
|-start|p1a: Salah Mence|move: Leech Seed
|
|-damage|p1a: Salah Mence|63/100|[from] Leech Seed|[of] p2a: Celebi
|-heal|p2a: Celebi|99/100|[silent]
|upkeep
|turn|50
|inactive|Skarpherim© has 120 seconds left.
|
|t:|1731614639
|switch|p2a: Salamence|Salamence, F|100/100
|-ability|p2a: Salamence|Intimidate|boost
|-unboost|p1a: Salah Mence|atk|1
|move|p1a: Salah Mence|Hidden Power|p2a: Salamence
|-damage|p2a: Salamence|51/100
|
|-damage|p1a: Salah Mence|51/100|[from] Leech Seed|[of] p2a: Salamence
|-heal|p2a: Salamence|63/100|[silent]
|-heal|p2a: Salamence|69/100|[from] item: Leftovers
|upkeep
|turn|51
|
|t:|1731614649
|switch|p1a: Infinite Rotation|Starmie|75/100
|move|p2a: Salamence|Dragon Dance|p2a: Salamence
|-boost|p2a: Salamence|atk|1
|-boost|p2a: Salamence|spe|1
|
|-heal|p2a: Salamence|75/100|[from] item: Leftovers
|-heal|p1a: Infinite Rotation|82/100|[from] item: Leftovers
|upkeep
|turn|52
|inactive|Skarpherim© has 90 seconds left.
|
|t:|1731614688
|move|p2a: Salamence|Dragon Dance|p2a: Salamence
|-boost|p2a: Salamence|atk|1
|-boost|p2a: Salamence|spe|1
|move|p1a: Infinite Rotation|Thunder Wave|p2a: Salamence
|-status|p2a: Salamence|par
|
|-heal|p1a: Infinite Rotation|88/100|[from] item: Leftovers
|-heal|p2a: Salamence|81/100 par|[from] item: Leftovers
|upkeep
|turn|53
|inactive|Skarpherim© has 90 seconds left.
|inactive|Genexys has 270 seconds left.
|
|t:|1731614721
|move|p1a: Infinite Rotation|Surf|p2a: Salamence
|-resisted|p2a: Salamence
|-damage|p2a: Salamence|65/100 par
|move|p2a: Salamence|Hidden Power|p1a: Infinite Rotation
|-damage|p1a: Infinite Rotation|2/100
|
|-heal|p1a: Infinite Rotation|8/100|[from] item: Leftovers
|-heal|p2a: Salamence|72/100 par|[from] item: Leftovers
|upkeep
|turn|54
|
|t:|1731614734
|move|p1a: Infinite Rotation|Surf|p2a: Salamence
|-resisted|p2a: Salamence
|-damage|p2a: Salamence|57/100 par
|move|p2a: Salamence|Hidden Power|p1a: Infinite Rotation
|-damage|p1a: Infinite Rotation|0 fnt
|faint|p1a: Infinite Rotation
|
|t:|1731614737
|switch|p1a: Rose Behelit|Blissey, F|72/100
|
|-heal|p1a: Rose Behelit|79/100|[from] item: Leftovers
|-heal|p2a: Salamence|63/100 par|[from] item: Leftovers
|upkeep
|turn|55
|inactive|Skarpherim© has 60 seconds left.
|
|t:|1731614779
|switch|p2a: Celebi|Celebi|99/100
|move|p1a: Rose Behelit|Ice Beam|p2a: Celebi
|-supereffective|p2a: Celebi
|-damage|p2a: Celebi|54/100
|
|-heal|p1a: Rose Behelit|85/100|[from] item: Leftovers
|upkeep
|turn|56
|
|t:|1731614786
|move|p2a: Celebi|Leech Seed|p1a: Rose Behelit
|-start|p1a: Rose Behelit|move: Leech Seed
|move|p1a: Rose Behelit|Ice Beam|p2a: Celebi
|-supereffective|p2a: Celebi
|-damage|p2a: Celebi|12/100
|
|-heal|p1a: Rose Behelit|91/100|[from] item: Leftovers
|-damage|p1a: Rose Behelit|78/100|[from] Leech Seed|[of] p2a: Celebi
|-heal|p2a: Celebi|32/100|[silent]
|upkeep
|turn|57
|
|t:|1731614794
|switch|p1a: Salah Mence|Salamence, M|51/100
|-ability|p1a: Salah Mence|Intimidate|boost
|-unboost|p2a: Celebi|atk|1
|move|p2a: Celebi|Baton Pass|p2a: Celebi
|
|t:|1731614796
|switch|p2a: Swampert|Swampert, M|52/100|[from] Baton Pass
|
|-heal|p2a: Swampert|58/100|[from] item: Leftovers
|upkeep
|turn|58
|
|t:|1731614806
|-singleturn|p2a: Swampert|move: Focus Punch
|switch|p1a: Rose Behelit|Blissey, F|78/100
|move|p2a: Swampert|Focus Punch|p1a: Rose Behelit
|-supereffective|p1a: Rose Behelit
|-damage|p1a: Rose Behelit|22/100
|
|-heal|p1a: Rose Behelit|29/100|[from] item: Leftovers
|-heal|p2a: Swampert|64/100|[from] item: Leftovers
|upkeep
|turn|59
|inactive|Skarpherim© has 60 seconds left.
|
|t:|1731614847
|move|p1a: Rose Behelit|Soft-Boiled|p1a: Rose Behelit
|-heal|p1a: Rose Behelit|79/100
|move|p2a: Swampert|Surf|p1a: Rose Behelit
|-damage|p1a: Rose Behelit|63/100
|
|-heal|p1a: Rose Behelit|69/100|[from] item: Leftovers
|-heal|p2a: Swampert|71/100|[from] item: Leftovers
|upkeep
|turn|60
|inactive|Skarpherim© has 30 seconds left.
|inactive|Skarpherim© has 20 seconds left.
|inactive|Skarpherim© has 15 seconds left.
|inactive|Skarpherim© has 10 seconds left.
|
|t:|1731614891
|move|p1a: Rose Behelit|Seismic Toss|p2a: Swampert
|-damage|p2a: Swampert|46/100
|move|p2a: Swampert|Roar|p1a: Rose Behelit
|drag|p1a: Salah Mence|Salamence, M|51/100
|-ability|p1a: Salah Mence|Intimidate|boost
|-unboost|p2a: Swampert|atk|1
|
|-heal|p2a: Swampert|52/100|[from] item: Leftovers
|upkeep
|turn|61
|inactive|Skarpherim© has 20 seconds left this turn.
|inactive|Skarpherim© has 15 seconds left.
|
|t:|1731614900
|switch|p2a: Celebi|Celebi|32/100
|move|p1a: Salah Mence|Hidden Power|p2a: Celebi
|-supereffective|p2a: Celebi
|-damage|p2a: Celebi|0 fnt
|faint|p2a: Celebi
|inactive|Skarpherim© has 20 seconds left this turn.
|inactive|Skarpherim© has 15 seconds left.
|
|t:|1731614906
|switch|p2a: Salamence|Salamence, F|63/100 par
|-ability|p2a: Salamence|Intimidate|boost
|-unboost|p1a: Salah Mence|atk|1
|
|-heal|p2a: Salamence|69/100 par|[from] item: Leftovers
|upkeep
|turn|62
|inactive|Skarpherim© has 25 seconds left this turn.
|inactive|Skarpherim© has 20 seconds left.
|inactive|Skarpherim© has 15 seconds left.
|
|t:|1731614916
|switch|p1a: Rose Behelit|Blissey, F|69/100
|move|p2a: Salamence|Brick Break|p1a: Rose Behelit
|-supereffective|p1a: Rose Behelit
|-damage|p1a: Rose Behelit|12/100
|
|-heal|p1a: Rose Behelit|18/100|[from] item: Leftovers
|-heal|p2a: Salamence|75/100 par|[from] item: Leftovers
|upkeep
|turn|63
|inactive|Skarpherim© has 25 seconds left this turn.
|inactive|Skarpherim© has 20 seconds left.
|inactive|Skarpherim© has 15 seconds left.
|inactive|Skarpherim© has 10 seconds left.
|
|t:|1731614931
|switch|p2a: Swampert|Swampert, M|52/100
|move|p1a: Rose Behelit|Ice Beam|p2a: Swampert
|-damage|p2a: Swampert|28/100
|
|-heal|p1a: Rose Behelit|25/100|[from] item: Leftovers
|-heal|p2a: Swampert|34/100|[from] item: Leftovers
|upkeep
|turn|64
|inactive|Skarpherim© has 20 seconds left this turn.
|inactive|Skarpherim© has 15 seconds left.
|
|t:|1731614940
|move|p1a: Rose Behelit|Soft-Boiled|p1a: Rose Behelit
|-heal|p1a: Rose Behelit|75/100
|move|p2a: Swampert|Ice Beam|p1a: Rose Behelit
|-damage|p1a: Rose Behelit|64/100
|
|-heal|p1a: Rose Behelit|70/100|[from] item: Leftovers
|-heal|p2a: Swampert|41/100|[from] item: Leftovers
|upkeep
|turn|65
|inactive|Skarpherim© has 25 seconds left this turn.
|inactive|Skarpherim© has 20 seconds left.
|inactive|Skarpherim© has 15 seconds left.
|
|t:|1731614954
|move|p1a: Rose Behelit|Seismic Toss|p2a: Swampert
|-damage|p2a: Swampert|16/100
|move|p2a: Swampert|Ice Beam|p1a: Rose Behelit
|-damage|p1a: Rose Behelit|61/100
|-status|p1a: Rose Behelit|frz
|
|-heal|p1a: Rose Behelit|67/100 frz|[from] item: Leftovers
|-heal|p2a: Swampert|22/100|[from] item: Leftovers
|upkeep
|turn|66
|inactive|Skarpherim© has 25 seconds left this turn.
|inactive|Skarpherim© has 20 seconds left.
|
|t:|1731614962
|cant|p1a: Rose Behelit|frz
|move|p2a: Swampert|Ice Beam|p1a: Rose Behelit
|-crit|p1a: Rose Behelit
|-damage|p1a: Rose Behelit|48/100 frz
|
|-heal|p1a: Rose Behelit|54/100 frz|[from] item: Leftovers
|-heal|p2a: Swampert|28/100|[from] item: Leftovers
|upkeep
|turn|67
|inactive|Skarpherim© has 30 seconds left this turn.
|
|t:|1731614966
|-singleturn|p2a: Swampert|move: Focus Punch
|-curestatus|p1a: Rose Behelit|frz|[from] ability: Natural Cure
|switch|p1a: Salah Mence|Salamence, M|51/100
|-ability|p1a: Salah Mence|Intimidate|boost
|-unboost|p2a: Swampert|atk|1
|move|p2a: Swampert|Focus Punch|p1a: Salah Mence
|-resisted|p1a: Salah Mence
|-damage|p1a: Salah Mence|34/100
|
|-heal|p2a: Swampert|34/100|[from] item: Leftovers
|upkeep
|turn|68
|c|☆Skarpherim©|oh my god
|c|☆Skarpherim©|can i get anything right brother
|inactive|Skarpherim© has 30 seconds left.
|
|t:|1731614983
|-singleturn|p2a: Swampert|move: Focus Punch
|move|p1a: Salah Mence|Hidden Power|p2a: Swampert
|-damage|p2a: Swampert|0 fnt
|faint|p2a: Swampert
|inactive|Skarpherim© has 30 seconds left this turn.
|
|t:|1731614985
|switch|p2a: Salamence|Salamence, F|75/100 par
|-ability|p2a: Salamence|Intimidate|boost
|-unboost|p1a: Salah Mence|atk|1
|
|-heal|p2a: Salamence|81/100 par|[from] item: Leftovers
|upkeep
|turn|69
|c|☆Genexys|you got a lot of things right tbh i got rlly lucky
|
|t:|1731614992
|move|p1a: Salah Mence|Hidden Power|p2a: Salamence
|-damage|p2a: Salamence|33/100 par
|move|p2a: Salamence|Dragon Dance|p2a: Salamence
|-boost|p2a: Salamence|atk|1
|-boost|p2a: Salamence|spe|1
|
|-heal|p2a: Salamence|39/100 par|[from] item: Leftovers
|upkeep
|turn|70
|-message|Skarpherim© forfeited.
|
|win|Genexys
|c|☆Genexys|ggwp
|c|☆Skarpherim©|gG

</script>
<script type="application/json" class="data" id="replaydata-smogtours-gen3ou-806257">
{"id":"smogtours-gen3ou-806257","format":"[Gen 3] OU","players":["Genexys","Skarpherim\u00a9"],"uploadtime":1731614997,"views":8,"formatid":"gen3ou","rating":null,"private":0,"password":null}
</script>

<script defer src="js/replays.js?9d40a366"></script>
