<!DOCTYPE html>
<meta charset="utf-8" />
<meta name="viewport" content="width=device-width" />

<title>[Gen 3] OU: plznostep vs. Yoink 0 - Replays - Pok&eacute;mon Showdown!</title>

<meta name="description" content="Watch a replay of a Pok&eacute;mon battle between plznostep and Yoink 0! Format: [Gen 3] OU; Date: Oct 7, 2024" />
<!--

Hey, you! Looking in the source for the replay log?

You can find them in JSON format, just add `.json` at the end of a replay URL.

https://replay.pokemonshowdown.com/gen7randomdoublesbattle-865046831.json

Or, if you only need the log itself, add `.log` instead:

https://replay.pokemonshowdown.com/gen7randomdoublesbattle-865046831.log

-->

<link rel="stylesheet" href="//pokemonshowdown.com/style/global.css?0.767286132409787" />
<link rel="stylesheet" href="//play.pokemonshowdown.com/style/font-awesome.css?0.9266228007934947" />
<link rel="stylesheet" href="//play.pokemonshowdown.com/style/battle.css?0.7924700842790926" />
<link rel="stylesheet" href="//play.pokemonshowdown.com/style/utilichart.css?0.8777417872839479" />

<!-- Global site tag (gtag.js) - Google Analytics -->
<script async src="https://www.googletagmanager.com/gtag/js?id=UA-26211653-1"></script>
<script>
  window.dataLayer = window.dataLayer || [];
  function gtag(){dataLayer.push(arguments);}
  gtag('js', new Date());

  gtag('config', 'UA-26211653-1');
</script>
<!-- End Google Analytics -->
<!-- Venatus Ad Manager - Install in <HEAD> of page -->
	<script src="https://hb.vntsm.com/v3/live/ad-manager.min.js" type="text/javascript" data-site-id="642aba63ec9a7b11c3c9c1be" data-mode="scan" async></script>
<!-- / Venatus Ad Manager -->

<style>
	@media (max-width:820px) {
		.battle {
			margin: 0 auto;
		}
		.battle-log {
			margin: 7px auto 0;
			max-width: 640px;
			height: 300px;
			position: static;
		}
	}
	.optgroup {
		display: inline-block;
		line-height: 22px;
		font-size: 10pt;
	}
	.optgroup .button {
		height: 25px;
		padding-top: 0;
		padding-bottom: 0;
	}
	.optgroup button.button {
		padding-left: 12px;
		padding-right: 12px;
	}
	.linklist {
		list-style: none;
		margin: 0.5em 0;
		padding: 0;
	}
	.linklist li {
		padding: 2px 0;
	}
	.sidebar {
		float: left;
		width: 320px;
	}
	.bar-wrapper {
		max-width: 1100px;
		margin: 0 auto;
	}
	.bar-wrapper.has-sidebar {
		max-width: 1430px;
	}
	.mainbar {
		margin: 0;
		padding-right: 1px;
	}
	.mainbar.has-sidebar {
		margin-left: 330px;
	}
	@media (min-width: 1511px) {
		.sidebar {
			width: 400px;
		}
		.bar-wrapper.has-sidebar {
			max-width: 1510px;
		}
		.mainbar.has-sidebar {
			margin-left: 410px;
		}
	}
	.section.first-section {
		margin-top: 9px;
	}
	.blocklink small {
		white-space: normal;
	}
	.button {
		vertical-align: middle;
	}
	.replay-controls {
		padding-top: 10px;
	}
	.replay-controls h1 {
		font-size: 16pt;
		font-weight: normal;
		color: #CCC;
	}
	.pagelink {
		text-align: center;
	}
	.pagelink a {
		width: 150px;
	}
	.textbox, .button {
		font-size: 11pt;
		vertical-align: middle;
	}
	@media (max-width: 450px) {
		.button {
			font-size: 9pt;
		}
	}
</style>

<div>

	<header>
		<div class="nav-wrapper"><ul class="nav">
			<li><a class="button nav-first" href="//pokemonshowdown.com/"><img src="//pokemonshowdown.com/images/pokemonshowdownbeta.png" srcset="//pokemonshowdown.com/images/pokemonshowdownbeta.png 1x, //pokemonshowdown.com/images/pokemonshowdownbeta@2x.png 2x" alt="Pok&eacute;mon Showdown" width="146" height="44" /> Home</a></li>
			<li><a class="button" href="//pokemonshowdown.com/dex/">Pok&eacute;dex</a></li>
			<li><a class="button cur" href="/">Replays</a></li>
			<li><a class="button" href="//pokemonshowdown.com/ladder/">Ladder</a></li>
			<li><a class="button nav-last" href="//pokemonshowdown.com/forums/">Forum</a></li>
			<li><a class="button greenbutton nav-first nav-last" href="//play.pokemonshowdown.com/">Play</a></li>
		</ul></div>
	</header>

	<div class="main" id="main">

		<noscript><section class="section">You need to enable JavaScript to use this page; sorry!</section></noscript>

	</div>

</div>

<script defer nomodule src="//play.pokemonshowdown.com/js/lib/ps-polyfill.js"></script>
<script defer src="//play.pokemonshowdown.com/js/lib/preact.min.js"></script>

<script defer src="//play.pokemonshowdown.com/config/config.js?6dec07f6"></script>
<script defer src="//play.pokemonshowdown.com/js/lib/jquery-1.11.0.min.js"></script>
<script defer src="//play.pokemonshowdown.com/js/lib/html-sanitizer-minified.js"></script>
<script defer src="//play.pokemonshowdown.com/js/battle-sound.js"></script>
<script defer src="//play.pokemonshowdown.com/js/battledata.js?0.6315294753075389"></script>
<script defer src="//play.pokemonshowdown.com/data/pokedex-mini.js?0.7603743185311358"></script>
<script defer src="//play.pokemonshowdown.com/data/pokedex-mini-bw.js?0.030888842834281283"></script>
<script defer src="//play.pokemonshowdown.com/data/graphics.js?0.05593094747507488"></script>
<script defer src="//play.pokemonshowdown.com/data/pokedex.js?0.47064822249611904"></script>
<script defer src="//play.pokemonshowdown.com/data/moves.js?0.8583693120512459"></script>
<script defer src="//play.pokemonshowdown.com/data/abilities.js?0.16017181182386842"></script>
<script defer src="//play.pokemonshowdown.com/data/items.js?0.4163379185673943"></script>
<script defer src="//play.pokemonshowdown.com/data/teambuilder-tables.js?0.31075597372830477"></script>
<script defer src="//play.pokemonshowdown.com/js/battle-tooltips.js?0.6536193500708172"></script>
<script defer src="//play.pokemonshowdown.com/js/battle.js?0.1916591943277901"></script>

<script defer src="js/utils.js?e31f9a17"></script>
<script defer src="js/replays-battle.js?7008c182"></script>

<!-- don't scrape this data! just add .json or .log after the URL!
Full API docs: https://github.com/smogon/pokemon-showdown-client/blob/master/WEB-API.md -->
<script type="text/plain" class="log" id="replaylog-smogtours-gen3ou-796201">
|inactive|Battle timer is ON: inactive players will automatically lose when time's up.
|t:|1728328109
|gametype|singles
|player|p1|plznostep|steven|
|player|p2|Yoink 0|kukui|
|teamsize|p1|6
|teamsize|p2|6
|gen|3
|tier|[Gen 3] OU
|rule|Sleep Clause Mod: Limit one foe put to sleep
|rule|Switch Priority Clause Mod: Faster Pokémon switch first
|rule|Species Clause: Limit one of each Pokémon
|rule|OHKO Clause: OHKO moves are banned
|rule|Evasion Items Clause: Evasion items are banned
|rule|Evasion Moves Clause: Evasion moves are banned
|rule|Endless Battle Clause: Forcing endless battles is banned
|rule|HP Percentage Mod: HP is shown in percentages
|rule|One Boost Passer Clause: Limit one Baton Passer that has a way to boost its stats
|rule|Freeze Clause Mod: Limit one foe frozen
|
|t:|1728328109
|start
|switch|p1a: Metagross|Metagross|100/100
|switch|p2a: Zapdos|Zapdos|100/100
|turn|1
|c|☆plznostep|glhf
|c|☆Yoink 0|jf
|c|☆Yoink 0|hf*
|inactive|Yoink 0 has 270 seconds left.
|
|t:|1728328150
|switch|p1a: Snorlax|Snorlax, F|100/100
|move|p2a: Zapdos|Thunderbolt|p1a: Snorlax
|-damage|p1a: Snorlax|77/100
|
|-heal|p1a: Snorlax|83/100|[from] item: Leftovers
|upkeep
|turn|2
|
|t:|1728328168
|switch|p2a: Skarmory|Skarmory, F|100/100
|move|p1a: Snorlax|Body Slam|p2a: Skarmory
|-resisted|p2a: Skarmory
|-damage|p2a: Skarmory|86/100
|
|-heal|p2a: Skarmory|92/100|[from] item: Leftovers
|-heal|p1a: Snorlax|89/100|[from] item: Leftovers
|upkeep
|turn|3
|
|t:|1728328180
|switch|p2a: Dugtrio|Dugtrio, M|100/100
|switch|p1a: Suicune|Suicune, shiny|100/100
|
|upkeep
|turn|4
|
|t:|1728328184
|switch|p2a: Zapdos|Zapdos|100/100
|move|p1a: Suicune|Ice Beam|p2a: Zapdos
|-supereffective|p2a: Zapdos
|-damage|p2a: Zapdos|61/100
|
|-heal|p2a: Zapdos|67/100|[from] item: Leftovers
|upkeep
|turn|5
|
|t:|1728328214
|switch|p1a: Snorlax|Snorlax, F|89/100
|switch|p2a: Skarmory|Skarmory, F|92/100
|
|-heal|p2a: Skarmory|98/100|[from] item: Leftovers
|-heal|p1a: Snorlax|95/100|[from] item: Leftovers
|upkeep
|turn|6
|
|t:|1728328218
|switch|p1a: Suicune|Suicune, shiny|100/100
|move|p2a: Skarmory|Spikes|p1a: Suicune
|-sidestart|p1: plznostep|Spikes
|
|-heal|p2a: Skarmory|100/100|[from] item: Leftovers
|upkeep
|turn|7
|
|t:|1728328223
|switch|p2a: Blissey|Blissey, F|100/100
|move|p1a: Suicune|Hydro Pump|p2a: Blissey|[miss]
|-miss|p1a: Suicune|p2a: Blissey
|
|upkeep
|turn|8
|
|t:|1728328228
|switch|p1a: Metagross|Metagross|100/100
|-damage|p1a: Metagross|88/100|[from] Spikes
|switch|p2a: Suicune|Suicune|100/100
|
|upkeep
|turn|9
|
|t:|1728328234
|switch|p1a: Snorlax|Snorlax, F|95/100
|-damage|p1a: Snorlax|83/100|[from] Spikes
|move|p2a: Suicune|Roar|p1a: Snorlax
|drag|p1a: Metagross|Metagross|88/100
|-damage|p1a: Metagross|76/100|[from] Spikes
|
|upkeep
|turn|10
|
|t:|1728328238
|switch|p1a: Snorlax|Snorlax, F|83/100
|-damage|p1a: Snorlax|71/100|[from] Spikes
|switch|p2a: Skarmory|Skarmory, F|100/100
|
|-heal|p1a: Snorlax|77/100|[from] item: Leftovers
|upkeep
|turn|11
|
|t:|1728328242
|move|p2a: Skarmory|Spikes|p1a: Snorlax
|-sidestart|p1: plznostep|Spikes
|move|p1a: Snorlax|Curse|p1a: Snorlax
|-unboost|p1a: Snorlax|spe|1
|-boost|p1a: Snorlax|atk|1
|-boost|p1a: Snorlax|def|1
|
|-heal|p1a: Snorlax|83/100|[from] item: Leftovers
|upkeep
|turn|12
|
|t:|1728328270
|-singleturn|p1a: Snorlax|move: Focus Punch
|move|p1a: Snorlax|Focus Punch|p2a: Skarmory
|-damage|p2a: Skarmory|42/100
|move|p2a: Skarmory|Roar|p1a: Snorlax
|drag|p1a: Claydol|Claydol, shiny|100/100
|
|-heal|p2a: Skarmory|48/100|[from] item: Leftovers
|upkeep
|turn|13
|
|t:|1728328283
|move|p1a: Claydol|Rapid Spin|p2a: Skarmory
|-resisted|p2a: Skarmory
|-damage|p2a: Skarmory|46/100
|-sideend|p1: plznostep|Spikes|[from] move: Rapid Spin|[of] p1a: Claydol
|move|p2a: Skarmory|Spikes|p1a: Claydol
|-sidestart|p1: plznostep|Spikes
|
|-heal|p2a: Skarmory|52/100|[from] item: Leftovers
|upkeep
|turn|14
|
|t:|1728328287
|switch|p1a: Suicune|Suicune, shiny|100/100
|-damage|p1a: Suicune|88/100|[from] Spikes
|move|p2a: Skarmory|Roar|p1a: Suicune
|drag|p1a: Claydol|Claydol, shiny|100/100
|
|-heal|p2a: Skarmory|58/100|[from] item: Leftovers
|upkeep
|turn|15
|
|t:|1728328292
|switch|p1a: Suicune|Suicune, shiny|88/100
|-damage|p1a: Suicune|76/100|[from] Spikes
|move|p2a: Skarmory|Spikes|p1a: Suicune
|-sidestart|p1: plznostep|Spikes
|
|-heal|p1a: Suicune|82/100|[from] item: Leftovers
|-heal|p2a: Skarmory|64/100|[from] item: Leftovers
|upkeep
|turn|16
|
|t:|1728328306
|switch|p1a: Metagross|Metagross|76/100
|-damage|p1a: Metagross|59/100|[from] Spikes
|switch|p2a: Blissey|Blissey, F|100/100
|
|upkeep
|turn|17
|
|t:|1728328327
|switch|p2a: Claydol|Claydol|100/100
|move|p1a: Metagross|Rock Slide|p2a: Claydol
|-resisted|p2a: Claydol
|-damage|p2a: Claydol|80/100
|
|-heal|p2a: Claydol|86/100|[from] item: Leftovers
|upkeep
|turn|18
|
|t:|1728328335
|switch|p1a: Salamence|Salamence, F|100/100
|-ability|p1a: Salamence|Intimidate|boost
|-unboost|p2a: Claydol|atk|1
|switch|p2a: Zapdos|Zapdos|67/100
|
|-heal|p2a: Zapdos|73/100|[from] item: Leftovers
|upkeep
|turn|19
|
|t:|1728328341
|switch|p1a: Claydol|Claydol, shiny|100/100
|move|p2a: Zapdos|Toxic|p1a: Claydol|[miss]
|-miss|p2a: Zapdos|p1a: Claydol
|
|-heal|p2a: Zapdos|79/100|[from] item: Leftovers
|upkeep
|turn|20
|
|t:|1728328345
|move|p2a: Zapdos|Toxic|p1a: Claydol|[miss]
|-miss|p2a: Zapdos|p1a: Claydol
|move|p1a: Claydol|Rapid Spin|p2a: Zapdos
|-damage|p2a: Zapdos|74/100
|-sideend|p1: plznostep|Spikes|[from] move: Rapid Spin|[of] p1a: Claydol
|
|-heal|p2a: Zapdos|80/100|[from] item: Leftovers
|upkeep
|turn|21
|c|☆plznostep|mb
|c|☆Yoink 0|;9
|c|☆Yoink 0|thats tragic
|inactive|Yoink 0 has 270 seconds left.
|
|t:|1728328385
|switch|p1a: Snorlax|Snorlax, F|83/100
|move|p2a: Zapdos|Thunderbolt|p1a: Snorlax
|-damage|p1a: Snorlax|59/100
|
|-heal|p2a: Zapdos|86/100|[from] item: Leftovers
|-heal|p1a: Snorlax|66/100|[from] item: Leftovers
|upkeep
|turn|22
|
|t:|1728328389
|move|p2a: Zapdos|Thunderbolt|p1a: Snorlax
|-damage|p1a: Snorlax|43/100
|move|p1a: Snorlax|Curse|p1a: Snorlax
|-unboost|p1a: Snorlax|spe|1
|-boost|p1a: Snorlax|atk|1
|-boost|p1a: Snorlax|def|1
|
|-heal|p2a: Zapdos|92/100|[from] item: Leftovers
|-heal|p1a: Snorlax|49/100|[from] item: Leftovers
|upkeep
|turn|23
|
|t:|1728328395
|switch|p2a: Claydol|Claydol|86/100
|move|p1a: Snorlax|Body Slam|p2a: Claydol
|-damage|p2a: Claydol|33/100
|
|-heal|p2a: Claydol|39/100|[from] item: Leftovers
|-heal|p1a: Snorlax|55/100|[from] item: Leftovers
|upkeep
|turn|24
|
|t:|1728328403
|switch|p2a: Skarmory|Skarmory, F|64/100
|switch|p1a: Tyranitar|Tyranitar, F|100/100
|-weather|Sandstorm|[from] ability: Sand Stream|[of] p1a: Tyranitar
|
|-weather|Sandstorm|[upkeep]
|-heal|p2a: Skarmory|70/100|[from] item: Leftovers
|upkeep
|turn|25
|
|t:|1728328408
|move|p2a: Skarmory|Spikes|p1a: Tyranitar
|-sidestart|p1: plznostep|Spikes
|move|p1a: Tyranitar|Fire Blast|p2a: Skarmory
|-supereffective|p2a: Skarmory
|-damage|p2a: Skarmory|6/100
|
|-weather|Sandstorm|[upkeep]
|-heal|p2a: Skarmory|12/100|[from] item: Leftovers
|upkeep
|turn|26
|
|t:|1728328419
|move|p2a: Skarmory|Protect|p2a: Skarmory
|-singleturn|p2a: Skarmory|Protect
|move|p1a: Tyranitar|Pursuit|p2a: Skarmory
|-activate|p2a: Skarmory|Protect
|
|-weather|Sandstorm|[upkeep]
|-heal|p2a: Skarmory|18/100|[from] item: Leftovers
|upkeep
|turn|27
|
|t:|1728328438
|-activate|p2a: Skarmory|move: Pursuit
|move|p1a: Tyranitar|Pursuit|p2a: Skarmory|[from]Pursuit
|-resisted|p2a: Skarmory
|-damage|p2a: Skarmory|0 fnt
|faint|p2a: Skarmory
|-hint|Previously chosen switches continue in Gen 2-4 after a Pursuit target faints.
|switch|p2a: Suicune|Suicune|100/100
|
|-weather|Sandstorm|[upkeep]
|-damage|p2a: Suicune|94/100|[from] Sandstorm
|-heal|p2a: Suicune|100/100|[from] item: Leftovers
|upkeep
|turn|28
|inactive|plznostep has 270 seconds left.
|inactive|plznostep has 240 seconds left.
|inactive|plznostep has 210 seconds left.
|
|t:|1728328533
|switch|p2a: Zapdos|Zapdos|92/100
|switch|p1a: Snorlax|Snorlax, F|55/100
|-damage|p1a: Snorlax|43/100|[from] Spikes
|
|-weather|Sandstorm|[upkeep]
|-damage|p2a: Zapdos|86/100|[from] Sandstorm
|-damage|p1a: Snorlax|37/100|[from] Sandstorm
|-heal|p2a: Zapdos|92/100|[from] item: Leftovers
|-heal|p1a: Snorlax|43/100|[from] item: Leftovers
|upkeep
|turn|29
|inactive|Yoink 0 has 270 seconds left.
|
|t:|1728328565
|switch|p2a: Claydol|Claydol|39/100
|switch|p1a: Claydol|Claydol, shiny|100/100
|
|-weather|Sandstorm|[upkeep]
|-heal|p2a: Claydol|46/100|[from] item: Leftovers
|upkeep
|turn|30
|
|t:|1728328568
|move|p1a: Claydol|Rapid Spin|p2a: Claydol
|-damage|p2a: Claydol|41/100
|-sideend|p1: plznostep|Spikes|[from] move: Rapid Spin|[of] p1a: Claydol
|move|p2a: Claydol|Explosion|p1a: Claydol
|-damage|p1a: Claydol|0 fnt
|faint|p2a: Claydol
|faint|p1a: Claydol
|inactive|plznostep has 210 seconds left.
|
|t:|1728328579
|switch|p1a: Suicune|Suicune, shiny|82/100
|switch|p2a: Zapdos|Zapdos|92/100
|
|-weather|Sandstorm|[upkeep]
|-damage|p1a: Suicune|76/100|[from] Sandstorm
|-damage|p2a: Zapdos|86/100|[from] Sandstorm
|-heal|p1a: Suicune|82/100|[from] item: Leftovers
|-heal|p2a: Zapdos|92/100|[from] item: Leftovers
|upkeep
|turn|31
|
|t:|1728328586
|switch|p1a: Tyranitar|Tyranitar, F|100/100
|move|p2a: Zapdos|Thunderbolt|p1a: Tyranitar
|-damage|p1a: Tyranitar|68/100
|-status|p1a: Tyranitar|par
|
|-weather|Sandstorm|[upkeep]
|-damage|p2a: Zapdos|86/100|[from] Sandstorm
|-heal|p2a: Zapdos|92/100|[from] item: Leftovers
|upkeep
|turn|32
|
|t:|1728328590
|switch|p2a: Dugtrio|Dugtrio, M|100/100
|move|p1a: Tyranitar|Crunch|p2a: Dugtrio
|-crit|p2a: Dugtrio
|-damage|p2a: Dugtrio|0 fnt
|faint|p2a: Dugtrio
|c|☆plznostep|mb again
|
|t:|1728328605
|switch|p2a: Suicune|Suicune|100/100
|
|-weather|Sandstorm|[upkeep]
|-damage|p2a: Suicune|94/100|[from] Sandstorm
|-heal|p2a: Suicune|100/100|[from] item: Leftovers
|upkeep
|turn|33
|
|t:|1728328610
|switch|p2a: Zapdos|Zapdos|92/100
|switch|p1a: Snorlax|Snorlax, F|43/100
|
|-weather|Sandstorm|[upkeep]
|-damage|p2a: Zapdos|86/100|[from] Sandstorm
|-damage|p1a: Snorlax|37/100|[from] Sandstorm
|-heal|p2a: Zapdos|92/100|[from] item: Leftovers
|-heal|p1a: Snorlax|43/100|[from] item: Leftovers
|upkeep
|turn|34
|inactive|plznostep has 240 seconds left.
|
|t:|1728328618
|switch|p2a: Suicune|Suicune|100/100
|move|p1a: Snorlax|Self-Destruct|p2a: Suicune
|-damage|p2a: Suicune|0 fnt
|faint|p1a: Snorlax
|faint|p2a: Suicune
|inactive|plznostep has 240 seconds left.
|
|t:|1728328629
|switch|p2a: Blissey|Blissey, F|100/100
|switch|p1a: Metagross|Metagross|59/100
|
|-weather|Sandstorm|[upkeep]
|-damage|p2a: Blissey|94/100|[from] Sandstorm
|-heal|p2a: Blissey|100/100|[from] item: Leftovers
|upkeep
|turn|35
|inactive|plznostep has 240 seconds left.
|
|t:|1728328658
|move|p1a: Metagross|Meteor Mash|p2a: Blissey
|-damage|p2a: Blissey|15/100
|-boost|p1a: Metagross|atk|1
|move|p2a: Blissey|Seismic Toss|p1a: Metagross
|-damage|p1a: Metagross|29/100
|
|-weather|Sandstorm|[upkeep]
|-damage|p2a: Blissey|8/100|[from] Sandstorm
|-heal|p2a: Blissey|15/100|[from] item: Leftovers
|upkeep
|turn|36
|
|t:|1728328664
|move|p1a: Metagross|Meteor Mash|p2a: Blissey
|-damage|p2a: Blissey|0 fnt
|faint|p2a: Blissey
|
|t:|1728328667
|switch|p2a: Zapdos|Zapdos|92/100
|
|-weather|Sandstorm|[upkeep]
|-damage|p2a: Zapdos|86/100|[from] Sandstorm
|-heal|p2a: Zapdos|92/100|[from] item: Leftovers
|upkeep
|turn|37
|inactive|plznostep has 240 seconds left.
|
|t:|1728328679
|move|p2a: Zapdos|Thunderbolt|p1a: Metagross
|-damage|p1a: Metagross|0 fnt
|faint|p1a: Metagross
|
|t:|1728328685
|switch|p1a: Tyranitar|Tyranitar, F|68/100 par
|
|-weather|Sandstorm|[upkeep]
|-damage|p2a: Zapdos|86/100|[from] Sandstorm
|-heal|p2a: Zapdos|92/100|[from] item: Leftovers
|upkeep
|turn|38
|
|t:|1728328689
|move|p2a: Zapdos|Thunderbolt|p1a: Tyranitar
|-damage|p1a: Tyranitar|34/100 par
|cant|p1a: Tyranitar|par
|
|-weather|Sandstorm|[upkeep]
|-damage|p2a: Zapdos|86/100|[from] Sandstorm
|-heal|p2a: Zapdos|92/100|[from] item: Leftovers
|upkeep
|turn|39
|
|t:|1728328693
|move|p2a: Zapdos|Thunderbolt|p1a: Tyranitar
|-damage|p1a: Tyranitar|1/100 par
|move|p1a: Tyranitar|Crunch|p2a: Zapdos
|-damage|p2a: Zapdos|62/100
|
|-weather|Sandstorm|[upkeep]
|-damage|p2a: Zapdos|56/100|[from] Sandstorm
|-heal|p2a: Zapdos|62/100|[from] item: Leftovers
|upkeep
|turn|40
|
|t:|1728328696
|move|p2a: Zapdos|Thunderbolt|p1a: Tyranitar
|-damage|p1a: Tyranitar|0 fnt
|faint|p1a: Tyranitar
|
|t:|1728328698
|switch|p1a: Salamence|Salamence, F|100/100
|-ability|p1a: Salamence|Intimidate|boost
|-unboost|p2a: Zapdos|atk|1
|
|-weather|Sandstorm|[upkeep]
|-damage|p1a: Salamence|94/100|[from] Sandstorm
|-damage|p2a: Zapdos|56/100|[from] Sandstorm
|-heal|p1a: Salamence|100/100|[from] item: Leftovers
|-heal|p2a: Zapdos|62/100|[from] item: Leftovers
|upkeep
|turn|41
|
|t:|1728328704
|move|p1a: Salamence|Rock Slide|p2a: Zapdos
|-supereffective|p2a: Zapdos
|-damage|p2a: Zapdos|6/100
|move|p2a: Zapdos|Thunderbolt|p1a: Salamence
|-damage|p1a: Salamence|53/100
|
|-weather|Sandstorm|[upkeep]
|-damage|p1a: Salamence|47/100|[from] Sandstorm
|-damage|p2a: Zapdos|0 fnt|[from] Sandstorm
|faint|p2a: Zapdos
|
|win|plznostep
|upkeep
|c|☆Yoink 0|gg
|c|☆plznostep|gg
|player|p1|

</script>
<script type="application/json" class="data" id="replaydata-smogtours-gen3ou-796201">
{"id":"smogtours-gen3ou-796201","format":"[Gen 3] OU","players":["plznostep","Yoink 0"],"uploadtime":1728328704,"views":93,"formatid":"gen3ou","rating":null,"private":0,"password":null}
</script>

<script defer src="js/replays.js?9d40a366"></script>
