<!DOCTYPE html>
<meta charset="utf-8" />
<meta name="viewport" content="width=device-width" />

<title>[Gen 3] OU: Lady_Sundalia vs. DimmyJean - Replays - Pok&eacute;mon Showdown!</title>

<meta name="description" content="Watch a replay of a Pok&eacute;mon battle between Lady_Sundalia and DimmyJean! Format: [Gen 3] OU; Date: Oct 5, 2024" />
<!--

Hey, you! Looking in the source for the replay log?

You can find them in JSON format, just add `.json` at the end of a replay URL.

https://replay.pokemonshowdown.com/gen7randomdoublesbattle-865046831.json

Or, if you only need the log itself, add `.log` instead:

https://replay.pokemonshowdown.com/gen7randomdoublesbattle-865046831.log

-->

<link rel="stylesheet" href="//pokemonshowdown.com/style/global.css?0.023195364461161105" />
<link rel="stylesheet" href="//play.pokemonshowdown.com/style/font-awesome.css?0.13261647063804238" />
<link rel="stylesheet" href="//play.pokemonshowdown.com/style/battle.css?0.8753245789963631" />
<link rel="stylesheet" href="//play.pokemonshowdown.com/style/utilichart.css?0.8627959624976733" />

<!-- Global site tag (gtag.js) - Google Analytics -->
<script async src="https://www.googletagmanager.com/gtag/js?id=UA-26211653-1"></script>
<script>
  window.dataLayer = window.dataLayer || [];
  function gtag(){dataLayer.push(arguments);}
  gtag('js', new Date());

  gtag('config', 'UA-26211653-1');
</script>
<!-- End Google Analytics -->
<!-- Venatus Ad Manager - Install in <HEAD> of page -->
	<script src="https://hb.vntsm.com/v3/live/ad-manager.min.js" type="text/javascript" data-site-id="642aba63ec9a7b11c3c9c1be" data-mode="scan" async></script>
<!-- / Venatus Ad Manager -->

<style>
	@media (max-width:820px) {
		.battle {
			margin: 0 auto;
		}
		.battle-log {
			margin: 7px auto 0;
			max-width: 640px;
			height: 300px;
			position: static;
		}
	}
	.optgroup {
		display: inline-block;
		line-height: 22px;
		font-size: 10pt;
	}
	.optgroup .button {
		height: 25px;
		padding-top: 0;
		padding-bottom: 0;
	}
	.optgroup button.button {
		padding-left: 12px;
		padding-right: 12px;
	}
	.linklist {
		list-style: none;
		margin: 0.5em 0;
		padding: 0;
	}
	.linklist li {
		padding: 2px 0;
	}
	.sidebar {
		float: left;
		width: 320px;
	}
	.bar-wrapper {
		max-width: 1100px;
		margin: 0 auto;
	}
	.bar-wrapper.has-sidebar {
		max-width: 1430px;
	}
	.mainbar {
		margin: 0;
		padding-right: 1px;
	}
	.mainbar.has-sidebar {
		margin-left: 330px;
	}
	@media (min-width: 1511px) {
		.sidebar {
			width: 400px;
		}
		.bar-wrapper.has-sidebar {
			max-width: 1510px;
		}
		.mainbar.has-sidebar {
			margin-left: 410px;
		}
	}
	.section.first-section {
		margin-top: 9px;
	}
	.blocklink small {
		white-space: normal;
	}
	.button {
		vertical-align: middle;
	}
	.replay-controls {
		padding-top: 10px;
	}
	.replay-controls h1 {
		font-size: 16pt;
		font-weight: normal;
		color: #CCC;
	}
	.pagelink {
		text-align: center;
	}
	.pagelink a {
		width: 150px;
	}
	.textbox, .button {
		font-size: 11pt;
		vertical-align: middle;
	}
	@media (max-width: 450px) {
		.button {
			font-size: 9pt;
		}
	}
</style>

<div>

	<header>
		<div class="nav-wrapper"><ul class="nav">
			<li><a class="button nav-first" href="//pokemonshowdown.com/"><img src="//pokemonshowdown.com/images/pokemonshowdownbeta.png" srcset="//pokemonshowdown.com/images/pokemonshowdownbeta.png 1x, //pokemonshowdown.com/images/pokemonshowdownbeta@2x.png 2x" alt="Pok&eacute;mon Showdown" width="146" height="44" /> Home</a></li>
			<li><a class="button" href="//pokemonshowdown.com/dex/">Pok&eacute;dex</a></li>
			<li><a class="button cur" href="/">Replays</a></li>
			<li><a class="button" href="//pokemonshowdown.com/ladder/">Ladder</a></li>
			<li><a class="button nav-last" href="//pokemonshowdown.com/forums/">Forum</a></li>
			<li><a class="button greenbutton nav-first nav-last" href="//play.pokemonshowdown.com/">Play</a></li>
		</ul></div>
	</header>

	<div class="main" id="main">

		<noscript><section class="section">You need to enable JavaScript to use this page; sorry!</section></noscript>

	</div>

</div>

<script defer nomodule src="//play.pokemonshowdown.com/js/lib/ps-polyfill.js"></script>
<script defer src="//play.pokemonshowdown.com/js/lib/preact.min.js"></script>

<script defer src="//play.pokemonshowdown.com/config/config.js?2bddbc15"></script>
<script defer src="//play.pokemonshowdown.com/js/lib/jquery-1.11.0.min.js"></script>
<script defer src="//play.pokemonshowdown.com/js/lib/html-sanitizer-minified.js"></script>
<script defer src="//play.pokemonshowdown.com/js/battle-sound.js"></script>
<script defer src="//play.pokemonshowdown.com/js/battledata.js?0.7209276989879541"></script>
<script defer src="//play.pokemonshowdown.com/data/pokedex-mini.js?0.6111056340867951"></script>
<script defer src="//play.pokemonshowdown.com/data/pokedex-mini-bw.js?0.3532142036491459"></script>
<script defer src="//play.pokemonshowdown.com/data/graphics.js?0.24223875632456182"></script>
<script defer src="//play.pokemonshowdown.com/data/pokedex.js?0.38839984266356864"></script>
<script defer src="//play.pokemonshowdown.com/data/moves.js?0.21866028504024015"></script>
<script defer src="//play.pokemonshowdown.com/data/abilities.js?0.2005157953846628"></script>
<script defer src="//play.pokemonshowdown.com/data/items.js?0.9894211263848525"></script>
<script defer src="//play.pokemonshowdown.com/data/teambuilder-tables.js?0.6008791140282215"></script>
<script defer src="//play.pokemonshowdown.com/js/battle-tooltips.js?0.7580118955022959"></script>
<script defer src="//play.pokemonshowdown.com/js/battle.js?0.6057722274234274"></script>

<script defer src="js/utils.js?e31f9a17"></script>
<script defer src="js/replays-battle.js?7008c182"></script>

<!-- don't scrape this data! just add .json or .log after the URL!
Full API docs: https://github.com/smogon/pokemon-showdown-client/blob/master/WEB-API.md -->
<script type="text/plain" class="log" id="replaylog-smogtours-gen3ou-794800">
|inactive|Battle timer is ON: inactive players will automatically lose when time's up.
|t:|1728090254
|gametype|singles
|player|p1|Lady_Sundalia|waitress|
|player|p2|DimmyJean|psychic-gen2|
|teamsize|p1|6
|teamsize|p2|6
|gen|3
|tier|[Gen 3] OU
|rule|Sleep Clause Mod: Limit one foe put to sleep
|rule|Switch Priority Clause Mod: Faster Pokémon switch first
|rule|Species Clause: Limit one of each Pokémon
|rule|OHKO Clause: OHKO moves are banned
|rule|Evasion Items Clause: Evasion items are banned
|rule|Evasion Moves Clause: Evasion moves are banned
|rule|Endless Battle Clause: Forcing endless battles is banned
|rule|HP Percentage Mod: HP is shown in percentages
|rule|One Boost Passer Clause: Limit one Baton Passer that has a way to boost its stats
|rule|Freeze Clause Mod: Limit one foe frozen
|
|t:|1728090254
|start
|switch|p1a: Swampert 2|Swampert, F|100/100
|switch|p2a: Zapdos|Zapdos|100/100
|turn|1
|
|t:|1728090263
|move|p2a: Zapdos|Hidden Power|p1a: Swampert 2
|-supereffective|p1a: Swampert 2
|-damage|p1a: Swampert 2|26/100
|move|p1a: Swampert 2|Ice Beam|p2a: Zapdos
|-supereffective|p2a: Zapdos
|-damage|p2a: Zapdos|63/100
|
|-heal|p2a: Zapdos|70/100|[from] item: Leftovers
|-heal|p1a: Swampert 2|32/100|[from] item: Leftovers
|upkeep
|turn|2
|
|t:|1728090275
|switch|p1a: Blissey 1|Blissey, F|100/100
|move|p2a: Zapdos|Thunder Wave|p1a: Blissey 1
|-status|p1a: Blissey 1|par
|
|-heal|p2a: Zapdos|76/100|[from] item: Leftovers
|upkeep
|turn|3
|
|t:|1728090289
|switch|p2a: Skarmory|Skarmory, F|100/100
|cant|p1a: Blissey 1|par
|
|upkeep
|turn|4
|
|t:|1728090295
|-curestatus|p1a: Blissey 1|par|[from] ability: Natural Cure
|switch|p1a: Moltres 400|Moltres|100/100
|move|p2a: Skarmory|Spikes|p1a: Moltres 400
|-sidestart|p1: Lady_Sundalia|Spikes
|
|upkeep
|turn|5
|
|t:|1728090303
|switch|p2a: Zapdos|Zapdos|76/100
|move|p1a: Moltres 400|Will-O-Wisp|p2a: Zapdos
|-status|p2a: Zapdos|brn
|
|-heal|p2a: Zapdos|82/100 brn|[from] item: Leftovers
|-damage|p2a: Zapdos|70/100 brn|[from] brn
|upkeep
|turn|6
|
|t:|1728090322
|switch|p1a: Blissey 1|Blissey, F|100/100
|-damage|p1a: Blissey 1|88/100|[from] Spikes
|move|p2a: Zapdos|Roar|p1a: Blissey 1
|drag|p1a: Metagross 64|Metagross|100/100
|-damage|p1a: Metagross 64|88/100|[from] Spikes
|
|-heal|p2a: Zapdos|76/100 brn|[from] item: Leftovers
|-damage|p2a: Zapdos|63/100 brn|[from] brn
|-heal|p1a: Metagross 64|94/100|[from] item: Leftovers
|upkeep
|turn|7
|
|t:|1728090332
|switch|p2a: Flygon|Flygon, M|100/100
|switch|p1a: Blissey 1|Blissey, F|88/100
|-damage|p1a: Blissey 1|76/100|[from] Spikes
|
|-heal|p1a: Blissey 1|82/100|[from] item: Leftovers
|upkeep
|turn|8
|
|t:|1728090345
|switch|p2a: Skarmory|Skarmory, F|100/100
|switch|p1a: Gengar 7|Gengar, M|100/100
|
|upkeep
|turn|9
|
|t:|1728090356
|switch|p2a: Zapdos|Zapdos|63/100 brn
|move|p1a: Gengar 7|Hypnosis||[still]
|-fail|p1a: Gengar 7
|
|-heal|p2a: Zapdos|70/100 brn|[from] item: Leftovers
|-damage|p2a: Zapdos|57/100 brn|[from] brn
|upkeep
|turn|10
|
|t:|1728090366
|switch|p1a: Blissey 1|Blissey, F|82/100
|-damage|p1a: Blissey 1|69/100|[from] Spikes
|switch|p2a: Jirachi|Jirachi|100/100
|
|-heal|p1a: Blissey 1|76/100|[from] item: Leftovers
|upkeep
|turn|11
|
|t:|1728090369
|switch|p1a: Moltres 400|Moltres|100/100
|move|p2a: Jirachi|Wish|p2a: Jirachi
|
|upkeep
|turn|12
|
|t:|1728090374
|switch|p2a: Zapdos|Zapdos|57/100 brn
|move|p1a: Moltres 400|Fire Blast|p2a: Zapdos
|-damage|p2a: Zapdos|18/100 brn
|
|-heal|p2a: Zapdos|68/100 brn|[from] move: Wish|[wisher] Jirachi
|-heal|p2a: Zapdos|74/100 brn|[from] item: Leftovers
|-damage|p2a: Zapdos|62/100 brn|[from] brn
|upkeep
|turn|13
|
|t:|1728090384
|switch|p1a: Blissey 1|Blissey, F|76/100
|-damage|p1a: Blissey 1|63/100|[from] Spikes
|move|p2a: Zapdos|Thunderbolt|p1a: Blissey 1
|-damage|p1a: Blissey 1|47/100
|
|-heal|p2a: Zapdos|68/100 brn|[from] item: Leftovers
|-damage|p2a: Zapdos|56/100 brn|[from] brn
|-heal|p1a: Blissey 1|53/100|[from] item: Leftovers
|upkeep
|turn|14
|
|t:|1728090392
|switch|p2a: Tyranitar|Tyranitar, M|100/100
|-weather|Sandstorm|[from] ability: Sand Stream|[of] p2a: Tyranitar
|move|p1a: Blissey 1|Soft-Boiled|p1a: Blissey 1
|-heal|p1a: Blissey 1|100/100
|
|-weather|Sandstorm|[upkeep]
|-damage|p1a: Blissey 1|94/100|[from] Sandstorm
|-heal|p1a: Blissey 1|100/100|[from] item: Leftovers
|upkeep
|turn|15
|
|t:|1728090404
|switch|p1a: Metagross 64|Metagross|94/100
|-damage|p1a: Metagross 64|82/100|[from] Spikes
|move|p2a: Tyranitar|Dragon Dance|p2a: Tyranitar
|-boost|p2a: Tyranitar|atk|1
|-boost|p2a: Tyranitar|spe|1
|
|-weather|Sandstorm|[upkeep]
|-heal|p1a: Metagross 64|88/100|[from] item: Leftovers
|upkeep
|turn|16
|
|t:|1728090410
|switch|p2a: Skarmory|Skarmory, F|100/100
|move|p1a: Metagross 64|Meteor Mash|p2a: Skarmory|[miss]
|-miss|p1a: Metagross 64|p2a: Skarmory
|
|-weather|Sandstorm|[upkeep]
|-heal|p1a: Metagross 64|94/100|[from] item: Leftovers
|upkeep
|turn|17
|
|t:|1728090418
|switch|p1a: Moltres 400|Moltres|100/100
|move|p2a: Skarmory|Toxic|p1a: Moltres 400
|-status|p1a: Moltres 400|tox
|
|-weather|Sandstorm|[upkeep]
|-damage|p1a: Moltres 400|94/100 tox|[from] Sandstorm
|-heal|p1a: Moltres 400|100/100 tox|[from] item: Leftovers
|-damage|p1a: Moltres 400|94/100 tox|[from] psn
|upkeep
|turn|18
|
|t:|1728090424
|move|p2a: Skarmory|Protect|p2a: Skarmory
|-singleturn|p2a: Skarmory|Protect
|move|p1a: Moltres 400|Fire Blast|p2a: Skarmory|[miss]
|-miss|p1a: Moltres 400|p2a: Skarmory
|
|-weather|Sandstorm|[upkeep]
|-damage|p1a: Moltres 400|88/100 tox|[from] Sandstorm
|-heal|p1a: Moltres 400|94/100 tox|[from] item: Leftovers
|-damage|p1a: Moltres 400|82/100 tox|[from] psn
|upkeep
|turn|19
|
|t:|1728090432
|move|p1a: Moltres 400|Fire Blast|p2a: Skarmory
|-supereffective|p2a: Skarmory
|-damage|p2a: Skarmory|0 fnt
|faint|p2a: Skarmory
|
|t:|1728090436
|switch|p2a: Flygon|Flygon, M|100/100
|
|-weather|Sandstorm|[upkeep]
|-damage|p1a: Moltres 400|76/100 tox|[from] Sandstorm
|-heal|p1a: Moltres 400|82/100 tox|[from] item: Leftovers
|-damage|p1a: Moltres 400|63/100 tox|[from] psn
|upkeep
|turn|20
|
|t:|1728090443
|move|p2a: Flygon|Protect|p2a: Flygon
|-singleturn|p2a: Flygon|Protect
|move|p1a: Moltres 400|Will-O-Wisp|p2a: Flygon
|-activate|p2a: Flygon|Protect
|
|-weather|Sandstorm|[upkeep]
|-damage|p1a: Moltres 400|57/100 tox|[from] Sandstorm
|-heal|p1a: Moltres 400|63/100 tox|[from] item: Leftovers
|-damage|p1a: Moltres 400|38/100 tox|[from] psn
|upkeep
|turn|21
|
|t:|1728090446
|switch|p2a: Zapdos|Zapdos|56/100 brn
|move|p1a: Moltres 400|Will-O-Wisp|p2a: Zapdos
|-fail|p2a: Zapdos|brn
|
|-weather|Sandstorm|[upkeep]
|-damage|p1a: Moltres 400|32/100 tox|[from] Sandstorm
|-damage|p2a: Zapdos|49/100 brn|[from] Sandstorm
|-heal|p1a: Moltres 400|38/100 tox|[from] item: Leftovers
|-damage|p1a: Moltres 400|7/100 tox|[from] psn
|-heal|p2a: Zapdos|56/100 brn|[from] item: Leftovers
|-damage|p2a: Zapdos|43/100 brn|[from] brn
|upkeep
|turn|22
|
|t:|1728090455
|move|p1a: Moltres 400|Fire Blast|p2a: Zapdos
|-damage|p2a: Zapdos|0 fnt
|faint|p2a: Zapdos
|
|t:|1728090468
|switch|p2a: Jirachi|Jirachi|100/100
|
|-weather|Sandstorm|[upkeep]
|-damage|p1a: Moltres 400|1/100 tox|[from] Sandstorm
|-heal|p1a: Moltres 400|7/100 tox|[from] item: Leftovers
|-damage|p1a: Moltres 400|0 fnt|[from] psn
|faint|p1a: Moltres 400
|upkeep
|
|t:|1728090480
|switch|p1a: Gengar 7|Gengar, M|100/100
|turn|23
|
|t:|1728090492
|move|p1a: Gengar 7|Hypnosis|p2a: Jirachi
|-status|p2a: Jirachi|slp|[from] move: Hypnosis
|cant|p2a: Jirachi|slp
|
|-weather|Sandstorm|[upkeep]
|-damage|p1a: Gengar 7|94/100|[from] Sandstorm
|-heal|p1a: Gengar 7|100/100|[from] item: Leftovers
|upkeep
|turn|24
|
|t:|1728090507
|switch|p1a: Swampert 2|Swampert, F|32/100
|-damage|p1a: Swampert 2|19/100|[from] Spikes
|switch|p2a: Tyranitar|Tyranitar, M|100/100
|
|-weather|Sandstorm|[upkeep]
|-heal|p1a: Swampert 2|26/100|[from] item: Leftovers
|upkeep
|turn|25
|
|t:|1728090526
|switch|p2a: Flygon|Flygon, M|100/100
|move|p1a: Swampert 2|Earthquake|p2a: Flygon
|-immune|p2a: Flygon
|
|-weather|Sandstorm|[upkeep]
|-heal|p1a: Swampert 2|32/100|[from] item: Leftovers
|upkeep
|turn|26
|
|t:|1728090537
|switch|p2a: Aerodactyl|Aerodactyl, M|100/100
|switch|p1a: Cloyster 55|Cloyster, F|100/100
|-damage|p1a: Cloyster 55|88/100|[from] Spikes
|
|-weather|Sandstorm|[upkeep]
|-damage|p1a: Cloyster 55|82/100|[from] Sandstorm
|-heal|p1a: Cloyster 55|88/100|[from] item: Leftovers
|upkeep
|turn|27
|
|t:|1728090555
|move|p2a: Aerodactyl|Rock Slide|p1a: Cloyster 55
|-supereffective|p1a: Cloyster 55
|-damage|p1a: Cloyster 55|13/100
|cant|p1a: Cloyster 55|flinch
|
|-weather|Sandstorm|[upkeep]
|-damage|p1a: Cloyster 55|7/100|[from] Sandstorm
|-heal|p1a: Cloyster 55|13/100|[from] item: Leftovers
|upkeep
|turn|28
|
|t:|1728090562
|switch|p1a: Metagross 64|Metagross|94/100
|-damage|p1a: Metagross 64|82/100|[from] Spikes
|move|p2a: Aerodactyl|Rock Slide|p1a: Metagross 64
|-resisted|p1a: Metagross 64
|-damage|p1a: Metagross 64|61/100
|
|-weather|Sandstorm|[upkeep]
|-heal|p1a: Metagross 64|67/100|[from] item: Leftovers
|upkeep
|turn|29
|
|t:|1728090568
|switch|p2a: Flygon|Flygon, M|100/100
|move|p1a: Metagross 64|Earthquake|p2a: Flygon
|-immune|p2a: Flygon
|
|-weather|Sandstorm|[upkeep]
|-heal|p1a: Metagross 64|73/100|[from] item: Leftovers
|upkeep
|turn|30
|
|t:|1728090583
|switch|p1a: Gengar 7|Gengar, M|100/100
|move|p2a: Flygon|Rock Slide|p1a: Gengar 7
|-damage|p1a: Gengar 7|62/100
|
|-weather|Sandstorm|[upkeep]
|-damage|p1a: Gengar 7|56/100|[from] Sandstorm
|-heal|p1a: Gengar 7|62/100|[from] item: Leftovers
|upkeep
|turn|31
|
|t:|1728090593
|switch|p2a: Tyranitar|Tyranitar, M|100/100
|move|p1a: Gengar 7|Ice Punch|p2a: Tyranitar
|-damage|p2a: Tyranitar|77/100
|
|-weather|Sandstorm|[upkeep]
|-damage|p1a: Gengar 7|56/100|[from] Sandstorm
|-heal|p1a: Gengar 7|62/100|[from] item: Leftovers
|upkeep
|turn|32
|
|t:|1728090599
|switch|p1a: Metagross 64|Metagross|73/100
|-damage|p1a: Metagross 64|61/100|[from] Spikes
|move|p2a: Tyranitar|Dragon Dance|p2a: Tyranitar
|-boost|p2a: Tyranitar|atk|1
|-boost|p2a: Tyranitar|spe|1
|
|-weather|Sandstorm|[upkeep]
|-heal|p1a: Metagross 64|67/100|[from] item: Leftovers
|upkeep
|turn|33
|
|t:|1728090605
|switch|p2a: Flygon|Flygon, M|100/100
|move|p1a: Metagross 64|Meteor Mash|p2a: Flygon
|-damage|p2a: Flygon|50/100
|
|-weather|Sandstorm|[upkeep]
|-heal|p2a: Flygon|57/100|[from] item: Leftovers
|-heal|p1a: Metagross 64|73/100|[from] item: Leftovers
|upkeep
|turn|34
|
|t:|1728090620
|switch|p1a: Blissey 1|Blissey, F|100/100
|-damage|p1a: Blissey 1|88/100|[from] Spikes
|move|p2a: Flygon|Earthquake|p1a: Blissey 1
|-damage|p1a: Blissey 1|57/100
|
|-weather|Sandstorm|[upkeep]
|-damage|p1a: Blissey 1|51/100|[from] Sandstorm
|-heal|p2a: Flygon|63/100|[from] item: Leftovers
|-heal|p1a: Blissey 1|57/100|[from] item: Leftovers
|upkeep
|turn|35
|
|t:|1728090630
|move|p2a: Flygon|Earthquake|p1a: Blissey 1
|-damage|p1a: Blissey 1|26/100
|move|p1a: Blissey 1|Ice Beam|p2a: Flygon
|-supereffective|p2a: Flygon
|-damage|p2a: Flygon|0 fnt
|faint|p2a: Flygon
|
|t:|1728090634
|switch|p2a: Tyranitar|Tyranitar, M|77/100
|
|-weather|Sandstorm|[upkeep]
|-damage|p1a: Blissey 1|20/100|[from] Sandstorm
|-heal|p1a: Blissey 1|26/100|[from] item: Leftovers
|upkeep
|turn|36
|
|t:|1728090647
|switch|p1a: Metagross 64|Metagross|73/100
|-damage|p1a: Metagross 64|61/100|[from] Spikes
|move|p2a: Tyranitar|Dragon Dance|p2a: Tyranitar
|-boost|p2a: Tyranitar|atk|1
|-boost|p2a: Tyranitar|spe|1
|
|-weather|Sandstorm|[upkeep]
|-heal|p1a: Metagross 64|67/100|[from] item: Leftovers
|upkeep
|turn|37
|
|t:|1728090650
|move|p2a: Tyranitar|Earthquake|p1a: Metagross 64
|-supereffective|p1a: Metagross 64
|-damage|p1a: Metagross 64|0 fnt
|faint|p1a: Metagross 64
|inactive|Lady_Sundalia has 270 seconds left.
|
|t:|1728090685
|switch|p1a: Swampert 2|Swampert, F|32/100
|-damage|p1a: Swampert 2|19/100|[from] Spikes
|
|-weather|Sandstorm|[upkeep]
|-heal|p1a: Swampert 2|26/100|[from] item: Leftovers
|upkeep
|turn|38
|
|t:|1728090696
|move|p2a: Tyranitar|Earthquake|p1a: Swampert 2
|-damage|p1a: Swampert 2|0 fnt
|faint|p1a: Swampert 2
|
|t:|1728090700
|switch|p1a: Gengar 7|Gengar, M|62/100
|
|-weather|Sandstorm|[upkeep]
|-damage|p1a: Gengar 7|56/100|[from] Sandstorm
|-heal|p1a: Gengar 7|62/100|[from] item: Leftovers
|upkeep
|turn|39
|
|t:|1728090706
|move|p2a: Tyranitar|Rock Slide|p1a: Gengar 7
|-damage|p1a: Gengar 7|0 fnt
|faint|p1a: Gengar 7
|
|t:|1728090709
|switch|p1a: Cloyster 55|Cloyster, F|13/100
|-damage|p1a: Cloyster 55|1/100|[from] Spikes
|
|-weather|Sandstorm|[upkeep]
|-damage|p1a: Cloyster 55|0 fnt|[from] Sandstorm
|faint|p1a: Cloyster 55
|upkeep
|
|t:|1728090711
|switch|p1a: Blissey 1|Blissey, F|26/100
|-damage|p1a: Blissey 1|13/100|[from] Spikes
|turn|40
|
|t:|1728090713
|move|p2a: Tyranitar|Earthquake|p1a: Blissey 1
|-crit|p1a: Blissey 1
|-damage|p1a: Blissey 1|0 fnt
|faint|p1a: Blissey 1
|
|win|DimmyJean
|c|☆DimmyJean|ggs
|c|☆Lady_Sundalia|u can challenge for game 2
|player|p1|
|player|p2|
|player|p1|Lady_Sundalia|waitress|

</script>
<script type="application/json" class="data" id="replaydata-smogtours-gen3ou-794800">
{"id":"smogtours-gen3ou-794800","format":"[Gen 3] OU","players":["Lady_Sundalia","DimmyJean"],"uploadtime":1728090713,"views":87,"formatid":"gen3ou","rating":null,"private":0,"password":null}
</script>

<script defer src="js/replays.js?9d40a366"></script>
