<!DOCTYPE html>
<meta charset="utf-8" />
<meta name="viewport" content="width=device-width" />

<title>[Gen 3] OU: billclintonlol vs. 5darkelves - Replays - Pok&eacute;mon Showdown!</title>

<meta name="description" content="Watch a replay of a Pok&eacute;mon battle between billclintonlol and 5darkelves! Format: [Gen 3] OU; Date: Oct 23, 2024" />
<!--

Hey, you! Looking in the source for the replay log?

You can find them in JSON format, just add `.json` at the end of a replay URL.

https://replay.pokemonshowdown.com/gen7randomdoublesbattle-865046831.json

Or, if you only need the log itself, add `.log` instead:

https://replay.pokemonshowdown.com/gen7randomdoublesbattle-865046831.log

-->

<link rel="stylesheet" href="//pokemonshowdown.com/style/global.css?0.023195364461161105" />
<link rel="stylesheet" href="//play.pokemonshowdown.com/style/font-awesome.css?0.13261647063804238" />
<link rel="stylesheet" href="//play.pokemonshowdown.com/style/battle.css?0.8753245789963631" />
<link rel="stylesheet" href="//play.pokemonshowdown.com/style/utilichart.css?0.8627959624976733" />

<!-- Global site tag (gtag.js) - Google Analytics -->
<script async src="https://www.googletagmanager.com/gtag/js?id=UA-26211653-1"></script>
<script>
  window.dataLayer = window.dataLayer || [];
  function gtag(){dataLayer.push(arguments);}
  gtag('js', new Date());

  gtag('config', 'UA-26211653-1');
</script>
<!-- End Google Analytics -->
<!-- Venatus Ad Manager - Install in <HEAD> of page -->
	<script src="https://hb.vntsm.com/v3/live/ad-manager.min.js" type="text/javascript" data-site-id="642aba63ec9a7b11c3c9c1be" data-mode="scan" async></script>
<!-- / Venatus Ad Manager -->

<style>
	@media (max-width:820px) {
		.battle {
			margin: 0 auto;
		}
		.battle-log {
			margin: 7px auto 0;
			max-width: 640px;
			height: 300px;
			position: static;
		}
	}
	.optgroup {
		display: inline-block;
		line-height: 22px;
		font-size: 10pt;
	}
	.optgroup .button {
		height: 25px;
		padding-top: 0;
		padding-bottom: 0;
	}
	.optgroup button.button {
		padding-left: 12px;
		padding-right: 12px;
	}
	.linklist {
		list-style: none;
		margin: 0.5em 0;
		padding: 0;
	}
	.linklist li {
		padding: 2px 0;
	}
	.sidebar {
		float: left;
		width: 320px;
	}
	.bar-wrapper {
		max-width: 1100px;
		margin: 0 auto;
	}
	.bar-wrapper.has-sidebar {
		max-width: 1430px;
	}
	.mainbar {
		margin: 0;
		padding-right: 1px;
	}
	.mainbar.has-sidebar {
		margin-left: 330px;
	}
	@media (min-width: 1511px) {
		.sidebar {
			width: 400px;
		}
		.bar-wrapper.has-sidebar {
			max-width: 1510px;
		}
		.mainbar.has-sidebar {
			margin-left: 410px;
		}
	}
	.section.first-section {
		margin-top: 9px;
	}
	.blocklink small {
		white-space: normal;
	}
	.button {
		vertical-align: middle;
	}
	.replay-controls {
		padding-top: 10px;
	}
	.replay-controls h1 {
		font-size: 16pt;
		font-weight: normal;
		color: #CCC;
	}
	.pagelink {
		text-align: center;
	}
	.pagelink a {
		width: 150px;
	}
	.textbox, .button {
		font-size: 11pt;
		vertical-align: middle;
	}
	@media (max-width: 450px) {
		.button {
			font-size: 9pt;
		}
	}
</style>

<div>

	<header>
		<div class="nav-wrapper"><ul class="nav">
			<li><a class="button nav-first" href="//pokemonshowdown.com/"><img src="//pokemonshowdown.com/images/pokemonshowdownbeta.png" srcset="//pokemonshowdown.com/images/pokemonshowdownbeta.png 1x, //pokemonshowdown.com/images/pokemonshowdownbeta@2x.png 2x" alt="Pok&eacute;mon Showdown" width="146" height="44" /> Home</a></li>
			<li><a class="button" href="//pokemonshowdown.com/dex/">Pok&eacute;dex</a></li>
			<li><a class="button cur" href="/">Replays</a></li>
			<li><a class="button" href="//pokemonshowdown.com/ladder/">Ladder</a></li>
			<li><a class="button nav-last" href="//pokemonshowdown.com/forums/">Forum</a></li>
			<li><a class="button greenbutton nav-first nav-last" href="//play.pokemonshowdown.com/">Play</a></li>
		</ul></div>
	</header>

	<div class="main" id="main">

		<noscript><section class="section">You need to enable JavaScript to use this page; sorry!</section></noscript>

	</div>

</div>

<script defer nomodule src="//play.pokemonshowdown.com/js/lib/ps-polyfill.js"></script>
<script defer src="//play.pokemonshowdown.com/js/lib/preact.min.js"></script>

<script defer src="//play.pokemonshowdown.com/config/config.js?2bddbc15"></script>
<script defer src="//play.pokemonshowdown.com/js/lib/jquery-1.11.0.min.js"></script>
<script defer src="//play.pokemonshowdown.com/js/lib/html-sanitizer-minified.js"></script>
<script defer src="//play.pokemonshowdown.com/js/battle-sound.js"></script>
<script defer src="//play.pokemonshowdown.com/js/battledata.js?0.7209276989879541"></script>
<script defer src="//play.pokemonshowdown.com/data/pokedex-mini.js?0.6111056340867951"></script>
<script defer src="//play.pokemonshowdown.com/data/pokedex-mini-bw.js?0.3532142036491459"></script>
<script defer src="//play.pokemonshowdown.com/data/graphics.js?0.24223875632456182"></script>
<script defer src="//play.pokemonshowdown.com/data/pokedex.js?0.38839984266356864"></script>
<script defer src="//play.pokemonshowdown.com/data/moves.js?0.21866028504024015"></script>
<script defer src="//play.pokemonshowdown.com/data/abilities.js?0.2005157953846628"></script>
<script defer src="//play.pokemonshowdown.com/data/items.js?0.9894211263848525"></script>
<script defer src="//play.pokemonshowdown.com/data/teambuilder-tables.js?0.6008791140282215"></script>
<script defer src="//play.pokemonshowdown.com/js/battle-tooltips.js?0.7580118955022959"></script>
<script defer src="//play.pokemonshowdown.com/js/battle.js?0.6057722274234274"></script>

<script defer src="js/utils.js?e31f9a17"></script>
<script defer src="js/replays-battle.js?7008c182"></script>

<!-- don't scrape this data! just add .json or .log after the URL!
Full API docs: https://github.com/smogon/pokemon-showdown-client/blob/master/WEB-API.md -->
<script type="text/plain" class="log" id="replaylog-smogtours-gen3ou-801328">
|inactive|Battle timer is ON: inactive players will automatically lose when time's up.
|t:|1729646107
|gametype|singles
|player|p1|billclintonlol|lucas|
|player|p2|5darkelves|scientist|
|teamsize|p1|6
|teamsize|p2|6
|gen|3
|tier|[Gen 3] OU
|rule|Sleep Clause Mod: Limit one foe put to sleep
|rule|Switch Priority Clause Mod: Faster Pokémon switch first
|rule|Species Clause: Limit one of each Pokémon
|rule|OHKO Clause: OHKO moves are banned
|rule|Evasion Items Clause: Evasion items are banned
|rule|Evasion Moves Clause: Evasion moves are banned
|rule|Endless Battle Clause: Forcing endless battles is banned
|rule|HP Percentage Mod: HP is shown in percentages
|rule|One Boost Passer Clause: Limit one Baton Passer that has a way to boost its stats
|rule|Freeze Clause Mod: Limit one foe frozen
|
|t:|1729646107
|start
|switch|p1a: 10|Skarmory, F|100/100
|switch|p2a: Zapdos|Zapdos|100/100
|turn|1
|
|t:|1729646113
|switch|p1a: 11|Blissey, F|100/100
|move|p2a: Zapdos|Substitute|p2a: Zapdos
|-start|p2a: Zapdos|Substitute
|-damage|p2a: Zapdos|76/100
|
|-heal|p2a: Zapdos|82/100|[from] item: Leftovers
|upkeep
|turn|2
|
|t:|1729646116
|move|p2a: Zapdos|Baton Pass|p2a: Zapdos
|
|t:|1729646118
|switch|p2a: Breloom|Breloom, F|100/100|[from] Baton Pass
|move|p1a: 11|Ice Beam|p2a: Breloom
|-supereffective|p2a: Breloom
|-end|p2a: Breloom|Substitute
|
|upkeep
|turn|3
|
|t:|1729646132
|move|p2a: Breloom|Spore|p1a: 11
|-status|p1a: 11|slp|[from] move: Spore
|cant|p1a: 11|slp
|
|upkeep
|turn|4
|
|t:|1729646137
|-singleturn|p2a: Breloom|move: Focus Punch
|-curestatus|p1a: 11|slp|[from] ability: Natural Cure
|switch|p1a: 14|Gengar, F|100/100
|move|p2a: Breloom|Focus Punch|p1a: 14
|-immune|p1a: 14
|
|upkeep
|turn|5
|
|t:|1729646147
|switch|p2a: Tyranitar|Tyranitar, M|100/100
|-weather|Sandstorm|[from] ability: Sand Stream|[of] p2a: Tyranitar
|move|p1a: 14|Will-O-Wisp|p2a: Tyranitar
|-status|p2a: Tyranitar|brn
|
|-weather|Sandstorm|[upkeep]
|-damage|p1a: 14|95/100|[from] Sandstorm
|-heal|p1a: 14|100/100|[from] item: Leftovers
|-damage|p2a: Tyranitar|88/100 brn|[from] brn
|upkeep
|turn|6
|inactive|billclintonlol has 270 seconds left.
|
|t:|1729646189
|-activate|p1a: 14|move: Pursuit
|move|p2a: Tyranitar|Pursuit|p1a: 14|[from]Pursuit
|-supereffective|p1a: 14
|-damage|p1a: 14|10/100
|switch|p1a: 10|Skarmory, F|100/100
|
|-weather|Sandstorm|[upkeep]
|-heal|p2a: Tyranitar|94/100 brn|[from] item: Leftovers
|-damage|p2a: Tyranitar|82/100 brn|[from] brn
|upkeep
|turn|7
|
|t:|1729646196
|move|p2a: Tyranitar|Fire Blast|p1a: 10
|-supereffective|p1a: 10
|-crit|p1a: 10
|-damage|p1a: 10|0 fnt
|faint|p1a: 10
|c|☆5darkelves|mb
|
|t:|1729646204
|switch|p1a: 15|Starmie|100/100
|
|-weather|Sandstorm|[upkeep]
|-damage|p1a: 15|94/100|[from] Sandstorm
|-heal|p1a: 15|100/100|[from] item: Leftovers
|-heal|p2a: Tyranitar|88/100 brn|[from] item: Leftovers
|-damage|p2a: Tyranitar|76/100 brn|[from] brn
|upkeep
|turn|8
|
|t:|1729646221
|move|p1a: 15|Hydro Pump|p2a: Tyranitar
|-supereffective|p2a: Tyranitar
|-damage|p2a: Tyranitar|0 fnt
|faint|p2a: Tyranitar
|
|t:|1729646228
|switch|p2a: Zapdos|Zapdos|82/100
|
|-weather|Sandstorm|[upkeep]
|-damage|p1a: 15|94/100|[from] Sandstorm
|-damage|p2a: Zapdos|76/100|[from] Sandstorm
|-heal|p1a: 15|100/100|[from] item: Leftovers
|-heal|p2a: Zapdos|82/100|[from] item: Leftovers
|upkeep
|turn|9
|
|t:|1729646232
|switch|p1a: 11|Blissey, F|100/100
|move|p2a: Zapdos|Thunderbolt|p1a: 11
|-damage|p1a: 11|79/100
|
|-weather|Sandstorm|[upkeep]
|-damage|p2a: Zapdos|76/100|[from] Sandstorm
|-damage|p1a: 11|73/100|[from] Sandstorm
|-heal|p2a: Zapdos|82/100|[from] item: Leftovers
|-heal|p1a: 11|79/100|[from] item: Leftovers
|upkeep
|turn|10
|
|t:|1729646237
|move|p2a: Zapdos|Substitute|p2a: Zapdos
|-start|p2a: Zapdos|Substitute
|-damage|p2a: Zapdos|57/100
|move|p1a: 11|Toxic|p2a: Zapdos|[miss]
|-miss|p1a: 11|p2a: Zapdos
|
|-weather|Sandstorm|[upkeep]
|-damage|p2a: Zapdos|51/100|[from] Sandstorm
|-damage|p1a: 11|73/100|[from] Sandstorm
|-heal|p2a: Zapdos|57/100|[from] item: Leftovers
|-heal|p1a: 11|79/100|[from] item: Leftovers
|upkeep
|turn|11
|
|t:|1729646241
|move|p2a: Zapdos|Baton Pass|p2a: Zapdos
|
|t:|1729646244
|switch|p2a: Breloom|Breloom, F|100/100|[from] Baton Pass
|move|p1a: 11|Ice Beam|p2a: Breloom
|-supereffective|p2a: Breloom
|-end|p2a: Breloom|Substitute
|
|-weather|Sandstorm|[upkeep]
|-damage|p2a: Breloom|94/100|[from] Sandstorm
|-damage|p1a: 11|73/100|[from] Sandstorm
|-heal|p2a: Breloom|100/100|[from] item: Leftovers
|-heal|p1a: 11|79/100|[from] item: Leftovers
|upkeep
|turn|12
|
|t:|1729646252
|switch|p1a: 12|Tyranitar, F|100/100
|move|p2a: Breloom|Spore|p1a: 12
|-status|p1a: 12|slp|[from] move: Spore
|
|-weather|Sandstorm|[upkeep]
|-damage|p2a: Breloom|94/100|[from] Sandstorm
|-heal|p2a: Breloom|100/100|[from] item: Leftovers
|upkeep
|turn|13
|
|t:|1729646260
|switch|p1a: 14|Gengar, F|10/100
|move|p2a: Breloom|Hidden Power|p1a: 14
|-supereffective|p1a: 14
|-damage|p1a: 14|0 fnt
|faint|p1a: 14
|
|t:|1729646263
|switch|p1a: 15|Starmie|100/100
|
|-weather|Sandstorm|[upkeep]
|-damage|p1a: 15|94/100|[from] Sandstorm
|-damage|p2a: Breloom|94/100|[from] Sandstorm
|-heal|p1a: 15|100/100|[from] item: Leftovers
|-heal|p2a: Breloom|100/100|[from] item: Leftovers
|upkeep
|turn|14
|
|t:|1729646277
|switch|p2a: Zapdos|Zapdos|57/100
|move|p1a: 15|Ice Beam|p2a: Zapdos
|-supereffective|p2a: Zapdos
|-damage|p2a: Zapdos|2/100
|
|-weather|Sandstorm|[upkeep]
|-damage|p1a: 15|94/100|[from] Sandstorm
|-damage|p2a: Zapdos|0 fnt|[from] Sandstorm
|faint|p2a: Zapdos
|-heal|p1a: 15|100/100|[from] item: Leftovers
|upkeep
|
|t:|1729646285
|switch|p2a: Metagross|Metagross|100/100
|turn|15
|
|t:|1729646288
|switch|p1a: 13|Swampert, F|100/100
|move|p2a: Metagross|Explosion|p1a: 13
|-damage|p1a: 13|0 fnt
|faint|p2a: Metagross
|faint|p1a: 13
|
|t:|1729646295
|switch|p2a: Suicune|Suicune|100/100
|switch|p1a: 15|Starmie|100/100
|
|-weather|Sandstorm|[upkeep]
|-damage|p1a: 15|94/100|[from] Sandstorm
|-damage|p2a: Suicune|94/100|[from] Sandstorm
|-heal|p1a: 15|100/100|[from] item: Leftovers
|-heal|p2a: Suicune|100/100|[from] item: Leftovers
|upkeep
|turn|16
|
|t:|1729646300
|move|p1a: 15|Thunderbolt|p2a: Suicune
|-supereffective|p2a: Suicune
|-damage|p2a: Suicune|59/100
|move|p2a: Suicune|Calm Mind|p2a: Suicune
|-boost|p2a: Suicune|spa|1
|-boost|p2a: Suicune|spd|1
|
|-weather|Sandstorm|[upkeep]
|-damage|p1a: 15|94/100|[from] Sandstorm
|-damage|p2a: Suicune|53/100|[from] Sandstorm
|-heal|p1a: 15|100/100|[from] item: Leftovers
|-heal|p2a: Suicune|59/100|[from] item: Leftovers
|upkeep
|turn|17
|inactive|5darkelves has 270 seconds left.
|
|t:|1729646353
|move|p1a: 15|Thunderbolt|p2a: Suicune
|-supereffective|p2a: Suicune
|-damage|p2a: Suicune|31/100
|-status|p2a: Suicune|par
|move|p2a: Suicune|Calm Mind|p2a: Suicune
|-boost|p2a: Suicune|spa|1
|-boost|p2a: Suicune|spd|1
|
|-weather|Sandstorm|[upkeep]
|-damage|p1a: 15|94/100|[from] Sandstorm
|-damage|p2a: Suicune|25/100 par|[from] Sandstorm
|-heal|p1a: 15|100/100|[from] item: Leftovers
|-heal|p2a: Suicune|31/100 par|[from] item: Leftovers
|upkeep
|turn|18
|
|t:|1729646359
|move|p1a: 15|Thunderbolt|p2a: Suicune
|-supereffective|p2a: Suicune
|-damage|p2a: Suicune|11/100 par
|move|p2a: Suicune|Rest|p2a: Suicune
|-status|p2a: Suicune|slp|[from] move: Rest
|-heal|p2a: Suicune|100/100 slp|[silent]
|
|-weather|Sandstorm|[upkeep]
|-damage|p1a: 15|94/100|[from] Sandstorm
|-damage|p2a: Suicune|94/100 slp|[from] Sandstorm
|-heal|p1a: 15|100/100|[from] item: Leftovers
|-heal|p2a: Suicune|100/100 slp|[from] item: Leftovers
|upkeep
|turn|19
|
|t:|1729646366
|move|p1a: 15|Thunderbolt|p2a: Suicune
|-supereffective|p2a: Suicune
|-damage|p2a: Suicune|81/100 slp
|cant|p2a: Suicune|slp
|
|-weather|Sandstorm|[upkeep]
|-damage|p1a: 15|94/100|[from] Sandstorm
|-damage|p2a: Suicune|75/100 slp|[from] Sandstorm
|-heal|p1a: 15|100/100|[from] item: Leftovers
|-heal|p2a: Suicune|81/100 slp|[from] item: Leftovers
|upkeep
|turn|20
|
|t:|1729646369
|move|p1a: 15|Thunderbolt|p2a: Suicune
|-supereffective|p2a: Suicune
|-damage|p2a: Suicune|59/100 slp
|cant|p2a: Suicune|slp
|
|-weather|Sandstorm|[upkeep]
|-damage|p1a: 15|94/100|[from] Sandstorm
|-damage|p2a: Suicune|53/100 slp|[from] Sandstorm
|-heal|p1a: 15|100/100|[from] item: Leftovers
|-heal|p2a: Suicune|59/100 slp|[from] item: Leftovers
|upkeep
|turn|21
|
|t:|1729646375
|move|p1a: 15|Thunderbolt|p2a: Suicune
|-supereffective|p2a: Suicune
|-damage|p2a: Suicune|37/100 slp
|-curestatus|p2a: Suicune|slp|[msg]
|move|p2a: Suicune|Calm Mind|p2a: Suicune
|-boost|p2a: Suicune|spa|1
|-boost|p2a: Suicune|spd|1
|
|-weather|Sandstorm|[upkeep]
|-damage|p1a: 15|94/100|[from] Sandstorm
|-damage|p2a: Suicune|31/100|[from] Sandstorm
|-heal|p1a: 15|100/100|[from] item: Leftovers
|-heal|p2a: Suicune|37/100|[from] item: Leftovers
|upkeep
|turn|22
|inactive|5darkelves has 270 seconds left.
|
|t:|1729646408
|move|p1a: 15|Thunderbolt|p2a: Suicune
|-supereffective|p2a: Suicune
|-damage|p2a: Suicune|21/100
|move|p2a: Suicune|Rest|p2a: Suicune
|-status|p2a: Suicune|slp|[from] move: Rest
|-heal|p2a: Suicune|100/100 slp|[silent]
|
|-weather|Sandstorm|[upkeep]
|-damage|p1a: 15|94/100|[from] Sandstorm
|-damage|p2a: Suicune|94/100 slp|[from] Sandstorm
|-heal|p1a: 15|100/100|[from] item: Leftovers
|-heal|p2a: Suicune|100/100 slp|[from] item: Leftovers
|upkeep
|turn|23
|
|t:|1729646412
|move|p1a: 15|Thunderbolt|p2a: Suicune
|-supereffective|p2a: Suicune
|-damage|p2a: Suicune|84/100 slp
|cant|p2a: Suicune|slp
|
|-weather|Sandstorm|[upkeep]
|-damage|p1a: 15|94/100|[from] Sandstorm
|-damage|p2a: Suicune|78/100 slp|[from] Sandstorm
|-heal|p1a: 15|100/100|[from] item: Leftovers
|-heal|p2a: Suicune|84/100 slp|[from] item: Leftovers
|upkeep
|turn|24
|
|t:|1729646417
|move|p1a: 15|Thunderbolt|p2a: Suicune
|-supereffective|p2a: Suicune
|-damage|p2a: Suicune|66/100 slp
|cant|p2a: Suicune|slp
|
|-weather|Sandstorm|[upkeep]
|-damage|p1a: 15|94/100|[from] Sandstorm
|-damage|p2a: Suicune|59/100 slp|[from] Sandstorm
|-heal|p1a: 15|100/100|[from] item: Leftovers
|-heal|p2a: Suicune|66/100 slp|[from] item: Leftovers
|upkeep
|turn|25
|
|t:|1729646419
|move|p1a: 15|Thunderbolt|p2a: Suicune
|-supereffective|p2a: Suicune
|-damage|p2a: Suicune|48/100 slp
|-curestatus|p2a: Suicune|slp|[msg]
|move|p2a: Suicune|Surf|p1a: 15
|-resisted|p1a: 15
|-damage|p1a: 15|47/100
|
|-weather|Sandstorm|[upkeep]
|-damage|p1a: 15|41/100|[from] Sandstorm
|-damage|p2a: Suicune|42/100|[from] Sandstorm
|-heal|p1a: 15|47/100|[from] item: Leftovers
|-heal|p2a: Suicune|48/100|[from] item: Leftovers
|upkeep
|turn|26
|
|t:|1729646425
|move|p1a: 15|Thunderbolt|p2a: Suicune
|-supereffective|p2a: Suicune
|-damage|p2a: Suicune|32/100
|move|p2a: Suicune|Surf|p1a: 15
|-resisted|p1a: 15
|-damage|p1a: 15|0 fnt
|faint|p1a: 15
|
|t:|1729646428
|switch|p1a: 11|Blissey, F|79/100
|
|-weather|Sandstorm|[upkeep]
|-damage|p2a: Suicune|26/100|[from] Sandstorm
|-damage|p1a: 11|73/100|[from] Sandstorm
|-heal|p2a: Suicune|32/100|[from] item: Leftovers
|-heal|p1a: 11|79/100|[from] item: Leftovers
|upkeep
|turn|27
|
|t:|1729646455
|move|p2a: Suicune|Surf|p1a: 11
|-damage|p1a: 11|51/100
|move|p1a: 11|Thunderbolt|p2a: Suicune
|-supereffective|p2a: Suicune
|-damage|p2a: Suicune|17/100
|
|-weather|Sandstorm|[upkeep]
|-damage|p2a: Suicune|11/100|[from] Sandstorm
|-damage|p1a: 11|45/100|[from] Sandstorm
|-heal|p2a: Suicune|17/100|[from] item: Leftovers
|-heal|p1a: 11|51/100|[from] item: Leftovers
|upkeep
|turn|28
|
|t:|1729646461
|move|p2a: Suicune|Rest|p2a: Suicune
|-status|p2a: Suicune|slp|[from] move: Rest
|-heal|p2a: Suicune|100/100 slp|[silent]
|move|p1a: 11|Thunderbolt|p2a: Suicune
|-supereffective|p2a: Suicune
|-crit|p2a: Suicune
|-damage|p2a: Suicune|19/100 slp
|
|-weather|Sandstorm|[upkeep]
|-damage|p2a: Suicune|12/100 slp|[from] Sandstorm
|-damage|p1a: 11|45/100|[from] Sandstorm
|-heal|p2a: Suicune|19/100 slp|[from] item: Leftovers
|-heal|p1a: 11|51/100|[from] item: Leftovers
|upkeep
|turn|29
|
|t:|1729646465
|cant|p2a: Suicune|slp
|move|p1a: 11|Thunderbolt|p2a: Suicune
|-supereffective|p2a: Suicune
|-damage|p2a: Suicune|3/100 slp
|
|-weather|Sandstorm|[upkeep]
|-damage|p2a: Suicune|0 fnt|[from] Sandstorm
|-damage|p1a: 11|45/100|[from] Sandstorm
|faint|p2a: Suicune
|-heal|p1a: 11|51/100|[from] item: Leftovers
|upkeep
|
|t:|1729646478
|switch|p2a: Moltres|Moltres|100/100
|turn|30
|
|t:|1729646481
|move|p2a: Moltres|Will-O-Wisp|p1a: 11|[miss]
|-miss|p2a: Moltres|p1a: 11
|move|p1a: 11|Soft-Boiled|p1a: 11
|-heal|p1a: 11|100/100
|
|-weather|Sandstorm|[upkeep]
|-damage|p2a: Moltres|94/100|[from] Sandstorm
|-damage|p1a: 11|94/100|[from] Sandstorm
|-heal|p2a: Moltres|100/100|[from] item: Leftovers
|-heal|p1a: 11|100/100|[from] item: Leftovers
|upkeep
|turn|31
|
|t:|1729646485
|move|p2a: Moltres|Will-O-Wisp|p1a: 11
|-status|p1a: 11|brn
|move|p1a: 11|Toxic|p2a: Moltres
|-status|p2a: Moltres|tox
|
|-weather|Sandstorm|[upkeep]
|-damage|p2a: Moltres|94/100 tox|[from] Sandstorm
|-damage|p1a: 11|94/100 brn|[from] Sandstorm
|-heal|p2a: Moltres|100/100 tox|[from] item: Leftovers
|-damage|p2a: Moltres|94/100 tox|[from] psn
|-heal|p1a: 11|100/100 brn|[from] item: Leftovers
|-damage|p1a: 11|88/100 brn|[from] brn
|upkeep
|turn|32
|
|t:|1729646490
|switch|p2a: Breloom|Breloom, F|100/100
|move|p1a: 11|Thunderbolt|p2a: Breloom
|-resisted|p2a: Breloom
|-damage|p2a: Breloom|74/100
|
|-weather|Sandstorm|[upkeep]
|-damage|p2a: Breloom|68/100|[from] Sandstorm
|-damage|p1a: 11|82/100 brn|[from] Sandstorm
|-heal|p2a: Breloom|74/100|[from] item: Leftovers
|-heal|p1a: 11|88/100 brn|[from] item: Leftovers
|-damage|p1a: 11|76/100 brn|[from] brn
|upkeep
|turn|33
|
|t:|1729646495
|move|p2a: Breloom|Leech Seed|p1a: 11
|-start|p1a: 11|move: Leech Seed
|move|p1a: 11|Ice Beam|p2a: Breloom
|-supereffective|p2a: Breloom
|-damage|p2a: Breloom|0 fnt
|faint|p2a: Breloom
|
|t:|1729646503
|switch|p2a: Moltres|Moltres|94/100 tox
|
|-weather|Sandstorm|[upkeep]
|-damage|p2a: Moltres|88/100 tox|[from] Sandstorm
|-damage|p1a: 11|69/100 brn|[from] Sandstorm
|-heal|p2a: Moltres|94/100 tox|[from] item: Leftovers
|-damage|p2a: Moltres|88/100 tox|[from] psn
|-heal|p1a: 11|76/100 brn|[from] item: Leftovers
|-damage|p1a: 11|63/100 brn|[from] Leech Seed|[of] p2a: Moltres
|-heal|p2a: Moltres|100/100 tox|[silent]
|-damage|p1a: 11|51/100 brn|[from] brn
|upkeep
|turn|34
|
|t:|1729646510
|-curestatus|p1a: 11|brn|[from] ability: Natural Cure
|switch|p1a: 12|Tyranitar, F|100/100 slp
|move|p2a: Moltres|Flamethrower|p1a: 12
|-resisted|p1a: 12
|-damage|p1a: 12|83/100 slp
|
|-weather|Sandstorm|[upkeep]
|-damage|p2a: Moltres|94/100 tox|[from] Sandstorm
|-heal|p2a: Moltres|100/100 tox|[from] item: Leftovers
|-damage|p2a: Moltres|88/100 tox|[from] psn
|-heal|p1a: 12|89/100 slp|[from] item: Leftovers
|upkeep
|turn|35
|
|t:|1729646515
|move|p2a: Moltres|Hidden Power|p1a: 12
|-supereffective|p1a: 12
|-damage|p1a: 12|50/100 slp
|cant|p1a: 12|slp
|
|-weather|Sandstorm|[upkeep]
|-damage|p2a: Moltres|82/100 tox|[from] Sandstorm
|-heal|p2a: Moltres|88/100 tox|[from] item: Leftovers
|-damage|p2a: Moltres|69/100 tox|[from] psn
|-heal|p1a: 12|56/100 slp|[from] item: Leftovers
|upkeep
|turn|36
|
|t:|1729646518
|move|p2a: Moltres|Hidden Power|p1a: 12
|-supereffective|p1a: 12
|-damage|p1a: 12|20/100 slp
|cant|p1a: 12|slp
|
|-weather|Sandstorm|[upkeep]
|-damage|p2a: Moltres|63/100 tox|[from] Sandstorm
|-heal|p2a: Moltres|69/100 tox|[from] item: Leftovers
|-damage|p2a: Moltres|44/100 tox|[from] psn
|-heal|p1a: 12|27/100 slp|[from] item: Leftovers
|upkeep
|turn|37
|
|t:|1729646520
|move|p2a: Moltres|Hidden Power|p1a: 12
|-supereffective|p1a: 12
|-damage|p1a: 12|0 fnt
|faint|p1a: 12
|
|t:|1729646522
|switch|p1a: 11|Blissey, F|51/100
|
|-weather|Sandstorm|[upkeep]
|-damage|p2a: Moltres|38/100 tox|[from] Sandstorm
|-damage|p1a: 11|45/100|[from] Sandstorm
|-heal|p2a: Moltres|44/100 tox|[from] item: Leftovers
|-damage|p2a: Moltres|13/100 tox|[from] psn
|-heal|p1a: 11|51/100|[from] item: Leftovers
|upkeep
|turn|38
|
|t:|1729646526
|move|p2a: Moltres|Overheat|p1a: 11
|-damage|p1a: 11|24/100
|-unboost|p2a: Moltres|spa|2
|move|p1a: 11|Soft-Boiled|p1a: 11
|-heal|p1a: 11|74/100
|
|-weather|Sandstorm|[upkeep]
|-damage|p2a: Moltres|7/100 tox|[from] Sandstorm
|-damage|p1a: 11|68/100|[from] Sandstorm
|-heal|p2a: Moltres|13/100 tox|[from] item: Leftovers
|-damage|p2a: Moltres|0 fnt|[from] psn
|faint|p2a: Moltres
|
|win|billclintonlol
|upkeep
|c|☆billclintonlol|gg
|c|☆5darkelves|gg
|player|p1|
|player|p1|billclintonlol|lucas|

</script>
<script type="application/json" class="data" id="replaydata-smogtours-gen3ou-801328">
{"id":"smogtours-gen3ou-801328","format":"[Gen 3] OU","players":["billclintonlol","5darkelves"],"uploadtime":1729646526,"views":71,"formatid":"gen3ou","rating":null,"private":0,"password":null}
</script>

<script defer src="js/replays.js?9d40a366"></script>
