<!DOCTYPE html>
<meta charset="utf-8" />
<meta name="viewport" content="width=device-width" />

<title>[Gen 3] OU: kaboom64 vs. Gulchittious Boi - Replays - Pok&eacute;mon Showdown!</title>

<meta name="description" content="Watch a replay of a Pok&eacute;mon battle between kaboom64 and Gulchittious Boi! Format: [Gen 3] OU; Date: Oct 22, 2024" />
<!--

Hey, you! Looking in the source for the replay log?

You can find them in JSON format, just add `.json` at the end of a replay URL.

https://replay.pokemonshowdown.com/gen7randomdoublesbattle-865046831.json

Or, if you only need the log itself, add `.log` instead:

https://replay.pokemonshowdown.com/gen7randomdoublesbattle-865046831.log

-->

<link rel="stylesheet" href="//pokemonshowdown.com/style/global.css?0.023195364461161105" />
<link rel="stylesheet" href="//play.pokemonshowdown.com/style/font-awesome.css?0.13261647063804238" />
<link rel="stylesheet" href="//play.pokemonshowdown.com/style/battle.css?0.8753245789963631" />
<link rel="stylesheet" href="//play.pokemonshowdown.com/style/utilichart.css?0.8627959624976733" />

<!-- Global site tag (gtag.js) - Google Analytics -->
<script async src="https://www.googletagmanager.com/gtag/js?id=UA-26211653-1"></script>
<script>
  window.dataLayer = window.dataLayer || [];
  function gtag(){dataLayer.push(arguments);}
  gtag('js', new Date());

  gtag('config', 'UA-26211653-1');
</script>
<!-- End Google Analytics -->
<!-- Venatus Ad Manager - Install in <HEAD> of page -->
	<script src="https://hb.vntsm.com/v3/live/ad-manager.min.js" type="text/javascript" data-site-id="642aba63ec9a7b11c3c9c1be" data-mode="scan" async></script>
<!-- / Venatus Ad Manager -->

<style>
	@media (max-width:820px) {
		.battle {
			margin: 0 auto;
		}
		.battle-log {
			margin: 7px auto 0;
			max-width: 640px;
			height: 300px;
			position: static;
		}
	}
	.optgroup {
		display: inline-block;
		line-height: 22px;
		font-size: 10pt;
	}
	.optgroup .button {
		height: 25px;
		padding-top: 0;
		padding-bottom: 0;
	}
	.optgroup button.button {
		padding-left: 12px;
		padding-right: 12px;
	}
	.linklist {
		list-style: none;
		margin: 0.5em 0;
		padding: 0;
	}
	.linklist li {
		padding: 2px 0;
	}
	.sidebar {
		float: left;
		width: 320px;
	}
	.bar-wrapper {
		max-width: 1100px;
		margin: 0 auto;
	}
	.bar-wrapper.has-sidebar {
		max-width: 1430px;
	}
	.mainbar {
		margin: 0;
		padding-right: 1px;
	}
	.mainbar.has-sidebar {
		margin-left: 330px;
	}
	@media (min-width: 1511px) {
		.sidebar {
			width: 400px;
		}
		.bar-wrapper.has-sidebar {
			max-width: 1510px;
		}
		.mainbar.has-sidebar {
			margin-left: 410px;
		}
	}
	.section.first-section {
		margin-top: 9px;
	}
	.blocklink small {
		white-space: normal;
	}
	.button {
		vertical-align: middle;
	}
	.replay-controls {
		padding-top: 10px;
	}
	.replay-controls h1 {
		font-size: 16pt;
		font-weight: normal;
		color: #CCC;
	}
	.pagelink {
		text-align: center;
	}
	.pagelink a {
		width: 150px;
	}
	.textbox, .button {
		font-size: 11pt;
		vertical-align: middle;
	}
	@media (max-width: 450px) {
		.button {
			font-size: 9pt;
		}
	}
</style>

<div>

	<header>
		<div class="nav-wrapper"><ul class="nav">
			<li><a class="button nav-first" href="//pokemonshowdown.com/"><img src="//pokemonshowdown.com/images/pokemonshowdownbeta.png" srcset="//pokemonshowdown.com/images/pokemonshowdownbeta.png 1x, //pokemonshowdown.com/images/pokemonshowdownbeta@2x.png 2x" alt="Pok&eacute;mon Showdown" width="146" height="44" /> Home</a></li>
			<li><a class="button" href="//pokemonshowdown.com/dex/">Pok&eacute;dex</a></li>
			<li><a class="button cur" href="/">Replays</a></li>
			<li><a class="button" href="//pokemonshowdown.com/ladder/">Ladder</a></li>
			<li><a class="button nav-last" href="//pokemonshowdown.com/forums/">Forum</a></li>
			<li><a class="button greenbutton nav-first nav-last" href="//play.pokemonshowdown.com/">Play</a></li>
		</ul></div>
	</header>

	<div class="main" id="main">

		<noscript><section class="section">You need to enable JavaScript to use this page; sorry!</section></noscript>

	</div>

</div>

<script defer nomodule src="//play.pokemonshowdown.com/js/lib/ps-polyfill.js"></script>
<script defer src="//play.pokemonshowdown.com/js/lib/preact.min.js"></script>

<script defer src="//play.pokemonshowdown.com/config/config.js?2bddbc15"></script>
<script defer src="//play.pokemonshowdown.com/js/lib/jquery-1.11.0.min.js"></script>
<script defer src="//play.pokemonshowdown.com/js/lib/html-sanitizer-minified.js"></script>
<script defer src="//play.pokemonshowdown.com/js/battle-sound.js"></script>
<script defer src="//play.pokemonshowdown.com/js/battledata.js?0.7209276989879541"></script>
<script defer src="//play.pokemonshowdown.com/data/pokedex-mini.js?0.6111056340867951"></script>
<script defer src="//play.pokemonshowdown.com/data/pokedex-mini-bw.js?0.3532142036491459"></script>
<script defer src="//play.pokemonshowdown.com/data/graphics.js?0.24223875632456182"></script>
<script defer src="//play.pokemonshowdown.com/data/pokedex.js?0.38839984266356864"></script>
<script defer src="//play.pokemonshowdown.com/data/moves.js?0.21866028504024015"></script>
<script defer src="//play.pokemonshowdown.com/data/abilities.js?0.2005157953846628"></script>
<script defer src="//play.pokemonshowdown.com/data/items.js?0.9894211263848525"></script>
<script defer src="//play.pokemonshowdown.com/data/teambuilder-tables.js?0.6008791140282215"></script>
<script defer src="//play.pokemonshowdown.com/js/battle-tooltips.js?0.7580118955022959"></script>
<script defer src="//play.pokemonshowdown.com/js/battle.js?0.6057722274234274"></script>

<script defer src="js/utils.js?e31f9a17"></script>
<script defer src="js/replays-battle.js?7008c182"></script>

<!-- don't scrape this data! just add .json or .log after the URL!
Full API docs: https://github.com/smogon/pokemon-showdown-client/blob/master/WEB-API.md -->
<script type="text/plain" class="log" id="replaylog-smogtours-gen3ou-801254">
|inactive|Battle timer is ON: inactive players will automatically lose when time's up.
|badge|p1|bronze|gen9lc|100-3
|uhtml|medal-msg|<div class="broadcast-blue">Curious what those medals under the avatar are? PS now has Ladder Seasons! For more information, check out the <a href="https://www.smogon.com/forums/threads/3740067/">thread on Smogon.<\/a><\/div>
|t:|1729628137
|gametype|singles
|player|p1|kaboom64|#lcplxiiipipluppatrol|
|player|p2|Gulchittious Boi|scientist-gen4dp|
|teamsize|p1|6
|teamsize|p2|6
|gen|3
|tier|[Gen 3] OU
|rule|Sleep Clause Mod: Limit one foe put to sleep
|rule|Switch Priority Clause Mod: Faster Pokémon switch first
|rule|Species Clause: Limit one of each Pokémon
|rule|OHKO Clause: OHKO moves are banned
|rule|Evasion Items Clause: Evasion items are banned
|rule|Evasion Moves Clause: Evasion moves are banned
|rule|Endless Battle Clause: Forcing endless battles is banned
|rule|HP Percentage Mod: HP is shown in percentages
|rule|One Boost Passer Clause: Limit one Baton Passer that has a way to boost its stats
|rule|Freeze Clause Mod: Limit one foe frozen
|
|t:|1729628137
|start
|switch|p1a: Tyranitar|Tyranitar, F|100/100
|switch|p2a: Jolteon|Jolteon, F|100/100
|-weather|Sandstorm|[from] ability: Sand Stream|[of] p1a: Tyranitar
|turn|1
|
|t:|1729628161
|-singleturn|p1a: Tyranitar|move: Focus Punch
|switch|p2a: Swampert|Swampert, F|100/100
|move|p1a: Tyranitar|Focus Punch|p2a: Swampert
|-damage|p2a: Swampert|42/100
|
|-weather|Sandstorm|[upkeep]
|-heal|p2a: Swampert|48/100|[from] item: Leftovers
|upkeep
|turn|2
|
|t:|1729628175
|switch|p1a: Cloyster|Cloyster, M|100/100
|switch|p2a: Jolteon|Jolteon, F|100/100
|
|-weather|Sandstorm|[upkeep]
|-damage|p2a: Jolteon|94/100|[from] Sandstorm
|-damage|p1a: Cloyster|95/100|[from] Sandstorm
|-heal|p2a: Jolteon|100/100|[from] item: Leftovers
|-heal|p1a: Cloyster|100/100|[from] item: Leftovers
|upkeep
|turn|3
|
|t:|1729628187
|switch|p1a: Swampert|Swampert, F|100/100
|move|p2a: Jolteon|Thunder Wave|p1a: Swampert
|-immune|p1a: Swampert
|
|-weather|Sandstorm|[upkeep]
|-damage|p2a: Jolteon|94/100|[from] Sandstorm
|-heal|p2a: Jolteon|100/100|[from] item: Leftovers
|upkeep
|turn|4
|
|t:|1729628206
|switch|p2a: Cloyster|Cloyster, F|100/100
|move|p1a: Swampert|Earthquake|p2a: Cloyster
|-damage|p2a: Cloyster|71/100
|
|-weather|Sandstorm|[upkeep]
|-damage|p2a: Cloyster|65/100|[from] Sandstorm
|-heal|p2a: Cloyster|71/100|[from] item: Leftovers
|upkeep
|turn|5
|
|t:|1729628213
|-singleturn|p1a: Swampert|move: Focus Punch
|move|p2a: Cloyster|Ice Beam|p1a: Swampert
|-damage|p1a: Swampert|74/100
|move|p1a: Swampert|Focus Punch||[still]
|cant|p1a: Swampert|Focus Punch|Focus Punch
|
|-weather|Sandstorm|[upkeep]
|-damage|p2a: Cloyster|65/100|[from] Sandstorm
|-heal|p2a: Cloyster|71/100|[from] item: Leftovers
|-heal|p1a: Swampert|80/100|[from] item: Leftovers
|upkeep
|turn|6
|
|t:|1729628223
|-singleturn|p1a: Swampert|move: Focus Punch
|move|p2a: Cloyster|Spikes|p1a: Swampert
|-sidestart|p1: kaboom64|Spikes
|move|p1a: Swampert|Focus Punch|p2a: Cloyster
|-supereffective|p2a: Cloyster
|-damage|p2a: Cloyster|11/100
|
|-weather|Sandstorm|[upkeep]
|-damage|p2a: Cloyster|5/100|[from] Sandstorm
|-heal|p2a: Cloyster|11/100|[from] item: Leftovers
|-heal|p1a: Swampert|86/100|[from] item: Leftovers
|upkeep
|turn|7
|
|t:|1729628226
|switch|p1a: Gengar|Gengar, M|100/100
|move|p2a: Cloyster|Ice Beam|p1a: Gengar
|-damage|p1a: Gengar|68/100
|
|-weather|Sandstorm|[upkeep]
|-damage|p1a: Gengar|62/100|[from] Sandstorm
|-damage|p2a: Cloyster|5/100|[from] Sandstorm
|-heal|p1a: Gengar|68/100|[from] item: Leftovers
|-heal|p2a: Cloyster|11/100|[from] item: Leftovers
|upkeep
|turn|8
|
|t:|1729628235
|switch|p2a: Jolteon|Jolteon, F|100/100
|move|p1a: Gengar|Giga Drain|p2a: Jolteon
|-damage|p2a: Jolteon|74/100
|-heal|p1a: Gengar|81/100|[from] drain|[of] p2a: Jolteon
|
|-weather|Sandstorm|[upkeep]
|-damage|p2a: Jolteon|67/100|[from] Sandstorm
|-damage|p1a: Gengar|75/100|[from] Sandstorm
|-heal|p2a: Jolteon|74/100|[from] item: Leftovers
|-heal|p1a: Gengar|81/100|[from] item: Leftovers
|upkeep
|turn|9
|
|t:|1729628260
|switch|p2a: Cloyster|Cloyster, F|11/100
|move|p1a: Gengar|Explosion|p2a: Cloyster
|-damage|p2a: Cloyster|0 fnt
|faint|p1a: Gengar
|faint|p2a: Cloyster
|
|t:|1729628277
|switch|p1a: Swampert|Swampert, F|86/100
|switch|p2a: Gengar|Gengar, M|100/100
|-damage|p1a: Swampert|74/100|[from] Spikes
|
|-weather|Sandstorm|[upkeep]
|-damage|p2a: Gengar|94/100|[from] Sandstorm
|-heal|p2a: Gengar|100/100|[from] item: Leftovers
|-heal|p1a: Swampert|80/100|[from] item: Leftovers
|upkeep
|turn|10
|inactive|kaboom64 has 270 seconds left.
|
|t:|1729628300
|switch|p1a: Jolteon|Jolteon, F|100/100
|-damage|p1a: Jolteon|88/100|[from] Spikes
|move|p2a: Gengar|Ice Punch|p1a: Jolteon
|-damage|p1a: Jolteon|55/100
|
|-weather|Sandstorm|[upkeep]
|-damage|p1a: Jolteon|50/100|[from] Sandstorm
|-damage|p2a: Gengar|94/100|[from] Sandstorm
|-heal|p1a: Jolteon|55/100|[from] item: Leftovers
|-heal|p2a: Gengar|100/100|[from] item: Leftovers
|upkeep
|turn|11
|inactive|kaboom64 has 270 seconds left.
|
|t:|1729628314
|switch|p2a: Tyranitar|Tyranitar, F|100/100
|move|p1a: Jolteon|Thunder Wave|p2a: Tyranitar
|-status|p2a: Tyranitar|par
|-enditem|p2a: Tyranitar|Lum Berry|[eat]
|-curestatus|p2a: Tyranitar|par|[msg]
|
|-weather|Sandstorm|[upkeep]
|-damage|p1a: Jolteon|50/100|[from] Sandstorm
|-heal|p1a: Jolteon|55/100|[from] item: Leftovers
|upkeep
|turn|12
|inactive|kaboom64 has 270 seconds left.
|
|t:|1729628336
|move|p1a: Jolteon|Thunder Wave|p2a: Tyranitar
|-status|p2a: Tyranitar|par
|cant|p2a: Tyranitar|par
|
|-weather|Sandstorm|[upkeep]
|-damage|p1a: Jolteon|50/100|[from] Sandstorm
|-heal|p1a: Jolteon|55/100|[from] item: Leftovers
|upkeep
|turn|13
|
|t:|1729628345
|move|p1a: Jolteon|Thunderbolt|p2a: Tyranitar
|-damage|p2a: Tyranitar|57/100 par
|cant|p2a: Tyranitar|par
|
|-weather|Sandstorm|[upkeep]
|-damage|p1a: Jolteon|50/100|[from] Sandstorm
|-heal|p1a: Jolteon|55/100|[from] item: Leftovers
|upkeep
|turn|14
|
|t:|1729628349
|move|p1a: Jolteon|Thunderbolt|p2a: Tyranitar
|-damage|p2a: Tyranitar|13/100 par
|move|p2a: Tyranitar|Earthquake|p1a: Jolteon
|-supereffective|p1a: Jolteon
|-damage|p1a: Jolteon|0 fnt
|faint|p1a: Jolteon
|
|t:|1729628357
|switch|p1a: Tyranitar|Tyranitar, F|100/100
|-damage|p1a: Tyranitar|88/100|[from] Spikes
|
|-weather|Sandstorm|[upkeep]
|upkeep
|turn|15
|
|t:|1729628362
|move|p1a: Tyranitar|Brick Break|p2a: Tyranitar
|-supereffective|p2a: Tyranitar
|-damage|p2a: Tyranitar|0 fnt
|faint|p2a: Tyranitar
|
|t:|1729628369
|switch|p2a: Gengar|Gengar, M|100/100
|
|-weather|Sandstorm|[upkeep]
|-damage|p2a: Gengar|94/100|[from] Sandstorm
|-heal|p2a: Gengar|100/100|[from] item: Leftovers
|upkeep
|turn|16
|
|t:|1729628374
|move|p2a: Gengar|Giga Drain|p1a: Tyranitar
|-supereffective|p1a: Tyranitar
|-damage|p1a: Tyranitar|50/100
|move|p1a: Tyranitar|Rock Slide|p2a: Gengar|[miss]
|-miss|p1a: Tyranitar|p2a: Gengar
|
|-weather|Sandstorm|[upkeep]
|-damage|p2a: Gengar|94/100|[from] Sandstorm
|-heal|p2a: Gengar|100/100|[from] item: Leftovers
|upkeep
|turn|17
|
|t:|1729628380
|switch|p2a: Metagross|Metagross|100/100
|move|p1a: Tyranitar|Rock Slide|p2a: Metagross
|-resisted|p2a: Metagross
|-damage|p2a: Metagross|84/100
|
|-weather|Sandstorm|[upkeep]
|upkeep
|turn|18
|
|t:|1729628392
|switch|p1a: Swampert|Swampert, F|80/100
|-damage|p1a: Swampert|68/100|[from] Spikes
|move|p2a: Metagross|Meteor Mash|p1a: Swampert|[miss]
|-miss|p2a: Metagross|p1a: Swampert
|
|-weather|Sandstorm|[upkeep]
|-heal|p1a: Swampert|74/100|[from] item: Leftovers
|upkeep
|turn|19
|
|t:|1729628398
|switch|p2a: Gengar|Gengar, M|100/100
|move|p1a: Swampert|Hydro Pump|p2a: Gengar
|-damage|p2a: Gengar|43/100
|
|-weather|Sandstorm|[upkeep]
|-damage|p2a: Gengar|37/100|[from] Sandstorm
|-heal|p2a: Gengar|43/100|[from] item: Leftovers
|-heal|p1a: Swampert|80/100|[from] item: Leftovers
|upkeep
|turn|20
|
|t:|1729628405
|move|p2a: Gengar|Giga Drain|p1a: Swampert
|-supereffective|p1a: Swampert
|-damage|p1a: Swampert|3/100
|-heal|p2a: Gengar|100/100|[from] drain|[of] p1a: Swampert
|move|p1a: Swampert|Hydro Pump|p2a: Gengar
|-damage|p2a: Gengar|16/100
|
|-weather|Sandstorm|[upkeep]
|-damage|p2a: Gengar|10/100|[from] Sandstorm
|-heal|p2a: Gengar|16/100|[from] item: Leftovers
|-heal|p1a: Swampert|10/100|[from] item: Leftovers
|upkeep
|turn|21
|
|t:|1729628410
|move|p2a: Gengar|Giga Drain|p1a: Swampert
|-supereffective|p1a: Swampert
|-damage|p1a: Swampert|0 fnt
|-heal|p2a: Gengar|23/100|[from] drain|[of] p1a: Swampert
|faint|p1a: Swampert
|
|t:|1729628412
|switch|p1a: Moltres|Moltres|100/100
|
|-weather|Sandstorm|[upkeep]
|-damage|p2a: Gengar|17/100|[from] Sandstorm
|-damage|p1a: Moltres|94/100|[from] Sandstorm
|-heal|p2a: Gengar|23/100|[from] item: Leftovers
|-heal|p1a: Moltres|100/100|[from] item: Leftovers
|upkeep
|turn|22
|
|t:|1729628419
|switch|p2a: Swampert|Swampert, F|48/100
|move|p1a: Moltres|Flamethrower|p2a: Swampert
|-resisted|p2a: Swampert
|-damage|p2a: Swampert|20/100
|
|-weather|Sandstorm|[upkeep]
|-damage|p1a: Moltres|94/100|[from] Sandstorm
|-heal|p1a: Moltres|100/100|[from] item: Leftovers
|-heal|p2a: Swampert|26/100|[from] item: Leftovers
|upkeep
|turn|23
|
|t:|1729628425
|move|p1a: Moltres|Hidden Power|p2a: Swampert
|-supereffective|p2a: Swampert
|-damage|p2a: Swampert|0 fnt
|faint|p2a: Swampert
|
|t:|1729628426
|switch|p2a: Jolteon|Jolteon, F|74/100
|
|-weather|Sandstorm|[upkeep]
|-damage|p2a: Jolteon|67/100|[from] Sandstorm
|-damage|p1a: Moltres|94/100|[from] Sandstorm
|-heal|p2a: Jolteon|74/100|[from] item: Leftovers
|-heal|p1a: Moltres|100/100|[from] item: Leftovers
|upkeep
|turn|24
|
|t:|1729628439
|move|p2a: Jolteon|Thunderbolt|p1a: Moltres
|-supereffective|p1a: Moltres
|-damage|p1a: Moltres|4/100
|-status|p1a: Moltres|par
|move|p1a: Moltres|Flamethrower|p2a: Jolteon
|-damage|p2a: Jolteon|9/100
|
|-weather|Sandstorm|[upkeep]
|-damage|p2a: Jolteon|3/100|[from] Sandstorm
|-damage|p1a: Moltres|0 fnt|[from] Sandstorm
|faint|p1a: Moltres
|-heal|p2a: Jolteon|9/100|[from] item: Leftovers
|upkeep
|
|t:|1729628443
|switch|p1a: Tyranitar|Tyranitar, F|50/100
|-damage|p1a: Tyranitar|38/100|[from] Spikes
|turn|25
|
|t:|1729628449
|switch|p2a: Gengar|Gengar, M|23/100
|move|p1a: Tyranitar|Brick Break|p2a: Gengar
|-immune|p2a: Gengar
|
|-weather|Sandstorm|[upkeep]
|-damage|p2a: Gengar|17/100|[from] Sandstorm
|-heal|p2a: Gengar|23/100|[from] item: Leftovers
|upkeep
|turn|26
|
|t:|1729628458
|move|p2a: Gengar|Giga Drain|p1a: Tyranitar
|-supereffective|p1a: Tyranitar
|-damage|p1a: Tyranitar|0 fnt
|-heal|p2a: Gengar|48/100|[from] drain|[of] p1a: Tyranitar
|faint|p1a: Tyranitar
|
|t:|1729628460
|switch|p1a: Cloyster|Cloyster, M|100/100
|-damage|p1a: Cloyster|88/100|[from] Spikes
|
|-weather|Sandstorm|[upkeep]
|-damage|p2a: Gengar|42/100|[from] Sandstorm
|-damage|p1a: Cloyster|82/100|[from] Sandstorm
|-heal|p2a: Gengar|48/100|[from] item: Leftovers
|-heal|p1a: Cloyster|88/100|[from] item: Leftovers
|upkeep
|turn|27
|
|t:|1729628463
|move|p2a: Gengar|Explosion|p1a: Cloyster
|-damage|p1a: Cloyster|45/100
|faint|p2a: Gengar
|
|t:|1729628464
|switch|p2a: Jolteon|Jolteon, F|9/100
|
|-weather|Sandstorm|[upkeep]
|-damage|p2a: Jolteon|3/100|[from] Sandstorm
|-damage|p1a: Cloyster|39/100|[from] Sandstorm
|-heal|p2a: Jolteon|9/100|[from] item: Leftovers
|-heal|p1a: Cloyster|45/100|[from] item: Leftovers
|upkeep
|turn|28
|
|t:|1729628465
|move|p2a: Jolteon|Thunderbolt|p1a: Cloyster
|-supereffective|p1a: Cloyster
|-damage|p1a: Cloyster|0 fnt
|faint|p1a: Cloyster
|
|win|Gulchittious Boi
|player|p1|
|player|p2|
|player|p1|kaboom64|#lcplxiiipipluppatrol|

</script>
<script type="application/json" class="data" id="replaydata-smogtours-gen3ou-801254">
{"id":"smogtours-gen3ou-801254","format":"[Gen 3] OU","players":["kaboom64","Gulchittious Boi"],"uploadtime":1729628465,"views":75,"formatid":"gen3ou","rating":null,"private":1,"password":null}
</script>

<script defer src="js/replays.js?9d40a366"></script>
