<!DOCTYPE html>
<meta charset="utf-8" />
<meta name="viewport" content="width=device-width" />

<title>[Gen 3] OU: smollest brian vs. DiegoIn - Replays - Pok&eacute;mon Showdown!</title>

<meta name="description" content="Watch a replay of a Pok&eacute;mon battle between smollest brian and DiegoIn! Format: [Gen 3] OU; Date: Oct 18, 2024" />
<!--

Hey, you! Looking in the source for the replay log?

You can find them in JSON format, just add `.json` at the end of a replay URL.

https://replay.pokemonshowdown.com/gen7randomdoublesbattle-865046831.json

Or, if you only need the log itself, add `.log` instead:

https://replay.pokemonshowdown.com/gen7randomdoublesbattle-865046831.log

-->

<link rel="stylesheet" href="//pokemonshowdown.com/style/global.css?0.767286132409787" />
<link rel="stylesheet" href="//play.pokemonshowdown.com/style/font-awesome.css?0.9266228007934947" />
<link rel="stylesheet" href="//play.pokemonshowdown.com/style/battle.css?0.7924700842790926" />
<link rel="stylesheet" href="//play.pokemonshowdown.com/style/utilichart.css?0.8777417872839479" />

<!-- Global site tag (gtag.js) - Google Analytics -->
<script async src="https://www.googletagmanager.com/gtag/js?id=UA-26211653-1"></script>
<script>
  window.dataLayer = window.dataLayer || [];
  function gtag(){dataLayer.push(arguments);}
  gtag('js', new Date());

  gtag('config', 'UA-26211653-1');
</script>
<!-- End Google Analytics -->
<!-- Venatus Ad Manager - Install in <HEAD> of page -->
	<script src="https://hb.vntsm.com/v3/live/ad-manager.min.js" type="text/javascript" data-site-id="642aba63ec9a7b11c3c9c1be" data-mode="scan" async></script>
<!-- / Venatus Ad Manager -->

<style>
	@media (max-width:820px) {
		.battle {
			margin: 0 auto;
		}
		.battle-log {
			margin: 7px auto 0;
			max-width: 640px;
			height: 300px;
			position: static;
		}
	}
	.optgroup {
		display: inline-block;
		line-height: 22px;
		font-size: 10pt;
	}
	.optgroup .button {
		height: 25px;
		padding-top: 0;
		padding-bottom: 0;
	}
	.optgroup button.button {
		padding-left: 12px;
		padding-right: 12px;
	}
	.linklist {
		list-style: none;
		margin: 0.5em 0;
		padding: 0;
	}
	.linklist li {
		padding: 2px 0;
	}
	.sidebar {
		float: left;
		width: 320px;
	}
	.bar-wrapper {
		max-width: 1100px;
		margin: 0 auto;
	}
	.bar-wrapper.has-sidebar {
		max-width: 1430px;
	}
	.mainbar {
		margin: 0;
		padding-right: 1px;
	}
	.mainbar.has-sidebar {
		margin-left: 330px;
	}
	@media (min-width: 1511px) {
		.sidebar {
			width: 400px;
		}
		.bar-wrapper.has-sidebar {
			max-width: 1510px;
		}
		.mainbar.has-sidebar {
			margin-left: 410px;
		}
	}
	.section.first-section {
		margin-top: 9px;
	}
	.blocklink small {
		white-space: normal;
	}
	.button {
		vertical-align: middle;
	}
	.replay-controls {
		padding-top: 10px;
	}
	.replay-controls h1 {
		font-size: 16pt;
		font-weight: normal;
		color: #CCC;
	}
	.pagelink {
		text-align: center;
	}
	.pagelink a {
		width: 150px;
	}
	.textbox, .button {
		font-size: 11pt;
		vertical-align: middle;
	}
	@media (max-width: 450px) {
		.button {
			font-size: 9pt;
		}
	}
</style>

<div>

	<header>
		<div class="nav-wrapper"><ul class="nav">
			<li><a class="button nav-first" href="//pokemonshowdown.com/"><img src="//pokemonshowdown.com/images/pokemonshowdownbeta.png" srcset="//pokemonshowdown.com/images/pokemonshowdownbeta.png 1x, //pokemonshowdown.com/images/pokemonshowdownbeta@2x.png 2x" alt="Pok&eacute;mon Showdown" width="146" height="44" /> Home</a></li>
			<li><a class="button" href="//pokemonshowdown.com/dex/">Pok&eacute;dex</a></li>
			<li><a class="button cur" href="/">Replays</a></li>
			<li><a class="button" href="//pokemonshowdown.com/ladder/">Ladder</a></li>
			<li><a class="button nav-last" href="//pokemonshowdown.com/forums/">Forum</a></li>
			<li><a class="button greenbutton nav-first nav-last" href="//play.pokemonshowdown.com/">Play</a></li>
		</ul></div>
	</header>

	<div class="main" id="main">

		<noscript><section class="section">You need to enable JavaScript to use this page; sorry!</section></noscript>

	</div>

</div>

<script defer nomodule src="//play.pokemonshowdown.com/js/lib/ps-polyfill.js"></script>
<script defer src="//play.pokemonshowdown.com/js/lib/preact.min.js"></script>

<script defer src="//play.pokemonshowdown.com/config/config.js?6dec07f6"></script>
<script defer src="//play.pokemonshowdown.com/js/lib/jquery-1.11.0.min.js"></script>
<script defer src="//play.pokemonshowdown.com/js/lib/html-sanitizer-minified.js"></script>
<script defer src="//play.pokemonshowdown.com/js/battle-sound.js"></script>
<script defer src="//play.pokemonshowdown.com/js/battledata.js?0.6315294753075389"></script>
<script defer src="//play.pokemonshowdown.com/data/pokedex-mini.js?0.7603743185311358"></script>
<script defer src="//play.pokemonshowdown.com/data/pokedex-mini-bw.js?0.030888842834281283"></script>
<script defer src="//play.pokemonshowdown.com/data/graphics.js?0.05593094747507488"></script>
<script defer src="//play.pokemonshowdown.com/data/pokedex.js?0.47064822249611904"></script>
<script defer src="//play.pokemonshowdown.com/data/moves.js?0.8583693120512459"></script>
<script defer src="//play.pokemonshowdown.com/data/abilities.js?0.16017181182386842"></script>
<script defer src="//play.pokemonshowdown.com/data/items.js?0.4163379185673943"></script>
<script defer src="//play.pokemonshowdown.com/data/teambuilder-tables.js?0.31075597372830477"></script>
<script defer src="//play.pokemonshowdown.com/js/battle-tooltips.js?0.6536193500708172"></script>
<script defer src="//play.pokemonshowdown.com/js/battle.js?0.1916591943277901"></script>

<script defer src="js/utils.js?e31f9a17"></script>
<script defer src="js/replays-battle.js?7008c182"></script>

<!-- don't scrape this data! just add .json or .log after the URL!
Full API docs: https://github.com/smogon/pokemon-showdown-client/blob/master/WEB-API.md -->
<script type="text/plain" class="log" id="replaylog-smogtours-gen3ou-799511">
|inactive|Battle timer is ON: inactive players will automatically lose when time's up.
|t:|1729261935
|gametype|singles
|player|p1|smollest brian|miku-ground|
|player|p2|DiegoIn|ethan|
|teamsize|p1|6
|teamsize|p2|6
|gen|3
|tier|[Gen 3] OU
|rule|Sleep Clause Mod: Limit one foe put to sleep
|rule|Switch Priority Clause Mod: Faster Pokémon switch first
|rule|Species Clause: Limit one of each Pokémon
|rule|OHKO Clause: OHKO moves are banned
|rule|Evasion Items Clause: Evasion items are banned
|rule|Evasion Moves Clause: Evasion moves are banned
|rule|Endless Battle Clause: Forcing endless battles is banned
|rule|HP Percentage Mod: HP is shown in percentages
|rule|One Boost Passer Clause: Limit one Baton Passer that has a way to boost its stats
|rule|Freeze Clause Mod: Limit one foe frozen
|
|t:|1729261936
|start
|switch|p1a: Venusaur|Venusaur, F|100/100
|switch|p2a: Zapdos|Zapdos|100/100
|turn|1
|c|☆smollest brian|hf
|
|t:|1729261943
|move|p2a: Zapdos|Substitute|p2a: Zapdos
|-start|p2a: Zapdos|Substitute
|-damage|p2a: Zapdos|76/100
|move|p1a: Venusaur|Hidden Power|p2a: Zapdos
|-supereffective|p2a: Zapdos
|-end|p2a: Zapdos|Substitute
|
|-heal|p2a: Zapdos|82/100|[from] item: Leftovers
|upkeep
|turn|2
|
|t:|1729261958
|switch|p2a: SUMMER|Blissey, F, shiny|100/100
|move|p1a: Venusaur|Leech Seed|p2a: SUMMER
|-start|p2a: SUMMER|move: Leech Seed
|
|-damage|p2a: SUMMER|88/100|[from] Leech Seed|[of] p1a: Venusaur
|upkeep
|turn|3
|
|t:|1729261964
|move|p1a: Venusaur|Sleep Powder|p2a: SUMMER
|-status|p2a: SUMMER|slp|[from] move: Sleep Powder
|cant|p2a: SUMMER|slp
|
|-heal|p2a: SUMMER|94/100 slp|[from] item: Leftovers
|-damage|p2a: SUMMER|82/100 slp|[from] Leech Seed|[of] p1a: Venusaur
|upkeep
|turn|4
|
|t:|1729261983
|-curestatus|p2a: SUMMER|slp|[from] ability: Natural Cure
|switch|p2a: Zapdos|Zapdos|82/100
|move|p1a: Venusaur|Sleep Powder|p2a: Zapdos|[miss]
|-miss|p1a: Venusaur|p2a: Zapdos
|
|-heal|p2a: Zapdos|88/100|[from] item: Leftovers
|upkeep
|turn|5
|
|t:|1729261991
|switch|p2a: SUMMER|Blissey, F, shiny|82/100
|move|p1a: Venusaur|Hidden Power|p2a: SUMMER
|-damage|p2a: SUMMER|75/100
|
|-heal|p2a: SUMMER|81/100|[from] item: Leftovers
|upkeep
|turn|6
|
|t:|1729261996
|move|p1a: Venusaur|Sleep Powder|p2a: SUMMER
|-status|p2a: SUMMER|slp|[from] move: Sleep Powder
|cant|p2a: SUMMER|slp
|
|-heal|p2a: SUMMER|87/100 slp|[from] item: Leftovers
|upkeep
|turn|7
|
|t:|1729262003
|move|p1a: Venusaur|Leech Seed|p2a: SUMMER
|-start|p2a: SUMMER|move: Leech Seed
|cant|p2a: SUMMER|slp
|
|-heal|p2a: SUMMER|93/100 slp|[from] item: Leftovers
|-damage|p2a: SUMMER|81/100 slp|[from] Leech Seed|[of] p1a: Venusaur
|upkeep
|turn|8
|
|t:|1729262008
|move|p1a: Venusaur|Sleep Powder|p2a: SUMMER
|-fail|p2a: SUMMER|slp
|cant|p2a: SUMMER|slp
|
|-heal|p2a: SUMMER|87/100 slp|[from] item: Leftovers
|-damage|p2a: SUMMER|74/100 slp|[from] Leech Seed|[of] p1a: Venusaur
|upkeep
|turn|9
|
|t:|1729262013
|switch|p1a: Metagross|Metagross|100/100
|-curestatus|p2a: SUMMER|slp|[msg]
|move|p2a: SUMMER|Thunder Wave|p1a: Metagross
|-status|p1a: Metagross|par
|
|-heal|p2a: SUMMER|81/100|[from] item: Leftovers
|-damage|p2a: SUMMER|68/100|[from] Leech Seed|[of] p1a: Metagross
|upkeep
|turn|10
|
|t:|1729262020
|switch|p2a: Suicune|Suicune|100/100
|move|p1a: Metagross|Meteor Mash|p2a: Suicune
|-resisted|p2a: Suicune
|-damage|p2a: Suicune|86/100
|
|-heal|p2a: Suicune|92/100|[from] item: Leftovers
|upkeep
|turn|11
|
|t:|1729262044
|switch|p2a: Zapdos|Zapdos|88/100
|move|p1a: Metagross|Explosion|p2a: Zapdos
|-damage|p2a: Zapdos|0 fnt
|faint|p1a: Metagross
|faint|p2a: Zapdos
|inactive|DiegoIn has 270 seconds left.
|
|t:|1729262075
|switch|p2a: SUMMER|Blissey, F, shiny|68/100
|switch|p1a: Skarmory|Skarmory, M|100/100
|
|-heal|p2a: SUMMER|74/100|[from] item: Leftovers
|upkeep
|turn|12
|
|t:|1729262081
|move|p1a: Skarmory|Spikes|p2a: SUMMER
|-sidestart|p2: DiegoIn|Spikes
|move|p2a: SUMMER|Thunder Wave|p1a: Skarmory
|-status|p1a: Skarmory|par
|
|-heal|p2a: SUMMER|80/100|[from] item: Leftovers
|upkeep
|turn|13
|inactive|DiegoIn has 270 seconds left.
|
|t:|1729262103
|move|p2a: SUMMER|Seismic Toss|p1a: Skarmory
|-damage|p1a: Skarmory|71/100 par
|cant|p1a: Skarmory|par
|
|-heal|p2a: SUMMER|87/100|[from] item: Leftovers
|-heal|p1a: Skarmory|77/100 par|[from] item: Leftovers
|upkeep
|turn|14
|
|t:|1729262109
|switch|p2a: EVAN|Salamence, F|100/100
|-ability|p2a: EVAN|Intimidate|boost
|-unboost|p1a: Skarmory|atk|1
|move|p1a: Skarmory|Spikes|p2a: EVAN
|-sidestart|p2: DiegoIn|Spikes
|
|-heal|p1a: Skarmory|83/100 par|[from] item: Leftovers
|upkeep
|turn|15
|
|t:|1729262119
|move|p2a: EVAN|Dragon Dance|p2a: EVAN
|-boost|p2a: EVAN|atk|1
|-boost|p2a: EVAN|spe|1
|move|p1a: Skarmory|Roar|p2a: EVAN
|drag|p2a: SIGMA|Dugtrio, M|100/100
|-damage|p2a: SIGMA|84/100|[from] Spikes
|
|-heal|p1a: Skarmory|89/100 par|[from] item: Leftovers
|upkeep
|turn|16
|inactive|DiegoIn has 270 seconds left.
|
|t:|1729262131
|switch|p2a: EVAN|Salamence, F|100/100
|-ability|p2a: EVAN|Intimidate|boost
|-unboost|p1a: Skarmory|atk|1
|move|p1a: Skarmory|Spikes|p2a: EVAN
|-sidestart|p2: DiegoIn|Spikes
|
|-heal|p1a: Skarmory|95/100 par|[from] item: Leftovers
|upkeep
|turn|17
|inactive|DiegoIn has 270 seconds left.
|
|t:|1729262138
|move|p2a: EVAN|Fire Blast|p1a: Skarmory
|-supereffective|p1a: Skarmory
|-damage|p1a: Skarmory|44/100 par
|cant|p1a: Skarmory|par
|
|-heal|p1a: Skarmory|50/100 par|[from] item: Leftovers
|upkeep
|turn|18
|
|t:|1729262159
|switch|p1a: Claydol|Claydol|100/100
|move|p2a: EVAN|Dragon Dance|p2a: EVAN
|-boost|p2a: EVAN|atk|1
|-boost|p2a: EVAN|spe|1
|
|upkeep
|turn|19
|inactive|DiegoIn has 270 seconds left.
|
|t:|1729262175
|move|p2a: EVAN|Hidden Power|p1a: Claydol
|-damage|p1a: Claydol|30/100
|move|p1a: Claydol|Psychic|p2a: EVAN
|-damage|p2a: EVAN|73/100
|
|-heal|p1a: Claydol|36/100|[from] item: Leftovers
|upkeep
|turn|20
|
|t:|1729262183
|move|p2a: EVAN|Hidden Power|p1a: Claydol
|-damage|p1a: Claydol|0 fnt
|faint|p1a: Claydol
|
|t:|1729262185
|switch|p1a: Skarmory|Skarmory, M|50/100 par
|
|-heal|p1a: Skarmory|56/100 par|[from] item: Leftovers
|upkeep
|turn|21
|
|t:|1729262190
|move|p2a: EVAN|Fire Blast|p1a: Skarmory
|-supereffective|p1a: Skarmory
|-damage|p1a: Skarmory|4/100 par
|move|p1a: Skarmory|Roar|p2a: EVAN
|drag|p2a: SUMMER|Blissey, F, shiny|87/100
|-damage|p2a: SUMMER|62/100|[from] Spikes
|
|-heal|p2a: SUMMER|68/100|[from] item: Leftovers
|-heal|p1a: Skarmory|10/100 par|[from] item: Leftovers
|upkeep
|turn|22
|
|t:|1729262204
|move|p2a: SUMMER|Wish|p2a: SUMMER
|move|p1a: Skarmory|Drill Peck|p2a: SUMMER
|-damage|p2a: SUMMER|47/100
|
|-heal|p2a: SUMMER|54/100|[from] item: Leftovers
|-heal|p1a: Skarmory|16/100 par|[from] item: Leftovers
|upkeep
|turn|23
|
|t:|1729262208
|move|p2a: SUMMER|Seismic Toss|p1a: Skarmory
|-damage|p1a: Skarmory|0 fnt
|faint|p1a: Skarmory
|
|t:|1729262212
|switch|p1a: Venusaur|Venusaur, F|100/100
|
|-heal|p2a: SUMMER|100/100|[from] move: Wish|[wisher] SUMMER
|upkeep
|turn|24
|
|t:|1729262220
|move|p1a: Venusaur|Sleep Powder|p2a: SUMMER|[miss]
|-miss|p1a: Venusaur|p2a: SUMMER
|move|p2a: SUMMER|Thunder Wave|p1a: Venusaur
|-status|p1a: Venusaur|par
|
|upkeep
|turn|25
|
|t:|1729262230
|move|p2a: SUMMER|Seismic Toss|p1a: Venusaur
|-damage|p1a: Venusaur|67/100 par
|move|p1a: Venusaur|Leech Seed|p2a: SUMMER
|-start|p2a: SUMMER|move: Leech Seed
|
|-damage|p2a: SUMMER|88/100|[from] Leech Seed|[of] p1a: Venusaur
|-heal|p1a: Venusaur|97/100 par|[silent]
|-heal|p1a: Venusaur|100/100 par|[from] item: Leftovers
|upkeep
|turn|26
|
|t:|1729262248
|switch|p2a: EVAN|Salamence, F|73/100
|-ability|p2a: EVAN|Intimidate|boost
|-unboost|p1a: Venusaur|atk|1
|move|p1a: Venusaur|Sleep Powder|p2a: EVAN
|-status|p2a: EVAN|slp|[from] move: Sleep Powder
|-enditem|p2a: EVAN|Lum Berry|[eat]
|-curestatus|p2a: EVAN|slp|[msg]
|
|upkeep
|turn|27
|
|t:|1729262257
|move|p2a: EVAN|Hidden Power|p1a: Venusaur
|-supereffective|p1a: Venusaur
|-damage|p1a: Venusaur|0 fnt
|faint|p1a: Venusaur
|
|t:|1729262261
|switch|p1a: Aerodactyl|Aerodactyl, M|100/100
|
|upkeep
|turn|28
|inactive|DiegoIn has 270 seconds left.
|
|t:|1729262304
|switch|p2a: Suicune|Suicune|92/100
|-damage|p2a: Suicune|67/100|[from] Spikes
|move|p1a: Aerodactyl|Rock Slide|p2a: Suicune
|-damage|p2a: Suicune|40/100
|
|-heal|p2a: Suicune|46/100|[from] item: Leftovers
|upkeep
|turn|29
|
|t:|1729262310
|switch|p1a: Moltres|Moltres|100/100
|move|p2a: Suicune|Rest|p2a: Suicune
|-status|p2a: Suicune|slp|[from] move: Rest
|-heal|p2a: Suicune|100/100 slp|[silent]
|
|upkeep
|turn|30
|inactive|DiegoIn has 270 seconds left.
|
|t:|1729262320
|cant|p2a: Suicune|slp
|move|p2a: Suicune|Sleep Talk|p2a: Suicune
|move|p2a: Suicune|Rest|p2a: Suicune|[from]Sleep Talk
|move|p1a: Moltres|Roar|p2a: Suicune
|drag|p2a: SUMMER|Blissey, F, shiny|88/100
|-damage|p2a: SUMMER|63/100|[from] Spikes
|
|-heal|p2a: SUMMER|69/100|[from] item: Leftovers
|upkeep
|turn|31
|
|t:|1729262329
|move|p2a: SUMMER|Thunder Wave|p1a: Moltres
|-status|p1a: Moltres|par
|move|p1a: Moltres|Roar|p2a: SUMMER
|drag|p2a: Suicune|Suicune|100/100 slp
|-damage|p2a: Suicune|75/100 slp|[from] Spikes
|
|-heal|p2a: Suicune|82/100 slp|[from] item: Leftovers
|upkeep
|turn|32
|
|t:|1729262335
|cant|p2a: Suicune|slp
|move|p2a: Suicune|Sleep Talk|p2a: Suicune
|move|p2a: Suicune|Toxic||[from]Sleep Talk|[still]
|-fail|p2a: Suicune
|move|p1a: Moltres|Hidden Power|p2a: Suicune
|-supereffective|p2a: Suicune
|-damage|p2a: Suicune|41/100 slp
|
|-heal|p2a: Suicune|47/100 slp|[from] item: Leftovers
|upkeep
|turn|33
|
|t:|1729262347
|cant|p2a: Suicune|slp
|move|p2a: Suicune|Sleep Talk|p2a: Suicune
|move|p2a: Suicune|Toxic||[from]Sleep Talk|[still]
|-fail|p2a: Suicune
|cant|p1a: Moltres|par
|
|-heal|p2a: Suicune|53/100 slp|[from] item: Leftovers
|upkeep
|turn|34
|
|t:|1729262354
|-curestatus|p2a: Suicune|slp|[msg]
|move|p2a: Suicune|Surf|p1a: Moltres
|-supereffective|p1a: Moltres
|-crit|p1a: Moltres
|-damage|p1a: Moltres|0 fnt
|faint|p1a: Moltres
|
|t:|1729262358
|switch|p1a: Aerodactyl|Aerodactyl, M|100/100
|
|-heal|p2a: Suicune|59/100|[from] item: Leftovers
|upkeep
|turn|35
|
|t:|1729262368
|move|p1a: Aerodactyl|Rock Slide|p2a: Suicune
|-damage|p2a: Suicune|29/100
|move|p2a: Suicune|Rest|p2a: Suicune
|-status|p2a: Suicune|slp|[from] move: Rest
|-heal|p2a: Suicune|100/100 slp|[silent]
|
|upkeep
|turn|36
|
|t:|1729262374
|move|p1a: Aerodactyl|Rock Slide|p2a: Suicune
|-damage|p2a: Suicune|74/100 slp
|cant|p2a: Suicune|slp
|cant|p2a: Suicune|flinch
|
|-heal|p2a: Suicune|80/100 slp|[from] item: Leftovers
|upkeep
|turn|37
|-message|smollest brian forfeited.
|
|win|DiegoIn
|c|☆smollest brian|gg

</script>
<script type="application/json" class="data" id="replaydata-smogtours-gen3ou-799511">
{"id":"smogtours-gen3ou-799511","format":"[Gen 3] OU","players":["smollest brian","DiegoIn"],"uploadtime":1729262379,"views":98,"formatid":"gen3ou","rating":null,"private":0,"password":null}
</script>

<script defer src="js/replays.js?9d40a366"></script>
