<!DOCTYPE html>
<meta charset="utf-8" />
<meta name="viewport" content="width=device-width" />

<title>[Gen 3] OU: triangles vs. RoninRedux - Replays - Pok&eacute;mon Showdown!</title>

<meta name="description" content="Watch a replay of a Pok&eacute;mon battle between triangles and RoninRedux! Format: [Gen 3] OU; Date: Oct 3, 2024" />
<!--

Hey, you! Looking in the source for the replay log?

You can find them in JSON format, just add `.json` at the end of a replay URL.

https://replay.pokemonshowdown.com/gen7randomdoublesbattle-865046831.json

Or, if you only need the log itself, add `.log` instead:

https://replay.pokemonshowdown.com/gen7randomdoublesbattle-865046831.log

-->

<link rel="stylesheet" href="//pokemonshowdown.com/style/global.css?0.023195364461161105" />
<link rel="stylesheet" href="//play.pokemonshowdown.com/style/font-awesome.css?0.13261647063804238" />
<link rel="stylesheet" href="//play.pokemonshowdown.com/style/battle.css?0.8753245789963631" />
<link rel="stylesheet" href="//play.pokemonshowdown.com/style/utilichart.css?0.8627959624976733" />

<!-- Global site tag (gtag.js) - Google Analytics -->
<script async src="https://www.googletagmanager.com/gtag/js?id=UA-26211653-1"></script>
<script>
  window.dataLayer = window.dataLayer || [];
  function gtag(){dataLayer.push(arguments);}
  gtag('js', new Date());

  gtag('config', 'UA-26211653-1');
</script>
<!-- End Google Analytics -->
<!-- Venatus Ad Manager - Install in <HEAD> of page -->
	<script src="https://hb.vntsm.com/v3/live/ad-manager.min.js" type="text/javascript" data-site-id="642aba63ec9a7b11c3c9c1be" data-mode="scan" async></script>
<!-- / Venatus Ad Manager -->

<style>
	@media (max-width:820px) {
		.battle {
			margin: 0 auto;
		}
		.battle-log {
			margin: 7px auto 0;
			max-width: 640px;
			height: 300px;
			position: static;
		}
	}
	.optgroup {
		display: inline-block;
		line-height: 22px;
		font-size: 10pt;
	}
	.optgroup .button {
		height: 25px;
		padding-top: 0;
		padding-bottom: 0;
	}
	.optgroup button.button {
		padding-left: 12px;
		padding-right: 12px;
	}
	.linklist {
		list-style: none;
		margin: 0.5em 0;
		padding: 0;
	}
	.linklist li {
		padding: 2px 0;
	}
	.sidebar {
		float: left;
		width: 320px;
	}
	.bar-wrapper {
		max-width: 1100px;
		margin: 0 auto;
	}
	.bar-wrapper.has-sidebar {
		max-width: 1430px;
	}
	.mainbar {
		margin: 0;
		padding-right: 1px;
	}
	.mainbar.has-sidebar {
		margin-left: 330px;
	}
	@media (min-width: 1511px) {
		.sidebar {
			width: 400px;
		}
		.bar-wrapper.has-sidebar {
			max-width: 1510px;
		}
		.mainbar.has-sidebar {
			margin-left: 410px;
		}
	}
	.section.first-section {
		margin-top: 9px;
	}
	.blocklink small {
		white-space: normal;
	}
	.button {
		vertical-align: middle;
	}
	.replay-controls {
		padding-top: 10px;
	}
	.replay-controls h1 {
		font-size: 16pt;
		font-weight: normal;
		color: #CCC;
	}
	.pagelink {
		text-align: center;
	}
	.pagelink a {
		width: 150px;
	}
	.textbox, .button {
		font-size: 11pt;
		vertical-align: middle;
	}
	@media (max-width: 450px) {
		.button {
			font-size: 9pt;
		}
	}
</style>

<div>

	<header>
		<div class="nav-wrapper"><ul class="nav">
			<li><a class="button nav-first" href="//pokemonshowdown.com/"><img src="//pokemonshowdown.com/images/pokemonshowdownbeta.png" srcset="//pokemonshowdown.com/images/pokemonshowdownbeta.png 1x, //pokemonshowdown.com/images/pokemonshowdownbeta@2x.png 2x" alt="Pok&eacute;mon Showdown" width="146" height="44" /> Home</a></li>
			<li><a class="button" href="//pokemonshowdown.com/dex/">Pok&eacute;dex</a></li>
			<li><a class="button cur" href="/">Replays</a></li>
			<li><a class="button" href="//pokemonshowdown.com/ladder/">Ladder</a></li>
			<li><a class="button nav-last" href="//pokemonshowdown.com/forums/">Forum</a></li>
			<li><a class="button greenbutton nav-first nav-last" href="//play.pokemonshowdown.com/">Play</a></li>
		</ul></div>
	</header>

	<div class="main" id="main">

		<noscript><section class="section">You need to enable JavaScript to use this page; sorry!</section></noscript>

	</div>

</div>

<script defer nomodule src="//play.pokemonshowdown.com/js/lib/ps-polyfill.js"></script>
<script defer src="//play.pokemonshowdown.com/js/lib/preact.min.js"></script>

<script defer src="//play.pokemonshowdown.com/config/config.js?2bddbc15"></script>
<script defer src="//play.pokemonshowdown.com/js/lib/jquery-1.11.0.min.js"></script>
<script defer src="//play.pokemonshowdown.com/js/lib/html-sanitizer-minified.js"></script>
<script defer src="//play.pokemonshowdown.com/js/battle-sound.js"></script>
<script defer src="//play.pokemonshowdown.com/js/battledata.js?0.7209276989879541"></script>
<script defer src="//play.pokemonshowdown.com/data/pokedex-mini.js?0.6111056340867951"></script>
<script defer src="//play.pokemonshowdown.com/data/pokedex-mini-bw.js?0.3532142036491459"></script>
<script defer src="//play.pokemonshowdown.com/data/graphics.js?0.24223875632456182"></script>
<script defer src="//play.pokemonshowdown.com/data/pokedex.js?0.38839984266356864"></script>
<script defer src="//play.pokemonshowdown.com/data/moves.js?0.21866028504024015"></script>
<script defer src="//play.pokemonshowdown.com/data/abilities.js?0.2005157953846628"></script>
<script defer src="//play.pokemonshowdown.com/data/items.js?0.9894211263848525"></script>
<script defer src="//play.pokemonshowdown.com/data/teambuilder-tables.js?0.6008791140282215"></script>
<script defer src="//play.pokemonshowdown.com/js/battle-tooltips.js?0.7580118955022959"></script>
<script defer src="//play.pokemonshowdown.com/js/battle.js?0.6057722274234274"></script>

<script defer src="js/utils.js?e31f9a17"></script>
<script defer src="js/replays-battle.js?7008c182"></script>

<!-- don't scrape this data! just add .json or .log after the URL!
Full API docs: https://github.com/smogon/pokemon-showdown-client/blob/master/WEB-API.md -->
<script type="text/plain" class="log" id="replaylog-smogtours-gen3ou-794247">
|inactive|Battle timer is ON: inactive players will automatically lose when time's up.
|t:|1727974779
|gametype|singles
|player|p1|triangles|lucas|
|player|p2|RoninRedux|101|
|teamsize|p1|6
|teamsize|p2|6
|gen|3
|tier|[Gen 3] OU
|rule|Sleep Clause Mod: Limit one foe put to sleep
|rule|Switch Priority Clause Mod: Faster Pokémon switch first
|rule|Species Clause: Limit one of each Pokémon
|rule|OHKO Clause: OHKO moves are banned
|rule|Evasion Items Clause: Evasion items are banned
|rule|Evasion Moves Clause: Evasion moves are banned
|rule|Endless Battle Clause: Forcing endless battles is banned
|rule|HP Percentage Mod: HP is shown in percentages
|rule|One Boost Passer Clause: Limit one Baton Passer that has a way to boost its stats
|rule|Freeze Clause Mod: Limit one foe frozen
|
|t:|1727974779
|start
|switch|p1a: Milotic|Milotic, M, shiny|100/100
|switch|p2a: Medicham|Medicham, M|100/100
|turn|1
|c|☆triangles|hf
|c|☆RoninRedux|hf
|inactive|triangles has 270 seconds left.
|
|t:|1727974829
|-singleturn|p2a: Medicham|move: Focus Punch
|move|p1a: Milotic|Hydro Pump|p2a: Medicham
|-damage|p2a: Medicham|4/100
|move|p2a: Medicham|Focus Punch||[still]
|cant|p2a: Medicham|Focus Punch|Focus Punch
|
|-enditem|p2a: Medicham|Salac Berry|[eat]
|-boost|p2a: Medicham|spe|1|[from] item: Salac Berry
|upkeep
|turn|2
|
|t:|1727974839
|move|p2a: Medicham|Brick Break|p1a: Milotic
|-damage|p1a: Milotic|43/100
|move|p1a: Milotic|Ice Beam|p2a: Medicham
|-damage|p2a: Medicham|0 fnt
|faint|p2a: Medicham
|
|t:|1727974853
|switch|p2a: Snorlax|Snorlax, M|100/100
|
|-heal|p1a: Milotic|49/100|[from] item: Leftovers
|upkeep
|turn|3
|
|t:|1727974859
|move|p1a: Milotic|Hypnosis|p2a: Snorlax
|-status|p2a: Snorlax|slp|[from] move: Hypnosis
|cant|p2a: Snorlax|slp
|
|-heal|p1a: Milotic|55/100|[from] item: Leftovers
|upkeep
|turn|4
|
|t:|1727974868
|move|p1a: Milotic|Hydro Pump|p2a: Snorlax
|-damage|p2a: Snorlax|70/100 slp
|cant|p2a: Snorlax|slp
|
|-heal|p1a: Milotic|61/100|[from] item: Leftovers
|-heal|p2a: Snorlax|76/100 slp|[from] item: Leftovers
|upkeep
|turn|5
|
|t:|1727974876
|move|p1a: Milotic|Hydro Pump|p2a: Snorlax
|-damage|p2a: Snorlax|43/100 slp
|-curestatus|p2a: Snorlax|slp|[msg]
|move|p2a: Snorlax|Return|p1a: Milotic
|-damage|p1a: Milotic|6/100
|
|-heal|p1a: Milotic|12/100|[from] item: Leftovers
|-heal|p2a: Snorlax|49/100|[from] item: Leftovers
|upkeep
|turn|6
|
|t:|1727974886
|move|p1a: Milotic|Hydro Pump|p2a: Snorlax
|-damage|p2a: Snorlax|17/100
|move|p2a: Snorlax|Return|p1a: Milotic
|-damage|p1a: Milotic|0 fnt
|faint|p1a: Milotic
|
|t:|1727974915
|switch|p1a: Salamence|Salamence, F, shiny|100/100
|-ability|p1a: Salamence|Intimidate|boost
|-unboost|p2a: Snorlax|atk|1
|
|-heal|p2a: Snorlax|24/100|[from] item: Leftovers
|upkeep
|turn|7
|
|t:|1727974926
|move|p1a: Salamence|Hidden Power|p2a: Snorlax
|-damage|p2a: Snorlax|0 fnt
|faint|p2a: Snorlax
|
|t:|1727974932
|switch|p2a: Suicune|Suicune|100/100
|
|upkeep
|turn|8
|
|t:|1727974936
|switch|p1a: Snorlax|Snorlax, F, shiny|100/100
|move|p2a: Suicune|Ice Beam|p1a: Snorlax
|-damage|p1a: Snorlax|86/100
|
|-heal|p1a: Snorlax|92/100|[from] item: Leftovers
|upkeep
|turn|9
|
|t:|1727974952
|switch|p2a: Metagross|Metagross|100/100
|move|p1a: Snorlax|Body Slam|p2a: Metagross
|-resisted|p2a: Metagross
|-damage|p2a: Metagross|86/100
|-status|p2a: Metagross|par
|
|-heal|p1a: Snorlax|99/100|[from] item: Leftovers
|-heal|p2a: Metagross|92/100 par|[from] item: Leftovers
|upkeep
|turn|10
|
|t:|1727974967
|switch|p1a: Gyarados|Gyarados, M, shiny|100/100
|-ability|p1a: Gyarados|Intimidate|boost
|-fail|p2a: Metagross|unboost|[from] ability: Clear Body|[of] p2a: Metagross
|move|p2a: Metagross|Meteor Mash|p1a: Gyarados
|-resisted|p1a: Gyarados
|-damage|p1a: Gyarados|67/100
|
|-heal|p1a: Gyarados|73/100|[from] item: Leftovers
|-heal|p2a: Metagross|98/100 par|[from] item: Leftovers
|upkeep
|turn|11
|
|t:|1727974981
|switch|p2a: Salamence|Salamence, M|100/100
|-ability|p2a: Salamence|Intimidate|boost
|-unboost|p1a: Gyarados|atk|1
|move|p1a: Gyarados|Dragon Dance|p1a: Gyarados
|-boost|p1a: Gyarados|atk|1
|-boost|p1a: Gyarados|spe|1
|
|-heal|p1a: Gyarados|79/100|[from] item: Leftovers
|upkeep
|turn|12
|
|t:|1727974989
|move|p1a: Gyarados|Double-Edge|p2a: Salamence
|-damage|p2a: Salamence|50/100
|-damage|p1a: Gyarados|63/100|[from] Recoil|[of] p2a: Salamence
|move|p2a: Salamence|Rock Slide|p1a: Gyarados
|-supereffective|p1a: Gyarados
|-damage|p1a: Gyarados|0 fnt
|faint|p1a: Gyarados
|
|t:|1727974997
|switch|p1a: Salamence|Salamence, F, shiny|100/100
|-ability|p1a: Salamence|Intimidate|boost
|-unboost|p2a: Salamence|atk|1
|
|-heal|p2a: Salamence|56/100|[from] item: Leftovers
|upkeep
|turn|13
|
|t:|1727975006
|switch|p2a: Suicune|Suicune|100/100
|move|p1a: Salamence|Hidden Power|p2a: Suicune
|-damage|p2a: Suicune|69/100
|
|-heal|p2a: Suicune|75/100|[from] item: Leftovers
|upkeep
|turn|14
|
|t:|1727975013
|switch|p1a: Snorlax|Snorlax, F, shiny|99/100
|switch|p2a: Metagross|Metagross|98/100 par
|
|-heal|p1a: Snorlax|100/100|[from] item: Leftovers
|-heal|p2a: Metagross|100/100 par|[from] item: Leftovers
|upkeep
|turn|15
|
|t:|1727975020
|switch|p1a: Metagross|Metagross, shiny|100/100
|move|p2a: Metagross|Meteor Mash|p1a: Metagross|[miss]
|-miss|p2a: Metagross|p1a: Metagross
|
|upkeep
|turn|16
|
|t:|1727975028
|move|p1a: Metagross|Hidden Power|p2a: Metagross
|-supereffective|p2a: Metagross
|-damage|p2a: Metagross|55/100 par
|move|p2a: Metagross|Earthquake|p1a: Metagross
|-supereffective|p1a: Metagross
|-damage|p1a: Metagross|42/100
|
|-heal|p1a: Metagross|48/100|[from] item: Leftovers
|-heal|p2a: Metagross|61/100 par|[from] item: Leftovers
|upkeep
|turn|17
|
|t:|1727975037
|move|p1a: Metagross|Hidden Power|p2a: Metagross
|-supereffective|p2a: Metagross
|-damage|p2a: Metagross|14/100 par
|move|p2a: Metagross|Earthquake|p1a: Metagross
|-supereffective|p1a: Metagross
|-damage|p1a: Metagross|0 fnt
|faint|p1a: Metagross
|
|t:|1727975050
|switch|p1a: Salamence|Salamence, F, shiny|100/100
|-ability|p1a: Salamence|Intimidate|boost
|-fail|p2a: Metagross|unboost|[from] ability: Clear Body|[of] p2a: Metagross
|
|-heal|p2a: Metagross|20/100 par|[from] item: Leftovers
|upkeep
|turn|18
|
|t:|1727975077
|move|p1a: Salamence|Earthquake|p2a: Metagross
|-supereffective|p2a: Metagross
|-damage|p2a: Metagross|0 fnt
|faint|p2a: Metagross
|
|t:|1727975090
|switch|p2a: Suicune|Suicune|75/100
|
|-heal|p2a: Suicune|82/100|[from] item: Leftovers
|upkeep
|turn|19
|
|t:|1727975095
|switch|p1a: Snorlax|Snorlax, F, shiny|100/100
|switch|p2a: Salamence|Salamence, M|56/100
|-ability|p2a: Salamence|Intimidate|boost
|-unboost|p1a: Snorlax|atk|1
|
|-heal|p2a: Salamence|62/100|[from] item: Leftovers
|upkeep
|turn|20
|
|t:|1727975106
|switch|p1a: Salamence|Salamence, F, shiny|100/100
|-ability|p1a: Salamence|Intimidate|boost
|-unboost|p2a: Salamence|atk|1
|move|p2a: Salamence|Dragon Dance|p2a: Salamence
|-boost|p2a: Salamence|atk|1
|-boost|p2a: Salamence|spe|1
|
|-heal|p2a: Salamence|68/100|[from] item: Leftovers
|upkeep
|turn|21
|
|t:|1727975114
|move|p2a: Salamence|Rock Slide|p1a: Salamence
|-supereffective|p1a: Salamence
|-crit|p1a: Salamence
|-damage|p1a: Salamence|0 fnt
|faint|p1a: Salamence
|
|t:|1727975142
|switch|p1a: Snorlax|Snorlax, F, shiny|100/100
|
|-heal|p2a: Salamence|74/100|[from] item: Leftovers
|upkeep
|turn|22
|
|t:|1727975146
|move|p2a: Salamence|Hidden Power|p1a: Snorlax
|-damage|p1a: Snorlax|71/100
|move|p1a: Snorlax|Curse|p1a: Snorlax
|-unboost|p1a: Snorlax|spe|1
|-boost|p1a: Snorlax|atk|1
|-boost|p1a: Snorlax|def|1
|
|-heal|p2a: Salamence|80/100|[from] item: Leftovers
|-heal|p1a: Snorlax|77/100|[from] item: Leftovers
|upkeep
|turn|23
|
|t:|1727975171
|move|p2a: Salamence|Rock Slide|p1a: Snorlax
|-damage|p1a: Snorlax|61/100
|move|p1a: Snorlax|Curse|p1a: Snorlax
|-unboost|p1a: Snorlax|spe|1
|-boost|p1a: Snorlax|atk|1
|-boost|p1a: Snorlax|def|1
|
|-heal|p2a: Salamence|86/100|[from] item: Leftovers
|-heal|p1a: Snorlax|67/100|[from] item: Leftovers
|upkeep
|turn|24
|
|t:|1727975181
|move|p2a: Salamence|Dragon Dance|p2a: Salamence
|-boost|p2a: Salamence|atk|1
|-boost|p2a: Salamence|spe|1
|move|p1a: Snorlax|Body Slam|p2a: Salamence
|-damage|p2a: Salamence|0 fnt
|faint|p2a: Salamence
|
|t:|1727975187
|switch|p2a: Suicune|Suicune|82/100
|
|-heal|p2a: Suicune|88/100|[from] item: Leftovers
|-heal|p1a: Snorlax|73/100|[from] item: Leftovers
|upkeep
|turn|25
|
|t:|1727975210
|move|p2a: Suicune|Surf|p1a: Snorlax
|-damage|p1a: Snorlax|53/100
|move|p1a: Snorlax|Body Slam|p2a: Suicune
|-damage|p2a: Suicune|26/100
|-status|p2a: Suicune|par
|
|-heal|p2a: Suicune|32/100 par|[from] item: Leftovers
|-heal|p1a: Snorlax|59/100|[from] item: Leftovers
|upkeep
|turn|26
|
|t:|1727975220
|move|p2a: Suicune|Surf|p1a: Snorlax
|-damage|p1a: Snorlax|38/100
|move|p1a: Snorlax|Body Slam|p2a: Suicune
|-damage|p2a: Suicune|0 fnt
|faint|p2a: Suicune
|
|t:|1727975225
|switch|p2a: Magneton|Magneton|100/100
|
|-heal|p1a: Snorlax|44/100|[from] item: Leftovers
|upkeep
|turn|27
|
|t:|1727975230
|move|p2a: Magneton|Thunderbolt|p1a: Snorlax
|-damage|p1a: Snorlax|13/100
|move|p1a: Snorlax|Body Slam|p2a: Magneton
|-resisted|p2a: Magneton
|-damage|p2a: Magneton|42/100
|-status|p2a: Magneton|par
|
|-heal|p1a: Snorlax|20/100|[from] item: Leftovers
|upkeep
|turn|28
|
|t:|1727975239
|move|p2a: Magneton|Thunderbolt|p1a: Snorlax
|-damage|p1a: Snorlax|0 fnt
|faint|p1a: Snorlax
|
|t:|1727975241
|switch|p1a: Camerupt|Camerupt, F, shiny|100/100
|
|upkeep
|turn|29
|c|☆triangles|gg
|
|t:|1727975246
|move|p1a: Camerupt|Earthquake|p2a: Magneton
|-supereffective|p2a: Magneton
|-damage|p2a: Magneton|0 fnt
|faint|p2a: Magneton
|
|win|triangles

</script>
<script type="application/json" class="data" id="replaydata-smogtours-gen3ou-794247">
{"id":"smogtours-gen3ou-794247","format":"[Gen 3] OU","players":["triangles","RoninRedux"],"uploadtime":1727975246,"views":174,"formatid":"gen3ou","rating":null,"private":0,"password":null}
</script>

<script defer src="js/replays.js?9d40a366"></script>
