<!DOCTYPE html>
<meta charset="utf-8" />
<meta name="viewport" content="width=device-width" />

<title>[Gen 3] OU: kingofironfrisk vs. singingcrow - Replays - Pok&eacute;mon Showdown!</title>

<meta name="description" content="Watch a replay of a Pok&eacute;mon battle between kingofironfrisk and singingcrow! Format: [Gen 3] OU; Date: Nov 3, 2024" />
<!--

Hey, you! Looking in the source for the replay log?

You can find them in JSON format, just add `.json` at the end of a replay URL.

https://replay.pokemonshowdown.com/gen7randomdoublesbattle-865046831.json

Or, if you only need the log itself, add `.log` instead:

https://replay.pokemonshowdown.com/gen7randomdoublesbattle-865046831.log

-->

<link rel="stylesheet" href="//pokemonshowdown.com/style/global.css?0.023195364461161105" />
<link rel="stylesheet" href="//play.pokemonshowdown.com/style/font-awesome.css?0.13261647063804238" />
<link rel="stylesheet" href="//play.pokemonshowdown.com/style/battle.css?0.8753245789963631" />
<link rel="stylesheet" href="//play.pokemonshowdown.com/style/utilichart.css?0.8627959624976733" />

<!-- Global site tag (gtag.js) - Google Analytics -->
<script async src="https://www.googletagmanager.com/gtag/js?id=UA-26211653-1"></script>
<script>
  window.dataLayer = window.dataLayer || [];
  function gtag(){dataLayer.push(arguments);}
  gtag('js', new Date());

  gtag('config', 'UA-26211653-1');
</script>
<!-- End Google Analytics -->
<!-- Venatus Ad Manager - Install in <HEAD> of page -->
	<script src="https://hb.vntsm.com/v3/live/ad-manager.min.js" type="text/javascript" data-site-id="642aba63ec9a7b11c3c9c1be" data-mode="scan" async></script>
<!-- / Venatus Ad Manager -->

<style>
	@media (max-width:820px) {
		.battle {
			margin: 0 auto;
		}
		.battle-log {
			margin: 7px auto 0;
			max-width: 640px;
			height: 300px;
			position: static;
		}
	}
	.optgroup {
		display: inline-block;
		line-height: 22px;
		font-size: 10pt;
	}
	.optgroup .button {
		height: 25px;
		padding-top: 0;
		padding-bottom: 0;
	}
	.optgroup button.button {
		padding-left: 12px;
		padding-right: 12px;
	}
	.linklist {
		list-style: none;
		margin: 0.5em 0;
		padding: 0;
	}
	.linklist li {
		padding: 2px 0;
	}
	.sidebar {
		float: left;
		width: 320px;
	}
	.bar-wrapper {
		max-width: 1100px;
		margin: 0 auto;
	}
	.bar-wrapper.has-sidebar {
		max-width: 1430px;
	}
	.mainbar {
		margin: 0;
		padding-right: 1px;
	}
	.mainbar.has-sidebar {
		margin-left: 330px;
	}
	@media (min-width: 1511px) {
		.sidebar {
			width: 400px;
		}
		.bar-wrapper.has-sidebar {
			max-width: 1510px;
		}
		.mainbar.has-sidebar {
			margin-left: 410px;
		}
	}
	.section.first-section {
		margin-top: 9px;
	}
	.blocklink small {
		white-space: normal;
	}
	.button {
		vertical-align: middle;
	}
	.replay-controls {
		padding-top: 10px;
	}
	.replay-controls h1 {
		font-size: 16pt;
		font-weight: normal;
		color: #CCC;
	}
	.pagelink {
		text-align: center;
	}
	.pagelink a {
		width: 150px;
	}
	.textbox, .button {
		font-size: 11pt;
		vertical-align: middle;
	}
	@media (max-width: 450px) {
		.button {
			font-size: 9pt;
		}
	}
</style>

<div>

	<header>
		<div class="nav-wrapper"><ul class="nav">
			<li><a class="button nav-first" href="//pokemonshowdown.com/"><img src="//pokemonshowdown.com/images/pokemonshowdownbeta.png" srcset="//pokemonshowdown.com/images/pokemonshowdownbeta.png 1x, //pokemonshowdown.com/images/pokemonshowdownbeta@2x.png 2x" alt="Pok&eacute;mon Showdown" width="146" height="44" /> Home</a></li>
			<li><a class="button" href="//pokemonshowdown.com/dex/">Pok&eacute;dex</a></li>
			<li><a class="button cur" href="/">Replays</a></li>
			<li><a class="button" href="//pokemonshowdown.com/ladder/">Ladder</a></li>
			<li><a class="button nav-last" href="//pokemonshowdown.com/forums/">Forum</a></li>
			<li><a class="button greenbutton nav-first nav-last" href="//play.pokemonshowdown.com/">Play</a></li>
		</ul></div>
	</header>

	<div class="main" id="main">

		<noscript><section class="section">You need to enable JavaScript to use this page; sorry!</section></noscript>

	</div>

</div>

<script defer nomodule src="//play.pokemonshowdown.com/js/lib/ps-polyfill.js"></script>
<script defer src="//play.pokemonshowdown.com/js/lib/preact.min.js"></script>

<script defer src="//play.pokemonshowdown.com/config/config.js?2bddbc15"></script>
<script defer src="//play.pokemonshowdown.com/js/lib/jquery-1.11.0.min.js"></script>
<script defer src="//play.pokemonshowdown.com/js/lib/html-sanitizer-minified.js"></script>
<script defer src="//play.pokemonshowdown.com/js/battle-sound.js"></script>
<script defer src="//play.pokemonshowdown.com/js/battledata.js?0.7209276989879541"></script>
<script defer src="//play.pokemonshowdown.com/data/pokedex-mini.js?0.6111056340867951"></script>
<script defer src="//play.pokemonshowdown.com/data/pokedex-mini-bw.js?0.3532142036491459"></script>
<script defer src="//play.pokemonshowdown.com/data/graphics.js?0.24223875632456182"></script>
<script defer src="//play.pokemonshowdown.com/data/pokedex.js?0.38839984266356864"></script>
<script defer src="//play.pokemonshowdown.com/data/moves.js?0.21866028504024015"></script>
<script defer src="//play.pokemonshowdown.com/data/abilities.js?0.2005157953846628"></script>
<script defer src="//play.pokemonshowdown.com/data/items.js?0.9894211263848525"></script>
<script defer src="//play.pokemonshowdown.com/data/teambuilder-tables.js?0.6008791140282215"></script>
<script defer src="//play.pokemonshowdown.com/js/battle-tooltips.js?0.7580118955022959"></script>
<script defer src="//play.pokemonshowdown.com/js/battle.js?0.6057722274234274"></script>

<script defer src="js/utils.js?e31f9a17"></script>
<script defer src="js/replays-battle.js?7008c182"></script>

<!-- don't scrape this data! just add .json or .log after the URL!
Full API docs: https://github.com/smogon/pokemon-showdown-client/blob/master/WEB-API.md -->
<script type="text/plain" class="log" id="replaylog-smogtours-gen3ou-804322">
|inactive|Battle timer is ON: inactive players will automatically lose when time's up.
|t:|1730646373
|gametype|singles
|player|p1|kingofironfrisk|tabitha-gen3|
|player|p2|singingcrow|hiker-gen4|
|teamsize|p1|6
|teamsize|p2|6
|gen|3
|tier|[Gen 3] OU
|rule|Sleep Clause Mod: Limit one foe put to sleep
|rule|Switch Priority Clause Mod: Faster Pokémon switch first
|rule|Species Clause: Limit one of each Pokémon
|rule|OHKO Clause: OHKO moves are banned
|rule|Evasion Items Clause: Evasion items are banned
|rule|Evasion Moves Clause: Evasion moves are banned
|rule|Endless Battle Clause: Forcing endless battles is banned
|rule|HP Percentage Mod: HP is shown in percentages
|rule|One Boost Passer Clause: Limit one Baton Passer that has a way to boost its stats
|rule|Freeze Clause Mod: Limit one foe frozen
|
|t:|1730646373
|start
|switch|p1a: SUCKED DRY|Suicune|100/100
|switch|p2a: Hariyama|Hariyama, M|100/100
|turn|1
|
|t:|1730646386
|move|p1a: SUCKED DRY|Calm Mind|p1a: SUCKED DRY
|-boost|p1a: SUCKED DRY|spa|1
|-boost|p1a: SUCKED DRY|spd|1
|move|p2a: Hariyama|Whirlwind|p1a: SUCKED DRY
|drag|p1a: CHANGE UP|Raikou|100/100
|
|upkeep
|turn|2
|
|t:|1730646405
|move|p1a: CHANGE UP|Thunderbolt|p2a: Hariyama
|-damage|p2a: Hariyama|64/100
|move|p2a: Hariyama|Knock Off|p1a: CHANGE UP
|-damage|p1a: CHANGE UP|98/100
|-enditem|p1a: CHANGE UP|Leftovers|[from] move: Knock Off|[of] p2a: Hariyama
|-hint|In Gens 3-4, Knock Off only makes the target's item unusable; it cannot obtain a new item.
|
|-heal|p2a: Hariyama|71/100|[from] item: Leftovers
|upkeep
|turn|3
|
|t:|1730646432
|move|p1a: CHANGE UP|Substitute|p1a: CHANGE UP
|-start|p1a: CHANGE UP|Substitute
|-damage|p1a: CHANGE UP|73/100
|move|p2a: Hariyama|Whirlwind|p1a: CHANGE UP
|drag|p1a: PISTOL ROUND|Heracross, M|100/100
|
|-heal|p2a: Hariyama|77/100|[from] item: Leftovers
|upkeep
|turn|4
|
|t:|1730646439
|switch|p2a: Skarmory|Skarmory, M|100/100
|move|p1a: PISTOL ROUND|Swords Dance|p1a: PISTOL ROUND
|-boost|p1a: PISTOL ROUND|atk|2
|
|upkeep
|turn|5
|
|t:|1730646446
|move|p1a: PISTOL ROUND|Megahorn|p2a: Skarmory
|-resisted|p2a: Skarmory
|-damage|p2a: Skarmory|77/100
|move|p2a: Skarmory|Roar|p1a: PISTOL ROUND
|drag|p1a: PINKDILLA|Swampert, M, shiny|100/100
|
|-heal|p2a: Skarmory|83/100|[from] item: Leftovers
|upkeep
|turn|6
|
|t:|1730646450
|move|p2a: Skarmory|Spikes|p1a: PINKDILLA
|-sidestart|p1: kingofironfrisk|Spikes
|move|p1a: PINKDILLA|Hydro Pump|p2a: Skarmory
|-damage|p2a: Skarmory|42/100
|
|-heal|p2a: Skarmory|48/100|[from] item: Leftovers
|upkeep
|turn|7
|
|t:|1730646459
|switch|p1a: MASTER CLASS|Zapdos|100/100
|move|p2a: Skarmory|Protect||[still]
|-fail|p2a: Skarmory
|
|-heal|p2a: Skarmory|53/100|[from] item: Leftovers
|upkeep
|turn|8
|
|t:|1730646464
|switch|p2a: Claydol|Claydol|100/100
|move|p1a: MASTER CLASS|Thunder Wave|p2a: Claydol
|-immune|p2a: Claydol
|
|upkeep
|turn|9
|
|t:|1730646482
|move|p1a: MASTER CLASS|Hidden Power|p2a: Claydol
|-supereffective|p2a: Claydol
|-damage|p2a: Claydol|62/100
|move|p2a: Claydol|Psychic|p1a: MASTER CLASS
|-damage|p1a: MASTER CLASS|80/100
|-unboost|p1a: MASTER CLASS|spd|1
|
|-heal|p1a: MASTER CLASS|86/100|[from] item: Leftovers
|-heal|p2a: Claydol|68/100|[from] item: Leftovers
|upkeep
|turn|10
|
|t:|1730646490
|switch|p2a: Blissey|Blissey, F|100/100
|move|p1a: MASTER CLASS|Hidden Power|p2a: Blissey
|-damage|p2a: Blissey|92/100
|
|-heal|p1a: MASTER CLASS|92/100|[from] item: Leftovers
|-heal|p2a: Blissey|98/100|[from] item: Leftovers
|upkeep
|turn|11
|
|t:|1730646498
|move|p1a: MASTER CLASS|Thunder Wave|p2a: Blissey
|-status|p2a: Blissey|par
|move|p2a: Blissey|Ice Beam|p1a: MASTER CLASS
|-supereffective|p1a: MASTER CLASS
|-damage|p1a: MASTER CLASS|17/100
|
|-heal|p1a: MASTER CLASS|23/100|[from] item: Leftovers
|-heal|p2a: Blissey|100/100 par|[from] item: Leftovers
|upkeep
|turn|12
|
|t:|1730646507
|switch|p1a: SUCKED DRY|Suicune|100/100
|-damage|p1a: SUCKED DRY|88/100|[from] Spikes
|-curestatus|p2a: Blissey|par|[from] ability: Natural Cure
|switch|p2a: Claydol|Claydol|68/100
|
|-heal|p1a: SUCKED DRY|94/100|[from] item: Leftovers
|-heal|p2a: Claydol|74/100|[from] item: Leftovers
|upkeep
|turn|13
|
|t:|1730646512
|switch|p2a: Suicune|Suicune|100/100
|move|p1a: SUCKED DRY|Calm Mind|p1a: SUCKED DRY
|-boost|p1a: SUCKED DRY|spa|1
|-boost|p1a: SUCKED DRY|spd|1
|
|-heal|p1a: SUCKED DRY|100/100|[from] item: Leftovers
|upkeep
|turn|14
|
|t:|1730646516
|switch|p1a: MASTER CLASS|Zapdos|23/100
|move|p2a: Suicune|Roar|p1a: MASTER CLASS
|drag|p1a: PISTOL ROUND|Heracross, M|100/100
|-damage|p1a: PISTOL ROUND|88/100|[from] Spikes
|
|upkeep
|turn|15
|
|t:|1730646524
|move|p1a: PISTOL ROUND|Megahorn|p2a: Suicune
|-damage|p2a: Suicune|66/100
|move|p2a: Suicune|Roar|p1a: PISTOL ROUND
|drag|p1a: SUCKED DRY|Suicune|100/100
|-damage|p1a: SUCKED DRY|88/100|[from] Spikes
|
|-heal|p1a: SUCKED DRY|94/100|[from] item: Leftovers
|-heal|p2a: Suicune|72/100|[from] item: Leftovers
|upkeep
|turn|16
|
|t:|1730646531
|switch|p1a: MASTER CLASS|Zapdos|23/100
|switch|p2a: Hariyama|Hariyama, M|77/100
|
|-heal|p1a: MASTER CLASS|29/100|[from] item: Leftovers
|-heal|p2a: Hariyama|83/100|[from] item: Leftovers
|upkeep
|turn|17
|
|t:|1730646537
|move|p1a: MASTER CLASS|Thunderbolt|p2a: Hariyama
|-damage|p2a: Hariyama|52/100
|-status|p2a: Hariyama|par
|move|p2a: Hariyama|Knock Off|p1a: MASTER CLASS
|-damage|p1a: MASTER CLASS|27/100
|-enditem|p1a: MASTER CLASS|Leftovers|[from] move: Knock Off|[of] p2a: Hariyama
|
|-heal|p2a: Hariyama|58/100 par|[from] item: Leftovers
|upkeep
|turn|18
|
|t:|1730646547
|move|p1a: MASTER CLASS|Thunderbolt|p2a: Hariyama
|-damage|p2a: Hariyama|25/100 par
|cant|p2a: Hariyama|par
|
|-heal|p2a: Hariyama|31/100 par|[from] item: Leftovers
|upkeep
|turn|19
|
|t:|1730646551
|move|p1a: MASTER CLASS|Thunderbolt|p2a: Hariyama
|-damage|p2a: Hariyama|0 fnt
|faint|p2a: Hariyama
|
|t:|1730646570
|switch|p2a: Blissey|Blissey, F|100/100
|
|upkeep
|turn|20
|
|t:|1730646573
|move|p1a: MASTER CLASS|Thunder Wave|p2a: Blissey
|-status|p2a: Blissey|par
|move|p2a: Blissey|Ice Beam|p1a: MASTER CLASS
|-supereffective|p1a: MASTER CLASS
|-damage|p1a: MASTER CLASS|0 fnt
|faint|p1a: MASTER CLASS
|
|t:|1730646574
|switch|p1a: HEADSHOT|Dugtrio, M|100/100
|-damage|p1a: HEADSHOT|88/100|[from] Spikes
|
|upkeep
|turn|21
|
|t:|1730646577
|move|p1a: HEADSHOT|Beat Up|p2a: Blissey
|-damage|p2a: Blissey|90/100 par
|-damage|p2a: Blissey|80/100 par
|-damage|p2a: Blissey|68/100 par
|-crit|p2a: Blissey
|-damage|p2a: Blissey|37/100 par
|-damage|p2a: Blissey|28/100 par
|-hitcount|p2a: Blissey|5
|move|p2a: Blissey|Ice Beam|p1a: HEADSHOT
|-supereffective|p1a: HEADSHOT
|-damage|p1a: HEADSHOT|20/100
|
|-heal|p2a: Blissey|34/100 par|[from] item: Leftovers
|upkeep
|turn|22
|
|t:|1730646579
|move|p1a: HEADSHOT|Beat Up|p2a: Blissey
|-damage|p2a: Blissey|25/100 par
|-damage|p2a: Blissey|14/100 par
|-damage|p2a: Blissey|2/100 par
|-damage|p2a: Blissey|0 fnt
|-hitcount|p2a: Blissey|4
|faint|p2a: Blissey
|
|t:|1730646593
|switch|p2a: Skarmory|Skarmory, M|53/100
|
|-heal|p2a: Skarmory|59/100|[from] item: Leftovers
|upkeep
|turn|23
|
|t:|1730646606
|switch|p1a: CHANGE UP|Raikou|73/100
|-damage|p1a: CHANGE UP|61/100|[from] Spikes
|move|p2a: Skarmory|Toxic|p1a: CHANGE UP
|-status|p1a: CHANGE UP|tox
|
|-damage|p1a: CHANGE UP|54/100 tox|[from] psn
|-heal|p2a: Skarmory|65/100|[from] item: Leftovers
|upkeep
|turn|24
|
|t:|1730646611
|switch|p2a: Dugtrio|Dugtrio, M|100/100
|move|p1a: CHANGE UP|Calm Mind|p1a: CHANGE UP
|-boost|p1a: CHANGE UP|spa|1
|-boost|p1a: CHANGE UP|spd|1
|
|-damage|p1a: CHANGE UP|42/100 tox|[from] psn
|upkeep
|turn|25
|
|t:|1730646615
|move|p1a: CHANGE UP|Hidden Power|p2a: Dugtrio
|-supereffective|p2a: Dugtrio
|-damage|p2a: Dugtrio|0 fnt
|faint|p2a: Dugtrio
|
|t:|1730646621
|switch|p2a: Skarmory|Skarmory, M|65/100
|
|-damage|p1a: CHANGE UP|23/100 tox|[from] psn
|-heal|p2a: Skarmory|71/100|[from] item: Leftovers
|upkeep
|turn|26
|
|t:|1730646630
|move|p2a: Skarmory|Protect|p2a: Skarmory
|-singleturn|p2a: Skarmory|Protect
|move|p1a: CHANGE UP|Thunderbolt|p2a: Skarmory
|-activate|p2a: Skarmory|Protect
|
|-damage|p1a: CHANGE UP|0 fnt|[from] psn
|faint|p1a: CHANGE UP
|-heal|p2a: Skarmory|77/100|[from] item: Leftovers
|upkeep
|
|t:|1730646640
|switch|p1a: PINKDILLA|Swampert, M, shiny|100/100
|-damage|p1a: PINKDILLA|88/100|[from] Spikes
|turn|27
|
|t:|1730646653
|move|p2a: Skarmory|Toxic|p1a: PINKDILLA
|-status|p1a: PINKDILLA|tox
|move|p1a: PINKDILLA|Curse|p1a: PINKDILLA
|-unboost|p1a: PINKDILLA|spe|1
|-boost|p1a: PINKDILLA|atk|1
|-boost|p1a: PINKDILLA|def|1
|
|-heal|p2a: Skarmory|83/100|[from] item: Leftovers
|-heal|p1a: PINKDILLA|94/100 tox|[from] item: Leftovers
|-damage|p1a: PINKDILLA|88/100 tox|[from] psn
|upkeep
|turn|28
|
|t:|1730646658
|move|p2a: Skarmory|Spikes|p1a: PINKDILLA
|-sidestart|p1: kingofironfrisk|Spikes
|move|p1a: PINKDILLA|Hydro Pump|p2a: Skarmory|[miss]
|-miss|p1a: PINKDILLA|p2a: Skarmory
|
|-heal|p2a: Skarmory|89/100|[from] item: Leftovers
|-heal|p1a: PINKDILLA|94/100 tox|[from] item: Leftovers
|-damage|p1a: PINKDILLA|82/100 tox|[from] psn
|upkeep
|turn|29
|
|t:|1730646662
|switch|p1a: HEADSHOT|Dugtrio, M|20/100
|-damage|p1a: HEADSHOT|4/100|[from] Spikes
|move|p2a: Skarmory|Spikes|p1a: HEADSHOT
|-sidestart|p1: kingofironfrisk|Spikes
|
|-heal|p2a: Skarmory|95/100|[from] item: Leftovers
|upkeep
|turn|30
|
|t:|1730646668
|move|p2a: Skarmory|Protect|p2a: Skarmory
|-singleturn|p2a: Skarmory|Protect
|move|p1a: HEADSHOT|Aerial Ace|p2a: Skarmory
|-activate|p2a: Skarmory|Protect
|
|-heal|p2a: Skarmory|100/100|[from] item: Leftovers
|upkeep
|turn|31
|
|t:|1730646674
|move|p1a: HEADSHOT|Aerial Ace|p2a: Skarmory
|-resisted|p2a: Skarmory
|-damage|p2a: Skarmory|93/100
|move|p2a: Skarmory|Roar|p1a: HEADSHOT
|drag|p1a: SUCKED DRY|Suicune|94/100
|-damage|p1a: SUCKED DRY|70/100|[from] Spikes
|
|-heal|p1a: SUCKED DRY|76/100|[from] item: Leftovers
|-heal|p2a: Skarmory|99/100|[from] item: Leftovers
|upkeep
|turn|32
|
|t:|1730646680
|move|p1a: SUCKED DRY|Calm Mind|p1a: SUCKED DRY
|-boost|p1a: SUCKED DRY|spa|1
|-boost|p1a: SUCKED DRY|spd|1
|move|p2a: Skarmory|Toxic|p1a: SUCKED DRY|[miss]
|-miss|p2a: Skarmory|p1a: SUCKED DRY
|
|-heal|p1a: SUCKED DRY|82/100|[from] item: Leftovers
|-heal|p2a: Skarmory|100/100|[from] item: Leftovers
|upkeep
|turn|33
|
|t:|1730646684
|move|p1a: SUCKED DRY|Hydro Pump|p2a: Skarmory
|-damage|p2a: Skarmory|30/100
|move|p2a: Skarmory|Roar|p1a: SUCKED DRY
|drag|p1a: HEADSHOT|Dugtrio, M|4/100
|-damage|p1a: HEADSHOT|0 fnt|[from] Spikes
|faint|p1a: HEADSHOT
|
|t:|1730646688
|switch|p1a: SUCKED DRY|Suicune|82/100
|-damage|p1a: SUCKED DRY|57/100|[from] Spikes
|
|-heal|p1a: SUCKED DRY|63/100|[from] item: Leftovers
|-heal|p2a: Skarmory|36/100|[from] item: Leftovers
|upkeep
|turn|34
|
|t:|1730646693
|switch|p1a: PISTOL ROUND|Heracross, M|88/100
|-damage|p1a: PISTOL ROUND|63/100|[from] Spikes
|switch|p2a: Suicune|Suicune|72/100
|
|-heal|p2a: Suicune|78/100|[from] item: Leftovers
|upkeep
|turn|35
|
|t:|1730646697
|move|p1a: PISTOL ROUND|Swords Dance|p1a: PISTOL ROUND
|-boost|p1a: PISTOL ROUND|atk|2
|move|p2a: Suicune|Roar|p1a: PISTOL ROUND
|drag|p1a: SUCKED DRY|Suicune|63/100
|-damage|p1a: SUCKED DRY|38/100|[from] Spikes
|
|-heal|p1a: SUCKED DRY|44/100|[from] item: Leftovers
|-heal|p2a: Suicune|84/100|[from] item: Leftovers
|upkeep
|turn|36
|
|t:|1730646705
|switch|p1a: PINKDILLA|Swampert, M, shiny|82/100 tox
|-damage|p1a: PINKDILLA|57/100 tox|[from] Spikes
|move|p2a: Suicune|Calm Mind|p2a: Suicune
|-boost|p2a: Suicune|spa|1
|-boost|p2a: Suicune|spd|1
|
|-heal|p2a: Suicune|91/100|[from] item: Leftovers
|-heal|p1a: PINKDILLA|63/100 tox|[from] item: Leftovers
|-damage|p1a: PINKDILLA|57/100 tox|[from] psn
|upkeep
|turn|37
|
|t:|1730646713
|move|p2a: Suicune|Surf|p1a: PINKDILLA
|-crit|p1a: PINKDILLA
|-damage|p1a: PINKDILLA|0 fnt
|faint|p1a: PINKDILLA
|
|t:|1730646718
|switch|p1a: SUCKED DRY|Suicune|44/100
|-damage|p1a: SUCKED DRY|20/100|[from] Spikes
|
|-heal|p1a: SUCKED DRY|26/100|[from] item: Leftovers
|-heal|p2a: Suicune|97/100|[from] item: Leftovers
|upkeep
|turn|38
|
|t:|1730646728
|move|p1a: SUCKED DRY|Ice Beam|p2a: Suicune
|-resisted|p2a: Suicune
|-crit|p2a: Suicune
|-damage|p2a: Suicune|74/100
|move|p2a: Suicune|Roar|p1a: SUCKED DRY
|drag|p1a: PISTOL ROUND|Heracross, M|63/100
|-damage|p1a: PISTOL ROUND|38/100|[from] Spikes
|
|-heal|p2a: Suicune|80/100|[from] item: Leftovers
|upkeep
|turn|39
|inactive|kingofironfrisk has 270 seconds left.
|
|t:|1730646782
|switch|p1a: SUCKED DRY|Suicune|26/100
|-damage|p1a: SUCKED DRY|1/100|[from] Spikes
|move|p2a: Suicune|Roar|p1a: SUCKED DRY
|drag|p1a: PISTOL ROUND|Heracross, M|38/100
|-damage|p1a: PISTOL ROUND|13/100|[from] Spikes
|
|-enditem|p1a: PISTOL ROUND|Salac Berry|[eat]
|-boost|p1a: PISTOL ROUND|spe|1|[from] item: Salac Berry
|-heal|p2a: Suicune|86/100|[from] item: Leftovers
|upkeep
|turn|40
|
|t:|1730646799
|move|p1a: PISTOL ROUND|Megahorn|p2a: Suicune
|-damage|p2a: Suicune|26/100
|move|p2a: Suicune|Roar|p1a: PISTOL ROUND
|drag|p1a: SUCKED DRY|Suicune|1/100
|-damage|p1a: SUCKED DRY|0 fnt|[from] Spikes
|faint|p1a: SUCKED DRY
|
|t:|1730646802
|switch|p1a: PISTOL ROUND|Heracross, M|13/100
|-damage|p1a: PISTOL ROUND|0 fnt|[from] Spikes
|faint|p1a: PISTOL ROUND
|
|win|singingcrow
|c|☆singingcrow|gg

</script>
<script type="application/json" class="data" id="replaydata-smogtours-gen3ou-804322">
{"id":"smogtours-gen3ou-804322","format":"[Gen 3] OU","players":["kingofironfrisk","singingcrow"],"uploadtime":1730646802,"views":62,"formatid":"gen3ou","rating":null,"private":0,"password":null}
</script>

<script defer src="js/replays.js?9d40a366"></script>
