<!DOCTYPE html>
<meta charset="utf-8" />
<meta name="viewport" content="width=device-width" />

<title>[Gen 3] OU: EG Zelph vs. luisin - Replays - Pok&eacute;mon Showdown!</title>

<meta name="description" content="Watch a replay of a Pok&eacute;mon battle between EG Zelph and luisin! Format: [Gen 3] OU; Date: Oct 21, 2024" />
<!--

Hey, you! Looking in the source for the replay log?

You can find them in JSON format, just add `.json` at the end of a replay URL.

https://replay.pokemonshowdown.com/gen7randomdoublesbattle-865046831.json

Or, if you only need the log itself, add `.log` instead:

https://replay.pokemonshowdown.com/gen7randomdoublesbattle-865046831.log

-->

<link rel="stylesheet" href="//pokemonshowdown.com/style/global.css?0.023195364461161105" />
<link rel="stylesheet" href="//play.pokemonshowdown.com/style/font-awesome.css?0.13261647063804238" />
<link rel="stylesheet" href="//play.pokemonshowdown.com/style/battle.css?0.8753245789963631" />
<link rel="stylesheet" href="//play.pokemonshowdown.com/style/utilichart.css?0.8627959624976733" />

<!-- Global site tag (gtag.js) - Google Analytics -->
<script async src="https://www.googletagmanager.com/gtag/js?id=UA-26211653-1"></script>
<script>
  window.dataLayer = window.dataLayer || [];
  function gtag(){dataLayer.push(arguments);}
  gtag('js', new Date());

  gtag('config', 'UA-26211653-1');
</script>
<!-- End Google Analytics -->
<!-- Venatus Ad Manager - Install in <HEAD> of page -->
	<script src="https://hb.vntsm.com/v3/live/ad-manager.min.js" type="text/javascript" data-site-id="642aba63ec9a7b11c3c9c1be" data-mode="scan" async></script>
<!-- / Venatus Ad Manager -->

<style>
	@media (max-width:820px) {
		.battle {
			margin: 0 auto;
		}
		.battle-log {
			margin: 7px auto 0;
			max-width: 640px;
			height: 300px;
			position: static;
		}
	}
	.optgroup {
		display: inline-block;
		line-height: 22px;
		font-size: 10pt;
	}
	.optgroup .button {
		height: 25px;
		padding-top: 0;
		padding-bottom: 0;
	}
	.optgroup button.button {
		padding-left: 12px;
		padding-right: 12px;
	}
	.linklist {
		list-style: none;
		margin: 0.5em 0;
		padding: 0;
	}
	.linklist li {
		padding: 2px 0;
	}
	.sidebar {
		float: left;
		width: 320px;
	}
	.bar-wrapper {
		max-width: 1100px;
		margin: 0 auto;
	}
	.bar-wrapper.has-sidebar {
		max-width: 1430px;
	}
	.mainbar {
		margin: 0;
		padding-right: 1px;
	}
	.mainbar.has-sidebar {
		margin-left: 330px;
	}
	@media (min-width: 1511px) {
		.sidebar {
			width: 400px;
		}
		.bar-wrapper.has-sidebar {
			max-width: 1510px;
		}
		.mainbar.has-sidebar {
			margin-left: 410px;
		}
	}
	.section.first-section {
		margin-top: 9px;
	}
	.blocklink small {
		white-space: normal;
	}
	.button {
		vertical-align: middle;
	}
	.replay-controls {
		padding-top: 10px;
	}
	.replay-controls h1 {
		font-size: 16pt;
		font-weight: normal;
		color: #CCC;
	}
	.pagelink {
		text-align: center;
	}
	.pagelink a {
		width: 150px;
	}
	.textbox, .button {
		font-size: 11pt;
		vertical-align: middle;
	}
	@media (max-width: 450px) {
		.button {
			font-size: 9pt;
		}
	}
</style>

<div>

	<header>
		<div class="nav-wrapper"><ul class="nav">
			<li><a class="button nav-first" href="//pokemonshowdown.com/"><img src="//pokemonshowdown.com/images/pokemonshowdownbeta.png" srcset="//pokemonshowdown.com/images/pokemonshowdownbeta.png 1x, //pokemonshowdown.com/images/pokemonshowdownbeta@2x.png 2x" alt="Pok&eacute;mon Showdown" width="146" height="44" /> Home</a></li>
			<li><a class="button" href="//pokemonshowdown.com/dex/">Pok&eacute;dex</a></li>
			<li><a class="button cur" href="/">Replays</a></li>
			<li><a class="button" href="//pokemonshowdown.com/ladder/">Ladder</a></li>
			<li><a class="button nav-last" href="//pokemonshowdown.com/forums/">Forum</a></li>
			<li><a class="button greenbutton nav-first nav-last" href="//play.pokemonshowdown.com/">Play</a></li>
		</ul></div>
	</header>

	<div class="main" id="main">

		<noscript><section class="section">You need to enable JavaScript to use this page; sorry!</section></noscript>

	</div>

</div>

<script defer nomodule src="//play.pokemonshowdown.com/js/lib/ps-polyfill.js"></script>
<script defer src="//play.pokemonshowdown.com/js/lib/preact.min.js"></script>

<script defer src="//play.pokemonshowdown.com/config/config.js?2bddbc15"></script>
<script defer src="//play.pokemonshowdown.com/js/lib/jquery-1.11.0.min.js"></script>
<script defer src="//play.pokemonshowdown.com/js/lib/html-sanitizer-minified.js"></script>
<script defer src="//play.pokemonshowdown.com/js/battle-sound.js"></script>
<script defer src="//play.pokemonshowdown.com/js/battledata.js?0.7209276989879541"></script>
<script defer src="//play.pokemonshowdown.com/data/pokedex-mini.js?0.6111056340867951"></script>
<script defer src="//play.pokemonshowdown.com/data/pokedex-mini-bw.js?0.3532142036491459"></script>
<script defer src="//play.pokemonshowdown.com/data/graphics.js?0.24223875632456182"></script>
<script defer src="//play.pokemonshowdown.com/data/pokedex.js?0.38839984266356864"></script>
<script defer src="//play.pokemonshowdown.com/data/moves.js?0.21866028504024015"></script>
<script defer src="//play.pokemonshowdown.com/data/abilities.js?0.2005157953846628"></script>
<script defer src="//play.pokemonshowdown.com/data/items.js?0.9894211263848525"></script>
<script defer src="//play.pokemonshowdown.com/data/teambuilder-tables.js?0.6008791140282215"></script>
<script defer src="//play.pokemonshowdown.com/js/battle-tooltips.js?0.7580118955022959"></script>
<script defer src="//play.pokemonshowdown.com/js/battle.js?0.6057722274234274"></script>

<script defer src="js/utils.js?e31f9a17"></script>
<script defer src="js/replays-battle.js?7008c182"></script>

<!-- don't scrape this data! just add .json or .log after the URL!
Full API docs: https://github.com/smogon/pokemon-showdown-client/blob/master/WEB-API.md -->
<script type="text/plain" class="log" id="replaylog-gen3ou-2228050146-s4cjpth8nggccyphhhf89dog31b5jdbpw">
|j|☆EG Zelph
|j|☆luisin
|t:|1729554785
|gametype|singles
|player|p1|EG Zelph|parasollady|
|player|p2|luisin|#luisin|
|teamsize|p1|6
|teamsize|p2|6
|gen|3
|tier|[Gen 3] OU
|rule|Sleep Clause Mod: Limit one foe put to sleep
|rule|Switch Priority Clause Mod: Faster Pokémon switch first
|rule|Species Clause: Limit one of each Pokémon
|rule|OHKO Clause: OHKO moves are banned
|rule|Evasion Items Clause: Evasion items are banned
|rule|Evasion Moves Clause: Evasion moves are banned
|rule|Endless Battle Clause: Forcing endless battles is banned
|rule|HP Percentage Mod: HP is shown in percentages
|rule|One Boost Passer Clause: Limit one Baton Passer that has a way to boost its stats
|rule|Freeze Clause Mod: Limit one foe frozen
|
|t:|1729554785
|start
|switch|p1a: Swampert|Swampert, F|100/100
|switch|p2a: Skarmory|Skarmory, F|100/100
|turn|1
|inactive|Battle timer is ON: inactive players will automatically lose when time's up. (requested by luisin)
|inactive|EG Zelph also wants the timer to be on.
|
|t:|1729554795
|switch|p1a: Forretress|Forretress, M|100/100
|move|p2a: Skarmory|Spikes|p1a: Forretress
|-sidestart|p1: EG Zelph|Spikes
|
|upkeep
|turn|2
|
|t:|1729554800
|switch|p2a: Flygon|Flygon, M|100/100
|move|p1a: Forretress|Spikes|p2a: Flygon
|-sidestart|p2: luisin|Spikes
|
|upkeep
|turn|3
|
|t:|1729554805
|switch|p1a: Blissey|Blissey, F, shiny|100/100
|-damage|p1a: Blissey|88/100|[from] Spikes
|move|p2a: Flygon|Flamethrower|p1a: Blissey
|-damage|p1a: Blissey|82/100
|
|-heal|p1a: Blissey|88/100|[from] item: Leftovers
|upkeep
|turn|4
|
|t:|1729554812
|switch|p2a: Zapdos|Zapdos|100/100
|move|p1a: Blissey|Ice Beam|p2a: Zapdos
|-supereffective|p2a: Zapdos
|-damage|p2a: Zapdos|65/100
|
|-heal|p2a: Zapdos|71/100|[from] item: Leftovers
|-heal|p1a: Blissey|94/100|[from] item: Leftovers
|upkeep
|turn|5
|
|t:|1729554819
|switch|p2a: Blissey|Blissey, F|100/100
|-damage|p2a: Blissey|88/100|[from] Spikes
|move|p1a: Blissey|Ice Beam|p2a: Blissey
|-damage|p2a: Blissey|78/100
|
|-heal|p1a: Blissey|100/100|[from] item: Leftovers
|-heal|p2a: Blissey|84/100|[from] item: Leftovers
|upkeep
|turn|6
|
|t:|1729554825
|switch|p1a: Forretress|Forretress, M|100/100
|-damage|p1a: Forretress|88/100|[from] Spikes
|move|p2a: Blissey|Ice Beam|p1a: Forretress
|-resisted|p1a: Forretress
|-damage|p1a: Forretress|77/100
|
|-heal|p2a: Blissey|90/100|[from] item: Leftovers
|-heal|p1a: Forretress|84/100|[from] item: Leftovers
|upkeep
|turn|7
|
|t:|1729554830
|switch|p2a: Flygon|Flygon, M|100/100
|move|p1a: Forretress|Rapid Spin|p2a: Flygon
|-damage|p2a: Flygon|97/100
|-sideend|p1: EG Zelph|Spikes|[from] move: Rapid Spin|[of] p1a: Forretress
|
|-heal|p2a: Flygon|100/100|[from] item: Leftovers
|-heal|p1a: Forretress|90/100|[from] item: Leftovers
|upkeep
|turn|8
|
|t:|1729554833
|switch|p2a: Skarmory|Skarmory, F|100/100
|switch|p1a: Blissey|Blissey, F, shiny|100/100
|
|upkeep
|turn|9
|
|t:|1729554836
|switch|p1a: Forretress|Forretress, M|90/100
|move|p2a: Skarmory|Spikes|p1a: Forretress
|-sidestart|p1: EG Zelph|Spikes
|
|-heal|p1a: Forretress|96/100|[from] item: Leftovers
|upkeep
|turn|10
|
|t:|1729554839
|switch|p2a: Gengar|Gengar, F|100/100
|move|p1a: Forretress|Rapid Spin|p2a: Gengar
|-immune|p2a: Gengar
|
|-heal|p1a: Forretress|100/100|[from] item: Leftovers
|upkeep
|turn|11
|
|t:|1729554842
|switch|p1a: Tyranitar|Tyranitar, F|100/100
|-damage|p1a: Tyranitar|88/100|[from] Spikes
|-weather|Sandstorm|[from] ability: Sand Stream|[of] p1a: Tyranitar
|move|p2a: Gengar|Will-O-Wisp|p1a: Tyranitar|[miss]
|-miss|p2a: Gengar|p1a: Tyranitar
|
|-weather|Sandstorm|[upkeep]
|-damage|p2a: Gengar|95/100|[from] Sandstorm
|-heal|p2a: Gengar|100/100|[from] item: Leftovers
|-heal|p1a: Tyranitar|94/100|[from] item: Leftovers
|upkeep
|turn|12
|
|t:|1729554849
|move|p2a: Gengar|Giga Drain|p1a: Tyranitar
|-supereffective|p1a: Tyranitar
|-damage|p1a: Tyranitar|61/100
|move|p1a: Tyranitar|Pursuit|p2a: Gengar
|-supereffective|p2a: Gengar
|-damage|p2a: Gengar|56/100
|
|-weather|Sandstorm|[upkeep]
|-damage|p2a: Gengar|50/100|[from] Sandstorm
|-heal|p2a: Gengar|56/100|[from] item: Leftovers
|-heal|p1a: Tyranitar|67/100|[from] item: Leftovers
|upkeep
|turn|13
|
|t:|1729554854
|move|p2a: Gengar|Giga Drain|p1a: Tyranitar
|-supereffective|p1a: Tyranitar
|-damage|p1a: Tyranitar|33/100
|-heal|p2a: Gengar|77/100|[from] drain|[of] p1a: Tyranitar
|move|p1a: Tyranitar|Crunch|p2a: Gengar
|-supereffective|p2a: Gengar
|-damage|p2a: Gengar|0 fnt
|faint|p2a: Gengar
|
|t:|1729554858
|switch|p2a: Flygon|Flygon, M|100/100
|
|-weather|Sandstorm|[upkeep]
|-heal|p1a: Tyranitar|39/100|[from] item: Leftovers
|upkeep
|turn|14
|
|t:|1729554868
|switch|p1a: Salamence|Salamence, M|100/100
|-ability|p1a: Salamence|Intimidate|boost
|-unboost|p2a: Flygon|atk|1
|move|p2a: Flygon|Earthquake|p1a: Salamence
|-immune|p1a: Salamence
|
|-weather|Sandstorm|[upkeep]
|-damage|p1a: Salamence|94/100|[from] Sandstorm
|-heal|p1a: Salamence|100/100|[from] item: Leftovers
|upkeep
|turn|15
|
|t:|1729554874
|move|p1a: Salamence|Dragon Claw|p2a: Flygon
|-supereffective|p2a: Flygon
|-damage|p2a: Flygon|12/100
|move|p2a: Flygon|Toxic|p1a: Salamence|[miss]
|-miss|p2a: Flygon|p1a: Salamence
|
|-weather|Sandstorm|[upkeep]
|-damage|p1a: Salamence|94/100|[from] Sandstorm
|-heal|p1a: Salamence|100/100|[from] item: Leftovers
|-heal|p2a: Flygon|18/100|[from] item: Leftovers
|upkeep
|turn|16
|
|t:|1729554885
|move|p2a: Flygon|Protect|p2a: Flygon
|-singleturn|p2a: Flygon|Protect
|move|p1a: Salamence|Dragon Claw|p2a: Flygon
|-activate|p2a: Flygon|Protect
|
|-weather|Sandstorm|[upkeep]
|-damage|p1a: Salamence|94/100|[from] Sandstorm
|-heal|p1a: Salamence|100/100|[from] item: Leftovers
|-heal|p2a: Flygon|24/100|[from] item: Leftovers
|upkeep
|turn|17
|
|t:|1729554890
|switch|p2a: Blissey|Blissey, F|90/100
|-damage|p2a: Blissey|78/100|[from] Spikes
|move|p1a: Salamence|Dragon Claw|p2a: Blissey
|-damage|p2a: Blissey|62/100
|
|-weather|Sandstorm|[upkeep]
|-damage|p1a: Salamence|94/100|[from] Sandstorm
|-damage|p2a: Blissey|55/100|[from] Sandstorm
|-heal|p1a: Salamence|100/100|[from] item: Leftovers
|-heal|p2a: Blissey|62/100|[from] item: Leftovers
|upkeep
|turn|18
|
|t:|1729554894
|switch|p1a: Forretress|Forretress, M|100/100
|-damage|p1a: Forretress|88/100|[from] Spikes
|switch|p2a: Flygon|Flygon, M|24/100
|
|-weather|Sandstorm|[upkeep]
|-heal|p2a: Flygon|30/100|[from] item: Leftovers
|-heal|p1a: Forretress|94/100|[from] item: Leftovers
|upkeep
|turn|19
|
|t:|1729554903
|move|p2a: Flygon|Toxic|p1a: Forretress|[miss]
|-miss|p2a: Flygon|p1a: Forretress
|move|p1a: Forretress|Rapid Spin|p2a: Flygon
|-damage|p2a: Flygon|27/100
|-sideend|p1: EG Zelph|Spikes|[from] move: Rapid Spin|[of] p1a: Forretress
|
|-weather|Sandstorm|[upkeep]
|-heal|p2a: Flygon|33/100|[from] item: Leftovers
|-heal|p1a: Forretress|100/100|[from] item: Leftovers
|upkeep
|turn|20
|
|t:|1729554905
|switch|p1a: Blissey|Blissey, F, shiny|100/100
|move|p2a: Flygon|Toxic|p1a: Blissey
|-status|p1a: Blissey|tox
|
|-weather|Sandstorm|[upkeep]
|-damage|p1a: Blissey|94/100 tox|[from] Sandstorm
|-heal|p2a: Flygon|39/100|[from] item: Leftovers
|-heal|p1a: Blissey|100/100 tox|[from] item: Leftovers
|-damage|p1a: Blissey|94/100 tox|[from] psn
|upkeep
|turn|21
|
|t:|1729554910
|move|p2a: Flygon|Protect|p2a: Flygon
|-singleturn|p2a: Flygon|Protect
|move|p1a: Blissey|Calm Mind|p1a: Blissey
|-boost|p1a: Blissey|spa|1
|-boost|p1a: Blissey|spd|1
|
|-weather|Sandstorm|[upkeep]
|-damage|p1a: Blissey|88/100 tox|[from] Sandstorm
|-heal|p2a: Flygon|45/100|[from] item: Leftovers
|-heal|p1a: Blissey|94/100 tox|[from] item: Leftovers
|-damage|p1a: Blissey|82/100 tox|[from] psn
|upkeep
|turn|22
|
|t:|1729554914
|switch|p2a: Blissey|Blissey, F|62/100
|-damage|p2a: Blissey|49/100|[from] Spikes
|move|p1a: Blissey|Ice Beam|p2a: Blissey
|-damage|p2a: Blissey|34/100
|
|-weather|Sandstorm|[upkeep]
|-damage|p1a: Blissey|76/100 tox|[from] Sandstorm
|-damage|p2a: Blissey|28/100|[from] Sandstorm
|-heal|p1a: Blissey|82/100 tox|[from] item: Leftovers
|-heal|p2a: Blissey|34/100|[from] item: Leftovers
|-damage|p1a: Blissey|64/100 tox|[from] psn
|upkeep
|turn|23
|
|t:|1729554920
|-curestatus|p1a: Blissey|tox|[from] ability: Natural Cure
|switch|p1a: Forretress|Forretress, M|100/100
|move|p2a: Blissey|Soft-Boiled|p2a: Blissey
|-heal|p2a: Blissey|84/100
|
|-weather|Sandstorm|[upkeep]
|-damage|p2a: Blissey|77/100|[from] Sandstorm
|-heal|p2a: Blissey|84/100|[from] item: Leftovers
|upkeep
|turn|24
|
|t:|1729554924
|switch|p2a: Tyranitar|Tyranitar, M|100/100
|-damage|p2a: Tyranitar|88/100|[from] Spikes
|move|p1a: Forretress|Spikes|p2a: Tyranitar
|-sidestart|p2: luisin|Spikes
|
|-weather|Sandstorm|[upkeep]
|-heal|p2a: Tyranitar|94/100|[from] item: Leftovers
|upkeep
|turn|25
|
|t:|1729554931
|switch|p1a: Swampert|Swampert, F|100/100
|move|p2a: Tyranitar|Fire Blast|p1a: Swampert|[miss]
|-miss|p2a: Tyranitar|p1a: Swampert
|
|-weather|Sandstorm|[upkeep]
|-heal|p2a: Tyranitar|100/100|[from] item: Leftovers
|upkeep
|turn|26
|
|t:|1729554936
|switch|p2a: Skarmory|Skarmory, F|100/100
|move|p1a: Swampert|Earthquake|p2a: Skarmory
|-immune|p2a: Skarmory
|
|-weather|Sandstorm|[upkeep]
|upkeep
|turn|27
|
|t:|1729554939
|switch|p1a: Forretress|Forretress, M|100/100
|move|p2a: Skarmory|Spikes|p1a: Forretress
|-sidestart|p1: EG Zelph|Spikes
|
|-weather|Sandstorm|[upkeep]
|upkeep
|turn|28
|
|t:|1729554941
|move|p2a: Skarmory|Protect|p2a: Skarmory
|-singleturn|p2a: Skarmory|Protect
|move|p1a: Forretress|Rapid Spin|p2a: Skarmory
|-activate|p2a: Skarmory|Protect
|
|-weather|Sandstorm|[upkeep]
|upkeep
|turn|29
|
|t:|1729554943
|move|p2a: Skarmory|Spikes|p1a: Forretress
|-sidestart|p1: EG Zelph|Spikes
|move|p1a: Forretress|Rapid Spin|p2a: Skarmory
|-resisted|p2a: Skarmory
|-damage|p2a: Skarmory|99/100
|-sideend|p1: EG Zelph|Spikes|[from] move: Rapid Spin|[of] p1a: Forretress
|
|-weather|Sandstorm|[upkeep]
|-heal|p2a: Skarmory|100/100|[from] item: Leftovers
|upkeep
|turn|30
|
|t:|1729554945
|move|p2a: Skarmory|Spikes|p1a: Forretress
|-sidestart|p1: EG Zelph|Spikes
|move|p1a: Forretress|Spikes|p2a: Skarmory
|-sidestart|p2: luisin|Spikes
|
|-weather|Sandstorm|[upkeep]
|upkeep
|turn|31
|
|t:|1729554948
|move|p2a: Skarmory|Protect|p2a: Skarmory
|-singleturn|p2a: Skarmory|Protect
|move|p1a: Forretress|Rapid Spin|p2a: Skarmory
|-activate|p2a: Skarmory|Protect
|
|-weather|Sandstorm|[upkeep]
|upkeep
|turn|32
|
|t:|1729554951
|move|p2a: Skarmory|Spikes|p1a: Forretress
|-sidestart|p1: EG Zelph|Spikes
|move|p1a: Forretress|Rapid Spin|p2a: Skarmory
|-resisted|p2a: Skarmory
|-damage|p2a: Skarmory|99/100
|-sideend|p1: EG Zelph|Spikes|[from] move: Rapid Spin|[of] p1a: Forretress
|
|-weather|Sandstorm|[upkeep]
|-heal|p2a: Skarmory|100/100|[from] item: Leftovers
|upkeep
|turn|33
|
|t:|1729554955
|move|p2a: Skarmory|Toxic|p1a: Forretress
|-immune|p1a: Forretress
|move|p1a: Forretress|Rapid Spin|p2a: Skarmory
|-resisted|p2a: Skarmory
|-damage|p2a: Skarmory|99/100
|
|-weather|Sandstorm|[upkeep]
|-heal|p2a: Skarmory|100/100|[from] item: Leftovers
|upkeep
|turn|34
|
|t:|1729554959
|switch|p1a: Gengar|Gengar, M, shiny|100/100
|move|p2a: Skarmory|Toxic|p1a: Gengar
|-immune|p1a: Gengar
|
|-weather|Sandstorm|[upkeep]
|-damage|p1a: Gengar|94/100|[from] Sandstorm
|-heal|p1a: Gengar|100/100|[from] item: Leftovers
|upkeep
|turn|35
|
|t:|1729554964
|switch|p1a: Tyranitar|Tyranitar, F|39/100
|move|p2a: Skarmory|Spikes|p1a: Tyranitar
|-sidestart|p1: EG Zelph|Spikes
|
|-weather|Sandstorm|[upkeep]
|-heal|p1a: Tyranitar|46/100|[from] item: Leftovers
|upkeep
|turn|36
|
|t:|1729554968
|switch|p2a: Tyranitar|Tyranitar, M|100/100
|-damage|p2a: Tyranitar|76/100|[from] Spikes
|move|p1a: Tyranitar|Fire Blast|p2a: Tyranitar|[miss]
|-miss|p1a: Tyranitar|p2a: Tyranitar
|
|-weather|Sandstorm|[upkeep]
|-heal|p1a: Tyranitar|52/100|[from] item: Leftovers
|-heal|p2a: Tyranitar|82/100|[from] item: Leftovers
|upkeep
|turn|37
|
|t:|1729554971
|move|p1a: Tyranitar|Brick Break|p2a: Tyranitar
|-supereffective|p2a: Tyranitar
|-damage|p2a: Tyranitar|23/100
|move|p2a: Tyranitar|Crunch|p1a: Tyranitar
|-resisted|p1a: Tyranitar
|-damage|p1a: Tyranitar|35/100
|
|-weather|Sandstorm|[upkeep]
|-heal|p1a: Tyranitar|41/100|[from] item: Leftovers
|-heal|p2a: Tyranitar|30/100|[from] item: Leftovers
|upkeep
|turn|38
|
|t:|1729554975
|move|p1a: Tyranitar|Brick Break|p2a: Tyranitar
|-supereffective|p2a: Tyranitar
|-damage|p2a: Tyranitar|0 fnt
|faint|p2a: Tyranitar
|c|☆luisin|ggs
|-message|luisin forfeited.
|
|win|EG Zelph
|l|☆luisin
|player|p2|
|c|☆EG Zelph|Ggs

</script>
<script type="application/json" class="data" id="replaydata-gen3ou-2228050146-s4cjpth8nggccyphhhf89dog31b5jdbpw">
{"id":"gen3ou-2228050146","format":"[Gen 3] OU","players":["EG Zelph","luisin"],"uploadtime":1729554984,"views":77,"formatid":"gen3ou","rating":null,"private":1,"password":"s4cjpth8nggccyphhhf89dog31b5jdb"}
</script>

<script defer src="js/replays.js?9d40a366"></script>
