<!DOCTYPE html>
<meta charset="utf-8" />
<meta name="viewport" content="width=device-width" />

<title>[Gen 3] OU: salto vs. TECHSAVAGE - Replays - Pok&eacute;mon Showdown!</title>

<meta name="description" content="Watch a replay of a Pok&eacute;mon battle between salto and TECHSAVAGE! Format: [Gen 3] OU; Date: Oct 14, 2024" />
<!--

Hey, you! Looking in the source for the replay log?

You can find them in JSON format, just add `.json` at the end of a replay URL.

https://replay.pokemonshowdown.com/gen7randomdoublesbattle-865046831.json

Or, if you only need the log itself, add `.log` instead:

https://replay.pokemonshowdown.com/gen7randomdoublesbattle-865046831.log

-->

<link rel="stylesheet" href="//pokemonshowdown.com/style/global.css?0.023195364461161105" />
<link rel="stylesheet" href="//play.pokemonshowdown.com/style/font-awesome.css?0.13261647063804238" />
<link rel="stylesheet" href="//play.pokemonshowdown.com/style/battle.css?0.8753245789963631" />
<link rel="stylesheet" href="//play.pokemonshowdown.com/style/utilichart.css?0.8627959624976733" />

<!-- Global site tag (gtag.js) - Google Analytics -->
<script async src="https://www.googletagmanager.com/gtag/js?id=UA-26211653-1"></script>
<script>
  window.dataLayer = window.dataLayer || [];
  function gtag(){dataLayer.push(arguments);}
  gtag('js', new Date());

  gtag('config', 'UA-26211653-1');
</script>
<!-- End Google Analytics -->
<!-- Venatus Ad Manager - Install in <HEAD> of page -->
	<script src="https://hb.vntsm.com/v3/live/ad-manager.min.js" type="text/javascript" data-site-id="642aba63ec9a7b11c3c9c1be" data-mode="scan" async></script>
<!-- / Venatus Ad Manager -->

<style>
	@media (max-width:820px) {
		.battle {
			margin: 0 auto;
		}
		.battle-log {
			margin: 7px auto 0;
			max-width: 640px;
			height: 300px;
			position: static;
		}
	}
	.optgroup {
		display: inline-block;
		line-height: 22px;
		font-size: 10pt;
	}
	.optgroup .button {
		height: 25px;
		padding-top: 0;
		padding-bottom: 0;
	}
	.optgroup button.button {
		padding-left: 12px;
		padding-right: 12px;
	}
	.linklist {
		list-style: none;
		margin: 0.5em 0;
		padding: 0;
	}
	.linklist li {
		padding: 2px 0;
	}
	.sidebar {
		float: left;
		width: 320px;
	}
	.bar-wrapper {
		max-width: 1100px;
		margin: 0 auto;
	}
	.bar-wrapper.has-sidebar {
		max-width: 1430px;
	}
	.mainbar {
		margin: 0;
		padding-right: 1px;
	}
	.mainbar.has-sidebar {
		margin-left: 330px;
	}
	@media (min-width: 1511px) {
		.sidebar {
			width: 400px;
		}
		.bar-wrapper.has-sidebar {
			max-width: 1510px;
		}
		.mainbar.has-sidebar {
			margin-left: 410px;
		}
	}
	.section.first-section {
		margin-top: 9px;
	}
	.blocklink small {
		white-space: normal;
	}
	.button {
		vertical-align: middle;
	}
	.replay-controls {
		padding-top: 10px;
	}
	.replay-controls h1 {
		font-size: 16pt;
		font-weight: normal;
		color: #CCC;
	}
	.pagelink {
		text-align: center;
	}
	.pagelink a {
		width: 150px;
	}
	.textbox, .button {
		font-size: 11pt;
		vertical-align: middle;
	}
	@media (max-width: 450px) {
		.button {
			font-size: 9pt;
		}
	}
</style>

<div>

	<header>
		<div class="nav-wrapper"><ul class="nav">
			<li><a class="button nav-first" href="//pokemonshowdown.com/"><img src="//pokemonshowdown.com/images/pokemonshowdownbeta.png" srcset="//pokemonshowdown.com/images/pokemonshowdownbeta.png 1x, //pokemonshowdown.com/images/pokemonshowdownbeta@2x.png 2x" alt="Pok&eacute;mon Showdown" width="146" height="44" /> Home</a></li>
			<li><a class="button" href="//pokemonshowdown.com/dex/">Pok&eacute;dex</a></li>
			<li><a class="button cur" href="/">Replays</a></li>
			<li><a class="button" href="//pokemonshowdown.com/ladder/">Ladder</a></li>
			<li><a class="button nav-last" href="//pokemonshowdown.com/forums/">Forum</a></li>
			<li><a class="button greenbutton nav-first nav-last" href="//play.pokemonshowdown.com/">Play</a></li>
		</ul></div>
	</header>

	<div class="main" id="main">

		<noscript><section class="section">You need to enable JavaScript to use this page; sorry!</section></noscript>

	</div>

</div>

<script defer nomodule src="//play.pokemonshowdown.com/js/lib/ps-polyfill.js"></script>
<script defer src="//play.pokemonshowdown.com/js/lib/preact.min.js"></script>

<script defer src="//play.pokemonshowdown.com/config/config.js?2bddbc15"></script>
<script defer src="//play.pokemonshowdown.com/js/lib/jquery-1.11.0.min.js"></script>
<script defer src="//play.pokemonshowdown.com/js/lib/html-sanitizer-minified.js"></script>
<script defer src="//play.pokemonshowdown.com/js/battle-sound.js"></script>
<script defer src="//play.pokemonshowdown.com/js/battledata.js?0.7209276989879541"></script>
<script defer src="//play.pokemonshowdown.com/data/pokedex-mini.js?0.6111056340867951"></script>
<script defer src="//play.pokemonshowdown.com/data/pokedex-mini-bw.js?0.3532142036491459"></script>
<script defer src="//play.pokemonshowdown.com/data/graphics.js?0.24223875632456182"></script>
<script defer src="//play.pokemonshowdown.com/data/pokedex.js?0.38839984266356864"></script>
<script defer src="//play.pokemonshowdown.com/data/moves.js?0.21866028504024015"></script>
<script defer src="//play.pokemonshowdown.com/data/abilities.js?0.2005157953846628"></script>
<script defer src="//play.pokemonshowdown.com/data/items.js?0.9894211263848525"></script>
<script defer src="//play.pokemonshowdown.com/data/teambuilder-tables.js?0.6008791140282215"></script>
<script defer src="//play.pokemonshowdown.com/js/battle-tooltips.js?0.7580118955022959"></script>
<script defer src="//play.pokemonshowdown.com/js/battle.js?0.6057722274234274"></script>

<script defer src="js/utils.js?e31f9a17"></script>
<script defer src="js/replays-battle.js?7008c182"></script>

<!-- don't scrape this data! just add .json or .log after the URL!
Full API docs: https://github.com/smogon/pokemon-showdown-client/blob/master/WEB-API.md -->
<script type="text/plain" class="log" id="replaylog-smogtours-gen3ou-798804">
|inactive|Battle timer is ON: inactive players will automatically lose when time's up.
|t:|1728944173
|gametype|singles
|player|p1|salto|grimsley|
|player|p2|TECHSAVAGE|chuck|
|teamsize|p1|6
|teamsize|p2|6
|gen|3
|tier|[Gen 3] OU
|rule|Sleep Clause Mod: Limit one foe put to sleep
|rule|Switch Priority Clause Mod: Faster Pokémon switch first
|rule|Species Clause: Limit one of each Pokémon
|rule|OHKO Clause: OHKO moves are banned
|rule|Evasion Items Clause: Evasion items are banned
|rule|Evasion Moves Clause: Evasion moves are banned
|rule|Endless Battle Clause: Forcing endless battles is banned
|rule|HP Percentage Mod: HP is shown in percentages
|rule|One Boost Passer Clause: Limit one Baton Passer that has a way to boost its stats
|rule|Freeze Clause Mod: Limit one foe frozen
|
|t:|1728944173
|start
|switch|p1a: Tyranitar|Tyranitar, F|100/100
|switch|p2a: Suicune|Suicune|100/100
|-weather|Sandstorm|[from] ability: Sand Stream|[of] p1a: Tyranitar
|turn|1
|
|t:|1728944182
|switch|p1a: Blissey|Blissey, F|100/100
|move|p2a: Suicune|Substitute|p2a: Suicune
|-start|p2a: Suicune|Substitute
|-damage|p2a: Suicune|76/100
|
|-weather|Sandstorm|[upkeep]
|-damage|p2a: Suicune|70/100|[from] Sandstorm
|-damage|p1a: Blissey|94/100|[from] Sandstorm
|-heal|p1a: Blissey|100/100|[from] item: Leftovers
|upkeep
|turn|2
|
|t:|1728944188
|move|p2a: Suicune|Hydro Pump|p1a: Blissey
|-damage|p1a: Blissey|80/100
|move|p1a: Blissey|Seismic Toss|p2a: Suicune
|-end|p2a: Suicune|Substitute
|
|-weather|Sandstorm|[upkeep]
|-damage|p2a: Suicune|64/100|[from] Sandstorm
|-damage|p1a: Blissey|74/100|[from] Sandstorm
|-heal|p1a: Blissey|80/100|[from] item: Leftovers
|upkeep
|turn|3
|
|t:|1728944191
|switch|p2a: Metagross|Metagross|100/100
|move|p1a: Blissey|Seismic Toss|p2a: Metagross
|-damage|p2a: Metagross|70/100
|
|-weather|Sandstorm|[upkeep]
|-damage|p1a: Blissey|74/100|[from] Sandstorm
|-heal|p1a: Blissey|80/100|[from] item: Leftovers
|upkeep
|turn|4
|
|t:|1728944201
|switch|p1a: Skarmory|Skarmory, F|100/100
|move|p2a: Metagross|Explosion|p1a: Skarmory
|-resisted|p1a: Skarmory
|-crit|p1a: Skarmory
|-damage|p1a: Skarmory|0 fnt
|faint|p2a: Metagross
|faint|p1a: Skarmory
|
|t:|1728944210
|switch|p2a: Zapdos|Zapdos|100/100
|switch|p1a: Dusclops|Dusclops, M|100/100
|
|-weather|Sandstorm|[upkeep]
|-damage|p2a: Zapdos|94/100|[from] Sandstorm
|-damage|p1a: Dusclops|95/100|[from] Sandstorm
|-heal|p2a: Zapdos|100/100|[from] item: Leftovers
|-heal|p1a: Dusclops|100/100|[from] item: Leftovers
|upkeep
|turn|5
|
|t:|1728944221
|move|p2a: Zapdos|Thunderbolt|p1a: Dusclops
|-damage|p1a: Dusclops|62/100
|-status|p1a: Dusclops|par
|move|p1a: Dusclops|Pain Split|p2a: Zapdos
|-sethp|p2a: Zapdos|75/100|[from] move: Pain Split|[silent]
|-sethp|p1a: Dusclops|93/100 par|[from] move: Pain Split
|
|-weather|Sandstorm|[upkeep]
|-damage|p2a: Zapdos|69/100|[from] Sandstorm
|-damage|p1a: Dusclops|87/100 par|[from] Sandstorm
|-heal|p2a: Zapdos|75/100|[from] item: Leftovers
|-heal|p1a: Dusclops|93/100 par|[from] item: Leftovers
|upkeep
|turn|6
|
|t:|1728944232
|switch|p1a: Blissey|Blissey, F|80/100
|move|p2a: Zapdos|Thunderbolt|p1a: Blissey
|-damage|p1a: Blissey|59/100
|
|-weather|Sandstorm|[upkeep]
|-damage|p2a: Zapdos|69/100|[from] Sandstorm
|-damage|p1a: Blissey|53/100|[from] Sandstorm
|-heal|p2a: Zapdos|75/100|[from] item: Leftovers
|-heal|p1a: Blissey|59/100|[from] item: Leftovers
|upkeep
|turn|7
|
|t:|1728944238
|move|p2a: Zapdos|Thunderbolt|p1a: Blissey
|-damage|p1a: Blissey|39/100
|move|p1a: Blissey|Soft-Boiled|p1a: Blissey
|-heal|p1a: Blissey|89/100
|
|-weather|Sandstorm|[upkeep]
|-damage|p2a: Zapdos|69/100|[from] Sandstorm
|-damage|p1a: Blissey|82/100|[from] Sandstorm
|-heal|p2a: Zapdos|75/100|[from] item: Leftovers
|-heal|p1a: Blissey|89/100|[from] item: Leftovers
|upkeep
|turn|8
|
|t:|1728944251
|move|p2a: Zapdos|Thunderbolt|p1a: Blissey
|-damage|p1a: Blissey|68/100
|move|p1a: Blissey|Ice Beam|p2a: Zapdos
|-supereffective|p2a: Zapdos
|-damage|p2a: Zapdos|25/100
|
|-weather|Sandstorm|[upkeep]
|-damage|p2a: Zapdos|19/100|[from] Sandstorm
|-damage|p1a: Blissey|62/100|[from] Sandstorm
|-heal|p2a: Zapdos|25/100|[from] item: Leftovers
|-heal|p1a: Blissey|68/100|[from] item: Leftovers
|upkeep
|turn|9
|
|t:|1728944263
|move|p2a: Zapdos|Thunderbolt|p1a: Blissey
|-damage|p1a: Blissey|49/100
|-status|p1a: Blissey|par
|move|p1a: Blissey|Soft-Boiled|p1a: Blissey
|-heal|p1a: Blissey|99/100 par
|
|-weather|Sandstorm|[upkeep]
|-damage|p2a: Zapdos|19/100|[from] Sandstorm
|-damage|p1a: Blissey|93/100 par|[from] Sandstorm
|-heal|p2a: Zapdos|25/100|[from] item: Leftovers
|-heal|p1a: Blissey|99/100 par|[from] item: Leftovers
|upkeep
|turn|10
|
|t:|1728944269
|move|p2a: Zapdos|Baton Pass|p2a: Zapdos
|
|t:|1728944270
|switch|p2a: Tyranitar|Tyranitar, M|100/100|[from] Baton Pass
|move|p1a: Blissey|Aromatherapy|p1a: Blissey
|-cureteam|p1a: Blissey|[from] move: Aromatherapy
|
|-weather|Sandstorm|[upkeep]
|-damage|p1a: Blissey|93/100|[from] Sandstorm
|-heal|p1a: Blissey|99/100|[from] item: Leftovers
|upkeep
|turn|11
|
|t:|1728944274
|switch|p1a: Swampert|Swampert, M|100/100
|move|p2a: Tyranitar|Dragon Dance|p2a: Tyranitar
|-boost|p2a: Tyranitar|atk|1
|-boost|p2a: Tyranitar|spe|1
|
|-weather|Sandstorm|[upkeep]
|upkeep
|turn|12
|
|t:|1728944283
|switch|p2a: Suicune|Suicune|64/100
|move|p1a: Swampert|Protect||[still]
|-fail|p1a: Swampert
|
|-weather|Sandstorm|[upkeep]
|-damage|p2a: Suicune|58/100|[from] Sandstorm
|upkeep
|turn|13
|
|t:|1728944288
|switch|p1a: Blissey|Blissey, F|99/100
|move|p2a: Suicune|Calm Mind|p2a: Suicune
|-boost|p2a: Suicune|spa|1
|-boost|p2a: Suicune|spd|1
|
|-weather|Sandstorm|[upkeep]
|-damage|p2a: Suicune|52/100|[from] Sandstorm
|-damage|p1a: Blissey|93/100|[from] Sandstorm
|-heal|p1a: Blissey|99/100|[from] item: Leftovers
|upkeep
|turn|14
|
|t:|1728944291
|move|p2a: Suicune|Calm Mind|p2a: Suicune
|-boost|p2a: Suicune|spa|1
|-boost|p2a: Suicune|spd|1
|move|p1a: Blissey|Seismic Toss|p2a: Suicune
|-damage|p2a: Suicune|23/100
|
|-weather|Sandstorm|[upkeep]
|-damage|p2a: Suicune|17/100|[from] Sandstorm
|-damage|p1a: Blissey|93/100|[from] Sandstorm
|-enditem|p2a: Suicune|Salac Berry|[eat]
|-boost|p2a: Suicune|spe|1|[from] item: Salac Berry
|-heal|p1a: Blissey|99/100|[from] item: Leftovers
|upkeep
|turn|15
|
|t:|1728944295
|move|p2a: Suicune|Hydro Pump|p1a: Blissey
|-damage|p1a: Blissey|58/100
|move|p1a: Blissey|Seismic Toss|p2a: Suicune
|-damage|p2a: Suicune|0 fnt
|faint|p2a: Suicune
|
|t:|1728944297
|switch|p2a: Dugtrio|Dugtrio, M|100/100
|
|-weather|Sandstorm|[upkeep]
|-damage|p1a: Blissey|52/100|[from] Sandstorm
|-heal|p1a: Blissey|58/100|[from] item: Leftovers
|upkeep
|turn|16
|
|t:|1728944299
|move|p2a: Dugtrio|Earthquake|p1a: Blissey
|-damage|p1a: Blissey|4/100
|move|p1a: Blissey|Ice Beam|p2a: Dugtrio
|-supereffective|p2a: Dugtrio
|-damage|p2a: Dugtrio|16/100
|
|-weather|Sandstorm|[upkeep]
|-damage|p1a: Blissey|0 fnt|[from] Sandstorm
|faint|p1a: Blissey
|upkeep
|
|t:|1728944308
|switch|p1a: Swampert|Swampert, M|100/100
|turn|17
|
|t:|1728944311
|move|p2a: Dugtrio|Earthquake|p1a: Swampert
|-damage|p1a: Swampert|68/100
|move|p1a: Swampert|Surf|p2a: Dugtrio
|-supereffective|p2a: Dugtrio
|-damage|p2a: Dugtrio|0 fnt
|faint|p2a: Dugtrio
|
|t:|1728944317
|switch|p2a: Zapdos|Zapdos|25/100
|
|-weather|Sandstorm|[upkeep]
|-damage|p2a: Zapdos|19/100|[from] Sandstorm
|-heal|p2a: Zapdos|25/100|[from] item: Leftovers
|-heal|p1a: Swampert|74/100|[from] item: Leftovers
|upkeep
|turn|18
|
|t:|1728944322
|switch|p1a: Dusclops|Dusclops, M|93/100
|move|p2a: Zapdos|Hidden Power|p1a: Dusclops
|-damage|p1a: Dusclops|74/100
|
|-weather|Sandstorm|[upkeep]
|-damage|p2a: Zapdos|19/100|[from] Sandstorm
|-damage|p1a: Dusclops|68/100|[from] Sandstorm
|-heal|p2a: Zapdos|25/100|[from] item: Leftovers
|-heal|p1a: Dusclops|74/100|[from] item: Leftovers
|upkeep
|turn|19
|
|t:|1728944325
|move|p2a: Zapdos|Thunderbolt|p1a: Dusclops
|-damage|p1a: Dusclops|35/100
|move|p1a: Dusclops|Night Shade|p2a: Zapdos
|-damage|p2a: Zapdos|0 fnt
|faint|p2a: Zapdos
|
|t:|1728944332
|switch|p2a: Starmie|Starmie|100/100
|
|-weather|Sandstorm|[upkeep]
|-damage|p2a: Starmie|94/100|[from] Sandstorm
|-damage|p1a: Dusclops|29/100|[from] Sandstorm
|-heal|p2a: Starmie|100/100|[from] item: Leftovers
|-heal|p1a: Dusclops|35/100|[from] item: Leftovers
|upkeep
|turn|20
|
|t:|1728944337
|move|p2a: Starmie|Hydro Pump|p1a: Dusclops|[miss]
|-miss|p2a: Starmie|p1a: Dusclops
|move|p1a: Dusclops|Curse|p2a: Starmie
|-start|p2a: Starmie|Curse|[of] p1a: Dusclops
|-damage|p1a: Dusclops|0 fnt
|faint|p1a: Dusclops
|
|t:|1728944341
|switch|p1a: Swampert|Swampert, M|74/100
|
|-weather|Sandstorm|[upkeep]
|-damage|p2a: Starmie|94/100|[from] Sandstorm
|-heal|p2a: Starmie|100/100|[from] item: Leftovers
|-damage|p2a: Starmie|76/100|[from] Curse
|-heal|p1a: Swampert|81/100|[from] item: Leftovers
|upkeep
|turn|21
|
|t:|1728944346
|move|p2a: Starmie|Hydro Pump|p1a: Swampert|[miss]
|-miss|p2a: Starmie|p1a: Swampert
|move|p1a: Swampert|Toxic|p2a: Starmie|[miss]
|-miss|p1a: Swampert|p2a: Starmie
|
|-weather|Sandstorm|[upkeep]
|-damage|p2a: Starmie|70/100|[from] Sandstorm
|-heal|p2a: Starmie|76/100|[from] item: Leftovers
|-damage|p2a: Starmie|51/100|[from] Curse
|-heal|p1a: Swampert|87/100|[from] item: Leftovers
|upkeep
|turn|22
|
|t:|1728944349
|switch|p2a: Tyranitar|Tyranitar, M|100/100
|move|p1a: Swampert|Protect||[still]
|-fail|p1a: Swampert
|
|-weather|Sandstorm|[upkeep]
|-heal|p1a: Swampert|93/100|[from] item: Leftovers
|upkeep
|turn|23
|
|t:|1728944353
|switch|p2a: Starmie|Starmie|51/100
|move|p1a: Swampert|Surf|p2a: Starmie
|-resisted|p2a: Starmie
|-damage|p2a: Starmie|28/100
|
|-weather|Sandstorm|[upkeep]
|-damage|p2a: Starmie|22/100|[from] Sandstorm
|-heal|p2a: Starmie|28/100|[from] item: Leftovers
|-heal|p1a: Swampert|99/100|[from] item: Leftovers
|upkeep
|turn|24
|
|t:|1728944357
|move|p2a: Starmie|Hydro Pump|p1a: Swampert|[miss]
|-miss|p2a: Starmie|p1a: Swampert
|move|p1a: Swampert|Toxic|p2a: Starmie
|-status|p2a: Starmie|tox
|
|-weather|Sandstorm|[upkeep]
|-damage|p2a: Starmie|22/100 tox|[from] Sandstorm
|-heal|p2a: Starmie|28/100 tox|[from] item: Leftovers
|-damage|p2a: Starmie|22/100 tox|[from] psn
|-heal|p1a: Swampert|100/100|[from] item: Leftovers
|upkeep
|turn|25
|
|t:|1728944360
|-curestatus|p2a: Starmie|tox|[from] ability: Natural Cure
|switch|p2a: Tyranitar|Tyranitar, M|100/100
|move|p1a: Swampert|Protect||[still]
|-fail|p1a: Swampert
|
|-weather|Sandstorm|[upkeep]
|upkeep
|turn|26
|
|t:|1728944367
|move|p2a: Tyranitar|Dragon Dance|p2a: Tyranitar
|-boost|p2a: Tyranitar|atk|1
|-boost|p2a: Tyranitar|spe|1
|move|p1a: Swampert|Surf|p2a: Tyranitar
|-supereffective|p2a: Tyranitar
|-damage|p2a: Tyranitar|54/100
|
|-weather|Sandstorm|[upkeep]
|upkeep
|turn|27
|
|t:|1728944374
|move|p2a: Tyranitar|Earthquake|p1a: Swampert
|-damage|p1a: Swampert|67/100
|move|p1a: Swampert|Surf|p2a: Tyranitar
|-supereffective|p2a: Tyranitar
|-damage|p2a: Tyranitar|5/100
|
|-weather|Sandstorm|[upkeep]
|-heal|p1a: Swampert|73/100|[from] item: Leftovers
|upkeep
|turn|28
|
|t:|1728944377
|move|p2a: Tyranitar|Earthquake|p1a: Swampert
|-damage|p1a: Swampert|38/100
|move|p1a: Swampert|Surf|p2a: Tyranitar
|-supereffective|p2a: Tyranitar
|-damage|p2a: Tyranitar|0 fnt
|faint|p2a: Tyranitar
|
|t:|1728944380
|switch|p2a: Starmie|Starmie|22/100
|
|-weather|Sandstorm|[upkeep]
|-damage|p2a: Starmie|16/100|[from] Sandstorm
|-heal|p2a: Starmie|22/100|[from] item: Leftovers
|-heal|p1a: Swampert|44/100|[from] item: Leftovers
|upkeep
|turn|29
|
|t:|1728944385
|move|p2a: Starmie|Hydro Pump|p1a: Swampert
|-damage|p1a: Swampert|0 fnt
|faint|p1a: Swampert
|
|t:|1728944388
|switch|p1a: Starmie|Starmie|100/100
|
|-weather|Sandstorm|[upkeep]
|-damage|p1a: Starmie|94/100|[from] Sandstorm
|-damage|p2a: Starmie|16/100|[from] Sandstorm
|-heal|p2a: Starmie|22/100|[from] item: Leftovers
|-heal|p1a: Starmie|100/100|[from] item: Leftovers
|upkeep
|turn|30
|
|t:|1728944390
|move|p2a: Starmie|Thunderbolt|p1a: Starmie
|-supereffective|p1a: Starmie
|-crit|p1a: Starmie
|-damage|p1a: Starmie|0 fnt
|faint|p1a: Starmie
|
|t:|1728944393
|switch|p1a: Tyranitar|Tyranitar, F|100/100
|
|-weather|Sandstorm|[upkeep]
|-damage|p2a: Starmie|16/100|[from] Sandstorm
|-heal|p2a: Starmie|22/100|[from] item: Leftovers
|upkeep
|turn|31
|c|☆salto|insane
|
|t:|1728944398
|move|p2a: Starmie|Hydro Pump|p1a: Tyranitar
|-supereffective|p1a: Tyranitar
|-damage|p1a: Tyranitar|4/100
|move|p1a: Tyranitar|Earthquake|p2a: Starmie
|-damage|p2a: Starmie|0 fnt
|faint|p2a: Starmie
|
|win|salto

</script>
<script type="application/json" class="data" id="replaydata-smogtours-gen3ou-798804">
{"id":"smogtours-gen3ou-798804","format":"[Gen 3] OU","players":["salto","TECHSAVAGE"],"uploadtime":1728944398,"views":77,"formatid":"gen3ou","rating":null,"private":0,"password":null}
</script>

<script defer src="js/replays.js?9d40a366"></script>
