<!DOCTYPE html>
<meta charset="utf-8" />
<meta name="viewport" content="width=device-width" />

<title>[Gen 3] OU: cyberas vs. gooball99 - Replays - Pok&eacute;mon Showdown!</title>

<meta name="description" content="Watch a replay of a Pok&eacute;mon battle between cyberas and gooball99! Format: [Gen 3] OU; Date: Oct 25, 2024" />
<!--

Hey, you! Looking in the source for the replay log?

You can find them in JSON format, just add `.json` at the end of a replay URL.

https://replay.pokemonshowdown.com/gen7randomdoublesbattle-865046831.json

Or, if you only need the log itself, add `.log` instead:

https://replay.pokemonshowdown.com/gen7randomdoublesbattle-865046831.log

-->

<link rel="stylesheet" href="//pokemonshowdown.com/style/global.css?0.023195364461161105" />
<link rel="stylesheet" href="//play.pokemonshowdown.com/style/font-awesome.css?0.13261647063804238" />
<link rel="stylesheet" href="//play.pokemonshowdown.com/style/battle.css?0.8753245789963631" />
<link rel="stylesheet" href="//play.pokemonshowdown.com/style/utilichart.css?0.8627959624976733" />

<!-- Global site tag (gtag.js) - Google Analytics -->
<script async src="https://www.googletagmanager.com/gtag/js?id=UA-26211653-1"></script>
<script>
  window.dataLayer = window.dataLayer || [];
  function gtag(){dataLayer.push(arguments);}
  gtag('js', new Date());

  gtag('config', 'UA-26211653-1');
</script>
<!-- End Google Analytics -->
<!-- Venatus Ad Manager - Install in <HEAD> of page -->
	<script src="https://hb.vntsm.com/v3/live/ad-manager.min.js" type="text/javascript" data-site-id="642aba63ec9a7b11c3c9c1be" data-mode="scan" async></script>
<!-- / Venatus Ad Manager -->

<style>
	@media (max-width:820px) {
		.battle {
			margin: 0 auto;
		}
		.battle-log {
			margin: 7px auto 0;
			max-width: 640px;
			height: 300px;
			position: static;
		}
	}
	.optgroup {
		display: inline-block;
		line-height: 22px;
		font-size: 10pt;
	}
	.optgroup .button {
		height: 25px;
		padding-top: 0;
		padding-bottom: 0;
	}
	.optgroup button.button {
		padding-left: 12px;
		padding-right: 12px;
	}
	.linklist {
		list-style: none;
		margin: 0.5em 0;
		padding: 0;
	}
	.linklist li {
		padding: 2px 0;
	}
	.sidebar {
		float: left;
		width: 320px;
	}
	.bar-wrapper {
		max-width: 1100px;
		margin: 0 auto;
	}
	.bar-wrapper.has-sidebar {
		max-width: 1430px;
	}
	.mainbar {
		margin: 0;
		padding-right: 1px;
	}
	.mainbar.has-sidebar {
		margin-left: 330px;
	}
	@media (min-width: 1511px) {
		.sidebar {
			width: 400px;
		}
		.bar-wrapper.has-sidebar {
			max-width: 1510px;
		}
		.mainbar.has-sidebar {
			margin-left: 410px;
		}
	}
	.section.first-section {
		margin-top: 9px;
	}
	.blocklink small {
		white-space: normal;
	}
	.button {
		vertical-align: middle;
	}
	.replay-controls {
		padding-top: 10px;
	}
	.replay-controls h1 {
		font-size: 16pt;
		font-weight: normal;
		color: #CCC;
	}
	.pagelink {
		text-align: center;
	}
	.pagelink a {
		width: 150px;
	}
	.textbox, .button {
		font-size: 11pt;
		vertical-align: middle;
	}
	@media (max-width: 450px) {
		.button {
			font-size: 9pt;
		}
	}
</style>

<div>

	<header>
		<div class="nav-wrapper"><ul class="nav">
			<li><a class="button nav-first" href="//pokemonshowdown.com/"><img src="//pokemonshowdown.com/images/pokemonshowdownbeta.png" srcset="//pokemonshowdown.com/images/pokemonshowdownbeta.png 1x, //pokemonshowdown.com/images/pokemonshowdownbeta@2x.png 2x" alt="Pok&eacute;mon Showdown" width="146" height="44" /> Home</a></li>
			<li><a class="button" href="//pokemonshowdown.com/dex/">Pok&eacute;dex</a></li>
			<li><a class="button cur" href="/">Replays</a></li>
			<li><a class="button" href="//pokemonshowdown.com/ladder/">Ladder</a></li>
			<li><a class="button nav-last" href="//pokemonshowdown.com/forums/">Forum</a></li>
			<li><a class="button greenbutton nav-first nav-last" href="//play.pokemonshowdown.com/">Play</a></li>
		</ul></div>
	</header>

	<div class="main" id="main">

		<noscript><section class="section">You need to enable JavaScript to use this page; sorry!</section></noscript>

	</div>

</div>

<script defer nomodule src="//play.pokemonshowdown.com/js/lib/ps-polyfill.js"></script>
<script defer src="//play.pokemonshowdown.com/js/lib/preact.min.js"></script>

<script defer src="//play.pokemonshowdown.com/config/config.js?2bddbc15"></script>
<script defer src="//play.pokemonshowdown.com/js/lib/jquery-1.11.0.min.js"></script>
<script defer src="//play.pokemonshowdown.com/js/lib/html-sanitizer-minified.js"></script>
<script defer src="//play.pokemonshowdown.com/js/battle-sound.js"></script>
<script defer src="//play.pokemonshowdown.com/js/battledata.js?0.7209276989879541"></script>
<script defer src="//play.pokemonshowdown.com/data/pokedex-mini.js?0.6111056340867951"></script>
<script defer src="//play.pokemonshowdown.com/data/pokedex-mini-bw.js?0.3532142036491459"></script>
<script defer src="//play.pokemonshowdown.com/data/graphics.js?0.24223875632456182"></script>
<script defer src="//play.pokemonshowdown.com/data/pokedex.js?0.38839984266356864"></script>
<script defer src="//play.pokemonshowdown.com/data/moves.js?0.21866028504024015"></script>
<script defer src="//play.pokemonshowdown.com/data/abilities.js?0.2005157953846628"></script>
<script defer src="//play.pokemonshowdown.com/data/items.js?0.9894211263848525"></script>
<script defer src="//play.pokemonshowdown.com/data/teambuilder-tables.js?0.6008791140282215"></script>
<script defer src="//play.pokemonshowdown.com/js/battle-tooltips.js?0.7580118955022959"></script>
<script defer src="//play.pokemonshowdown.com/js/battle.js?0.6057722274234274"></script>

<script defer src="js/utils.js?e31f9a17"></script>
<script defer src="js/replays-battle.js?7008c182"></script>

<!-- don't scrape this data! just add .json or .log after the URL!
Full API docs: https://github.com/smogon/pokemon-showdown-client/blob/master/WEB-API.md -->
<script type="text/plain" class="log" id="replaylog-smogtours-gen3ou-801968">
|inactive|Battle timer is ON: inactive players will automatically lose when time's up.
|t:|1729897314
|gametype|singles
|player|p1|cyberas|170|
|player|p2|gooball99|265|
|teamsize|p1|6
|teamsize|p2|6
|gen|3
|tier|[Gen 3] OU
|rule|Sleep Clause Mod: Limit one foe put to sleep
|rule|Switch Priority Clause Mod: Faster Pokémon switch first
|rule|Species Clause: Limit one of each Pokémon
|rule|OHKO Clause: OHKO moves are banned
|rule|Evasion Items Clause: Evasion items are banned
|rule|Evasion Moves Clause: Evasion moves are banned
|rule|Endless Battle Clause: Forcing endless battles is banned
|rule|HP Percentage Mod: HP is shown in percentages
|rule|One Boost Passer Clause: Limit one Baton Passer that has a way to boost its stats
|rule|Freeze Clause Mod: Limit one foe frozen
|
|t:|1729897314
|start
|switch|p1a: Salamence|Salamence, M|100/100
|switch|p2a: Moltres|Moltres|100/100
|-ability|p1a: Salamence|Intimidate|boost
|-unboost|p2a: Moltres|atk|1
|turn|1
|c|☆gooball99|gl! hf!
|c|☆cyberas|hf
|
|t:|1729897334
|switch|p1a: Blissey|Blissey, F|100/100
|move|p2a: Moltres|Will-O-Wisp|p1a: Blissey
|-status|p1a: Blissey|brn
|
|-damage|p1a: Blissey|88/100 brn|[from] brn
|upkeep
|turn|2
|
|t:|1729897345
|switch|p2a: Skarmory|Skarmory, M|100/100
|move|p1a: Blissey|Wish|p1a: Blissey
|
|-heal|p1a: Blissey|94/100 brn|[from] item: Leftovers
|-damage|p1a: Blissey|82/100 brn|[from] brn
|upkeep
|turn|3
|
|t:|1729897352
|-curestatus|p1a: Blissey|brn|[from] ability: Natural Cure
|switch|p1a: Magneton|Magneton|100/100
|move|p2a: Skarmory|Toxic|p1a: Magneton
|-immune|p1a: Magneton
|
|upkeep
|turn|4
|
|t:|1729897358
|move|p1a: Magneton|Thunderbolt|p2a: Skarmory
|-supereffective|p2a: Skarmory
|-damage|p2a: Skarmory|2/100
|move|p2a: Skarmory|Spikes|p1a: Magneton
|-sidestart|p1: cyberas|Spikes
|
|-heal|p2a: Skarmory|8/100|[from] item: Leftovers
|upkeep
|turn|5
|
|t:|1729897365
|move|p1a: Magneton|Thunderbolt|p2a: Skarmory
|-supereffective|p2a: Skarmory
|-damage|p2a: Skarmory|0 fnt
|faint|p2a: Skarmory
|
|t:|1729897371
|switch|p2a: Magneton|Magneton|100/100
|
|upkeep
|turn|6
|
|t:|1729897390
|move|p1a: Magneton|Hidden Power|p2a: Magneton
|-supereffective|p2a: Magneton
|-damage|p2a: Magneton|0 fnt
|faint|p2a: Magneton
|
|t:|1729897406
|switch|p2a: Moltres|Moltres|100/100
|
|upkeep
|turn|7
|
|t:|1729897411
|move|p1a: Magneton|Protect|p1a: Magneton
|-singleturn|p1a: Magneton|Protect
|move|p2a: Moltres|Overheat|p1a: Magneton
|-activate|p1a: Magneton|Protect
|
|upkeep
|turn|8
|
|t:|1729897420
|switch|p1a: Blissey|Blissey, F|82/100
|-damage|p1a: Blissey|69/100|[from] Spikes
|move|p2a: Moltres|Overheat|p1a: Blissey|[miss]
|-miss|p2a: Moltres|p1a: Blissey
|
|-heal|p1a: Blissey|75/100|[from] item: Leftovers
|upkeep
|turn|9
|
|t:|1729897428
|switch|p2a: Metagross|Metagross|100/100
|move|p1a: Blissey|Seismic Toss|p2a: Metagross
|-damage|p2a: Metagross|71/100
|
|-heal|p2a: Metagross|77/100|[from] item: Leftovers
|-heal|p1a: Blissey|82/100|[from] item: Leftovers
|upkeep
|turn|10
|
|t:|1729897436
|switch|p1a: Skarmory|Skarmory, M|100/100
|move|p2a: Metagross|Agility|p2a: Metagross
|-boost|p2a: Metagross|spe|2
|
|-heal|p2a: Metagross|84/100|[from] item: Leftovers
|upkeep
|turn|11
|
|t:|1729897444
|move|p2a: Metagross|Rock Slide|p1a: Skarmory
|-damage|p1a: Skarmory|77/100
|move|p1a: Skarmory|Spikes|p2a: Metagross
|-sidestart|p2: gooball99|Spikes
|
|-heal|p2a: Metagross|90/100|[from] item: Leftovers
|-heal|p1a: Skarmory|83/100|[from] item: Leftovers
|upkeep
|turn|12
|
|t:|1729897451
|move|p1a: Skarmory|Protect|p1a: Skarmory
|-singleturn|p1a: Skarmory|Protect
|move|p2a: Metagross|Rock Slide|p1a: Skarmory
|-activate|p1a: Skarmory|Protect
|
|-heal|p2a: Metagross|96/100|[from] item: Leftovers
|-heal|p1a: Skarmory|89/100|[from] item: Leftovers
|upkeep
|turn|13
|
|t:|1729897459
|move|p2a: Metagross|Meteor Mash|p1a: Skarmory
|-resisted|p1a: Skarmory
|-damage|p1a: Skarmory|67/100
|move|p1a: Skarmory|Spikes|p2a: Metagross
|-sidestart|p2: gooball99|Spikes
|
|-heal|p2a: Metagross|100/100|[from] item: Leftovers
|-heal|p1a: Skarmory|73/100|[from] item: Leftovers
|upkeep
|turn|14
|
|t:|1729897469
|move|p1a: Skarmory|Protect|p1a: Skarmory
|-singleturn|p1a: Skarmory|Protect
|move|p2a: Metagross|Meteor Mash|p1a: Skarmory
|-activate|p1a: Skarmory|Protect
|
|-heal|p1a: Skarmory|79/100|[from] item: Leftovers
|upkeep
|turn|15
|
|t:|1729897475
|move|p2a: Metagross|Meteor Mash|p1a: Skarmory
|-resisted|p1a: Skarmory
|-damage|p1a: Skarmory|57/100
|-boost|p2a: Metagross|atk|1
|move|p1a: Skarmory|Spikes|p2a: Metagross
|-sidestart|p2: gooball99|Spikes
|
|-heal|p1a: Skarmory|63/100|[from] item: Leftovers
|upkeep
|turn|16
|
|t:|1729897483
|move|p1a: Skarmory|Protect|p1a: Skarmory
|-singleturn|p1a: Skarmory|Protect
|move|p2a: Metagross|Rock Slide|p1a: Skarmory|[miss]
|-miss|p2a: Metagross|p1a: Skarmory
|
|-heal|p1a: Skarmory|69/100|[from] item: Leftovers
|upkeep
|turn|17
|
|t:|1729897490
|move|p2a: Metagross|Rock Slide|p1a: Skarmory
|-damage|p1a: Skarmory|33/100
|cant|p1a: Skarmory|flinch
|
|-heal|p1a: Skarmory|39/100|[from] item: Leftovers
|upkeep
|turn|18
|
|t:|1729897500
|move|p1a: Skarmory|Protect|p1a: Skarmory
|-singleturn|p1a: Skarmory|Protect
|move|p2a: Metagross|Rock Slide|p1a: Skarmory
|-activate|p1a: Skarmory|Protect
|
|-heal|p1a: Skarmory|45/100|[from] item: Leftovers
|upkeep
|turn|19
|
|t:|1729897506
|move|p2a: Metagross|Rock Slide|p1a: Skarmory
|-damage|p1a: Skarmory|9/100
|move|p1a: Skarmory|Roar|p2a: Metagross
|drag|p2a: Moltres|Moltres|100/100
|
|-heal|p1a: Skarmory|15/100|[from] item: Leftovers
|upkeep
|turn|20
|
|t:|1729897514
|move|p1a: Skarmory|Protect|p1a: Skarmory
|-singleturn|p1a: Skarmory|Protect
|move|p2a: Moltres|Overheat|p1a: Skarmory
|-activate|p1a: Skarmory|Protect
|
|-heal|p1a: Skarmory|21/100|[from] item: Leftovers
|upkeep
|turn|21
|
|t:|1729897521
|switch|p1a: Blissey|Blissey, F|82/100
|-damage|p1a: Blissey|69/100|[from] Spikes
|move|p2a: Moltres|Overheat|p1a: Blissey
|-damage|p1a: Blissey|41/100
|-unboost|p2a: Moltres|spa|2
|
|-heal|p1a: Blissey|48/100|[from] item: Leftovers
|upkeep
|turn|22
|
|t:|1729897529
|move|p2a: Moltres|Will-O-Wisp|p1a: Blissey
|-status|p1a: Blissey|brn
|move|p1a: Blissey|Soft-Boiled|p1a: Blissey
|-heal|p1a: Blissey|97/100 brn
|
|-heal|p1a: Blissey|100/100 brn|[from] item: Leftovers
|-damage|p1a: Blissey|88/100 brn|[from] brn
|upkeep
|turn|23
|
|t:|1729897538
|switch|p2a: Celebi|Celebi|100/100
|-damage|p2a: Celebi|75/100|[from] Spikes
|move|p1a: Blissey|Wish|p1a: Blissey
|
|-heal|p2a: Celebi|82/100|[from] item: Leftovers
|-heal|p1a: Blissey|94/100 brn|[from] item: Leftovers
|-damage|p1a: Blissey|82/100 brn|[from] brn
|upkeep
|turn|24
|
|t:|1729897547
|-curestatus|p1a: Blissey|brn|[from] ability: Natural Cure
|switch|p1a: Skarmory|Skarmory, M|21/100
|move|p2a: Celebi|Calm Mind|p2a: Celebi
|-boost|p2a: Celebi|spa|1
|-boost|p2a: Celebi|spd|1
|
|-heal|p1a: Skarmory|71/100|[from] move: Wish|[wisher] Blissey
|-heal|p2a: Celebi|88/100|[from] item: Leftovers
|-heal|p1a: Skarmory|77/100|[from] item: Leftovers
|upkeep
|turn|25
|
|t:|1729897557
|move|p2a: Celebi|Psychic|p1a: Skarmory
|-resisted|p1a: Skarmory
|-damage|p1a: Skarmory|53/100
|move|p1a: Skarmory|Roar|p2a: Celebi
|drag|p2a: Gorebyss|Gorebyss, M|100/100
|-damage|p2a: Gorebyss|75/100|[from] Spikes
|
|-heal|p2a: Gorebyss|81/100|[from] item: Leftovers
|-heal|p1a: Skarmory|59/100|[from] item: Leftovers
|upkeep
|turn|26
|inactive|cyberas has 270 seconds left.
|inactive|cyberas has 240 seconds left.
|inactive|cyberas has 210 seconds left.
|
|t:|1729897659
|switch|p1a: Blissey|Blissey, F|82/100
|-damage|p1a: Blissey|69/100|[from] Spikes
|move|p2a: Gorebyss|Rain Dance|p2a: Gorebyss
|-weather|RainDance
|
|-weather|RainDance|[upkeep]
|-heal|p2a: Gorebyss|87/100|[from] item: Leftovers
|-heal|p1a: Blissey|75/100|[from] item: Leftovers
|upkeep
|turn|27
|
|t:|1729897673
|move|p2a: Gorebyss|Surf|p1a: Blissey
|-damage|p1a: Blissey|50/100
|move|p1a: Blissey|Soft-Boiled|p1a: Blissey
|-heal|p1a: Blissey|99/100
|
|-weather|RainDance|[upkeep]
|-heal|p2a: Gorebyss|93/100|[from] item: Leftovers
|-heal|p1a: Blissey|100/100|[from] item: Leftovers
|upkeep
|turn|28
|
|t:|1729897684
|switch|p2a: Celebi|Celebi|88/100
|-damage|p2a: Celebi|63/100|[from] Spikes
|move|p1a: Blissey|Seismic Toss|p2a: Celebi
|-damage|p2a: Celebi|38/100
|
|-weather|RainDance|[upkeep]
|-heal|p2a: Celebi|44/100|[from] item: Leftovers
|upkeep
|turn|29
|
|t:|1729897693
|switch|p1a: Tyranitar|Tyranitar, M|100/100
|-damage|p1a: Tyranitar|88/100|[from] Spikes
|-weather|Sandstorm|[from] ability: Sand Stream|[of] p1a: Tyranitar
|move|p2a: Celebi|Calm Mind|p2a: Celebi
|-boost|p2a: Celebi|spa|1
|-boost|p2a: Celebi|spd|1
|
|-weather|Sandstorm|[upkeep]
|-damage|p2a: Celebi|38/100|[from] Sandstorm
|-heal|p2a: Celebi|44/100|[from] item: Leftovers
|-heal|p1a: Tyranitar|94/100|[from] item: Leftovers
|upkeep
|turn|30
|
|t:|1729897704
|move|p2a: Celebi|Giga Drain|p1a: Tyranitar
|-supereffective|p1a: Tyranitar
|-damage|p1a: Tyranitar|40/100
|-heal|p2a: Celebi|71/100|[from] drain|[of] p1a: Tyranitar
|move|p1a: Tyranitar|Hidden Power|p2a: Celebi
|-supereffective|p2a: Celebi
|-damage|p2a: Celebi|0 fnt
|faint|p2a: Celebi
|
|t:|1729897713
|switch|p2a: Moltres|Moltres|100/100
|
|-weather|Sandstorm|[upkeep]
|-damage|p2a: Moltres|94/100|[from] Sandstorm
|-heal|p2a: Moltres|100/100|[from] item: Leftovers
|-heal|p1a: Tyranitar|46/100|[from] item: Leftovers
|upkeep
|turn|31
|
|t:|1729897720
|switch|p1a: Blissey|Blissey, F|100/100
|-damage|p1a: Blissey|88/100|[from] Spikes
|move|p2a: Moltres|Hidden Power|p1a: Blissey
|-damage|p1a: Blissey|79/100
|
|-weather|Sandstorm|[upkeep]
|-damage|p2a: Moltres|94/100|[from] Sandstorm
|-damage|p1a: Blissey|73/100|[from] Sandstorm
|-heal|p2a: Moltres|100/100|[from] item: Leftovers
|-heal|p1a: Blissey|79/100|[from] item: Leftovers
|upkeep
|turn|32
|
|t:|1729897730
|switch|p2a: Metagross|Metagross|100/100
|-damage|p2a: Metagross|76/100|[from] Spikes
|move|p1a: Blissey|Wish|p1a: Blissey
|
|-weather|Sandstorm|[upkeep]
|-damage|p1a: Blissey|73/100|[from] Sandstorm
|-heal|p2a: Metagross|82/100|[from] item: Leftovers
|-heal|p1a: Blissey|79/100|[from] item: Leftovers
|upkeep
|turn|33
|
|t:|1729897739
|switch|p1a: Skarmory|Skarmory, M|59/100
|move|p2a: Metagross|Meteor Mash|p1a: Skarmory
|-resisted|p1a: Skarmory
|-damage|p1a: Skarmory|36/100
|-boost|p2a: Metagross|atk|1
|
|-heal|p1a: Skarmory|86/100|[from] move: Wish|[wisher] Blissey
|-weather|Sandstorm|[upkeep]
|-heal|p2a: Metagross|88/100|[from] item: Leftovers
|-heal|p1a: Skarmory|92/100|[from] item: Leftovers
|upkeep
|turn|34
|
|t:|1729897750
|move|p2a: Metagross|Rock Slide|p1a: Skarmory
|-damage|p1a: Skarmory|58/100
|cant|p1a: Skarmory|flinch
|
|-weather|Sandstorm|[upkeep]
|-heal|p2a: Metagross|94/100|[from] item: Leftovers
|-heal|p1a: Skarmory|64/100|[from] item: Leftovers
|upkeep
|turn|35
|
|t:|1729897757
|move|p1a: Skarmory|Protect|p1a: Skarmory
|-singleturn|p1a: Skarmory|Protect
|move|p2a: Metagross|Agility|p2a: Metagross
|-boost|p2a: Metagross|spe|2
|
|-weather|Sandstorm|[upkeep]
|-heal|p2a: Metagross|99/100|[from] item: Leftovers
|-heal|p1a: Skarmory|70/100|[from] item: Leftovers
|upkeep
|turn|36
|
|t:|1729897766
|move|p2a: Metagross|Rock Slide|p1a: Skarmory
|-damage|p1a: Skarmory|35/100
|cant|p1a: Skarmory|flinch
|
|-weather|Sandstorm|[upkeep]
|-heal|p2a: Metagross|100/100|[from] item: Leftovers
|-heal|p1a: Skarmory|41/100|[from] item: Leftovers
|upkeep
|turn|37
|
|t:|1729897773
|move|p1a: Skarmory|Protect|p1a: Skarmory
|-singleturn|p1a: Skarmory|Protect
|move|p2a: Metagross|Rock Slide|p1a: Skarmory
|-activate|p1a: Skarmory|Protect
|
|-weather|Sandstorm|[upkeep]
|-heal|p1a: Skarmory|47/100|[from] item: Leftovers
|upkeep
|turn|38
|
|t:|1729897781
|move|p2a: Metagross|Rock Slide|p1a: Skarmory
|-damage|p1a: Skarmory|15/100
|move|p1a: Skarmory|Roar|p2a: Metagross
|drag|p2a: Gorebyss|Gorebyss, M|93/100
|-damage|p2a: Gorebyss|68/100|[from] Spikes
|
|-weather|Sandstorm|[upkeep]
|-damage|p2a: Gorebyss|62/100|[from] Sandstorm
|-heal|p2a: Gorebyss|68/100|[from] item: Leftovers
|-heal|p1a: Skarmory|21/100|[from] item: Leftovers
|upkeep
|turn|39
|
|t:|1729897792
|switch|p2a: Metagross|Metagross|100/100
|-damage|p2a: Metagross|76/100|[from] Spikes
|switch|p1a: Blissey|Blissey, F|79/100
|-damage|p1a: Blissey|66/100|[from] Spikes
|
|-weather|Sandstorm|[upkeep]
|-damage|p1a: Blissey|60/100|[from] Sandstorm
|-heal|p2a: Metagross|82/100|[from] item: Leftovers
|-heal|p1a: Blissey|66/100|[from] item: Leftovers
|upkeep
|turn|40
|
|t:|1729897805
|switch|p1a: Swampert|Swampert, M|100/100
|-damage|p1a: Swampert|88/100|[from] Spikes
|move|p2a: Metagross|Agility|p2a: Metagross
|-boost|p2a: Metagross|spe|2
|
|-weather|Sandstorm|[upkeep]
|-heal|p2a: Metagross|88/100|[from] item: Leftovers
|-heal|p1a: Swampert|94/100|[from] item: Leftovers
|upkeep
|turn|41
|
|t:|1729897816
|move|p2a: Metagross|Meteor Mash|p1a: Swampert
|-resisted|p1a: Swampert
|-damage|p1a: Swampert|74/100
|move|p1a: Swampert|Surf|p2a: Metagross
|-damage|p2a: Metagross|54/100
|
|-weather|Sandstorm|[upkeep]
|-heal|p2a: Metagross|60/100|[from] item: Leftovers
|-heal|p1a: Swampert|80/100|[from] item: Leftovers
|upkeep
|turn|42
|
|t:|1729897825
|move|p1a: Swampert|Protect|p1a: Swampert
|-singleturn|p1a: Swampert|Protect
|move|p2a: Metagross|Meteor Mash|p1a: Swampert
|-activate|p1a: Swampert|Protect
|
|-weather|Sandstorm|[upkeep]
|-heal|p2a: Metagross|66/100|[from] item: Leftovers
|-heal|p1a: Swampert|86/100|[from] item: Leftovers
|upkeep
|turn|43
|
|t:|1729897833
|move|p2a: Metagross|Meteor Mash|p1a: Swampert
|-resisted|p1a: Swampert
|-damage|p1a: Swampert|66/100
|move|p1a: Swampert|Surf|p2a: Metagross
|-damage|p2a: Metagross|33/100
|
|-weather|Sandstorm|[upkeep]
|-heal|p2a: Metagross|40/100|[from] item: Leftovers
|-heal|p1a: Swampert|72/100|[from] item: Leftovers
|upkeep
|turn|44
|
|t:|1729897842
|switch|p2a: Gorebyss|Gorebyss, M|68/100
|-damage|p2a: Gorebyss|43/100|[from] Spikes
|move|p1a: Swampert|Protect||[still]
|-fail|p1a: Swampert
|
|-weather|Sandstorm|[upkeep]
|-damage|p2a: Gorebyss|37/100|[from] Sandstorm
|-heal|p2a: Gorebyss|43/100|[from] item: Leftovers
|-heal|p1a: Swampert|78/100|[from] item: Leftovers
|upkeep
|turn|45
|
|t:|1729897851
|switch|p1a: Blissey|Blissey, F|66/100
|-damage|p1a: Blissey|54/100|[from] Spikes
|move|p2a: Gorebyss|Hidden Power|p1a: Blissey
|-damage|p1a: Blissey|44/100
|
|-weather|Sandstorm|[upkeep]
|-damage|p2a: Gorebyss|37/100|[from] Sandstorm
|-damage|p1a: Blissey|38/100|[from] Sandstorm
|-heal|p2a: Gorebyss|43/100|[from] item: Leftovers
|-heal|p1a: Blissey|44/100|[from] item: Leftovers
|upkeep
|turn|46
|
|t:|1729897861
|move|p2a: Gorebyss|Rain Dance|p2a: Gorebyss
|-weather|RainDance
|move|p1a: Blissey|Soft-Boiled|p1a: Blissey
|-heal|p1a: Blissey|94/100
|
|-weather|RainDance|[upkeep]
|-heal|p2a: Gorebyss|49/100|[from] item: Leftovers
|-heal|p1a: Blissey|99/100|[from] item: Leftovers
|upkeep
|turn|47
|
|t:|1729897870
|move|p2a: Gorebyss|Surf|p1a: Blissey
|-damage|p1a: Blissey|73/100
|move|p1a: Blissey|Seismic Toss|p2a: Gorebyss
|-damage|p2a: Gorebyss|10/100
|
|-weather|RainDance|[upkeep]
|-heal|p2a: Gorebyss|16/100|[from] item: Leftovers
|-heal|p1a: Blissey|79/100|[from] item: Leftovers
|upkeep
|turn|48
|
|t:|1729897878
|move|p2a: Gorebyss|Surf|p1a: Blissey
|-damage|p1a: Blissey|51/100
|move|p1a: Blissey|Soft-Boiled|p1a: Blissey
|-heal|p1a: Blissey|100/100
|
|-weather|RainDance|[upkeep]
|-heal|p2a: Gorebyss|22/100|[from] item: Leftovers
|upkeep
|turn|49
|
|t:|1729897885
|move|p2a: Gorebyss|Surf|p1a: Blissey
|-crit|p1a: Blissey
|-damage|p1a: Blissey|48/100
|move|p1a: Blissey|Seismic Toss|p2a: Gorebyss
|-damage|p2a: Gorebyss|0 fnt
|faint|p2a: Gorebyss
|
|t:|1729897891
|switch|p2a: Metagross|Metagross|40/100
|-damage|p2a: Metagross|15/100|[from] Spikes
|
|-weather|RainDance|[upkeep]
|-heal|p2a: Metagross|21/100|[from] item: Leftovers
|-heal|p1a: Blissey|54/100|[from] item: Leftovers
|upkeep
|turn|50
|
|t:|1729897899
|switch|p1a: Skarmory|Skarmory, M|21/100
|move|p2a: Metagross|Earthquake|p1a: Skarmory
|-immune|p1a: Skarmory
|
|-weather|none
|-heal|p2a: Metagross|27/100|[from] item: Leftovers
|-heal|p1a: Skarmory|27/100|[from] item: Leftovers
|upkeep
|turn|51
|
|t:|1729897907
|switch|p2a: Moltres|Moltres|100/100
|move|p1a: Skarmory|Roar|p2a: Moltres
|drag|p2a: Metagross|Metagross|27/100
|-damage|p2a: Metagross|2/100|[from] Spikes
|
|-heal|p2a: Metagross|8/100|[from] item: Leftovers
|-heal|p1a: Skarmory|33/100|[from] item: Leftovers
|upkeep
|turn|52
|
|t:|1729897916
|move|p2a: Metagross|Rock Slide|p1a: Skarmory
|-damage|p1a: Skarmory|12/100
|move|p1a: Skarmory|Roar|p2a: Metagross
|drag|p2a: Moltres|Moltres|100/100
|
|-heal|p1a: Skarmory|18/100|[from] item: Leftovers
|upkeep
|turn|53
|
|t:|1729897925
|move|p2a: Moltres|Flamethrower|p1a: Skarmory
|-supereffective|p1a: Skarmory
|-damage|p1a: Skarmory|0 fnt
|faint|p1a: Skarmory
|inactive|cyberas has 270 seconds left.
|
|t:|1729897962
|switch|p1a: Blissey|Blissey, F|54/100
|-damage|p1a: Blissey|42/100|[from] Spikes
|
|-heal|p1a: Blissey|48/100|[from] item: Leftovers
|upkeep
|turn|54
|
|t:|1729897967
|move|p2a: Moltres|Will-O-Wisp|p1a: Blissey
|-status|p1a: Blissey|brn
|move|p1a: Blissey|Soft-Boiled|p1a: Blissey
|-heal|p1a: Blissey|98/100 brn
|
|-heal|p1a: Blissey|100/100 brn|[from] item: Leftovers
|-damage|p1a: Blissey|88/100 brn|[from] brn
|upkeep
|turn|55
|
|t:|1729897975
|move|p2a: Moltres|Flamethrower|p1a: Blissey
|-damage|p1a: Blissey|70/100 brn
|move|p1a: Blissey|Seismic Toss|p2a: Moltres
|-damage|p2a: Moltres|69/100
|
|-heal|p2a: Moltres|76/100|[from] item: Leftovers
|-heal|p1a: Blissey|76/100 brn|[from] item: Leftovers
|-damage|p1a: Blissey|63/100 brn|[from] brn
|upkeep
|turn|56
|
|t:|1729897984
|switch|p2a: Metagross|Metagross|8/100
|-damage|p2a: Metagross|0 fnt|[from] Spikes
|faint|p2a: Metagross
|
|t:|1729897988
|switch|p2a: Moltres|Moltres|76/100
|
|-heal|p2a: Moltres|82/100|[from] item: Leftovers
|-heal|p1a: Blissey|69/100 brn|[from] item: Leftovers
|-damage|p1a: Blissey|57/100 brn|[from] brn
|upkeep
|turn|57
|
|t:|1729897995
|move|p2a: Moltres|Flamethrower|p1a: Blissey
|-damage|p1a: Blissey|39/100 brn
|move|p1a: Blissey|Soft-Boiled|p1a: Blissey
|-heal|p1a: Blissey|89/100 brn
|
|-heal|p2a: Moltres|88/100|[from] item: Leftovers
|-heal|p1a: Blissey|95/100 brn|[from] item: Leftovers
|-damage|p1a: Blissey|82/100 brn|[from] brn
|upkeep
|turn|58
|
|t:|1729898004
|-curestatus|p1a: Blissey|brn|[from] ability: Natural Cure
|switch|p1a: Tyranitar|Tyranitar, M|46/100
|-damage|p1a: Tyranitar|34/100|[from] Spikes
|-weather|Sandstorm|[from] ability: Sand Stream|[of] p1a: Tyranitar
|move|p2a: Moltres|Flamethrower|p1a: Tyranitar
|-resisted|p1a: Tyranitar
|-damage|p1a: Tyranitar|12/100
|-status|p1a: Tyranitar|brn
|
|-weather|Sandstorm|[upkeep]
|-damage|p2a: Moltres|82/100|[from] Sandstorm
|-heal|p2a: Moltres|88/100|[from] item: Leftovers
|-heal|p1a: Tyranitar|18/100 brn|[from] item: Leftovers
|-damage|p1a: Tyranitar|6/100 brn|[from] brn
|upkeep
|turn|59
|
|t:|1729898019
|move|p2a: Moltres|Hidden Power|p1a: Tyranitar
|-supereffective|p1a: Tyranitar
|-damage|p1a: Tyranitar|0 fnt
|faint|p1a: Tyranitar
|
|t:|1729898023
|switch|p1a: Salamence|Salamence, M|100/100
|-ability|p1a: Salamence|Intimidate|boost
|-unboost|p2a: Moltres|atk|1
|
|-weather|Sandstorm|[upkeep]
|-damage|p2a: Moltres|82/100|[from] Sandstorm
|-damage|p1a: Salamence|94/100|[from] Sandstorm
|-heal|p2a: Moltres|88/100|[from] item: Leftovers
|upkeep
|turn|60
|
|t:|1729898030
|move|p2a: Moltres|Will-O-Wisp|p1a: Salamence
|-status|p1a: Salamence|brn
|move|p1a: Salamence|Hidden Power|p2a: Moltres
|-damage|p2a: Moltres|50/100
|
|-weather|Sandstorm|[upkeep]
|-damage|p2a: Moltres|44/100|[from] Sandstorm
|-damage|p1a: Salamence|88/100 brn|[from] Sandstorm
|-heal|p2a: Moltres|50/100|[from] item: Leftovers
|-damage|p1a: Salamence|76/100 brn|[from] brn
|upkeep
|turn|61
|
|t:|1729898040
|move|p2a: Moltres|Flamethrower|p1a: Salamence
|-resisted|p1a: Salamence
|-damage|p1a: Salamence|47/100 brn
|move|p1a: Salamence|Hidden Power|p2a: Moltres
|-damage|p2a: Moltres|13/100
|
|-weather|Sandstorm|[upkeep]
|-damage|p2a: Moltres|6/100|[from] Sandstorm
|-damage|p1a: Salamence|41/100 brn|[from] Sandstorm
|-heal|p2a: Moltres|13/100|[from] item: Leftovers
|-damage|p1a: Salamence|28/100 brn|[from] brn
|upkeep
|turn|62
|
|t:|1729898050
|move|p2a: Moltres|Flamethrower|p1a: Salamence
|-resisted|p1a: Salamence
|-damage|p1a: Salamence|0 fnt
|faint|p1a: Salamence
|
|t:|1729898053
|switch|p1a: Blissey|Blissey, F|82/100
|-damage|p1a: Blissey|70/100|[from] Spikes
|
|-weather|Sandstorm|[upkeep]
|-damage|p2a: Moltres|6/100|[from] Sandstorm
|-damage|p1a: Blissey|64/100|[from] Sandstorm
|-heal|p2a: Moltres|13/100|[from] item: Leftovers
|-heal|p1a: Blissey|70/100|[from] item: Leftovers
|upkeep
|turn|63
|
|t:|1729898062
|move|p2a: Moltres|Overheat|p1a: Blissey
|-crit|p1a: Blissey
|-damage|p1a: Blissey|9/100
|-unboost|p2a: Moltres|spa|2
|move|p1a: Blissey|Seismic Toss|p2a: Moltres
|-damage|p2a: Moltres|0 fnt
|faint|p2a: Moltres
|
|win|cyberas
|c|☆cyberas|gg
|c|☆gooball99|wp

</script>
<script type="application/json" class="data" id="replaydata-smogtours-gen3ou-801968">
{"id":"smogtours-gen3ou-801968","format":"[Gen 3] OU","players":["cyberas","gooball99"],"uploadtime":1729898062,"views":85,"formatid":"gen3ou","rating":null,"private":0,"password":null}
</script>

<script defer src="js/replays.js?9d40a366"></script>
