<!DOCTYPE html>
<meta charset="utf-8" />
<meta name="viewport" content="width=device-width" />

<title>[Gen 3] OU: ThisGuyMuks vs. Xenocles - Replays - Pok&eacute;mon Showdown!</title>

<meta name="description" content="Watch a replay of a Pok&eacute;mon battle between ThisGuyMuks and Xenocles! Format: [Gen 3] OU; Date: Oct 30, 2024" />
<!--

Hey, you! Looking in the source for the replay log?

You can find them in JSON format, just add `.json` at the end of a replay URL.

https://replay.pokemonshowdown.com/gen7randomdoublesbattle-865046831.json

Or, if you only need the log itself, add `.log` instead:

https://replay.pokemonshowdown.com/gen7randomdoublesbattle-865046831.log

-->

<link rel="stylesheet" href="//pokemonshowdown.com/style/global.css?0.023195364461161105" />
<link rel="stylesheet" href="//play.pokemonshowdown.com/style/font-awesome.css?0.13261647063804238" />
<link rel="stylesheet" href="//play.pokemonshowdown.com/style/battle.css?0.8753245789963631" />
<link rel="stylesheet" href="//play.pokemonshowdown.com/style/utilichart.css?0.8627959624976733" />

<!-- Global site tag (gtag.js) - Google Analytics -->
<script async src="https://www.googletagmanager.com/gtag/js?id=UA-26211653-1"></script>
<script>
  window.dataLayer = window.dataLayer || [];
  function gtag(){dataLayer.push(arguments);}
  gtag('js', new Date());

  gtag('config', 'UA-26211653-1');
</script>
<!-- End Google Analytics -->
<!-- Venatus Ad Manager - Install in <HEAD> of page -->
	<script src="https://hb.vntsm.com/v3/live/ad-manager.min.js" type="text/javascript" data-site-id="642aba63ec9a7b11c3c9c1be" data-mode="scan" async></script>
<!-- / Venatus Ad Manager -->

<style>
	@media (max-width:820px) {
		.battle {
			margin: 0 auto;
		}
		.battle-log {
			margin: 7px auto 0;
			max-width: 640px;
			height: 300px;
			position: static;
		}
	}
	.optgroup {
		display: inline-block;
		line-height: 22px;
		font-size: 10pt;
	}
	.optgroup .button {
		height: 25px;
		padding-top: 0;
		padding-bottom: 0;
	}
	.optgroup button.button {
		padding-left: 12px;
		padding-right: 12px;
	}
	.linklist {
		list-style: none;
		margin: 0.5em 0;
		padding: 0;
	}
	.linklist li {
		padding: 2px 0;
	}
	.sidebar {
		float: left;
		width: 320px;
	}
	.bar-wrapper {
		max-width: 1100px;
		margin: 0 auto;
	}
	.bar-wrapper.has-sidebar {
		max-width: 1430px;
	}
	.mainbar {
		margin: 0;
		padding-right: 1px;
	}
	.mainbar.has-sidebar {
		margin-left: 330px;
	}
	@media (min-width: 1511px) {
		.sidebar {
			width: 400px;
		}
		.bar-wrapper.has-sidebar {
			max-width: 1510px;
		}
		.mainbar.has-sidebar {
			margin-left: 410px;
		}
	}
	.section.first-section {
		margin-top: 9px;
	}
	.blocklink small {
		white-space: normal;
	}
	.button {
		vertical-align: middle;
	}
	.replay-controls {
		padding-top: 10px;
	}
	.replay-controls h1 {
		font-size: 16pt;
		font-weight: normal;
		color: #CCC;
	}
	.pagelink {
		text-align: center;
	}
	.pagelink a {
		width: 150px;
	}
	.textbox, .button {
		font-size: 11pt;
		vertical-align: middle;
	}
	@media (max-width: 450px) {
		.button {
			font-size: 9pt;
		}
	}
</style>

<div>

	<header>
		<div class="nav-wrapper"><ul class="nav">
			<li><a class="button nav-first" href="//pokemonshowdown.com/"><img src="//pokemonshowdown.com/images/pokemonshowdownbeta.png" srcset="//pokemonshowdown.com/images/pokemonshowdownbeta.png 1x, //pokemonshowdown.com/images/pokemonshowdownbeta@2x.png 2x" alt="Pok&eacute;mon Showdown" width="146" height="44" /> Home</a></li>
			<li><a class="button" href="//pokemonshowdown.com/dex/">Pok&eacute;dex</a></li>
			<li><a class="button cur" href="/">Replays</a></li>
			<li><a class="button" href="//pokemonshowdown.com/ladder/">Ladder</a></li>
			<li><a class="button nav-last" href="//pokemonshowdown.com/forums/">Forum</a></li>
			<li><a class="button greenbutton nav-first nav-last" href="//play.pokemonshowdown.com/">Play</a></li>
		</ul></div>
	</header>

	<div class="main" id="main">

		<noscript><section class="section">You need to enable JavaScript to use this page; sorry!</section></noscript>

	</div>

</div>

<script defer nomodule src="//play.pokemonshowdown.com/js/lib/ps-polyfill.js"></script>
<script defer src="//play.pokemonshowdown.com/js/lib/preact.min.js"></script>

<script defer src="//play.pokemonshowdown.com/config/config.js?2bddbc15"></script>
<script defer src="//play.pokemonshowdown.com/js/lib/jquery-1.11.0.min.js"></script>
<script defer src="//play.pokemonshowdown.com/js/lib/html-sanitizer-minified.js"></script>
<script defer src="//play.pokemonshowdown.com/js/battle-sound.js"></script>
<script defer src="//play.pokemonshowdown.com/js/battledata.js?0.7209276989879541"></script>
<script defer src="//play.pokemonshowdown.com/data/pokedex-mini.js?0.6111056340867951"></script>
<script defer src="//play.pokemonshowdown.com/data/pokedex-mini-bw.js?0.3532142036491459"></script>
<script defer src="//play.pokemonshowdown.com/data/graphics.js?0.24223875632456182"></script>
<script defer src="//play.pokemonshowdown.com/data/pokedex.js?0.38839984266356864"></script>
<script defer src="//play.pokemonshowdown.com/data/moves.js?0.21866028504024015"></script>
<script defer src="//play.pokemonshowdown.com/data/abilities.js?0.2005157953846628"></script>
<script defer src="//play.pokemonshowdown.com/data/items.js?0.9894211263848525"></script>
<script defer src="//play.pokemonshowdown.com/data/teambuilder-tables.js?0.6008791140282215"></script>
<script defer src="//play.pokemonshowdown.com/js/battle-tooltips.js?0.7580118955022959"></script>
<script defer src="//play.pokemonshowdown.com/js/battle.js?0.6057722274234274"></script>

<script defer src="js/utils.js?e31f9a17"></script>
<script defer src="js/replays-battle.js?7008c182"></script>

<!-- don't scrape this data! just add .json or .log after the URL!
Full API docs: https://github.com/smogon/pokemon-showdown-client/blob/master/WEB-API.md -->
<script type="text/plain" class="log" id="replaylog-smogtours-gen3ou-803399">
|inactive|Battle timer is ON: inactive players will automatically lose when time's up.
|t:|1730250375
|gametype|singles
|player|p1|ThisGuyMuks|102|
|player|p2|Xenocles|1|
|teamsize|p1|6
|teamsize|p2|6
|gen|3
|tier|[Gen 3] OU
|rule|Sleep Clause Mod: Limit one foe put to sleep
|rule|Switch Priority Clause Mod: Faster Pokémon switch first
|rule|Species Clause: Limit one of each Pokémon
|rule|OHKO Clause: OHKO moves are banned
|rule|Evasion Items Clause: Evasion items are banned
|rule|Evasion Moves Clause: Evasion moves are banned
|rule|Endless Battle Clause: Forcing endless battles is banned
|rule|HP Percentage Mod: HP is shown in percentages
|rule|One Boost Passer Clause: Limit one Baton Passer that has a way to boost its stats
|rule|Freeze Clause Mod: Limit one foe frozen
|
|t:|1730250375
|start
|switch|p1a: Snorlax|Snorlax, F|100/100
|switch|p2a: Skarmory|Skarmory, M|100/100
|turn|1
|inactive|Xenocles also wants the timer to be on.
|c|☆ThisGuyMuks|gl my friend
|inactive|Xenocles has 270 seconds left.
|
|t:|1730250411
|switch|p2a: Metagross|Metagross, shiny|100/100
|move|p1a: Snorlax|Fire Blast|p2a: Metagross|[miss]
|-miss|p1a: Snorlax|p2a: Metagross
|
|upkeep
|turn|2
|c|☆Xenocles|you too
|c|☆Xenocles|other than that
|c|☆ThisGuyMuks|too late
|inactive|Xenocles has 270 seconds left.
|inactive|ThisGuyMuks has 270 seconds left.
|
|t:|1730250462
|move|p2a: Metagross|Earthquake|p1a: Snorlax
|-damage|p1a: Snorlax|71/100
|move|p1a: Snorlax|Fire Blast|p2a: Metagross
|-supereffective|p2a: Metagross
|-crit|p2a: Metagross
|-damage|p2a: Metagross|0 fnt
|faint|p2a: Metagross
|c|☆ThisGuyMuks|mb
|inactive|Xenocles has 240 seconds left.
|
|t:|1730250482
|switch|p2a: Skarmory|Skarmory, M|100/100
|
|-heal|p1a: Snorlax|77/100|[from] item: Leftovers
|upkeep
|turn|3
|
|t:|1730250489
|move|p2a: Skarmory|Spikes|p1a: Snorlax
|-sidestart|p1: ThisGuyMuks|Spikes
|move|p1a: Snorlax|Fire Blast|p2a: Skarmory
|-supereffective|p2a: Skarmory
|-damage|p2a: Skarmory|51/100
|
|-heal|p2a: Skarmory|57/100|[from] item: Leftovers
|-heal|p1a: Snorlax|83/100|[from] item: Leftovers
|upkeep
|turn|4
|
|t:|1730250494
|move|p2a: Skarmory|Protect|p2a: Skarmory
|-singleturn|p2a: Skarmory|Protect
|move|p1a: Snorlax|Fire Blast|p2a: Skarmory|[miss]
|-miss|p1a: Snorlax|p2a: Skarmory
|
|-heal|p2a: Skarmory|63/100|[from] item: Leftovers
|-heal|p1a: Snorlax|89/100|[from] item: Leftovers
|upkeep
|turn|5
|
|t:|1730250500
|move|p1a: Snorlax|Fire Blast|p2a: Skarmory
|-supereffective|p2a: Skarmory
|-damage|p2a: Skarmory|12/100
|move|p2a: Skarmory|Roar|p1a: Snorlax
|drag|p1a: Jirachi|Jirachi|100/100
|-damage|p1a: Jirachi|88/100|[from] Spikes
|
|-heal|p1a: Jirachi|94/100|[from] item: Leftovers
|-heal|p2a: Skarmory|18/100|[from] item: Leftovers
|upkeep
|turn|6
|
|t:|1730250518
|switch|p2a: Regice|Regice, shiny|100/100
|move|p1a: Jirachi|Fire Punch|p2a: Regice
|-supereffective|p2a: Regice
|-crit|p2a: Regice
|-damage|p2a: Regice|52/100
|
|-heal|p1a: Jirachi|100/100|[from] item: Leftovers
|-heal|p2a: Regice|58/100|[from] item: Leftovers
|upkeep
|turn|7
|inactive|ThisGuyMuks has 270 seconds left.
|
|t:|1730250563
|move|p1a: Jirachi|Body Slam|p2a: Regice
|-damage|p2a: Regice|39/100
|-status|p2a: Regice|par
|cant|p2a: Regice|par
|
|-heal|p2a: Regice|45/100 par|[from] item: Leftovers
|upkeep
|turn|8
|
|t:|1730250577
|switch|p2a: Charizard|Charizard, M|100/100
|move|p1a: Jirachi|Dynamic Punch|p2a: Charizard|[miss]
|-miss|p1a: Jirachi|p2a: Charizard
|
|upkeep
|turn|9
|inactive|ThisGuyMuks has 270 seconds left.
|
|t:|1730250596
|switch|p1a: Gyarados|Gyarados, F|100/100
|-ability|p1a: Gyarados|Intimidate|boost
|-unboost|p2a: Charizard|atk|1
|move|p2a: Charizard|Substitute|p2a: Charizard
|-start|p2a: Charizard|Substitute
|-damage|p2a: Charizard|76/100
|
|-heal|p2a: Charizard|82/100|[from] item: Leftovers
|upkeep
|turn|10
|inactive|Xenocles has 270 seconds left.
|inactive|Xenocles has 240 seconds left.
|
|t:|1730250633
|switch|p2a: Claydol|Claydol|100/100
|move|p1a: Gyarados|Dragon Dance|p1a: Gyarados
|-boost|p1a: Gyarados|atk|1
|-boost|p1a: Gyarados|spe|1
|
|upkeep
|turn|11
|inactive|ThisGuyMuks has 270 seconds left.
|inactive|Xenocles has 240 seconds left.
|inactive|ThisGuyMuks has 240 seconds left.
|
|t:|1730250671
|switch|p1a: Celebi|Celebi|100/100
|-damage|p1a: Celebi|88/100|[from] Spikes
|switch|p2a: Regice|Regice, shiny|45/100 par
|
|-heal|p1a: Celebi|94/100|[from] item: Leftovers
|-heal|p2a: Regice|51/100 par|[from] item: Leftovers
|upkeep
|turn|12
|inactive|ThisGuyMuks has 240 seconds left.
|
|t:|1730250694
|switch|p1a: Snorlax|Snorlax, F|89/100
|-damage|p1a: Snorlax|76/100|[from] Spikes
|move|p2a: Regice|Ice Beam|p1a: Snorlax
|-damage|p1a: Snorlax|48/100
|
|-heal|p1a: Snorlax|54/100|[from] item: Leftovers
|-heal|p2a: Regice|57/100 par|[from] item: Leftovers
|upkeep
|turn|13
|
|t:|1730250705
|move|p1a: Snorlax|Brick Break|p2a: Regice
|-supereffective|p2a: Regice
|-damage|p2a: Regice|25/100 par
|move|p2a: Regice|Ice Beam|p1a: Snorlax
|-damage|p1a: Snorlax|28/100
|
|-heal|p1a: Snorlax|34/100|[from] item: Leftovers
|-heal|p2a: Regice|31/100 par|[from] item: Leftovers
|upkeep
|turn|14
|inactive|Xenocles has 240 seconds left.
|
|t:|1730250742
|switch|p2a: Claydol|Claydol|100/100
|move|p1a: Snorlax|Brick Break|p2a: Claydol
|-resisted|p2a: Claydol
|-damage|p2a: Claydol|93/100
|
|-heal|p2a: Claydol|99/100|[from] item: Leftovers
|-heal|p1a: Snorlax|40/100|[from] item: Leftovers
|upkeep
|turn|15
|
|t:|1730250752
|switch|p1a: Celebi|Celebi|94/100
|-damage|p1a: Celebi|82/100|[from] Spikes
|move|p2a: Claydol|Earthquake|p1a: Celebi
|-resisted|p1a: Celebi
|-damage|p1a: Celebi|72/100
|
|-heal|p1a: Celebi|78/100|[from] item: Leftovers
|-heal|p2a: Claydol|100/100|[from] item: Leftovers
|upkeep
|turn|16
|
|t:|1730250756
|switch|p2a: Charizard|Charizard, M|82/100
|move|p1a: Celebi|Leech Seed|p2a: Charizard
|-start|p2a: Charizard|move: Leech Seed
|
|-heal|p2a: Charizard|88/100|[from] item: Leftovers
|-damage|p2a: Charizard|75/100|[from] Leech Seed|[of] p1a: Celebi
|-heal|p1a: Celebi|87/100|[silent]
|-heal|p1a: Celebi|93/100|[from] item: Leftovers
|upkeep
|turn|17
|inactive|ThisGuyMuks has 270 seconds left.
|inactive|Xenocles has 240 seconds left.
|
|t:|1730250768
|switch|p2a: Suicune|Suicune, shiny|100/100
|switch|p1a: Gyarados|Gyarados, F|100/100
|-ability|p1a: Gyarados|Intimidate|boost
|-unboost|p2a: Suicune|atk|1
|
|upkeep
|turn|18
|inactive|ThisGuyMuks has 270 seconds left.
|
|t:|1730250785
|move|p1a: Gyarados|Taunt|p2a: Suicune
|-start|p2a: Suicune|move: Taunt
|cant|p2a: Suicune|move: Taunt|Toxic
|
|upkeep
|turn|19
|
|t:|1730250794
|switch|p1a: Celebi|Celebi|93/100
|-damage|p1a: Celebi|81/100|[from] Spikes
|switch|p2a: Claydol|Claydol|100/100
|
|-heal|p1a: Celebi|87/100|[from] item: Leftovers
|upkeep
|turn|20
|
|t:|1730250801
|switch|p2a: Charizard|Charizard, M|75/100
|move|p1a: Celebi|Leech Seed|p2a: Charizard
|-start|p2a: Charizard|move: Leech Seed
|
|-heal|p2a: Charizard|81/100|[from] item: Leftovers
|-damage|p2a: Charizard|69/100|[from] Leech Seed|[of] p1a: Celebi
|-heal|p1a: Celebi|96/100|[silent]
|-heal|p1a: Celebi|100/100|[from] item: Leftovers
|upkeep
|turn|21
|
|t:|1730250806
|switch|p1a: Gyarados|Gyarados, F|100/100
|-ability|p1a: Gyarados|Intimidate|boost
|-unboost|p2a: Charizard|atk|1
|move|p2a: Charizard|Fire Blast|p1a: Gyarados
|-resisted|p1a: Gyarados
|-damage|p1a: Gyarados|71/100
|
|-heal|p2a: Charizard|75/100|[from] item: Leftovers
|-damage|p2a: Charizard|63/100|[from] Leech Seed|[of] p1a: Gyarados
|-heal|p1a: Gyarados|82/100|[silent]
|-heal|p1a: Gyarados|89/100|[from] item: Leftovers
|upkeep
|turn|22
|inactive|Xenocles has 270 seconds left.
|
|t:|1730250828
|switch|p2a: Skarmory|Skarmory, M|18/100
|switch|p1a: Tyranitar|Tyranitar, F|100/100
|-damage|p1a: Tyranitar|88/100|[from] Spikes
|-weather|Sandstorm|[from] ability: Sand Stream|[of] p1a: Tyranitar
|
|-weather|Sandstorm|[upkeep]
|-heal|p1a: Tyranitar|94/100|[from] item: Leftovers
|-heal|p2a: Skarmory|24/100|[from] item: Leftovers
|upkeep
|turn|23
|inactive|Xenocles has 270 seconds left.
|inactive|ThisGuyMuks has 270 seconds left.
|
|t:|1730250864
|move|p1a: Tyranitar|Rock Slide|p2a: Skarmory
|-damage|p2a: Skarmory|0 fnt
|faint|p2a: Skarmory
|c|☆Xenocles|some matchup
|inactive|Xenocles has 240 seconds left.
|inactive|Xenocles has 210 seconds left.
|
|t:|1730250920
|switch|p2a: Suicune|Suicune, shiny|100/100
|
|-weather|Sandstorm|[upkeep]
|-damage|p2a: Suicune|94/100|[from] Sandstorm
|-heal|p2a: Suicune|100/100|[from] item: Leftovers
|-heal|p1a: Tyranitar|100/100|[from] item: Leftovers
|upkeep
|turn|24
|
|t:|1730250927
|switch|p1a: Celebi|Celebi|100/100
|-damage|p1a: Celebi|88/100|[from] Spikes
|move|p2a: Suicune|Hydro Pump|p1a: Celebi|[miss]
|-miss|p2a: Suicune|p1a: Celebi
|
|-weather|Sandstorm|[upkeep]
|-damage|p2a: Suicune|94/100|[from] Sandstorm
|-damage|p1a: Celebi|82/100|[from] Sandstorm
|-heal|p2a: Suicune|100/100|[from] item: Leftovers
|-heal|p1a: Celebi|88/100|[from] item: Leftovers
|upkeep
|turn|25
|
|t:|1730250937
|move|p2a: Suicune|Ice Beam|p1a: Celebi
|-supereffective|p1a: Celebi
|-damage|p1a: Celebi|39/100
|move|p1a: Celebi|Leech Seed|p2a: Suicune
|-start|p2a: Suicune|move: Leech Seed
|
|-weather|Sandstorm|[upkeep]
|-damage|p2a: Suicune|94/100|[from] Sandstorm
|-damage|p1a: Celebi|33/100|[from] Sandstorm
|-heal|p2a: Suicune|100/100|[from] item: Leftovers
|-damage|p2a: Suicune|88/100|[from] Leech Seed|[of] p1a: Celebi
|-heal|p1a: Celebi|44/100|[silent]
|-heal|p1a: Celebi|50/100|[from] item: Leftovers
|upkeep
|turn|26
|inactive|ThisGuyMuks has 270 seconds left.
|
|t:|1730250977
|switch|p2a: Claydol|Claydol|100/100
|move|p1a: Celebi|Giga Drain|p2a: Claydol
|-supereffective|p2a: Claydol
|-damage|p2a: Claydol|59/100
|-heal|p1a: Celebi|66/100|[from] drain|[of] p2a: Claydol
|
|-weather|Sandstorm|[upkeep]
|-damage|p1a: Celebi|60/100|[from] Sandstorm
|-heal|p1a: Celebi|66/100|[from] item: Leftovers
|-heal|p2a: Claydol|65/100|[from] item: Leftovers
|upkeep
|turn|27
|inactive|Xenocles has 240 seconds left.
|inactive|ThisGuyMuks has 240 seconds left.
|
|t:|1730250999
|switch|p2a: Charizard|Charizard, M|63/100
|move|p1a: Celebi|Giga Drain|p2a: Charizard
|-resisted|p2a: Charizard
|-damage|p2a: Charizard|54/100
|-heal|p1a: Celebi|69/100|[from] drain|[of] p2a: Charizard
|
|-weather|Sandstorm|[upkeep]
|-damage|p2a: Charizard|48/100|[from] Sandstorm
|-damage|p1a: Celebi|63/100|[from] Sandstorm
|-heal|p2a: Charizard|54/100|[from] item: Leftovers
|-heal|p1a: Celebi|69/100|[from] item: Leftovers
|upkeep
|turn|28
|
|t:|1730251009
|switch|p1a: Gyarados|Gyarados, F|89/100
|-ability|p1a: Gyarados|Intimidate|boost
|-unboost|p2a: Charizard|atk|1
|move|p2a: Charizard|Fire Blast|p1a: Gyarados
|-resisted|p1a: Gyarados
|-damage|p1a: Gyarados|57/100
|-status|p1a: Gyarados|brn
|
|-weather|Sandstorm|[upkeep]
|-damage|p2a: Charizard|48/100|[from] Sandstorm
|-damage|p1a: Gyarados|51/100 brn|[from] Sandstorm
|-heal|p2a: Charizard|54/100|[from] item: Leftovers
|-heal|p1a: Gyarados|57/100 brn|[from] item: Leftovers
|-damage|p1a: Gyarados|45/100 brn|[from] brn
|upkeep
|turn|29
|
|t:|1730251022
|switch|p2a: Claydol|Claydol|65/100
|move|p1a: Gyarados|Hidden Power|p2a: Claydol
|-resisted|p2a: Claydol
|-damage|p2a: Claydol|60/100
|
|-weather|Sandstorm|[upkeep]
|-damage|p1a: Gyarados|38/100 brn|[from] Sandstorm
|-heal|p1a: Gyarados|45/100 brn|[from] item: Leftovers
|-damage|p1a: Gyarados|32/100 brn|[from] brn
|-heal|p2a: Claydol|66/100|[from] item: Leftovers
|upkeep
|turn|30
|inactive|Xenocles has 240 seconds left.
|
|t:|1730251046
|switch|p2a: Suicune|Suicune, shiny|88/100
|move|p1a: Gyarados|Hidden Power|p2a: Suicune
|-damage|p2a: Suicune|78/100
|
|-weather|Sandstorm|[upkeep]
|-damage|p1a: Gyarados|26/100 brn|[from] Sandstorm
|-damage|p2a: Suicune|71/100|[from] Sandstorm
|-heal|p1a: Gyarados|32/100 brn|[from] item: Leftovers
|-damage|p1a: Gyarados|20/100 brn|[from] brn
|-heal|p2a: Suicune|78/100|[from] item: Leftovers
|upkeep
|turn|31
|inactive|Xenocles has 240 seconds left.
|
|t:|1730251078
|move|p1a: Gyarados|Taunt|p2a: Suicune
|-start|p2a: Suicune|move: Taunt
|move|p2a: Suicune|Ice Beam|p1a: Gyarados
|-damage|p1a: Gyarados|0 fnt
|faint|p1a: Gyarados
|inactive|ThisGuyMuks has 240 seconds left.
|inactive|ThisGuyMuks has 210 seconds left.
|
|t:|1730251146
|switch|p1a: Jirachi|Jirachi|100/100
|-damage|p1a: Jirachi|88/100|[from] Spikes
|
|-weather|Sandstorm|[upkeep]
|-damage|p2a: Suicune|71/100|[from] Sandstorm
|-heal|p1a: Jirachi|94/100|[from] item: Leftovers
|-heal|p2a: Suicune|78/100|[from] item: Leftovers
|upkeep
|turn|32
|
|t:|1730251161
|move|p1a: Jirachi|Body Slam|p2a: Suicune
|-damage|p2a: Suicune|59/100
|move|p2a: Suicune|Hydro Pump|p1a: Jirachi
|-damage|p1a: Jirachi|36/100
|
|-weather|Sandstorm|[upkeep]
|-damage|p2a: Suicune|53/100|[from] Sandstorm
|-heal|p1a: Jirachi|42/100|[from] item: Leftovers
|-heal|p2a: Suicune|59/100|[from] item: Leftovers
|-end|p2a: Suicune|move: Taunt|[silent]
|upkeep
|turn|33
|inactive|ThisGuyMuks has 210 seconds left.
|inactive|Xenocles has 210 seconds left.
|
|t:|1730251207
|switch|p2a: Regice|Regice, shiny|31/100 par
|move|p1a: Jirachi|Hidden Power|p2a: Regice
|-damage|p2a: Regice|19/100 par
|
|-weather|Sandstorm|[upkeep]
|-damage|p2a: Regice|13/100 par|[from] Sandstorm
|-heal|p1a: Jirachi|49/100|[from] item: Leftovers
|-heal|p2a: Regice|19/100 par|[from] item: Leftovers
|upkeep
|turn|34
|inactive|ThisGuyMuks has 180 seconds left.
|inactive|ThisGuyMuks has 150 seconds left.
|
|t:|1730251284
|move|p1a: Jirachi|Fire Punch|p2a: Regice
|-supereffective|p2a: Regice
|-damage|p2a: Regice|0 fnt
|faint|p2a: Regice
|
|t:|1730251286
|switch|p2a: Charizard|Charizard, M|54/100
|
|-weather|Sandstorm|[upkeep]
|-damage|p2a: Charizard|48/100|[from] Sandstorm
|-heal|p2a: Charizard|54/100|[from] item: Leftovers
|-heal|p1a: Jirachi|55/100|[from] item: Leftovers
|upkeep
|turn|35
|
|t:|1730251298
|move|p2a: Charizard|Substitute|p2a: Charizard
|-start|p2a: Charizard|Substitute
|-damage|p2a: Charizard|30/100
|move|p1a: Jirachi|Body Slam|p2a: Charizard
|-end|p2a: Charizard|Substitute
|
|-weather|Sandstorm|[upkeep]
|-damage|p2a: Charizard|24/100|[from] Sandstorm
|-heal|p2a: Charizard|30/100|[from] item: Leftovers
|-heal|p1a: Jirachi|61/100|[from] item: Leftovers
|upkeep
|turn|36
|
|t:|1730251312
|move|p2a: Charizard|Fire Blast|p1a: Jirachi|[miss]
|-miss|p2a: Charizard|p1a: Jirachi
|move|p1a: Jirachi|Body Slam|p2a: Charizard
|-damage|p2a: Charizard|0 fnt
|faint|p2a: Charizard
|
|t:|1730251316
|switch|p2a: Claydol|Claydol|66/100
|
|-weather|Sandstorm|[upkeep]
|-heal|p1a: Jirachi|67/100|[from] item: Leftovers
|-heal|p2a: Claydol|73/100|[from] item: Leftovers
|upkeep
|turn|37
|inactive|ThisGuyMuks has 150 seconds left.
|
|t:|1730251329
|move|p1a: Jirachi|Hidden Power|p2a: Claydol
|-supereffective|p2a: Claydol
|-damage|p2a: Claydol|36/100
|move|p2a: Claydol|Earthquake|p1a: Jirachi
|-supereffective|p1a: Jirachi
|-crit|p1a: Jirachi
|-damage|p1a: Jirachi|0 fnt
|faint|p1a: Jirachi
|
|t:|1730251335
|switch|p1a: Celebi|Celebi|69/100
|-damage|p1a: Celebi|57/100|[from] Spikes
|
|-weather|Sandstorm|[upkeep]
|-damage|p1a: Celebi|51/100|[from] Sandstorm
|-heal|p1a: Celebi|57/100|[from] item: Leftovers
|-heal|p2a: Claydol|42/100|[from] item: Leftovers
|upkeep
|turn|38
|
|t:|1730251340
|move|p1a: Celebi|Giga Drain|p2a: Claydol
|-supereffective|p2a: Claydol
|-damage|p2a: Claydol|4/100
|-heal|p1a: Celebi|72/100|[from] drain|[of] p2a: Claydol
|move|p2a: Claydol|Explosion|p1a: Celebi
|-damage|p1a: Celebi|1/100
|faint|p2a: Claydol
|
|t:|1730251343
|switch|p2a: Suicune|Suicune, shiny|59/100
|
|-weather|Sandstorm|[upkeep]
|-damage|p2a: Suicune|53/100|[from] Sandstorm
|-damage|p1a: Celebi|0 fnt|[from] Sandstorm
|faint|p1a: Celebi
|-heal|p2a: Suicune|59/100|[from] item: Leftovers
|upkeep
|
|t:|1730251355
|switch|p1a: Snorlax|Snorlax, F|40/100
|-damage|p1a: Snorlax|27/100|[from] Spikes
|turn|39
|inactive|Xenocles has 240 seconds left.
|
|t:|1730251360
|move|p2a: Suicune|Hydro Pump|p1a: Snorlax
|-damage|p1a: Snorlax|0 fnt
|faint|p1a: Snorlax
|
|t:|1730251372
|switch|p1a: Tyranitar|Tyranitar, F|100/100
|-damage|p1a: Tyranitar|88/100|[from] Spikes
|
|-weather|Sandstorm|[upkeep]
|-damage|p2a: Suicune|53/100|[from] Sandstorm
|-heal|p2a: Suicune|59/100|[from] item: Leftovers
|-heal|p1a: Tyranitar|94/100|[from] item: Leftovers
|upkeep
|turn|40
|
|t:|1730251387
|move|p2a: Suicune|Hydro Pump|p1a: Tyranitar
|-supereffective|p1a: Tyranitar
|-damage|p1a: Tyranitar|0 fnt
|faint|p1a: Tyranitar
|
|t:|1730251391
|switch|p1a: Metagross|Metagross|100/100
|-damage|p1a: Metagross|88/100|[from] Spikes
|
|-weather|Sandstorm|[upkeep]
|-damage|p2a: Suicune|53/100|[from] Sandstorm
|-heal|p2a: Suicune|59/100|[from] item: Leftovers
|-heal|p1a: Metagross|94/100|[from] item: Leftovers
|upkeep
|turn|41
|inactive|ThisGuyMuks has 150 seconds left.
|
|t:|1730251443
|move|p2a: Suicune|Hydro Pump|p1a: Metagross
|-damage|p1a: Metagross|41/100
|move|p1a: Metagross|Earthquake|p2a: Suicune
|-damage|p2a: Suicune|27/100
|
|-weather|Sandstorm|[upkeep]
|-damage|p2a: Suicune|21/100|[from] Sandstorm
|-heal|p2a: Suicune|27/100|[from] item: Leftovers
|-heal|p1a: Metagross|47/100|[from] item: Leftovers
|upkeep
|turn|42
|
|t:|1730251450
|move|p2a: Suicune|Hydro Pump|p1a: Metagross
|-damage|p1a: Metagross|0 fnt
|faint|p1a: Metagross
|
|win|Xenocles
|c|☆Xenocles|gg
|player|p1|
|player|p1|ThisGuyMuks|102|

</script>
<script type="application/json" class="data" id="replaydata-smogtours-gen3ou-803399">
{"id":"smogtours-gen3ou-803399","format":"[Gen 3] OU","players":["ThisGuyMuks","Xenocles"],"uploadtime":1730251450,"views":90,"formatid":"gen3ou","rating":null,"private":0,"password":null}
</script>

<script defer src="js/replays.js?9d40a366"></script>
