<!DOCTYPE html>
<meta charset="utf-8" />
<meta name="viewport" content="width=device-width" />

<title>[Gen 3] OU: Segale vs. Team Constantin - Replays - Pok&eacute;mon Showdown!</title>

<meta name="description" content="Watch a replay of a Pok&eacute;mon battle between Segale and Team Constantin! Format: [Gen 3] OU; Date: Oct 18, 2024" />
<!--

Hey, you! Looking in the source for the replay log?

You can find them in JSON format, just add `.json` at the end of a replay URL.

https://replay.pokemonshowdown.com/gen7randomdoublesbattle-865046831.json

Or, if you only need the log itself, add `.log` instead:

https://replay.pokemonshowdown.com/gen7randomdoublesbattle-865046831.log

-->

<link rel="stylesheet" href="//pokemonshowdown.com/style/global.css?0.023195364461161105" />
<link rel="stylesheet" href="//play.pokemonshowdown.com/style/font-awesome.css?0.13261647063804238" />
<link rel="stylesheet" href="//play.pokemonshowdown.com/style/battle.css?0.8753245789963631" />
<link rel="stylesheet" href="//play.pokemonshowdown.com/style/utilichart.css?0.8627959624976733" />

<!-- Global site tag (gtag.js) - Google Analytics -->
<script async src="https://www.googletagmanager.com/gtag/js?id=UA-26211653-1"></script>
<script>
  window.dataLayer = window.dataLayer || [];
  function gtag(){dataLayer.push(arguments);}
  gtag('js', new Date());

  gtag('config', 'UA-26211653-1');
</script>
<!-- End Google Analytics -->
<!-- Venatus Ad Manager - Install in <HEAD> of page -->
	<script src="https://hb.vntsm.com/v3/live/ad-manager.min.js" type="text/javascript" data-site-id="642aba63ec9a7b11c3c9c1be" data-mode="scan" async></script>
<!-- / Venatus Ad Manager -->

<style>
	@media (max-width:820px) {
		.battle {
			margin: 0 auto;
		}
		.battle-log {
			margin: 7px auto 0;
			max-width: 640px;
			height: 300px;
			position: static;
		}
	}
	.optgroup {
		display: inline-block;
		line-height: 22px;
		font-size: 10pt;
	}
	.optgroup .button {
		height: 25px;
		padding-top: 0;
		padding-bottom: 0;
	}
	.optgroup button.button {
		padding-left: 12px;
		padding-right: 12px;
	}
	.linklist {
		list-style: none;
		margin: 0.5em 0;
		padding: 0;
	}
	.linklist li {
		padding: 2px 0;
	}
	.sidebar {
		float: left;
		width: 320px;
	}
	.bar-wrapper {
		max-width: 1100px;
		margin: 0 auto;
	}
	.bar-wrapper.has-sidebar {
		max-width: 1430px;
	}
	.mainbar {
		margin: 0;
		padding-right: 1px;
	}
	.mainbar.has-sidebar {
		margin-left: 330px;
	}
	@media (min-width: 1511px) {
		.sidebar {
			width: 400px;
		}
		.bar-wrapper.has-sidebar {
			max-width: 1510px;
		}
		.mainbar.has-sidebar {
			margin-left: 410px;
		}
	}
	.section.first-section {
		margin-top: 9px;
	}
	.blocklink small {
		white-space: normal;
	}
	.button {
		vertical-align: middle;
	}
	.replay-controls {
		padding-top: 10px;
	}
	.replay-controls h1 {
		font-size: 16pt;
		font-weight: normal;
		color: #CCC;
	}
	.pagelink {
		text-align: center;
	}
	.pagelink a {
		width: 150px;
	}
	.textbox, .button {
		font-size: 11pt;
		vertical-align: middle;
	}
	@media (max-width: 450px) {
		.button {
			font-size: 9pt;
		}
	}
</style>

<div>

	<header>
		<div class="nav-wrapper"><ul class="nav">
			<li><a class="button nav-first" href="//pokemonshowdown.com/"><img src="//pokemonshowdown.com/images/pokemonshowdownbeta.png" srcset="//pokemonshowdown.com/images/pokemonshowdownbeta.png 1x, //pokemonshowdown.com/images/pokemonshowdownbeta@2x.png 2x" alt="Pok&eacute;mon Showdown" width="146" height="44" /> Home</a></li>
			<li><a class="button" href="//pokemonshowdown.com/dex/">Pok&eacute;dex</a></li>
			<li><a class="button cur" href="/">Replays</a></li>
			<li><a class="button" href="//pokemonshowdown.com/ladder/">Ladder</a></li>
			<li><a class="button nav-last" href="//pokemonshowdown.com/forums/">Forum</a></li>
			<li><a class="button greenbutton nav-first nav-last" href="//play.pokemonshowdown.com/">Play</a></li>
		</ul></div>
	</header>

	<div class="main" id="main">

		<noscript><section class="section">You need to enable JavaScript to use this page; sorry!</section></noscript>

	</div>

</div>

<script defer nomodule src="//play.pokemonshowdown.com/js/lib/ps-polyfill.js"></script>
<script defer src="//play.pokemonshowdown.com/js/lib/preact.min.js"></script>

<script defer src="//play.pokemonshowdown.com/config/config.js?2bddbc15"></script>
<script defer src="//play.pokemonshowdown.com/js/lib/jquery-1.11.0.min.js"></script>
<script defer src="//play.pokemonshowdown.com/js/lib/html-sanitizer-minified.js"></script>
<script defer src="//play.pokemonshowdown.com/js/battle-sound.js"></script>
<script defer src="//play.pokemonshowdown.com/js/battledata.js?0.7209276989879541"></script>
<script defer src="//play.pokemonshowdown.com/data/pokedex-mini.js?0.6111056340867951"></script>
<script defer src="//play.pokemonshowdown.com/data/pokedex-mini-bw.js?0.3532142036491459"></script>
<script defer src="//play.pokemonshowdown.com/data/graphics.js?0.24223875632456182"></script>
<script defer src="//play.pokemonshowdown.com/data/pokedex.js?0.38839984266356864"></script>
<script defer src="//play.pokemonshowdown.com/data/moves.js?0.21866028504024015"></script>
<script defer src="//play.pokemonshowdown.com/data/abilities.js?0.2005157953846628"></script>
<script defer src="//play.pokemonshowdown.com/data/items.js?0.9894211263848525"></script>
<script defer src="//play.pokemonshowdown.com/data/teambuilder-tables.js?0.6008791140282215"></script>
<script defer src="//play.pokemonshowdown.com/js/battle-tooltips.js?0.7580118955022959"></script>
<script defer src="//play.pokemonshowdown.com/js/battle.js?0.6057722274234274"></script>

<script defer src="js/utils.js?e31f9a17"></script>
<script defer src="js/replays-battle.js?7008c182"></script>

<!-- don't scrape this data! just add .json or .log after the URL!
Full API docs: https://github.com/smogon/pokemon-showdown-client/blob/master/WEB-API.md -->
<script type="text/plain" class="log" id="replaylog-smogtours-gen3ou-799552">
|inactive|Battle timer is ON: inactive players will automatically lose when time's up.
|t:|1729270986
|gametype|singles
|player|p1|Segale|blue|
|player|p2|Team Constantin|hilbert-wonderlauncher|
|teamsize|p1|6
|teamsize|p2|6
|gen|3
|tier|[Gen 3] OU
|rule|Sleep Clause Mod: Limit one foe put to sleep
|rule|Switch Priority Clause Mod: Faster Pokémon switch first
|rule|Species Clause: Limit one of each Pokémon
|rule|OHKO Clause: OHKO moves are banned
|rule|Evasion Items Clause: Evasion items are banned
|rule|Evasion Moves Clause: Evasion moves are banned
|rule|Endless Battle Clause: Forcing endless battles is banned
|rule|HP Percentage Mod: HP is shown in percentages
|rule|One Boost Passer Clause: Limit one Baton Passer that has a way to boost its stats
|rule|Freeze Clause Mod: Limit one foe frozen
|
|t:|1729270986
|start
|switch|p1a: Dugtrio|Dugtrio, M|100/100
|switch|p2a: Salamence|Salamence, M|100/100
|-ability|p2a: Salamence|Intimidate|boost
|-unboost|p1a: Dugtrio|atk|1
|turn|1
|
|t:|1729271014
|switch|p1a: Suicune|Suicune|100/100
|move|p2a: Salamence|Hidden Power|p1a: Suicune
|-supereffective|p1a: Suicune
|-damage|p1a: Suicune|63/100
|
|-heal|p1a: Suicune|69/100|[from] item: Leftovers
|upkeep
|turn|2
|
|t:|1729271034
|switch|p2a: Gengar|Gengar, F|100/100
|move|p1a: Suicune|Calm Mind|p1a: Suicune
|-boost|p1a: Suicune|spa|1
|-boost|p1a: Suicune|spd|1
|
|-heal|p1a: Suicune|76/100|[from] item: Leftovers
|upkeep
|turn|3
|
|t:|1729271040
|move|p2a: Gengar|Thunderbolt|p1a: Suicune
|-supereffective|p1a: Suicune
|-damage|p1a: Suicune|47/100
|move|p1a: Suicune|Surf|p2a: Gengar
|-damage|p2a: Gengar|48/100
|
|-heal|p2a: Gengar|54/100|[from] item: Leftovers
|-heal|p1a: Suicune|54/100|[from] item: Leftovers
|upkeep
|turn|4
|inactive|Team Constantin has 270 seconds left.
|
|t:|1729271077
|move|p2a: Gengar|Thunderbolt|p1a: Suicune
|-supereffective|p1a: Suicune
|-damage|p1a: Suicune|25/100
|move|p1a: Suicune|Rest|p1a: Suicune
|-status|p1a: Suicune|slp|[from] move: Rest
|-heal|p1a: Suicune|100/100 slp|[silent]
|
|-heal|p2a: Gengar|60/100|[from] item: Leftovers
|upkeep
|turn|5
|inactive|Team Constantin has 270 seconds left.
|
|t:|1729271097
|switch|p2a: Salamence|Salamence, M|100/100
|-ability|p2a: Salamence|Intimidate|boost
|-unboost|p1a: Suicune|atk|1
|cant|p1a: Suicune|slp
|
|upkeep
|turn|6
|
|t:|1729271101
|cant|p1a: Suicune|slp
|move|p2a: Salamence|Roar|p1a: Suicune
|drag|p1a: Blissey|Blissey, F|100/100
|
|upkeep
|turn|7
|inactive|Team Constantin has 270 seconds left.
|
|t:|1729271116
|switch|p2a: Tyranitar|Tyranitar, F|100/100
|-weather|Sandstorm|[from] ability: Sand Stream|[of] p2a: Tyranitar
|move|p1a: Blissey|Thunder Wave|p2a: Tyranitar
|-status|p2a: Tyranitar|par
|
|-weather|Sandstorm|[upkeep]
|-damage|p1a: Blissey|94/100|[from] Sandstorm
|-heal|p1a: Blissey|100/100|[from] item: Leftovers
|upkeep
|turn|8
|inactive|Team Constantin has 270 seconds left.
|
|t:|1729271122
|switch|p1a: Dugtrio|Dugtrio, M|100/100
|switch|p2a: Cloyster|Cloyster, F|100/100
|
|-weather|Sandstorm|[upkeep]
|-damage|p2a: Cloyster|94/100|[from] Sandstorm
|-heal|p2a: Cloyster|100/100|[from] item: Leftovers
|upkeep
|turn|9
|
|t:|1729271128
|switch|p1a: Forretress|Forretress, F|100/100
|move|p2a: Cloyster|Spikes|p1a: Forretress
|-sidestart|p1: Segale|Spikes
|
|-weather|Sandstorm|[upkeep]
|-damage|p2a: Cloyster|94/100|[from] Sandstorm
|-heal|p2a: Cloyster|100/100|[from] item: Leftovers
|upkeep
|turn|10
|
|t:|1729271132
|move|p2a: Cloyster|Surf|p1a: Forretress
|-damage|p1a: Forretress|73/100
|move|p1a: Forretress|Rapid Spin|p2a: Cloyster
|-damage|p2a: Cloyster|97/100
|-sideend|p1: Segale|Spikes|[from] move: Rapid Spin|[of] p1a: Forretress
|
|-weather|Sandstorm|[upkeep]
|-damage|p2a: Cloyster|90/100|[from] Sandstorm
|-heal|p2a: Cloyster|97/100|[from] item: Leftovers
|-heal|p1a: Forretress|80/100|[from] item: Leftovers
|upkeep
|turn|11
|
|t:|1729271137
|move|p2a: Cloyster|Surf|p1a: Forretress
|-crit|p1a: Forretress
|-damage|p1a: Forretress|28/100
|move|p1a: Forretress|Hidden Power|p2a: Cloyster
|-damage|p2a: Cloyster|85/100
|
|-weather|Sandstorm|[upkeep]
|-damage|p2a: Cloyster|79/100|[from] Sandstorm
|-heal|p2a: Cloyster|85/100|[from] item: Leftovers
|-heal|p1a: Forretress|34/100|[from] item: Leftovers
|upkeep
|turn|12
|
|t:|1729271146
|switch|p1a: Blissey|Blissey, F|100/100
|move|p2a: Cloyster|Spikes|p1a: Blissey
|-sidestart|p1: Segale|Spikes
|
|-weather|Sandstorm|[upkeep]
|-damage|p2a: Cloyster|79/100|[from] Sandstorm
|-damage|p1a: Blissey|94/100|[from] Sandstorm
|-heal|p2a: Cloyster|85/100|[from] item: Leftovers
|-heal|p1a: Blissey|100/100|[from] item: Leftovers
|upkeep
|turn|13
|c|☆Segale|very nice game 1
|c|☆Segale|and this sets as a cery nice too
|
|t:|1729271182
|switch|p2a: Tyranitar|Tyranitar, F|100/100 par
|move|p1a: Blissey|Thunder Wave|p2a: Tyranitar
|-fail|p2a: Tyranitar|par
|
|-weather|Sandstorm|[upkeep]
|-damage|p1a: Blissey|94/100|[from] Sandstorm
|-heal|p1a: Blissey|100/100|[from] item: Leftovers
|upkeep
|turn|14
|
|t:|1729271190
|-singleturn|p2a: Tyranitar|move: Focus Punch
|move|p1a: Blissey|Seismic Toss|p2a: Tyranitar
|-damage|p2a: Tyranitar|76/100 par
|move|p2a: Tyranitar|Focus Punch||[still]
|cant|p2a: Tyranitar|Focus Punch|Focus Punch
|
|-weather|Sandstorm|[upkeep]
|-damage|p1a: Blissey|94/100|[from] Sandstorm
|-heal|p1a: Blissey|100/100|[from] item: Leftovers
|-heal|p2a: Tyranitar|82/100 par|[from] item: Leftovers
|upkeep
|turn|15
|inactive|Team Constantin has 270 seconds left.
|
|t:|1729271224
|switch|p1a: Suicune|Suicune|100/100 slp
|-damage|p1a: Suicune|88/100 slp|[from] Spikes
|switch|p2a: Gengar|Gengar, F|60/100
|
|-weather|Sandstorm|[upkeep]
|-damage|p2a: Gengar|54/100|[from] Sandstorm
|-damage|p1a: Suicune|82/100 slp|[from] Sandstorm
|-heal|p2a: Gengar|60/100|[from] item: Leftovers
|-heal|p1a: Suicune|88/100 slp|[from] item: Leftovers
|upkeep
|turn|16
|
|t:|1729271233
|switch|p2a: Salamence|Salamence, M|100/100
|-ability|p2a: Salamence|Intimidate|boost
|-unboost|p1a: Suicune|atk|1
|switch|p1a: Blissey|Blissey, F|100/100
|-damage|p1a: Blissey|88/100|[from] Spikes
|
|-weather|Sandstorm|[upkeep]
|-damage|p2a: Salamence|94/100|[from] Sandstorm
|-damage|p1a: Blissey|82/100|[from] Sandstorm
|-heal|p2a: Salamence|100/100|[from] item: Leftovers
|-heal|p1a: Blissey|88/100|[from] item: Leftovers
|upkeep
|turn|17
|inactive|Team Constantin has 270 seconds left.
|
|t:|1729271261
|switch|p2a: Tyranitar|Tyranitar, F|82/100 par
|move|p1a: Blissey|Thunder Wave|p2a: Tyranitar
|-fail|p2a: Tyranitar|par
|
|-weather|Sandstorm|[upkeep]
|-damage|p1a: Blissey|82/100|[from] Sandstorm
|-heal|p1a: Blissey|88/100|[from] item: Leftovers
|-heal|p2a: Tyranitar|88/100 par|[from] item: Leftovers
|upkeep
|turn|18
|
|t:|1729271265
|move|p1a: Blissey|Seismic Toss|p2a: Tyranitar
|-damage|p2a: Tyranitar|63/100 par
|cant|p2a: Tyranitar|par
|
|-weather|Sandstorm|[upkeep]
|-damage|p1a: Blissey|82/100|[from] Sandstorm
|-heal|p1a: Blissey|88/100|[from] item: Leftovers
|-heal|p2a: Tyranitar|70/100 par|[from] item: Leftovers
|upkeep
|turn|19
|
|t:|1729271282
|switch|p1a: Suicune|Suicune|88/100 slp
|-damage|p1a: Suicune|76/100 slp|[from] Spikes
|cant|p2a: Tyranitar|par
|
|-weather|Sandstorm|[upkeep]
|-damage|p1a: Suicune|69/100 slp|[from] Sandstorm
|-heal|p1a: Suicune|76/100 slp|[from] item: Leftovers
|-heal|p2a: Tyranitar|76/100 par|[from] item: Leftovers
|upkeep
|turn|20
|
|t:|1729271294
|switch|p2a: Salamence|Salamence, M|100/100
|-ability|p2a: Salamence|Intimidate|boost
|-unboost|p1a: Suicune|atk|1
|-curestatus|p1a: Suicune|slp|[msg]
|move|p1a: Suicune|Calm Mind|p1a: Suicune
|-boost|p1a: Suicune|spa|1
|-boost|p1a: Suicune|spd|1
|
|-weather|Sandstorm|[upkeep]
|-damage|p2a: Salamence|94/100|[from] Sandstorm
|-damage|p1a: Suicune|69/100|[from] Sandstorm
|-heal|p2a: Salamence|100/100|[from] item: Leftovers
|-heal|p1a: Suicune|76/100|[from] item: Leftovers
|upkeep
|turn|21
|
|t:|1729271301
|move|p1a: Suicune|Surf|p2a: Salamence
|-resisted|p2a: Salamence
|-damage|p2a: Salamence|72/100
|move|p2a: Salamence|Roar|p1a: Suicune
|drag|p1a: Dugtrio|Dugtrio, M|100/100
|-damage|p1a: Dugtrio|88/100|[from] Spikes
|
|-weather|Sandstorm|[upkeep]
|-damage|p2a: Salamence|66/100|[from] Sandstorm
|-heal|p2a: Salamence|72/100|[from] item: Leftovers
|upkeep
|turn|22
|inactive|Team Constantin has 270 seconds left.
|
|t:|1729271316
|switch|p1a: Blissey|Blissey, F|88/100
|-damage|p1a: Blissey|76/100|[from] Spikes
|switch|p2a: Swampert|Swampert, F|100/100
|
|-weather|Sandstorm|[upkeep]
|-damage|p1a: Blissey|70/100|[from] Sandstorm
|-heal|p1a: Blissey|76/100|[from] item: Leftovers
|upkeep
|turn|23
|inactive|Team Constantin has 270 seconds left.
|
|t:|1729271335
|switch|p1a: Suicune|Suicune|76/100
|-damage|p1a: Suicune|63/100|[from] Spikes
|move|p2a: Swampert|Earthquake|p1a: Suicune
|-damage|p1a: Suicune|39/100
|
|-weather|Sandstorm|[upkeep]
|-damage|p1a: Suicune|33/100|[from] Sandstorm
|-heal|p1a: Suicune|39/100|[from] item: Leftovers
|upkeep
|turn|24
|
|t:|1729271341
|move|p1a: Suicune|Rest|p1a: Suicune
|-status|p1a: Suicune|slp|[from] move: Rest
|-heal|p1a: Suicune|100/100 slp|[silent]
|move|p2a: Swampert|Earthquake|p1a: Suicune
|-damage|p1a: Suicune|77/100 slp
|
|-weather|Sandstorm|[upkeep]
|-damage|p1a: Suicune|71/100 slp|[from] Sandstorm
|-heal|p1a: Suicune|77/100 slp|[from] item: Leftovers
|upkeep
|turn|25
|
|t:|1729271343
|switch|p2a: Salamence|Salamence, M|72/100
|-ability|p2a: Salamence|Intimidate|boost
|-unboost|p1a: Suicune|atk|1
|cant|p1a: Suicune|slp
|
|-weather|Sandstorm|[upkeep]
|-damage|p2a: Salamence|66/100|[from] Sandstorm
|-damage|p1a: Suicune|71/100 slp|[from] Sandstorm
|-heal|p2a: Salamence|72/100|[from] item: Leftovers
|-heal|p1a: Suicune|77/100 slp|[from] item: Leftovers
|upkeep
|turn|26
|
|t:|1729271351
|switch|p1a: Blissey|Blissey, F|76/100
|-damage|p1a: Blissey|63/100|[from] Spikes
|move|p2a: Salamence|Roar|p1a: Blissey
|drag|p1a: Forretress|Forretress, F|34/100
|-damage|p1a: Forretress|22/100|[from] Spikes
|
|-weather|Sandstorm|[upkeep]
|-damage|p2a: Salamence|66/100|[from] Sandstorm
|-heal|p2a: Salamence|72/100|[from] item: Leftovers
|-heal|p1a: Forretress|28/100|[from] item: Leftovers
|upkeep
|turn|27
|
|t:|1729271358
|switch|p1a: Blissey|Blissey, F|63/100
|-damage|p1a: Blissey|51/100|[from] Spikes
|move|p2a: Salamence|Fire Blast|p1a: Blissey
|-damage|p1a: Blissey|36/100
|
|-weather|Sandstorm|[upkeep]
|-damage|p2a: Salamence|66/100|[from] Sandstorm
|-damage|p1a: Blissey|30/100|[from] Sandstorm
|-heal|p2a: Salamence|72/100|[from] item: Leftovers
|-heal|p1a: Blissey|36/100|[from] item: Leftovers
|upkeep
|turn|28
|
|t:|1729271375
|switch|p2a: Tyranitar|Tyranitar, F|76/100 par
|switch|p1a: Claydol|Claydol|100/100
|
|-weather|Sandstorm|[upkeep]
|-heal|p2a: Tyranitar|82/100 par|[from] item: Leftovers
|upkeep
|turn|29
|
|t:|1729271382
|switch|p1a: Forretress|Forretress, F|28/100
|-damage|p1a: Forretress|15/100|[from] Spikes
|move|p2a: Tyranitar|Hidden Power|p1a: Forretress
|-resisted|p1a: Forretress
|-damage|p1a: Forretress|6/100
|
|-weather|Sandstorm|[upkeep]
|-heal|p1a: Forretress|12/100|[from] item: Leftovers
|-heal|p2a: Tyranitar|88/100 par|[from] item: Leftovers
|upkeep
|turn|30
|
|t:|1729271388
|switch|p2a: Gengar|Gengar, F|60/100
|move|p1a: Forretress|Rest|p1a: Forretress
|-status|p1a: Forretress|slp|[from] move: Rest
|-heal|p1a: Forretress|100/100 slp|[silent]
|
|-weather|Sandstorm|[upkeep]
|-damage|p2a: Gengar|54/100|[from] Sandstorm
|-heal|p2a: Gengar|60/100|[from] item: Leftovers
|upkeep
|turn|31
|
|t:|1729271403
|switch|p1a: Claydol|Claydol|100/100
|move|p2a: Gengar|Thunderbolt|p1a: Claydol
|-immune|p1a: Claydol
|
|-weather|Sandstorm|[upkeep]
|-damage|p2a: Gengar|54/100|[from] Sandstorm
|-heal|p2a: Gengar|60/100|[from] item: Leftovers
|upkeep
|turn|32
|
|t:|1729271414
|switch|p2a: Swampert|Swampert, F|100/100
|move|p1a: Claydol|Psychic|p2a: Swampert
|-damage|p2a: Swampert|81/100
|
|-weather|Sandstorm|[upkeep]
|-heal|p2a: Swampert|87/100|[from] item: Leftovers
|upkeep
|turn|33
|
|t:|1729271419
|switch|p1a: Suicune|Suicune|77/100 slp
|-damage|p1a: Suicune|65/100 slp|[from] Spikes
|move|p2a: Swampert|Earthquake|p1a: Suicune
|-damage|p1a: Suicune|43/100 slp
|
|-weather|Sandstorm|[upkeep]
|-damage|p1a: Suicune|37/100 slp|[from] Sandstorm
|-heal|p1a: Suicune|43/100 slp|[from] item: Leftovers
|-heal|p2a: Swampert|94/100|[from] item: Leftovers
|upkeep
|turn|34
|
|t:|1729271422
|cant|p1a: Suicune|slp
|move|p2a: Swampert|Earthquake|p1a: Suicune
|-damage|p1a: Suicune|20/100 slp
|
|-weather|Sandstorm|[upkeep]
|-damage|p1a: Suicune|14/100 slp|[from] Sandstorm
|-heal|p1a: Suicune|20/100 slp|[from] item: Leftovers
|-heal|p2a: Swampert|99/100|[from] item: Leftovers
|upkeep
|turn|35
|
|t:|1729271433
|switch|p2a: Salamence|Salamence, M|72/100
|-ability|p2a: Salamence|Intimidate|boost
|-unboost|p1a: Suicune|atk|1
|-curestatus|p1a: Suicune|slp|[msg]
|move|p1a: Suicune|Rest|p1a: Suicune
|-status|p1a: Suicune|slp|[from] move: Rest
|-heal|p1a: Suicune|100/100 slp|[silent]
|
|-weather|Sandstorm|[upkeep]
|-damage|p2a: Salamence|66/100|[from] Sandstorm
|-damage|p1a: Suicune|94/100 slp|[from] Sandstorm
|-heal|p2a: Salamence|72/100|[from] item: Leftovers
|-heal|p1a: Suicune|100/100 slp|[from] item: Leftovers
|upkeep
|turn|36
|
|t:|1729271437
|cant|p1a: Suicune|slp
|move|p2a: Salamence|Roar|p1a: Suicune
|drag|p1a: Claydol|Claydol|100/100
|
|-weather|Sandstorm|[upkeep]
|-damage|p2a: Salamence|66/100|[from] Sandstorm
|-heal|p2a: Salamence|72/100|[from] item: Leftovers
|upkeep
|turn|37
|
|t:|1729271459
|move|p2a: Salamence|Hidden Power|p1a: Claydol
|-supereffective|p1a: Claydol
|-damage|p1a: Claydol|46/100
|move|p1a: Claydol|Psychic|p2a: Salamence
|-damage|p2a: Salamence|48/100
|-unboost|p2a: Salamence|spd|1
|
|-weather|Sandstorm|[upkeep]
|-damage|p2a: Salamence|42/100|[from] Sandstorm
|-heal|p2a: Salamence|48/100|[from] item: Leftovers
|-heal|p1a: Claydol|52/100|[from] item: Leftovers
|upkeep
|turn|38
|
|t:|1729271467
|switch|p2a: Swampert|Swampert, F|99/100
|switch|p1a: Snorlax|Snorlax, F|100/100
|-damage|p1a: Snorlax|88/100|[from] Spikes
|
|-weather|Sandstorm|[upkeep]
|-damage|p1a: Snorlax|82/100|[from] Sandstorm
|-heal|p2a: Swampert|100/100|[from] item: Leftovers
|-heal|p1a: Snorlax|88/100|[from] item: Leftovers
|upkeep
|turn|39
|
|t:|1729271478
|switch|p2a: Gengar|Gengar, F|60/100
|switch|p1a: Suicune|Suicune|100/100 slp
|-damage|p1a: Suicune|88/100 slp|[from] Spikes
|
|-weather|Sandstorm|[upkeep]
|-damage|p2a: Gengar|54/100|[from] Sandstorm
|-damage|p1a: Suicune|82/100 slp|[from] Sandstorm
|-heal|p2a: Gengar|60/100|[from] item: Leftovers
|-heal|p1a: Suicune|88/100 slp|[from] item: Leftovers
|upkeep
|turn|40
|
|t:|1729271490
|switch|p1a: Snorlax|Snorlax, F|88/100
|-damage|p1a: Snorlax|76/100|[from] Spikes
|move|p2a: Gengar|Thunderbolt|p1a: Snorlax
|-crit|p1a: Snorlax
|-damage|p1a: Snorlax|50/100
|
|-weather|Sandstorm|[upkeep]
|-damage|p2a: Gengar|54/100|[from] Sandstorm
|-damage|p1a: Snorlax|44/100|[from] Sandstorm
|-heal|p2a: Gengar|60/100|[from] item: Leftovers
|-heal|p1a: Snorlax|50/100|[from] item: Leftovers
|upkeep
|turn|41
|
|t:|1729271498
|move|p2a: Gengar|Taunt|p1a: Snorlax
|-start|p1a: Snorlax|move: Taunt
|move|p1a: Snorlax|Shadow Ball|p2a: Gengar
|-supereffective|p2a: Gengar
|-damage|p2a: Gengar|0 fnt
|faint|p2a: Gengar
|
|t:|1729271520
|switch|p2a: Swampert|Swampert, F|100/100
|
|-weather|Sandstorm|[upkeep]
|-damage|p1a: Snorlax|44/100|[from] Sandstorm
|-heal|p1a: Snorlax|50/100|[from] item: Leftovers
|upkeep
|turn|42
|
|t:|1729271525
|switch|p1a: Suicune|Suicune|88/100 slp
|-damage|p1a: Suicune|76/100 slp|[from] Spikes
|move|p2a: Swampert|Earthquake|p1a: Suicune
|-damage|p1a: Suicune|54/100 slp
|
|-weather|Sandstorm|[upkeep]
|-damage|p1a: Suicune|48/100 slp|[from] Sandstorm
|-heal|p1a: Suicune|54/100 slp|[from] item: Leftovers
|upkeep
|turn|43
|
|t:|1729271530
|switch|p2a: Jolteon|Jolteon, M|100/100
|cant|p1a: Suicune|slp
|
|-weather|Sandstorm|[upkeep]
|-damage|p2a: Jolteon|95/100|[from] Sandstorm
|-damage|p1a: Suicune|48/100 slp|[from] Sandstorm
|-heal|p2a: Jolteon|100/100|[from] item: Leftovers
|-heal|p1a: Suicune|54/100 slp|[from] item: Leftovers
|upkeep
|turn|44
|
|t:|1729271541
|switch|p1a: Forretress|Forretress, F|100/100 slp
|-damage|p1a: Forretress|88/100 slp|[from] Spikes
|move|p2a: Jolteon|Substitute|p2a: Jolteon
|-start|p2a: Jolteon|Substitute
|-damage|p2a: Jolteon|76/100
|
|-weather|Sandstorm|[upkeep]
|-damage|p2a: Jolteon|70/100|[from] Sandstorm
|-heal|p2a: Jolteon|76/100|[from] item: Leftovers
|-heal|p1a: Forretress|94/100 slp|[from] item: Leftovers
|upkeep
|turn|45
|
|t:|1729271545
|move|p2a: Jolteon|Thunderbolt|p1a: Forretress
|-damage|p1a: Forretress|50/100 slp
|cant|p1a: Forretress|slp
|
|-weather|Sandstorm|[upkeep]
|-damage|p2a: Jolteon|70/100|[from] Sandstorm
|-heal|p2a: Jolteon|76/100|[from] item: Leftovers
|-heal|p1a: Forretress|56/100 slp|[from] item: Leftovers
|upkeep
|turn|46
|
|t:|1729271548
|move|p2a: Jolteon|Thunderbolt|p1a: Forretress
|-crit|p1a: Forretress
|-damage|p1a: Forretress|0 fnt
|faint|p1a: Forretress
|
|t:|1729271550
|switch|p1a: Blissey|Blissey, F|36/100
|-damage|p1a: Blissey|24/100|[from] Spikes
|
|-weather|Sandstorm|[upkeep]
|-damage|p2a: Jolteon|70/100|[from] Sandstorm
|-damage|p1a: Blissey|17/100|[from] Sandstorm
|-heal|p2a: Jolteon|76/100|[from] item: Leftovers
|-heal|p1a: Blissey|24/100|[from] item: Leftovers
|upkeep
|turn|47
|
|t:|1729271571
|move|p2a: Jolteon|Baton Pass|p2a: Jolteon
|
|t:|1729271574
|switch|p2a: Tyranitar|Tyranitar, F|88/100 par|[from] Baton Pass
|move|p1a: Blissey|Soft-Boiled|p1a: Blissey
|-heal|p1a: Blissey|74/100
|
|-weather|Sandstorm|[upkeep]
|-damage|p1a: Blissey|67/100|[from] Sandstorm
|-heal|p1a: Blissey|74/100|[from] item: Leftovers
|-heal|p2a: Tyranitar|94/100 par|[from] item: Leftovers
|upkeep
|turn|48
|
|t:|1729271578
|-singleturn|p2a: Tyranitar|move: Focus Punch
|move|p1a: Blissey|Seismic Toss|p2a: Tyranitar
|-end|p2a: Tyranitar|Substitute
|move|p2a: Tyranitar|Focus Punch|p1a: Blissey
|-supereffective|p1a: Blissey
|-crit|p1a: Blissey
|-damage|p1a: Blissey|0 fnt
|faint|p1a: Blissey
|
|t:|1729271581
|switch|p1a: Dugtrio|Dugtrio, M|88/100
|-damage|p1a: Dugtrio|76/100|[from] Spikes
|
|-weather|Sandstorm|[upkeep]
|-heal|p2a: Tyranitar|100/100 par|[from] item: Leftovers
|upkeep
|turn|49
|
|t:|1729271585
|move|p1a: Dugtrio|Earthquake|p2a: Tyranitar
|-supereffective|p2a: Tyranitar
|-damage|p2a: Tyranitar|8/100 par
|cant|p2a: Tyranitar|par
|
|-weather|Sandstorm|[upkeep]
|-heal|p2a: Tyranitar|14/100 par|[from] item: Leftovers
|upkeep
|turn|50
|
|t:|1729271589
|move|p1a: Dugtrio|Earthquake|p2a: Tyranitar
|-supereffective|p2a: Tyranitar
|-crit|p2a: Tyranitar
|-damage|p2a: Tyranitar|0 fnt
|faint|p2a: Tyranitar
|
|t:|1729271602
|switch|p2a: Jolteon|Jolteon, M|76/100
|
|-weather|Sandstorm|[upkeep]
|-damage|p2a: Jolteon|70/100|[from] Sandstorm
|-heal|p2a: Jolteon|76/100|[from] item: Leftovers
|upkeep
|turn|51
|
|t:|1729271608
|move|p2a: Jolteon|Hidden Power|p1a: Dugtrio
|-supereffective|p1a: Dugtrio
|-damage|p1a: Dugtrio|0 fnt
|faint|p1a: Dugtrio
|
|t:|1729271610
|switch|p1a: Snorlax|Snorlax, F|50/100
|-damage|p1a: Snorlax|38/100|[from] Spikes
|
|-weather|Sandstorm|[upkeep]
|-damage|p2a: Jolteon|70/100|[from] Sandstorm
|-damage|p1a: Snorlax|32/100|[from] Sandstorm
|-heal|p2a: Jolteon|76/100|[from] item: Leftovers
|-heal|p1a: Snorlax|38/100|[from] item: Leftovers
|upkeep
|turn|52
|
|t:|1729271619
|move|p2a: Jolteon|Substitute|p2a: Jolteon
|-start|p2a: Jolteon|Substitute
|-damage|p2a: Jolteon|51/100
|move|p1a: Snorlax|Curse|p1a: Snorlax
|-unboost|p1a: Snorlax|spe|1
|-boost|p1a: Snorlax|atk|1
|-boost|p1a: Snorlax|def|1
|
|-weather|Sandstorm|[upkeep]
|-damage|p2a: Jolteon|45/100|[from] Sandstorm
|-damage|p1a: Snorlax|32/100|[from] Sandstorm
|-heal|p2a: Jolteon|51/100|[from] item: Leftovers
|-heal|p1a: Snorlax|38/100|[from] item: Leftovers
|upkeep
|turn|53
|
|t:|1729271633
|move|p2a: Jolteon|Thunderbolt|p1a: Snorlax
|-damage|p1a: Snorlax|17/100
|move|p1a: Snorlax|Rest|p1a: Snorlax
|-status|p1a: Snorlax|slp|[from] move: Rest
|-heal|p1a: Snorlax|100/100 slp|[silent]
|
|-weather|Sandstorm|[upkeep]
|-damage|p2a: Jolteon|45/100|[from] Sandstorm
|-damage|p1a: Snorlax|94/100 slp|[from] Sandstorm
|-heal|p2a: Jolteon|51/100|[from] item: Leftovers
|-heal|p1a: Snorlax|100/100 slp|[from] item: Leftovers
|upkeep
|turn|54
|
|t:|1729271636
|move|p2a: Jolteon|Baton Pass|p2a: Jolteon
|
|t:|1729271638
|switch|p2a: Salamence|Salamence, M|48/100|[from] Baton Pass
|-ability|p2a: Salamence|Intimidate|boost
|-unboost|p1a: Snorlax|atk|1
|cant|p1a: Snorlax|slp
|
|-weather|Sandstorm|[upkeep]
|-damage|p2a: Salamence|42/100|[from] Sandstorm
|-damage|p1a: Snorlax|94/100 slp|[from] Sandstorm
|-heal|p2a: Salamence|48/100|[from] item: Leftovers
|-heal|p1a: Snorlax|100/100 slp|[from] item: Leftovers
|upkeep
|turn|55
|
|t:|1729271640
|cant|p1a: Snorlax|slp
|move|p2a: Salamence|Roar|p1a: Snorlax
|drag|p1a: Claydol|Claydol|52/100
|
|-weather|Sandstorm|[upkeep]
|-damage|p2a: Salamence|42/100|[from] Sandstorm
|-heal|p2a: Salamence|48/100|[from] item: Leftovers
|-heal|p1a: Claydol|58/100|[from] item: Leftovers
|upkeep
|turn|56
|
|t:|1729271645
|move|p2a: Salamence|Hidden Power|p1a: Claydol
|-supereffective|p1a: Claydol
|-damage|p1a: Claydol|7/100
|move|p1a: Claydol|Rain Dance|p1a: Claydol
|-weather|RainDance
|
|-weather|RainDance|[upkeep]
|-heal|p2a: Salamence|54/100|[from] item: Leftovers
|-heal|p1a: Claydol|13/100|[from] item: Leftovers
|upkeep
|turn|57
|
|t:|1729271655
|move|p2a: Salamence|Hidden Power|p1a: Claydol
|-supereffective|p1a: Claydol
|-damage|p1a: Claydol|0 fnt
|faint|p1a: Claydol
|
|t:|1729271657
|switch|p1a: Snorlax|Snorlax, F|100/100 slp
|-damage|p1a: Snorlax|88/100 slp|[from] Spikes
|
|-weather|RainDance|[upkeep]
|-heal|p2a: Salamence|60/100|[from] item: Leftovers
|-heal|p1a: Snorlax|94/100 slp|[from] item: Leftovers
|upkeep
|turn|58
|
|t:|1729271669
|switch|p2a: Cloyster|Cloyster, F|85/100
|-curestatus|p1a: Snorlax|slp|[msg]
|move|p1a: Snorlax|Return|p2a: Cloyster
|-damage|p2a: Cloyster|53/100
|
|-weather|RainDance|[upkeep]
|-heal|p2a: Cloyster|59/100|[from] item: Leftovers
|-heal|p1a: Snorlax|99/100|[from] item: Leftovers
|upkeep
|turn|59
|
|t:|1729271677
|switch|p2a: Salamence|Salamence, M|60/100
|-ability|p2a: Salamence|Intimidate|boost
|-unboost|p1a: Snorlax|atk|1
|move|p1a: Snorlax|Curse|p1a: Snorlax
|-unboost|p1a: Snorlax|spe|1
|-boost|p1a: Snorlax|atk|1
|-boost|p1a: Snorlax|def|1
|
|-weather|RainDance|[upkeep]
|-heal|p2a: Salamence|66/100|[from] item: Leftovers
|-heal|p1a: Snorlax|100/100|[from] item: Leftovers
|upkeep
|turn|60
|
|t:|1729271681
|move|p1a: Snorlax|Return|p2a: Salamence
|-damage|p2a: Salamence|19/100
|move|p2a: Salamence|Roar|p1a: Snorlax
|drag|p1a: Suicune|Suicune|54/100 slp
|-damage|p1a: Suicune|42/100 slp|[from] Spikes
|
|-weather|none
|-heal|p2a: Salamence|25/100|[from] item: Leftovers
|-heal|p1a: Suicune|48/100 slp|[from] item: Leftovers
|upkeep
|turn|61
|
|t:|1729271685
|move|p2a: Salamence|Hidden Power|p1a: Suicune
|-supereffective|p1a: Suicune
|-damage|p1a: Suicune|12/100 slp
|-curestatus|p1a: Suicune|slp|[msg]
|move|p1a: Suicune|Rest|p1a: Suicune
|-status|p1a: Suicune|slp|[from] move: Rest
|-heal|p1a: Suicune|100/100 slp|[silent]
|
|-heal|p2a: Salamence|31/100|[from] item: Leftovers
|upkeep
|turn|62
|
|t:|1729271695
|cant|p1a: Suicune|slp
|move|p2a: Salamence|Roar|p1a: Suicune
|drag|p1a: Snorlax|Snorlax, F|100/100
|-damage|p1a: Snorlax|88/100|[from] Spikes
|
|-heal|p2a: Salamence|37/100|[from] item: Leftovers
|-heal|p1a: Snorlax|94/100|[from] item: Leftovers
|upkeep
|turn|63
|
|t:|1729271701
|move|p1a: Snorlax|Curse|p1a: Snorlax
|-unboost|p1a: Snorlax|spe|1
|-boost|p1a: Snorlax|atk|1
|-boost|p1a: Snorlax|def|1
|move|p2a: Salamence|Roar|p1a: Snorlax
|drag|p1a: Suicune|Suicune|100/100 slp
|-damage|p1a: Suicune|88/100 slp|[from] Spikes
|
|-heal|p2a: Salamence|43/100|[from] item: Leftovers
|-heal|p1a: Suicune|94/100 slp|[from] item: Leftovers
|upkeep
|turn|64
|
|t:|1729271706
|move|p2a: Salamence|Hidden Power|p1a: Suicune
|-supereffective|p1a: Suicune
|-damage|p1a: Suicune|58/100 slp
|cant|p1a: Suicune|slp
|
|-heal|p2a: Salamence|49/100|[from] item: Leftovers
|-heal|p1a: Suicune|64/100 slp|[from] item: Leftovers
|upkeep
|turn|65
|
|t:|1729271709
|move|p2a: Salamence|Hidden Power|p1a: Suicune
|-supereffective|p1a: Suicune
|-damage|p1a: Suicune|29/100 slp
|-curestatus|p1a: Suicune|slp|[msg]
|move|p1a: Suicune|Rest|p1a: Suicune
|-status|p1a: Suicune|slp|[from] move: Rest
|-heal|p1a: Suicune|100/100 slp|[silent]
|
|-heal|p2a: Salamence|55/100|[from] item: Leftovers
|upkeep
|turn|66
|
|t:|1729271715
|cant|p1a: Suicune|slp
|move|p2a: Salamence|Roar|p1a: Suicune
|drag|p1a: Snorlax|Snorlax, F|94/100
|-damage|p1a: Snorlax|82/100|[from] Spikes
|
|-heal|p2a: Salamence|61/100|[from] item: Leftovers
|-heal|p1a: Snorlax|88/100|[from] item: Leftovers
|upkeep
|turn|67
|
|t:|1729271719
|move|p1a: Snorlax|Return|p2a: Salamence
|-damage|p2a: Salamence|16/100
|move|p2a: Salamence|Roar|p1a: Snorlax
|drag|p1a: Suicune|Suicune|100/100 slp
|-damage|p1a: Suicune|88/100 slp|[from] Spikes
|
|-heal|p2a: Salamence|22/100|[from] item: Leftovers
|-heal|p1a: Suicune|94/100 slp|[from] item: Leftovers
|upkeep
|turn|68
|
|t:|1729271722
|move|p2a: Salamence|Hidden Power|p1a: Suicune
|-supereffective|p1a: Suicune
|-damage|p1a: Suicune|58/100 slp
|cant|p1a: Suicune|slp
|
|-heal|p2a: Salamence|28/100|[from] item: Leftovers
|-heal|p1a: Suicune|64/100 slp|[from] item: Leftovers
|upkeep
|turn|69
|
|t:|1729271730
|move|p2a: Salamence|Hidden Power|p1a: Suicune
|-supereffective|p1a: Suicune
|-damage|p1a: Suicune|26/100 slp
|-curestatus|p1a: Suicune|slp|[msg]
|move|p1a: Suicune|Rest|p1a: Suicune
|-status|p1a: Suicune|slp|[from] move: Rest
|-heal|p1a: Suicune|100/100 slp|[silent]
|
|-heal|p2a: Salamence|34/100|[from] item: Leftovers
|upkeep
|turn|70
|
|t:|1729271733
|move|p2a: Salamence|Hidden Power|p1a: Suicune
|-supereffective|p1a: Suicune
|-damage|p1a: Suicune|66/100 slp
|cant|p1a: Suicune|slp
|
|-heal|p2a: Salamence|40/100|[from] item: Leftovers
|-heal|p1a: Suicune|72/100 slp|[from] item: Leftovers
|upkeep
|turn|71
|
|t:|1729271736
|move|p2a: Salamence|Hidden Power|p1a: Suicune
|-supereffective|p1a: Suicune
|-damage|p1a: Suicune|34/100 slp
|cant|p1a: Suicune|slp
|
|-heal|p2a: Salamence|46/100|[from] item: Leftovers
|-heal|p1a: Suicune|40/100 slp|[from] item: Leftovers
|upkeep
|turn|72
|
|t:|1729271739
|move|p2a: Salamence|Hidden Power|p1a: Suicune
|-supereffective|p1a: Suicune
|-damage|p1a: Suicune|5/100 slp
|-curestatus|p1a: Suicune|slp|[msg]
|move|p1a: Suicune|Rest|p1a: Suicune
|-status|p1a: Suicune|slp|[from] move: Rest
|-heal|p1a: Suicune|100/100 slp|[silent]
|
|-heal|p2a: Salamence|52/100|[from] item: Leftovers
|upkeep
|turn|73
|
|t:|1729271745
|switch|p2a: Jolteon|Jolteon, M|51/100
|cant|p1a: Suicune|slp
|
|-heal|p2a: Jolteon|57/100|[from] item: Leftovers
|upkeep
|turn|74
|
|t:|1729271748
|switch|p1a: Snorlax|Snorlax, F|88/100
|-damage|p1a: Snorlax|75/100|[from] Spikes
|move|p2a: Jolteon|Thunderbolt|p1a: Snorlax
|-damage|p1a: Snorlax|54/100
|-status|p1a: Snorlax|par
|
|-heal|p2a: Jolteon|63/100|[from] item: Leftovers
|-heal|p1a: Snorlax|60/100 par|[from] item: Leftovers
|upkeep
|turn|75
|
|t:|1729271758
|switch|p2a: Cloyster|Cloyster, F|59/100
|move|p1a: Snorlax|Curse|p1a: Snorlax
|-unboost|p1a: Snorlax|spe|1
|-boost|p1a: Snorlax|atk|1
|-boost|p1a: Snorlax|def|1
|
|-heal|p2a: Cloyster|65/100|[from] item: Leftovers
|-heal|p1a: Snorlax|66/100 par|[from] item: Leftovers
|upkeep
|turn|76
|
|t:|1729271763
|move|p2a: Cloyster|Explosion|p1a: Snorlax
|-damage|p1a: Snorlax|18/100 par
|faint|p2a: Cloyster
|inactive|Team Constantin has 270 seconds left.
|inactive|Team Constantin has 240 seconds left.
|inactive|Team Constantin has 210 seconds left.
|
|t:|1729271881
|switch|p2a: Jolteon|Jolteon, M|63/100
|
|-heal|p2a: Jolteon|69/100|[from] item: Leftovers
|-heal|p1a: Snorlax|24/100 par|[from] item: Leftovers
|upkeep
|turn|77
|
|t:|1729271886
|move|p2a: Jolteon|Thunderbolt|p1a: Snorlax
|-damage|p1a: Snorlax|3/100 par
|move|p1a: Snorlax|Rest|p1a: Snorlax
|-status|p1a: Snorlax|slp|[from] move: Rest
|-heal|p1a: Snorlax|100/100 slp|[silent]
|
|-heal|p2a: Jolteon|75/100|[from] item: Leftovers
|upkeep
|turn|78
|
|t:|1729271894
|switch|p2a: Salamence|Salamence, M|52/100
|-ability|p2a: Salamence|Intimidate|boost
|-unboost|p1a: Snorlax|atk|1
|cant|p1a: Snorlax|slp
|
|-heal|p2a: Salamence|58/100|[from] item: Leftovers
|upkeep
|turn|79
|
|t:|1729271899
|cant|p1a: Snorlax|slp
|move|p2a: Salamence|Roar|p1a: Snorlax
|drag|p1a: Suicune|Suicune|100/100 slp
|-damage|p1a: Suicune|88/100 slp|[from] Spikes
|
|-heal|p2a: Salamence|64/100|[from] item: Leftovers
|-heal|p1a: Suicune|94/100 slp|[from] item: Leftovers
|upkeep
|turn|80
|
|t:|1729271903
|move|p2a: Salamence|Dragon Claw|p1a: Suicune
|-damage|p1a: Suicune|63/100 slp
|cant|p1a: Suicune|slp
|
|-heal|p2a: Salamence|70/100|[from] item: Leftovers
|-heal|p1a: Suicune|70/100 slp|[from] item: Leftovers
|upkeep
|turn|81
|
|t:|1729271906
|switch|p1a: Snorlax|Snorlax, F|100/100 slp
|-damage|p1a: Snorlax|88/100 slp|[from] Spikes
|move|p2a: Salamence|Dragon Claw|p1a: Snorlax
|-damage|p1a: Snorlax|67/100 slp
|
|-heal|p2a: Salamence|76/100|[from] item: Leftovers
|-heal|p1a: Snorlax|73/100 slp|[from] item: Leftovers
|upkeep
|turn|82
|
|t:|1729271909
|-curestatus|p1a: Snorlax|slp|[msg]
|move|p1a: Snorlax|Return|p2a: Salamence
|-damage|p2a: Salamence|31/100
|move|p2a: Salamence|Roar|p1a: Snorlax
|drag|p1a: Suicune|Suicune|70/100 slp
|-damage|p1a: Suicune|57/100 slp|[from] Spikes
|
|-heal|p2a: Salamence|37/100|[from] item: Leftovers
|-heal|p1a: Suicune|63/100 slp|[from] item: Leftovers
|upkeep
|turn|83
|
|t:|1729271915
|move|p2a: Salamence|Dragon Claw|p1a: Suicune
|-damage|p1a: Suicune|31/100 slp
|-curestatus|p1a: Suicune|slp|[msg]
|move|p1a: Suicune|Rest|p1a: Suicune
|-status|p1a: Suicune|slp|[from] move: Rest
|-heal|p1a: Suicune|100/100 slp|[silent]
|
|-heal|p2a: Salamence|43/100|[from] item: Leftovers
|upkeep
|turn|84
|
|t:|1729271918
|move|p2a: Salamence|Dragon Claw|p1a: Suicune
|-crit|p1a: Suicune
|-damage|p1a: Suicune|34/100 slp
|cant|p1a: Suicune|slp
|
|-heal|p2a: Salamence|49/100|[from] item: Leftovers
|-heal|p1a: Suicune|40/100 slp|[from] item: Leftovers
|upkeep
|turn|85
|
|t:|1729271923
|move|p2a: Salamence|Dragon Claw|p1a: Suicune
|-damage|p1a: Suicune|11/100 slp
|cant|p1a: Suicune|slp
|
|-heal|p2a: Salamence|55/100|[from] item: Leftovers
|-heal|p1a: Suicune|17/100 slp|[from] item: Leftovers
|upkeep
|turn|86
|
|t:|1729271926
|move|p2a: Salamence|Dragon Claw|p1a: Suicune
|-damage|p1a: Suicune|0 fnt
|faint|p1a: Suicune
|
|t:|1729271927
|switch|p1a: Snorlax|Snorlax, F|73/100
|-damage|p1a: Snorlax|61/100|[from] Spikes
|
|-heal|p2a: Salamence|61/100|[from] item: Leftovers
|-heal|p1a: Snorlax|67/100|[from] item: Leftovers
|upkeep
|turn|87
|
|t:|1729271930
|move|p2a: Salamence|Dragon Claw|p1a: Snorlax
|-damage|p1a: Snorlax|46/100
|move|p1a: Snorlax|Curse|p1a: Snorlax
|-unboost|p1a: Snorlax|spe|1
|-boost|p1a: Snorlax|atk|1
|-boost|p1a: Snorlax|def|1
|
|-heal|p2a: Salamence|67/100|[from] item: Leftovers
|-heal|p1a: Snorlax|53/100|[from] item: Leftovers
|upkeep
|turn|88
|
|t:|1729271933
|move|p2a: Salamence|Dragon Claw|p1a: Snorlax
|-damage|p1a: Snorlax|31/100
|move|p1a: Snorlax|Curse|p1a: Snorlax
|-unboost|p1a: Snorlax|spe|1
|-boost|p1a: Snorlax|atk|1
|-boost|p1a: Snorlax|def|1
|
|-heal|p2a: Salamence|73/100|[from] item: Leftovers
|-heal|p1a: Snorlax|37/100|[from] item: Leftovers
|upkeep
|turn|89
|
|t:|1729271936
|move|p2a: Salamence|Dragon Claw|p1a: Snorlax
|-damage|p1a: Snorlax|16/100
|move|p1a: Snorlax|Rest|p1a: Snorlax
|-status|p1a: Snorlax|slp|[from] move: Rest
|-heal|p1a: Snorlax|100/100 slp|[silent]
|
|-heal|p2a: Salamence|79/100|[from] item: Leftovers
|upkeep
|turn|90
|
|t:|1729271941
|move|p2a: Salamence|Dragon Claw|p1a: Snorlax
|-damage|p1a: Snorlax|80/100 slp
|cant|p1a: Snorlax|slp
|
|-heal|p2a: Salamence|85/100|[from] item: Leftovers
|-heal|p1a: Snorlax|86/100 slp|[from] item: Leftovers
|upkeep
|turn|91
|
|t:|1729271944
|move|p2a: Salamence|Dragon Claw|p1a: Snorlax
|-damage|p1a: Snorlax|64/100 slp
|cant|p1a: Snorlax|slp
|
|-heal|p2a: Salamence|91/100|[from] item: Leftovers
|-heal|p1a: Snorlax|70/100 slp|[from] item: Leftovers
|upkeep
|turn|92
|
|t:|1729271947
|move|p2a: Salamence|Dragon Claw|p1a: Snorlax
|-damage|p1a: Snorlax|52/100 slp
|-curestatus|p1a: Snorlax|slp|[msg]
|move|p1a: Snorlax|Return|p2a: Salamence
|-damage|p2a: Salamence|2/100
|
|-heal|p2a: Salamence|8/100|[from] item: Leftovers
|-heal|p1a: Snorlax|58/100|[from] item: Leftovers
|upkeep
|turn|93
|
|t:|1729271950
|move|p2a: Salamence|Dragon Claw|p1a: Snorlax
|-damage|p1a: Snorlax|38/100
|move|p1a: Snorlax|Rest|p1a: Snorlax
|-status|p1a: Snorlax|slp|[from] move: Rest
|-heal|p1a: Snorlax|100/100 slp|[silent]
|
|-heal|p2a: Salamence|14/100|[from] item: Leftovers
|upkeep
|turn|94
|
|t:|1729271952
|switch|p2a: Swampert|Swampert, F|100/100
|cant|p1a: Snorlax|slp
|
|upkeep
|turn|95
|
|t:|1729271956
|move|p2a: Swampert|Earthquake|p1a: Snorlax
|-damage|p1a: Snorlax|87/100 slp
|cant|p1a: Snorlax|slp
|
|-heal|p1a: Snorlax|93/100 slp|[from] item: Leftovers
|upkeep
|turn|96
|
|t:|1729271958
|move|p2a: Swampert|Earthquake|p1a: Snorlax
|-damage|p1a: Snorlax|78/100 slp
|-curestatus|p1a: Snorlax|slp|[msg]
|move|p1a: Snorlax|Return|p2a: Swampert
|-damage|p2a: Swampert|45/100
|
|-heal|p2a: Swampert|51/100|[from] item: Leftovers
|-heal|p1a: Snorlax|84/100|[from] item: Leftovers
|upkeep
|turn|97
|
|t:|1729271960
|move|p2a: Swampert|Earthquake|p1a: Snorlax
|-damage|p1a: Snorlax|68/100
|move|p1a: Snorlax|Return|p2a: Swampert
|-damage|p2a: Swampert|1/100
|
|-heal|p2a: Swampert|7/100|[from] item: Leftovers
|-heal|p1a: Snorlax|74/100|[from] item: Leftovers
|upkeep
|turn|98
|
|t:|1729271963
|move|p2a: Swampert|Earthquake|p1a: Snorlax
|-damage|p1a: Snorlax|59/100
|move|p1a: Snorlax|Return|p2a: Swampert
|-crit|p2a: Swampert
|-damage|p2a: Swampert|0 fnt
|faint|p2a: Swampert
|
|t:|1729271965
|switch|p2a: Salamence|Salamence, M|14/100
|-ability|p2a: Salamence|Intimidate|boost
|-unboost|p1a: Snorlax|atk|1
|
|-heal|p2a: Salamence|20/100|[from] item: Leftovers
|-heal|p1a: Snorlax|65/100|[from] item: Leftovers
|upkeep
|turn|99
|
|t:|1729271968
|move|p2a: Salamence|Dragon Claw|p1a: Snorlax
|-damage|p1a: Snorlax|46/100
|move|p1a: Snorlax|Rest|p1a: Snorlax
|-status|p1a: Snorlax|slp|[from] move: Rest
|-heal|p1a: Snorlax|100/100 slp|[silent]
|
|-heal|p2a: Salamence|26/100|[from] item: Leftovers
|upkeep
|turn|100
|
|t:|1729271971
|switch|p2a: Jolteon|Jolteon, M|75/100
|cant|p1a: Snorlax|slp
|
|-heal|p2a: Jolteon|81/100|[from] item: Leftovers
|upkeep
|turn|101
|
|t:|1729271974
|move|p2a: Jolteon|Thunderbolt|p1a: Snorlax
|-damage|p1a: Snorlax|78/100 slp
|cant|p1a: Snorlax|slp
|
|-heal|p2a: Jolteon|86/100|[from] item: Leftovers
|-heal|p1a: Snorlax|85/100 slp|[from] item: Leftovers
|upkeep
|turn|102
|
|t:|1729271976
|move|p2a: Jolteon|Thunderbolt|p1a: Snorlax
|-damage|p1a: Snorlax|62/100 slp
|-curestatus|p1a: Snorlax|slp|[msg]
|move|p1a: Snorlax|Return|p2a: Jolteon
|-damage|p2a: Jolteon|0 fnt
|faint|p2a: Jolteon
|
|t:|1729271979
|switch|p2a: Salamence|Salamence, M|26/100
|-ability|p2a: Salamence|Intimidate|boost
|-unboost|p1a: Snorlax|atk|1
|
|-heal|p2a: Salamence|32/100|[from] item: Leftovers
|-heal|p1a: Snorlax|68/100|[from] item: Leftovers
|upkeep
|turn|103
|
|t:|1729271981
|move|p2a: Salamence|Dragon Claw|p1a: Snorlax
|-damage|p1a: Snorlax|48/100
|move|p1a: Snorlax|Return|p2a: Salamence
|-damage|p2a: Salamence|0 fnt
|faint|p2a: Salamence
|
|win|Segale
|player|p2|
|c|☆Segale|/log Segale made the replay of this battle unlisted.
|player|p1|
|player|p2|Team Constantin|hilbert-wonderlauncher|

</script>
<script type="application/json" class="data" id="replaydata-smogtours-gen3ou-799552">
{"id":"smogtours-gen3ou-799552","format":"[Gen 3] OU","players":["Segale","Team Constantin"],"uploadtime":1729271981,"views":83,"formatid":"gen3ou","rating":null,"private":1,"password":null}
</script>

<script defer src="js/replays.js?9d40a366"></script>
