<!DOCTYPE html>
<meta charset="utf-8" />
<meta name="viewport" content="width=device-width" />

<title>[Gen 3] OU: 3 blades vs. Kollin7 - Replays - Pok&eacute;mon Showdown!</title>

<meta name="description" content="Watch a replay of a Pok&eacute;mon battle between 3 blades and Kollin7! Format: [Gen 3] OU; Date: Nov 9, 2024" />
<!--

Hey, you! Looking in the source for the replay log?

You can find them in JSON format, just add `.json` at the end of a replay URL.

https://replay.pokemonshowdown.com/gen7randomdoublesbattle-865046831.json

Or, if you only need the log itself, add `.log` instead:

https://replay.pokemonshowdown.com/gen7randomdoublesbattle-865046831.log

-->

<link rel="stylesheet" href="//pokemonshowdown.com/style/global.css?0.023195364461161105" />
<link rel="stylesheet" href="//play.pokemonshowdown.com/style/font-awesome.css?0.13261647063804238" />
<link rel="stylesheet" href="//play.pokemonshowdown.com/style/battle.css?0.8753245789963631" />
<link rel="stylesheet" href="//play.pokemonshowdown.com/style/utilichart.css?0.8627959624976733" />

<!-- Global site tag (gtag.js) - Google Analytics -->
<script async src="https://www.googletagmanager.com/gtag/js?id=UA-26211653-1"></script>
<script>
  window.dataLayer = window.dataLayer || [];
  function gtag(){dataLayer.push(arguments);}
  gtag('js', new Date());

  gtag('config', 'UA-26211653-1');
</script>
<!-- End Google Analytics -->
<!-- Venatus Ad Manager - Install in <HEAD> of page -->
	<script src="https://hb.vntsm.com/v3/live/ad-manager.min.js" type="text/javascript" data-site-id="642aba63ec9a7b11c3c9c1be" data-mode="scan" async></script>
<!-- / Venatus Ad Manager -->

<style>
	@media (max-width:820px) {
		.battle {
			margin: 0 auto;
		}
		.battle-log {
			margin: 7px auto 0;
			max-width: 640px;
			height: 300px;
			position: static;
		}
	}
	.optgroup {
		display: inline-block;
		line-height: 22px;
		font-size: 10pt;
	}
	.optgroup .button {
		height: 25px;
		padding-top: 0;
		padding-bottom: 0;
	}
	.optgroup button.button {
		padding-left: 12px;
		padding-right: 12px;
	}
	.linklist {
		list-style: none;
		margin: 0.5em 0;
		padding: 0;
	}
	.linklist li {
		padding: 2px 0;
	}
	.sidebar {
		float: left;
		width: 320px;
	}
	.bar-wrapper {
		max-width: 1100px;
		margin: 0 auto;
	}
	.bar-wrapper.has-sidebar {
		max-width: 1430px;
	}
	.mainbar {
		margin: 0;
		padding-right: 1px;
	}
	.mainbar.has-sidebar {
		margin-left: 330px;
	}
	@media (min-width: 1511px) {
		.sidebar {
			width: 400px;
		}
		.bar-wrapper.has-sidebar {
			max-width: 1510px;
		}
		.mainbar.has-sidebar {
			margin-left: 410px;
		}
	}
	.section.first-section {
		margin-top: 9px;
	}
	.blocklink small {
		white-space: normal;
	}
	.button {
		vertical-align: middle;
	}
	.replay-controls {
		padding-top: 10px;
	}
	.replay-controls h1 {
		font-size: 16pt;
		font-weight: normal;
		color: #CCC;
	}
	.pagelink {
		text-align: center;
	}
	.pagelink a {
		width: 150px;
	}
	.textbox, .button {
		font-size: 11pt;
		vertical-align: middle;
	}
	@media (max-width: 450px) {
		.button {
			font-size: 9pt;
		}
	}
</style>

<div>

	<header>
		<div class="nav-wrapper"><ul class="nav">
			<li><a class="button nav-first" href="//pokemonshowdown.com/"><img src="//pokemonshowdown.com/images/pokemonshowdownbeta.png" srcset="//pokemonshowdown.com/images/pokemonshowdownbeta.png 1x, //pokemonshowdown.com/images/pokemonshowdownbeta@2x.png 2x" alt="Pok&eacute;mon Showdown" width="146" height="44" /> Home</a></li>
			<li><a class="button" href="//pokemonshowdown.com/dex/">Pok&eacute;dex</a></li>
			<li><a class="button cur" href="/">Replays</a></li>
			<li><a class="button" href="//pokemonshowdown.com/ladder/">Ladder</a></li>
			<li><a class="button nav-last" href="//pokemonshowdown.com/forums/">Forum</a></li>
			<li><a class="button greenbutton nav-first nav-last" href="//play.pokemonshowdown.com/">Play</a></li>
		</ul></div>
	</header>

	<div class="main" id="main">

		<noscript><section class="section">You need to enable JavaScript to use this page; sorry!</section></noscript>

	</div>

</div>

<script defer nomodule src="//play.pokemonshowdown.com/js/lib/ps-polyfill.js"></script>
<script defer src="//play.pokemonshowdown.com/js/lib/preact.min.js"></script>

<script defer src="//play.pokemonshowdown.com/config/config.js?2bddbc15"></script>
<script defer src="//play.pokemonshowdown.com/js/lib/jquery-1.11.0.min.js"></script>
<script defer src="//play.pokemonshowdown.com/js/lib/html-sanitizer-minified.js"></script>
<script defer src="//play.pokemonshowdown.com/js/battle-sound.js"></script>
<script defer src="//play.pokemonshowdown.com/js/battledata.js?0.7209276989879541"></script>
<script defer src="//play.pokemonshowdown.com/data/pokedex-mini.js?0.6111056340867951"></script>
<script defer src="//play.pokemonshowdown.com/data/pokedex-mini-bw.js?0.3532142036491459"></script>
<script defer src="//play.pokemonshowdown.com/data/graphics.js?0.24223875632456182"></script>
<script defer src="//play.pokemonshowdown.com/data/pokedex.js?0.38839984266356864"></script>
<script defer src="//play.pokemonshowdown.com/data/moves.js?0.21866028504024015"></script>
<script defer src="//play.pokemonshowdown.com/data/abilities.js?0.2005157953846628"></script>
<script defer src="//play.pokemonshowdown.com/data/items.js?0.9894211263848525"></script>
<script defer src="//play.pokemonshowdown.com/data/teambuilder-tables.js?0.6008791140282215"></script>
<script defer src="//play.pokemonshowdown.com/js/battle-tooltips.js?0.7580118955022959"></script>
<script defer src="//play.pokemonshowdown.com/js/battle.js?0.6057722274234274"></script>

<script defer src="js/utils.js?e31f9a17"></script>
<script defer src="js/replays-battle.js?7008c182"></script>

<!-- don't scrape this data! just add .json or .log after the URL!
Full API docs: https://github.com/smogon/pokemon-showdown-client/blob/master/WEB-API.md -->
<script type="text/plain" class="log" id="replaylog-smogtours-gen3ou-805512">
|inactive|Battle timer is ON: inactive players will automatically lose when time's up.
|t:|1731178166
|gametype|singles
|player|p1|3 blades|guzma|
|player|p2|Kollin7|hiker-gen2|
|teamsize|p1|6
|teamsize|p2|6
|gen|3
|tier|[Gen 3] OU
|rule|Sleep Clause Mod: Limit one foe put to sleep
|rule|Switch Priority Clause Mod: Faster Pokémon switch first
|rule|Species Clause: Limit one of each Pokémon
|rule|OHKO Clause: OHKO moves are banned
|rule|Evasion Items Clause: Evasion items are banned
|rule|Evasion Moves Clause: Evasion moves are banned
|rule|Endless Battle Clause: Forcing endless battles is banned
|rule|HP Percentage Mod: HP is shown in percentages
|rule|One Boost Passer Clause: Limit one Baton Passer that has a way to boost its stats
|rule|Freeze Clause Mod: Limit one foe frozen
|
|t:|1731178166
|start
|switch|p1a: CRAZY DIAMOND|Tyranitar, F|100/100
|switch|p2a: Tyranitar|Tyranitar, F|100/100
|-weather|Sandstorm|[from] ability: Sand Stream|[of] p2a: Tyranitar
|turn|1
|inactive|Kollin7 also wants the timer to be on.
|c|☆3 blades|hf
|
|t:|1731178180
|switch|p1a: BALL BREAKER|Forretress, M|100/100
|move|p2a: Tyranitar|Brick Break|p1a: BALL BREAKER
|-damage|p1a: BALL BREAKER|69/100
|
|-weather|Sandstorm|[upkeep]
|-heal|p1a: BALL BREAKER|75/100|[from] item: Leftovers
|upkeep
|turn|2
|inactive|3 blades has 270 seconds left.
|
|t:|1731178233
|move|p2a: Tyranitar|Brick Break|p1a: BALL BREAKER
|-damage|p1a: BALL BREAKER|45/100
|move|p1a: BALL BREAKER|Spikes|p2a: Tyranitar
|-sidestart|p2: Kollin7|Spikes
|
|-weather|Sandstorm|[upkeep]
|-heal|p1a: BALL BREAKER|51/100|[from] item: Leftovers
|upkeep
|turn|3
|
|t:|1731178244
|switch|p2a: Zapdos|Zapdos|100/100
|switch|p1a: STONE FREE|Celebi|100/100
|
|-weather|Sandstorm|[upkeep]
|-damage|p1a: STONE FREE|94/100|[from] Sandstorm
|-damage|p2a: Zapdos|94/100|[from] Sandstorm
|-heal|p1a: STONE FREE|100/100|[from] item: Leftovers
|-heal|p2a: Zapdos|100/100|[from] item: Leftovers
|upkeep
|turn|4
|
|t:|1731178253
|switch|p2a: Skarmory|Skarmory, M|100/100
|move|p1a: STONE FREE|Calm Mind|p1a: STONE FREE
|-boost|p1a: STONE FREE|spa|1
|-boost|p1a: STONE FREE|spd|1
|
|-weather|Sandstorm|[upkeep]
|-damage|p1a: STONE FREE|94/100|[from] Sandstorm
|-heal|p1a: STONE FREE|100/100|[from] item: Leftovers
|upkeep
|turn|5
|c|☆3 blades|if u wanna link
|c|☆3 blades|feel free
|c|☆3 blades|im not gonna
|c|☆Kollin7|i dont rly care either way lol
|c|☆3 blades|kek
|inactive|Kollin7 has 270 seconds left.
|
|t:|1731178289
|move|p1a: STONE FREE|Hidden Power|p2a: Skarmory
|-supereffective|p2a: Skarmory
|-damage|p2a: Skarmory|47/100
|move|p2a: Skarmory|Roar|p1a: STONE FREE
|drag|p1a: CRAZY DIAMOND|Tyranitar, F|100/100
|
|-weather|Sandstorm|[upkeep]
|-heal|p2a: Skarmory|53/100|[from] item: Leftovers
|upkeep
|turn|6
|inactive|Kollin7 has 270 seconds left.
|
|t:|1731178322
|switch|p1a: BALL BREAKER|Forretress, M|51/100
|move|p2a: Skarmory|Protect||[still]
|-fail|p2a: Skarmory
|
|-weather|Sandstorm|[upkeep]
|-heal|p2a: Skarmory|59/100|[from] item: Leftovers
|-heal|p1a: BALL BREAKER|57/100|[from] item: Leftovers
|upkeep
|turn|7
|
|t:|1731178328
|move|p2a: Skarmory|Drill Peck|p1a: BALL BREAKER
|-damage|p1a: BALL BREAKER|42/100
|move|p1a: BALL BREAKER|Spikes|p2a: Skarmory
|-sidestart|p2: Kollin7|Spikes
|
|-weather|Sandstorm|[upkeep]
|-heal|p2a: Skarmory|65/100|[from] item: Leftovers
|-heal|p1a: BALL BREAKER|48/100|[from] item: Leftovers
|upkeep
|turn|8
|
|t:|1731178334
|move|p2a: Skarmory|Drill Peck|p1a: BALL BREAKER
|-damage|p1a: BALL BREAKER|33/100
|move|p1a: BALL BREAKER|Spikes|p2a: Skarmory
|-sidestart|p2: Kollin7|Spikes
|
|-weather|Sandstorm|[upkeep]
|-heal|p2a: Skarmory|71/100|[from] item: Leftovers
|-heal|p1a: BALL BREAKER|39/100|[from] item: Leftovers
|upkeep
|turn|9
|
|t:|1731178339
|switch|p1a: GOLDEN EXPERIENCE|Zapdos|100/100
|move|p2a: Skarmory|Drill Peck|p1a: GOLDEN EXPERIENCE
|-resisted|p1a: GOLDEN EXPERIENCE
|-damage|p1a: GOLDEN EXPERIENCE|89/100
|
|-weather|Sandstorm|[upkeep]
|-damage|p1a: GOLDEN EXPERIENCE|82/100|[from] Sandstorm
|-heal|p1a: GOLDEN EXPERIENCE|89/100|[from] item: Leftovers
|-heal|p2a: Skarmory|77/100|[from] item: Leftovers
|upkeep
|turn|10
|
|t:|1731178342
|move|p2a: Skarmory|Protect|p2a: Skarmory
|-singleturn|p2a: Skarmory|Protect
|move|p1a: GOLDEN EXPERIENCE|Thunderbolt|p2a: Skarmory
|-activate|p2a: Skarmory|Protect
|
|-weather|Sandstorm|[upkeep]
|-damage|p1a: GOLDEN EXPERIENCE|82/100|[from] Sandstorm
|-heal|p1a: GOLDEN EXPERIENCE|89/100|[from] item: Leftovers
|-heal|p2a: Skarmory|83/100|[from] item: Leftovers
|upkeep
|turn|11
|
|t:|1731178347
|switch|p2a: Blissey|Blissey, F, shiny|100/100
|-damage|p2a: Blissey|76/100|[from] Spikes
|move|p1a: GOLDEN EXPERIENCE|Thunderbolt|p2a: Blissey
|-damage|p2a: Blissey|53/100
|
|-weather|Sandstorm|[upkeep]
|-damage|p1a: GOLDEN EXPERIENCE|82/100|[from] Sandstorm
|-damage|p2a: Blissey|47/100|[from] Sandstorm
|-heal|p1a: GOLDEN EXPERIENCE|89/100|[from] item: Leftovers
|-heal|p2a: Blissey|53/100|[from] item: Leftovers
|upkeep
|turn|12
|
|t:|1731178351
|move|p1a: GOLDEN EXPERIENCE|Baton Pass|p1a: GOLDEN EXPERIENCE
|
|t:|1731178352
|switch|p1a: CRAZY DIAMOND|Tyranitar, F|100/100|[from] Baton Pass
|move|p2a: Blissey|Soft-Boiled|p2a: Blissey
|-heal|p2a: Blissey|100/100
|
|-weather|Sandstorm|[upkeep]
|-damage|p2a: Blissey|94/100|[from] Sandstorm
|-heal|p2a: Blissey|100/100|[from] item: Leftovers
|upkeep
|turn|13
|
|t:|1731178360
|switch|p2a: Flygon|Flygon, F|100/100
|move|p1a: CRAZY DIAMOND|Rock Slide|p2a: Flygon|[miss]
|-miss|p1a: CRAZY DIAMOND|p2a: Flygon
|
|-weather|Sandstorm|[upkeep]
|upkeep
|turn|14
|
|t:|1731178375
|switch|p2a: Skarmory|Skarmory, M|83/100
|switch|p1a: BALL BREAKER|Forretress, M|39/100
|
|-weather|Sandstorm|[upkeep]
|-heal|p2a: Skarmory|89/100|[from] item: Leftovers
|-heal|p1a: BALL BREAKER|45/100|[from] item: Leftovers
|upkeep
|turn|15
|
|t:|1731178400
|switch|p1a: GOLDEN EXPERIENCE|Zapdos|89/100
|move|p2a: Skarmory|Drill Peck|p1a: GOLDEN EXPERIENCE
|-resisted|p1a: GOLDEN EXPERIENCE
|-damage|p1a: GOLDEN EXPERIENCE|76/100
|
|-weather|Sandstorm|[upkeep]
|-damage|p1a: GOLDEN EXPERIENCE|70/100|[from] Sandstorm
|-heal|p1a: GOLDEN EXPERIENCE|76/100|[from] item: Leftovers
|-heal|p2a: Skarmory|95/100|[from] item: Leftovers
|upkeep
|turn|16
|inactive|Kollin7 has 270 seconds left.
|
|t:|1731178432
|switch|p2a: Blissey|Blissey, F, shiny|100/100
|-damage|p2a: Blissey|76/100|[from] Spikes
|move|p1a: GOLDEN EXPERIENCE|Thunderbolt|p2a: Blissey
|-damage|p2a: Blissey|56/100
|
|-weather|Sandstorm|[upkeep]
|-damage|p1a: GOLDEN EXPERIENCE|70/100|[from] Sandstorm
|-damage|p2a: Blissey|50/100|[from] Sandstorm
|-heal|p1a: GOLDEN EXPERIENCE|76/100|[from] item: Leftovers
|-heal|p2a: Blissey|56/100|[from] item: Leftovers
|upkeep
|turn|17
|
|t:|1731178435
|move|p1a: GOLDEN EXPERIENCE|Baton Pass|p1a: GOLDEN EXPERIENCE
|
|t:|1731178447
|switch|p1a: STONE FREE|Celebi|100/100|[from] Baton Pass
|move|p2a: Blissey|Soft-Boiled|p2a: Blissey
|-heal|p2a: Blissey|100/100
|
|-weather|Sandstorm|[upkeep]
|-damage|p1a: STONE FREE|94/100|[from] Sandstorm
|-damage|p2a: Blissey|94/100|[from] Sandstorm
|-heal|p1a: STONE FREE|100/100|[from] item: Leftovers
|-heal|p2a: Blissey|100/100|[from] item: Leftovers
|upkeep
|turn|18
|inactive|Kollin7 has 270 seconds left.
|
|t:|1731178459
|switch|p2a: Aerodactyl|Aerodactyl, F|100/100
|move|p1a: STONE FREE|Calm Mind|p1a: STONE FREE
|-boost|p1a: STONE FREE|spa|1
|-boost|p1a: STONE FREE|spd|1
|
|-weather|Sandstorm|[upkeep]
|-damage|p1a: STONE FREE|94/100|[from] Sandstorm
|-heal|p1a: STONE FREE|100/100|[from] item: Leftovers
|upkeep
|turn|19
|inactive|Kollin7 has 270 seconds left.
|
|t:|1731178481
|switch|p1a: BALL BREAKER|Forretress, M|45/100
|move|p2a: Aerodactyl|Hidden Power|p1a: BALL BREAKER
|-damage|p1a: BALL BREAKER|12/100
|
|-weather|Sandstorm|[upkeep]
|-heal|p1a: BALL BREAKER|18/100|[from] item: Leftovers
|upkeep
|turn|20
|
|t:|1731178488
|switch|p1a: CRAZY DIAMOND|Tyranitar, F|100/100
|move|p2a: Aerodactyl|Hidden Power|p1a: CRAZY DIAMOND
|-resisted|p1a: CRAZY DIAMOND
|-damage|p1a: CRAZY DIAMOND|83/100
|
|-weather|Sandstorm|[upkeep]
|-heal|p1a: CRAZY DIAMOND|89/100|[from] item: Leftovers
|upkeep
|turn|21
|
|t:|1731178497
|switch|p2a: Skarmory|Skarmory, M|95/100
|switch|p1a: STAR PLATINUM|Swampert, M|100/100
|
|-weather|Sandstorm|[upkeep]
|-heal|p2a: Skarmory|100/100|[from] item: Leftovers
|upkeep
|turn|22
|
|t:|1731178511
|switch|p1a: GOLDEN EXPERIENCE|Zapdos|76/100
|move|p2a: Skarmory|Spikes|p1a: GOLDEN EXPERIENCE
|-sidestart|p1: 3 blades|Spikes
|
|-weather|Sandstorm|[upkeep]
|-damage|p1a: GOLDEN EXPERIENCE|70/100|[from] Sandstorm
|-heal|p1a: GOLDEN EXPERIENCE|76/100|[from] item: Leftovers
|upkeep
|turn|23
|inactive|Kollin7 has 270 seconds left.
|
|t:|1731178541
|switch|p2a: Flygon|Flygon, F|100/100
|move|p1a: GOLDEN EXPERIENCE|Baton Pass|p1a: GOLDEN EXPERIENCE
|
|t:|1731178546
|switch|p1a: STAR PLATINUM|Swampert, M|100/100|[from] Baton Pass
|-damage|p1a: STAR PLATINUM|88/100|[from] Spikes
|
|-weather|Sandstorm|[upkeep]
|-heal|p1a: STAR PLATINUM|94/100|[from] item: Leftovers
|upkeep
|turn|24
|inactive|Kollin7 has 270 seconds left.
|
|t:|1731178554
|switch|p2a: Skarmory|Skarmory, M|100/100
|move|p1a: STAR PLATINUM|Surf|p2a: Skarmory
|-damage|p2a: Skarmory|68/100
|
|-weather|Sandstorm|[upkeep]
|-heal|p1a: STAR PLATINUM|100/100|[from] item: Leftovers
|-heal|p2a: Skarmory|74/100|[from] item: Leftovers
|upkeep
|turn|25
|inactive|Kollin7 has 270 seconds left.
|
|t:|1731178570
|move|p1a: STAR PLATINUM|Surf|p2a: Skarmory
|-damage|p2a: Skarmory|43/100
|move|p2a: Skarmory|Spikes|p1a: STAR PLATINUM
|-sidestart|p1: 3 blades|Spikes
|
|-weather|Sandstorm|[upkeep]
|-heal|p2a: Skarmory|49/100|[from] item: Leftovers
|upkeep
|turn|26
|inactive|Kollin7 has 270 seconds left.
|
|t:|1731178578
|move|p1a: STAR PLATINUM|Surf|p2a: Skarmory
|-damage|p2a: Skarmory|14/100
|move|p2a: Skarmory|Spikes|p1a: STAR PLATINUM
|-sidestart|p1: 3 blades|Spikes
|
|-weather|Sandstorm|[upkeep]
|-heal|p2a: Skarmory|20/100|[from] item: Leftovers
|upkeep
|turn|27
|
|t:|1731178582
|move|p2a: Skarmory|Protect|p2a: Skarmory
|-singleturn|p2a: Skarmory|Protect
|move|p1a: STAR PLATINUM|Surf|p2a: Skarmory
|-activate|p2a: Skarmory|Protect
|
|-weather|Sandstorm|[upkeep]
|-heal|p2a: Skarmory|26/100|[from] item: Leftovers
|upkeep
|turn|28
|
|t:|1731178591
|switch|p2a: Zapdos|Zapdos|100/100
|move|p1a: STAR PLATINUM|Surf|p2a: Zapdos
|-damage|p2a: Zapdos|63/100
|
|-weather|Sandstorm|[upkeep]
|-damage|p2a: Zapdos|57/100|[from] Sandstorm
|-heal|p2a: Zapdos|63/100|[from] item: Leftovers
|upkeep
|turn|29
|inactive|Kollin7 has 270 seconds left.
|
|t:|1731178644
|switch|p1a: BALL BREAKER|Forretress, M|18/100
|-damage|p1a: BALL BREAKER|0 fnt|[from] Spikes
|faint|p1a: BALL BREAKER
|
|t:|1731178651
|switch|p1a: GOLDEN EXPERIENCE|Zapdos|76/100
|
|-weather|Sandstorm|[upkeep]
|-damage|p2a: Zapdos|57/100|[from] Sandstorm
|-damage|p1a: GOLDEN EXPERIENCE|70/100|[from] Sandstorm
|-heal|p2a: Zapdos|63/100|[from] item: Leftovers
|-heal|p1a: GOLDEN EXPERIENCE|76/100|[from] item: Leftovers
|upkeep
|turn|30
|inactive|Kollin7 has 240 seconds left.
|c|+Zpanther|is this for rev?
|
|t:|1731178684
|switch|p2a: Blissey|Blissey, F, shiny|100/100
|-damage|p2a: Blissey|76/100|[from] Spikes
|move|p1a: GOLDEN EXPERIENCE|Thunderbolt|p2a: Blissey
|-damage|p2a: Blissey|54/100
|
|-weather|Sandstorm|[upkeep]
|-damage|p1a: GOLDEN EXPERIENCE|70/100|[from] Sandstorm
|-damage|p2a: Blissey|48/100|[from] Sandstorm
|-heal|p1a: GOLDEN EXPERIENCE|76/100|[from] item: Leftovers
|-heal|p2a: Blissey|54/100|[from] item: Leftovers
|upkeep
|turn|31
|c|+Zpanther|goat mu
|
|t:|1731178702
|move|p1a: GOLDEN EXPERIENCE|Baton Pass|p1a: GOLDEN EXPERIENCE
|inactive|3 blades has 270 seconds left.
|
|t:|1731178745
|switch|p1a: DEATH 13|Jirachi|100/100|[from] Baton Pass
|-damage|p1a: DEATH 13|75/100|[from] Spikes
|move|p2a: Blissey|Soft-Boiled|p2a: Blissey
|-heal|p2a: Blissey|100/100
|
|-weather|Sandstorm|[upkeep]
|-damage|p2a: Blissey|94/100|[from] Sandstorm
|-heal|p1a: DEATH 13|82/100|[from] item: Leftovers
|-heal|p2a: Blissey|100/100|[from] item: Leftovers
|upkeep
|turn|32
|inactive|Kollin7 has 240 seconds left.
|
|t:|1731178769
|move|p1a: DEATH 13|Calm Mind|p1a: DEATH 13
|-boost|p1a: DEATH 13|spa|1
|-boost|p1a: DEATH 13|spd|1
|move|p2a: Blissey|Flamethrower|p1a: DEATH 13
|-supereffective|p1a: DEATH 13
|-damage|p1a: DEATH 13|52/100
|
|-weather|Sandstorm|[upkeep]
|-damage|p2a: Blissey|94/100|[from] Sandstorm
|-heal|p1a: DEATH 13|59/100|[from] item: Leftovers
|-heal|p2a: Blissey|100/100|[from] item: Leftovers
|upkeep
|turn|33
|inactive|Kollin7 has 240 seconds left.
|
|t:|1731178788
|switch|p2a: Skarmory|Skarmory, M|26/100
|move|p1a: DEATH 13|Calm Mind|p1a: DEATH 13
|-boost|p1a: DEATH 13|spa|1
|-boost|p1a: DEATH 13|spd|1
|
|-weather|Sandstorm|[upkeep]
|-heal|p1a: DEATH 13|65/100|[from] item: Leftovers
|-heal|p2a: Skarmory|32/100|[from] item: Leftovers
|upkeep
|turn|34
|inactive|Kollin7 has 240 seconds left.
|inactive|Kollin7 has 210 seconds left.
|
|t:|1731178835
|move|p1a: DEATH 13|Thunderbolt|p2a: Skarmory
|-supereffective|p2a: Skarmory
|-damage|p2a: Skarmory|0 fnt
|faint|p2a: Skarmory
|
|t:|1731178839
|switch|p2a: Aerodactyl|Aerodactyl, F|100/100
|
|-weather|Sandstorm|[upkeep]
|-heal|p1a: DEATH 13|71/100|[from] item: Leftovers
|upkeep
|turn|35
|inactive|3 blades has 270 seconds left.
|inactive|Kollin7 has 210 seconds left.
|
|t:|1731178872
|move|p2a: Aerodactyl|Earthquake|p1a: DEATH 13
|-supereffective|p1a: DEATH 13
|-damage|p1a: DEATH 13|0 fnt
|faint|p1a: DEATH 13
|
|t:|1731178874
|switch|p1a: GOLDEN EXPERIENCE|Zapdos|76/100
|
|-weather|Sandstorm|[upkeep]
|-damage|p1a: GOLDEN EXPERIENCE|70/100|[from] Sandstorm
|-heal|p1a: GOLDEN EXPERIENCE|76/100|[from] item: Leftovers
|upkeep
|turn|36
|
|t:|1731178880
|switch|p2a: Flygon|Flygon, F|100/100
|move|p1a: GOLDEN EXPERIENCE|Baton Pass|p1a: GOLDEN EXPERIENCE
|
|t:|1731178882
|switch|p1a: STAR PLATINUM|Swampert, M|100/100|[from] Baton Pass
|-damage|p1a: STAR PLATINUM|75/100|[from] Spikes
|
|-weather|Sandstorm|[upkeep]
|-heal|p1a: STAR PLATINUM|82/100|[from] item: Leftovers
|upkeep
|turn|37
|inactive|3 blades has 270 seconds left.
|inactive|Kollin7 has 210 seconds left.
|inactive|Kollin7 has 180 seconds left.
|inactive|Kollin7 has 150 seconds left.
|inactive|Kollin7 has 120 seconds left.
|
|t:|1731179010
|switch|p2a: Zapdos|Zapdos|63/100
|move|p1a: STAR PLATINUM|Ice Beam|p2a: Zapdos
|-supereffective|p2a: Zapdos
|-damage|p2a: Zapdos|9/100
|
|-weather|Sandstorm|[upkeep]
|-damage|p2a: Zapdos|3/100|[from] Sandstorm
|-heal|p2a: Zapdos|9/100|[from] item: Leftovers
|-heal|p1a: STAR PLATINUM|88/100|[from] item: Leftovers
|upkeep
|turn|38
|inactive|3 blades has 270 seconds left.
|inactive|Kollin7 has 90 seconds left.
|inactive|Kollin7 has 60 seconds left.
|
|t:|1731179082
|switch|p2a: Tyranitar|Tyranitar, F|100/100
|-damage|p2a: Tyranitar|76/100|[from] Spikes
|switch|p1a: STONE FREE|Celebi|100/100
|-damage|p1a: STONE FREE|75/100|[from] Spikes
|
|-weather|Sandstorm|[upkeep]
|-damage|p1a: STONE FREE|69/100|[from] Sandstorm
|-heal|p1a: STONE FREE|75/100|[from] item: Leftovers
|upkeep
|turn|39
|inactive|3 blades has 240 seconds left.
|inactive|Kollin7 has 30 seconds left.
|
|t:|1731179129
|move|p1a: STONE FREE|Giga Drain|p2a: Tyranitar
|-supereffective|p2a: Tyranitar
|-crit|p2a: Tyranitar
|-damage|p2a: Tyranitar|0 fnt
|-heal|p1a: STONE FREE|100/100|[from] drain|[of] p2a: Tyranitar
|faint|p2a: Tyranitar
|inactive|Kollin7 has 30 seconds left this turn.
|c|☆3 blades|sry]
|c|☆Kollin7|noooo
|inactive|Kollin7 has 20 seconds left.
|inactive|Kollin7 has 15 seconds left.
|inactive|Kollin7 has 10 seconds left.
|
|t:|1731179149
|switch|p2a: Aerodactyl|Aerodactyl, F|100/100
|
|-weather|Sandstorm|[upkeep]
|-damage|p1a: STONE FREE|94/100|[from] Sandstorm
|-heal|p1a: STONE FREE|100/100|[from] item: Leftovers
|upkeep
|turn|40
|inactive|Kollin7 has 20 seconds left this turn.
|inactive|3 blades has 240 seconds left.
|inactive|Kollin7 has 15 seconds left.
|c|☆3 blades|u bugged with the zap threat?
|c|☆Kollin7|yes
|inactive|Kollin7 has 10 seconds left.
|c|☆3 blades|dang
|c|☆3 blades|cold
|inactive|Kollin7 has 5 seconds left.
|
|t:|1731179180
|switch|p1a: GOLDEN EXPERIENCE|Zapdos|76/100
|move|p2a: Aerodactyl|Double-Edge|p1a: GOLDEN EXPERIENCE
|-damage|p1a: GOLDEN EXPERIENCE|18/100
|
|-weather|Sandstorm|[upkeep]
|-damage|p1a: GOLDEN EXPERIENCE|12/100|[from] Sandstorm
|-heal|p1a: GOLDEN EXPERIENCE|18/100|[from] item: Leftovers
|upkeep
|turn|41
|inactive|Kollin7 has 15 seconds left this turn.
|inactive|Kollin7 has 10 seconds left.
|
|t:|1731179187
|move|p2a: Aerodactyl|Double-Edge|p1a: GOLDEN EXPERIENCE
|-damage|p1a: GOLDEN EXPERIENCE|0 fnt
|faint|p1a: GOLDEN EXPERIENCE
|inactive|Kollin7 has 15 seconds left this turn.
|inactive|3 blades has 210 seconds left.
|
|t:|1731179210
|switch|p1a: STAR PLATINUM|Swampert, M|88/100
|-damage|p1a: STAR PLATINUM|63/100|[from] Spikes
|
|-weather|Sandstorm|[upkeep]
|-heal|p1a: STAR PLATINUM|69/100|[from] item: Leftovers
|upkeep
|turn|42
|inactive|Kollin7 has 25 seconds left this turn.
|inactive|Kollin7 has 20 seconds left.
|inactive|Kollin7 has 15 seconds left.
|
|t:|1731179224
|switch|p2a: Blissey|Blissey, F, shiny|100/100
|-damage|p2a: Blissey|76/100|[from] Spikes
|move|p1a: STAR PLATINUM|Surf|p2a: Blissey
|-damage|p2a: Blissey|61/100
|
|-weather|Sandstorm|[upkeep]
|-damage|p2a: Blissey|55/100|[from] Sandstorm
|-heal|p1a: STAR PLATINUM|75/100|[from] item: Leftovers
|-heal|p2a: Blissey|61/100|[from] item: Leftovers
|upkeep
|turn|43
|inactive|Kollin7 has 25 seconds left this turn.
|inactive|Kollin7 has 20 seconds left.
|
|t:|1731179232
|move|p1a: STAR PLATINUM|Substitute|p1a: STAR PLATINUM
|-start|p1a: STAR PLATINUM|Substitute
|-damage|p1a: STAR PLATINUM|50/100
|move|p2a: Blissey|Ice Beam|p1a: STAR PLATINUM
|-end|p1a: STAR PLATINUM|Substitute
|
|-weather|Sandstorm|[upkeep]
|-damage|p2a: Blissey|55/100|[from] Sandstorm
|-heal|p1a: STAR PLATINUM|56/100|[from] item: Leftovers
|-heal|p2a: Blissey|61/100|[from] item: Leftovers
|upkeep
|turn|44
|inactive|Kollin7 has 30 seconds left this turn.
|
|t:|1731179241
|switch|p1a: CRAZY DIAMOND|Tyranitar, F|89/100
|-damage|p1a: CRAZY DIAMOND|65/100|[from] Spikes
|move|p2a: Blissey|Ice Beam|p1a: CRAZY DIAMOND
|-crit|p1a: CRAZY DIAMOND
|-damage|p1a: CRAZY DIAMOND|18/100
|
|-weather|Sandstorm|[upkeep]
|-damage|p2a: Blissey|55/100|[from] Sandstorm
|-heal|p1a: CRAZY DIAMOND|24/100|[from] item: Leftovers
|-heal|p2a: Blissey|61/100|[from] item: Leftovers
|upkeep
|turn|45
|inactive|Kollin7 has 30 seconds left.
|inactive|Kollin7 has 20 seconds left.
|inactive|Kollin7 has 15 seconds left.
|
|t:|1731179264
|switch|p2a: Flygon|Flygon, F|100/100
|move|p1a: CRAZY DIAMOND|Dragon Dance|p1a: CRAZY DIAMOND
|-boost|p1a: CRAZY DIAMOND|atk|1
|-boost|p1a: CRAZY DIAMOND|spe|1
|
|-weather|Sandstorm|[upkeep]
|-heal|p1a: CRAZY DIAMOND|30/100|[from] item: Leftovers
|upkeep
|turn|46
|inactive|Kollin7 has 25 seconds left this turn.
|
|t:|1731179267
|move|p1a: CRAZY DIAMOND|Rock Slide|p2a: Flygon
|-resisted|p2a: Flygon
|-damage|p2a: Flygon|77/100
|move|p2a: Flygon|Earthquake|p1a: CRAZY DIAMOND
|-supereffective|p1a: CRAZY DIAMOND
|-damage|p1a: CRAZY DIAMOND|0 fnt
|faint|p1a: CRAZY DIAMOND
|inactive|Kollin7 has 30 seconds left this turn.
|
|t:|1731179271
|switch|p1a: STONE FREE|Celebi|100/100
|-damage|p1a: STONE FREE|75/100|[from] Spikes
|
|-weather|Sandstorm|[upkeep]
|-damage|p1a: STONE FREE|69/100|[from] Sandstorm
|-heal|p1a: STONE FREE|75/100|[from] item: Leftovers
|-heal|p2a: Flygon|83/100|[from] item: Leftovers
|upkeep
|turn|47
|
|t:|1731179281
|switch|p2a: Aerodactyl|Aerodactyl, F|100/100
|move|p1a: STONE FREE|Calm Mind|p1a: STONE FREE
|-boost|p1a: STONE FREE|spa|1
|-boost|p1a: STONE FREE|spd|1
|
|-weather|Sandstorm|[upkeep]
|-damage|p1a: STONE FREE|69/100|[from] Sandstorm
|-heal|p1a: STONE FREE|75/100|[from] item: Leftovers
|upkeep
|turn|48
|
|t:|1731179283
|move|p2a: Aerodactyl|Hidden Power|p1a: STONE FREE
|-supereffective|p1a: STONE FREE
|-damage|p1a: STONE FREE|0 fnt
|faint|p1a: STONE FREE
|
|t:|1731179284
|switch|p1a: STAR PLATINUM|Swampert, M|56/100
|-damage|p1a: STAR PLATINUM|31/100|[from] Spikes
|
|-weather|Sandstorm|[upkeep]
|-heal|p1a: STAR PLATINUM|38/100|[from] item: Leftovers
|upkeep
|turn|49
|
|t:|1731179286
|move|p2a: Aerodactyl|Hidden Power|p1a: STAR PLATINUM
|-damage|p1a: STAR PLATINUM|0 fnt
|faint|p1a: STAR PLATINUM
|
|win|Kollin7
|c|☆3 blades|gg
|c|☆Kollin7|gg

</script>
<script type="application/json" class="data" id="replaydata-smogtours-gen3ou-805512">
{"id":"smogtours-gen3ou-805512","format":"[Gen 3] OU","players":["3 blades","Kollin7"],"uploadtime":1731179286,"views":54,"formatid":"gen3ou","rating":null,"private":0,"password":null}
</script>

<script defer src="js/replays.js?9d40a366"></script>
