<!DOCTYPE html>
<meta charset="utf-8" />
<meta name="viewport" content="width=device-width" />

<title>[Gen 3] OU: beeoi vs. charku - Replays - Pok&eacute;mon Showdown!</title>

<meta name="description" content="Watch a replay of a Pok&eacute;mon battle between beeoi and charku! Format: [Gen 3] OU; Date: Oct 13, 2024" />
<!--

Hey, you! Looking in the source for the replay log?

You can find them in JSON format, just add `.json` at the end of a replay URL.

https://replay.pokemonshowdown.com/gen7randomdoublesbattle-865046831.json

Or, if you only need the log itself, add `.log` instead:

https://replay.pokemonshowdown.com/gen7randomdoublesbattle-865046831.log

-->

<link rel="stylesheet" href="//pokemonshowdown.com/style/global.css?0.023195364461161105" />
<link rel="stylesheet" href="//play.pokemonshowdown.com/style/font-awesome.css?0.13261647063804238" />
<link rel="stylesheet" href="//play.pokemonshowdown.com/style/battle.css?0.8753245789963631" />
<link rel="stylesheet" href="//play.pokemonshowdown.com/style/utilichart.css?0.8627959624976733" />

<!-- Global site tag (gtag.js) - Google Analytics -->
<script async src="https://www.googletagmanager.com/gtag/js?id=UA-26211653-1"></script>
<script>
  window.dataLayer = window.dataLayer || [];
  function gtag(){dataLayer.push(arguments);}
  gtag('js', new Date());

  gtag('config', 'UA-26211653-1');
</script>
<!-- End Google Analytics -->
<!-- Venatus Ad Manager - Install in <HEAD> of page -->
	<script src="https://hb.vntsm.com/v3/live/ad-manager.min.js" type="text/javascript" data-site-id="642aba63ec9a7b11c3c9c1be" data-mode="scan" async></script>
<!-- / Venatus Ad Manager -->

<style>
	@media (max-width:820px) {
		.battle {
			margin: 0 auto;
		}
		.battle-log {
			margin: 7px auto 0;
			max-width: 640px;
			height: 300px;
			position: static;
		}
	}
	.optgroup {
		display: inline-block;
		line-height: 22px;
		font-size: 10pt;
	}
	.optgroup .button {
		height: 25px;
		padding-top: 0;
		padding-bottom: 0;
	}
	.optgroup button.button {
		padding-left: 12px;
		padding-right: 12px;
	}
	.linklist {
		list-style: none;
		margin: 0.5em 0;
		padding: 0;
	}
	.linklist li {
		padding: 2px 0;
	}
	.sidebar {
		float: left;
		width: 320px;
	}
	.bar-wrapper {
		max-width: 1100px;
		margin: 0 auto;
	}
	.bar-wrapper.has-sidebar {
		max-width: 1430px;
	}
	.mainbar {
		margin: 0;
		padding-right: 1px;
	}
	.mainbar.has-sidebar {
		margin-left: 330px;
	}
	@media (min-width: 1511px) {
		.sidebar {
			width: 400px;
		}
		.bar-wrapper.has-sidebar {
			max-width: 1510px;
		}
		.mainbar.has-sidebar {
			margin-left: 410px;
		}
	}
	.section.first-section {
		margin-top: 9px;
	}
	.blocklink small {
		white-space: normal;
	}
	.button {
		vertical-align: middle;
	}
	.replay-controls {
		padding-top: 10px;
	}
	.replay-controls h1 {
		font-size: 16pt;
		font-weight: normal;
		color: #CCC;
	}
	.pagelink {
		text-align: center;
	}
	.pagelink a {
		width: 150px;
	}
	.textbox, .button {
		font-size: 11pt;
		vertical-align: middle;
	}
	@media (max-width: 450px) {
		.button {
			font-size: 9pt;
		}
	}
</style>

<div>

	<header>
		<div class="nav-wrapper"><ul class="nav">
			<li><a class="button nav-first" href="//pokemonshowdown.com/"><img src="//pokemonshowdown.com/images/pokemonshowdownbeta.png" srcset="//pokemonshowdown.com/images/pokemonshowdownbeta.png 1x, //pokemonshowdown.com/images/pokemonshowdownbeta@2x.png 2x" alt="Pok&eacute;mon Showdown" width="146" height="44" /> Home</a></li>
			<li><a class="button" href="//pokemonshowdown.com/dex/">Pok&eacute;dex</a></li>
			<li><a class="button cur" href="/">Replays</a></li>
			<li><a class="button" href="//pokemonshowdown.com/ladder/">Ladder</a></li>
			<li><a class="button nav-last" href="//pokemonshowdown.com/forums/">Forum</a></li>
			<li><a class="button greenbutton nav-first nav-last" href="//play.pokemonshowdown.com/">Play</a></li>
		</ul></div>
	</header>

	<div class="main" id="main">

		<noscript><section class="section">You need to enable JavaScript to use this page; sorry!</section></noscript>

	</div>

</div>

<script defer nomodule src="//play.pokemonshowdown.com/js/lib/ps-polyfill.js"></script>
<script defer src="//play.pokemonshowdown.com/js/lib/preact.min.js"></script>

<script defer src="//play.pokemonshowdown.com/config/config.js?2bddbc15"></script>
<script defer src="//play.pokemonshowdown.com/js/lib/jquery-1.11.0.min.js"></script>
<script defer src="//play.pokemonshowdown.com/js/lib/html-sanitizer-minified.js"></script>
<script defer src="//play.pokemonshowdown.com/js/battle-sound.js"></script>
<script defer src="//play.pokemonshowdown.com/js/battledata.js?0.7209276989879541"></script>
<script defer src="//play.pokemonshowdown.com/data/pokedex-mini.js?0.6111056340867951"></script>
<script defer src="//play.pokemonshowdown.com/data/pokedex-mini-bw.js?0.3532142036491459"></script>
<script defer src="//play.pokemonshowdown.com/data/graphics.js?0.24223875632456182"></script>
<script defer src="//play.pokemonshowdown.com/data/pokedex.js?0.38839984266356864"></script>
<script defer src="//play.pokemonshowdown.com/data/moves.js?0.21866028504024015"></script>
<script defer src="//play.pokemonshowdown.com/data/abilities.js?0.2005157953846628"></script>
<script defer src="//play.pokemonshowdown.com/data/items.js?0.9894211263848525"></script>
<script defer src="//play.pokemonshowdown.com/data/teambuilder-tables.js?0.6008791140282215"></script>
<script defer src="//play.pokemonshowdown.com/js/battle-tooltips.js?0.7580118955022959"></script>
<script defer src="//play.pokemonshowdown.com/js/battle.js?0.6057722274234274"></script>

<script defer src="js/utils.js?e31f9a17"></script>
<script defer src="js/replays-battle.js?7008c182"></script>

<!-- don't scrape this data! just add .json or .log after the URL!
Full API docs: https://github.com/smogon/pokemon-showdown-client/blob/master/WEB-API.md -->
<script type="text/plain" class="log" id="replaylog-smogtours-gen3ou-798301">
|inactive|Battle timer is ON: inactive players will automatically lose when time's up.
|t:|1728847535
|gametype|singles
|player|p1|beeoi|mustard-master|
|player|p2|charku|2|
|teamsize|p1|6
|teamsize|p2|6
|gen|3
|tier|[Gen 3] OU
|rule|Sleep Clause Mod: Limit one foe put to sleep
|rule|Switch Priority Clause Mod: Faster Pokémon switch first
|rule|Species Clause: Limit one of each Pokémon
|rule|OHKO Clause: OHKO moves are banned
|rule|Evasion Items Clause: Evasion items are banned
|rule|Evasion Moves Clause: Evasion moves are banned
|rule|Endless Battle Clause: Forcing endless battles is banned
|rule|HP Percentage Mod: HP is shown in percentages
|rule|One Boost Passer Clause: Limit one Baton Passer that has a way to boost its stats
|rule|Freeze Clause Mod: Limit one foe frozen
|
|t:|1728847535
|start
|switch|p1a: Skarmory|Skarmory, F|100/100
|switch|p2a: osteoporoosi|Regirock|100/100
|turn|1
|inactive|charku has 270 seconds left.
|
|t:|1728847569
|move|p1a: Skarmory|Spikes|p2a: osteoporoosi
|-sidestart|p2: charku|Spikes
|move|p2a: osteoporoosi|Rock Slide|p1a: Skarmory
|-damage|p1a: Skarmory|71/100
|
|-heal|p1a: Skarmory|77/100|[from] item: Leftovers
|upkeep
|turn|2
|
|t:|1728847583
|switch|p1a: Flygon|Flygon, M|100/100
|move|p2a: osteoporoosi|Rock Slide|p1a: Flygon|[miss]
|-miss|p2a: osteoporoosi|p1a: Flygon
|
|upkeep
|turn|3
|
|t:|1728847604
|switch|p2a: vesi.|Suicune|100/100
|-damage|p2a: vesi.|88/100|[from] Spikes
|move|p1a: Flygon|Toxic|p2a: vesi.
|-status|p2a: vesi.|tox
|
|-heal|p2a: vesi.|94/100 tox|[from] item: Leftovers
|-damage|p2a: vesi.|88/100 tox|[from] psn
|upkeep
|turn|4
|
|t:|1728847621
|switch|p1a: Misdreavus|Misdreavus, M|100/100
|move|p2a: vesi.|Calm Mind|p2a: vesi.
|-boost|p2a: vesi.|spa|1
|-boost|p2a: vesi.|spd|1
|
|-heal|p2a: vesi.|94/100 tox|[from] item: Leftovers
|-damage|p2a: vesi.|82/100 tox|[from] psn
|upkeep
|turn|5
|inactive|charku has 270 seconds left.
|
|t:|1728847655
|move|p2a: vesi.|Surf|p1a: Misdreavus
|-damage|p1a: Misdreavus|46/100
|move|p1a: Misdreavus|Thunderbolt|p2a: vesi.
|-supereffective|p2a: vesi.
|-damage|p2a: vesi.|62/100 tox
|
|-heal|p2a: vesi.|69/100 tox|[from] item: Leftovers
|-damage|p2a: vesi.|50/100 tox|[from] psn
|-heal|p1a: Misdreavus|52/100|[from] item: Leftovers
|upkeep
|turn|6
|inactive|charku has 270 seconds left.
|
|t:|1728847670
|switch|p1a: Blissey|Blissey, F|100/100
|move|p2a: vesi.|Rest|p2a: vesi.
|-status|p2a: vesi.|slp|[from] move: Rest
|-heal|p2a: vesi.|100/100 slp|[silent]
|
|upkeep
|turn|7
|inactive|charku has 270 seconds left.
|inactive|beeoi has 270 seconds left.
|inactive|charku has 240 seconds left.
|inactive|charku has 210 seconds left.
|
|t:|1728847755
|switch|p2a: osteoporoosi|Regirock|100/100
|-damage|p2a: osteoporoosi|88/100|[from] Spikes
|switch|p1a: Zapdos|Zapdos|100/100
|
|-heal|p2a: osteoporoosi|94/100|[from] item: Leftovers
|upkeep
|turn|8
|
|t:|1728847771
|switch|p1a: Flygon|Flygon, M|100/100
|move|p2a: osteoporoosi|Rock Slide|p1a: Flygon
|-resisted|p1a: Flygon
|-damage|p1a: Flygon|86/100
|
|-heal|p1a: Flygon|92/100|[from] item: Leftovers
|-heal|p2a: osteoporoosi|99/100|[from] item: Leftovers
|upkeep
|turn|9
|
|t:|1728847782
|switch|p2a: laktaasi|Snorlax, M|100/100
|-damage|p2a: laktaasi|88/100|[from] Spikes
|move|p1a: Flygon|Earthquake|p2a: laktaasi
|-damage|p2a: laktaasi|58/100
|
|-heal|p1a: Flygon|98/100|[from] item: Leftovers
|-heal|p2a: laktaasi|64/100|[from] item: Leftovers
|upkeep
|turn|10
|inactive|charku has 210 seconds left.
|
|t:|1728847801
|move|p1a: Flygon|Earthquake|p2a: laktaasi
|-crit|p2a: laktaasi
|-damage|p2a: laktaasi|10/100
|move|p2a: laktaasi|Curse|p2a: laktaasi
|-unboost|p2a: laktaasi|spe|1
|-boost|p2a: laktaasi|atk|1
|-boost|p2a: laktaasi|def|1
|
|-heal|p1a: Flygon|100/100|[from] item: Leftovers
|-heal|p2a: laktaasi|16/100|[from] item: Leftovers
|upkeep
|turn|11
|
|t:|1728847812
|move|p1a: Flygon|Earthquake|p2a: laktaasi
|-damage|p2a: laktaasi|0 fnt
|faint|p2a: laktaasi
|inactive|charku has 210 seconds left.
|
|t:|1728847848
|switch|p2a: vesi.|Suicune|100/100 slp
|-damage|p2a: vesi.|88/100 slp|[from] Spikes
|
|-heal|p2a: vesi.|94/100 slp|[from] item: Leftovers
|upkeep
|turn|12
|
|t:|1728847863
|switch|p1a: Misdreavus|Misdreavus, M|52/100
|cant|p2a: vesi.|slp
|move|p2a: vesi.|Sleep Talk|p2a: vesi.
|move|p2a: vesi.|Rest|p2a: vesi.|[from]Sleep Talk
|
|-heal|p2a: vesi.|100/100 slp|[from] item: Leftovers
|-heal|p1a: Misdreavus|58/100|[from] item: Leftovers
|upkeep
|turn|13
|
|t:|1728847874
|cant|p2a: vesi.|slp
|move|p2a: vesi.|Sleep Talk|p2a: vesi.
|move|p2a: vesi.|Calm Mind|p2a: vesi.|[from]Sleep Talk
|-boost|p2a: vesi.|spa|1
|-boost|p2a: vesi.|spd|1
|move|p1a: Misdreavus|Perish Song|p1a: Misdreavus
|-start|p1a: Misdreavus|perish3|[silent]
|-start|p2a: vesi.|perish3|[silent]
|-fieldactivate|move: Perish Song
|
|-heal|p1a: Misdreavus|64/100|[from] item: Leftovers
|-start|p2a: vesi.|perish3
|-start|p1a: Misdreavus|perish3
|upkeep
|turn|14
|
|t:|1728847892
|switch|p2a: mitäh|Metagross|100/100
|-damage|p2a: mitäh|88/100|[from] Spikes
|switch|p1a: Skarmory|Skarmory, F|77/100
|
|-heal|p2a: mitäh|94/100|[from] item: Leftovers
|-heal|p1a: Skarmory|83/100|[from] item: Leftovers
|upkeep
|turn|15
|inactive|beeoi has 240 seconds left.
|
|t:|1728847908
|switch|p2a: magneettitonni|Magneton|100/100
|-damage|p2a: magneettitonni|88/100|[from] Spikes
|move|p1a: Skarmory|Spikes|p2a: magneettitonni
|-sidestart|p2: charku|Spikes
|
|-heal|p2a: magneettitonni|94/100|[from] item: Leftovers
|-heal|p1a: Skarmory|89/100|[from] item: Leftovers
|upkeep
|turn|16
|inactive|beeoi has 240 seconds left.
|
|t:|1728847919
|move|p1a: Skarmory|Protect|p1a: Skarmory
|-singleturn|p1a: Skarmory|Protect
|move|p2a: magneettitonni|Thunderbolt|p1a: Skarmory
|-activate|p1a: Skarmory|Protect
|
|-heal|p2a: magneettitonni|99/100|[from] item: Leftovers
|-heal|p1a: Skarmory|95/100|[from] item: Leftovers
|upkeep
|turn|17
|
|t:|1728847928
|move|p2a: magneettitonni|Thunderbolt|p1a: Skarmory
|-supereffective|p1a: Skarmory
|-damage|p1a: Skarmory|0 fnt
|faint|p1a: Skarmory
|inactive|beeoi has 240 seconds left.
|
|t:|1728847939
|switch|p1a: Moltres|Moltres|100/100
|
|-heal|p2a: magneettitonni|100/100|[from] item: Leftovers
|upkeep
|turn|18
|
|t:|1728847954
|move|p1a: Moltres|Flamethrower|p2a: magneettitonni
|-supereffective|p2a: magneettitonni
|-crit|p2a: magneettitonni
|-damage|p2a: magneettitonni|0 fnt
|faint|p2a: magneettitonni
|
|t:|1728847958
|switch|p2a: osteoporoosi|Regirock|99/100
|-damage|p2a: osteoporoosi|84/100|[from] Spikes
|
|-heal|p2a: osteoporoosi|90/100|[from] item: Leftovers
|upkeep
|turn|19
|
|t:|1728847976
|switch|p1a: Flygon|Flygon, M|100/100
|move|p2a: osteoporoosi|Rock Slide|p1a: Flygon
|-resisted|p1a: Flygon
|-damage|p1a: Flygon|87/100
|
|-heal|p1a: Flygon|93/100|[from] item: Leftovers
|-heal|p2a: osteoporoosi|96/100|[from] item: Leftovers
|upkeep
|turn|20
|
|t:|1728847986
|move|p1a: Flygon|Earthquake|p2a: osteoporoosi
|-supereffective|p2a: osteoporoosi
|-damage|p2a: osteoporoosi|59/100
|move|p2a: osteoporoosi|Explosion|p1a: Flygon
|-damage|p1a: Flygon|0 fnt
|faint|p2a: osteoporoosi
|faint|p1a: Flygon
|inactive|charku has 240 seconds left.
|
|t:|1728847995
|switch|p1a: Zapdos|Zapdos|100/100
|switch|p2a: vesi.|Suicune|100/100 slp
|-damage|p2a: vesi.|84/100 slp|[from] Spikes
|
|-heal|p2a: vesi.|90/100 slp|[from] item: Leftovers
|upkeep
|turn|21
|
|t:|1728848005
|move|p1a: Zapdos|Thunderbolt|p2a: vesi.
|-supereffective|p2a: vesi.
|-damage|p2a: vesi.|28/100 slp
|cant|p2a: vesi.|slp
|
|-heal|p2a: vesi.|34/100 slp|[from] item: Leftovers
|upkeep
|turn|22
|
|t:|1728848013
|move|p1a: Zapdos|Thunderbolt|p2a: vesi.
|-supereffective|p2a: vesi.
|-crit|p2a: vesi.
|-damage|p2a: vesi.|0 fnt
|faint|p2a: vesi.
|inactive|charku has 240 seconds left.
|
|t:|1728848037
|switch|p2a: mitäh|Metagross|94/100
|-damage|p2a: mitäh|78/100|[from] Spikes
|
|-heal|p2a: mitäh|84/100|[from] item: Leftovers
|upkeep
|turn|23
|inactive|beeoi has 270 seconds left.
|
|t:|1728848052
|switch|p1a: Moltres|Moltres|100/100
|move|p2a: mitäh|Agility|p2a: mitäh
|-boost|p2a: mitäh|spe|2
|
|-heal|p2a: mitäh|90/100|[from] item: Leftovers
|upkeep
|turn|24
|
|t:|1728848071
|switch|p2a: graavilohi|Salamence, M|100/100
|-ability|p2a: graavilohi|Intimidate|boost
|-unboost|p1a: Moltres|atk|1
|move|p1a: Moltres|Flamethrower|p2a: graavilohi
|-resisted|p2a: graavilohi
|-damage|p2a: graavilohi|72/100
|
|upkeep
|turn|25
|
|t:|1728848100
|move|p1a: Moltres|Will-O-Wisp|p2a: graavilohi
|-status|p2a: graavilohi|brn
|-enditem|p2a: graavilohi|Lum Berry|[eat]
|-curestatus|p2a: graavilohi|brn|[msg]
|move|p2a: graavilohi|Dragon Dance|p2a: graavilohi
|-boost|p2a: graavilohi|atk|1
|-boost|p2a: graavilohi|spe|1
|
|upkeep
|turn|26
|inactive|beeoi has 240 seconds left.
|
|t:|1728848121
|move|p2a: graavilohi|Rock Slide|p1a: Moltres
|-supereffective|p1a: Moltres
|-damage|p1a: Moltres|0 fnt
|faint|p1a: Moltres
|
|t:|1728848134
|switch|p1a: Misdreavus|Misdreavus, M|64/100
|
|-heal|p1a: Misdreavus|71/100|[from] item: Leftovers
|upkeep
|turn|27
|inactive|charku has 270 seconds left.
|
|t:|1728848140
|move|p2a: graavilohi|Rock Slide|p1a: Misdreavus
|-damage|p1a: Misdreavus|3/100
|move|p1a: Misdreavus|Hidden Power|p2a: graavilohi
|-supereffective|p2a: graavilohi
|-damage|p2a: graavilohi|5/100
|
|-heal|p1a: Misdreavus|9/100|[from] item: Leftovers
|upkeep
|turn|28
|inactive|beeoi has 240 seconds left.
|
|t:|1728848150
|move|p2a: graavilohi|Rock Slide|p1a: Misdreavus
|-damage|p1a: Misdreavus|0 fnt
|faint|p1a: Misdreavus
|inactive|beeoi has 240 seconds left.
|
|t:|1728848164
|switch|p1a: Zapdos|Zapdos|100/100
|
|upkeep
|turn|29
|
|t:|1728848168
|move|p2a: graavilohi|Rock Slide|p1a: Zapdos
|-supereffective|p1a: Zapdos
|-damage|p1a: Zapdos|27/100
|move|p1a: Zapdos|Thunderbolt|p2a: graavilohi
|-damage|p2a: graavilohi|0 fnt
|faint|p2a: graavilohi
|
|t:|1728848173
|switch|p2a: mitäh|Metagross|90/100
|-damage|p2a: mitäh|73/100|[from] Spikes
|
|-heal|p1a: Zapdos|33/100|[from] item: Leftovers
|-heal|p2a: mitäh|80/100|[from] item: Leftovers
|upkeep
|turn|30
|
|t:|1728848184
|move|p1a: Zapdos|Rest|p1a: Zapdos
|-status|p1a: Zapdos|slp|[from] move: Rest
|-heal|p1a: Zapdos|100/100 slp|[silent]
|move|p2a: mitäh|Agility|p2a: mitäh
|-boost|p2a: mitäh|spe|2
|
|-heal|p2a: mitäh|86/100|[from] item: Leftovers
|upkeep
|turn|31
|
|t:|1728848194
|move|p2a: mitäh|Meteor Mash|p1a: Zapdos
|-resisted|p1a: Zapdos
|-damage|p1a: Zapdos|74/100 slp
|cant|p1a: Zapdos|slp
|move|p1a: Zapdos|Sleep Talk|p1a: Zapdos
|move|p1a: Zapdos|Toxic|p2a: mitäh|[from]Sleep Talk
|-immune|p2a: mitäh
|
|-heal|p2a: mitäh|92/100|[from] item: Leftovers
|-heal|p1a: Zapdos|80/100 slp|[from] item: Leftovers
|upkeep
|turn|32
|
|t:|1728848205
|move|p2a: mitäh|Meteor Mash|p1a: Zapdos
|-resisted|p1a: Zapdos
|-damage|p1a: Zapdos|55/100 slp
|-boost|p2a: mitäh|atk|1
|cant|p1a: Zapdos|slp
|move|p1a: Zapdos|Sleep Talk|p1a: Zapdos
|move|p1a: Zapdos|Thunderbolt|p2a: mitäh|[from]Sleep Talk
|-damage|p2a: mitäh|52/100
|
|-heal|p2a: mitäh|58/100|[from] item: Leftovers
|-heal|p1a: Zapdos|61/100 slp|[from] item: Leftovers
|upkeep
|turn|33
|inactive|beeoi has 240 seconds left.
|
|t:|1728848235
|move|p2a: mitäh|Meteor Mash|p1a: Zapdos
|-resisted|p1a: Zapdos
|-damage|p1a: Zapdos|22/100 slp
|-curestatus|p1a: Zapdos|slp|[msg]
|move|p1a: Zapdos|Rest|p1a: Zapdos
|-status|p1a: Zapdos|slp|[from] move: Rest
|-heal|p1a: Zapdos|100/100 slp|[silent]
|
|-heal|p2a: mitäh|64/100|[from] item: Leftovers
|upkeep
|turn|34
|
|t:|1728848246
|move|p2a: mitäh|Meteor Mash|p1a: Zapdos
|-resisted|p1a: Zapdos
|-damage|p1a: Zapdos|65/100 slp
|cant|p1a: Zapdos|slp
|move|p1a: Zapdos|Sleep Talk|p1a: Zapdos
|move|p1a: Zapdos|Toxic|p2a: mitäh|[from]Sleep Talk
|-immune|p2a: mitäh
|
|-heal|p2a: mitäh|70/100|[from] item: Leftovers
|-heal|p1a: Zapdos|71/100 slp|[from] item: Leftovers
|upkeep
|turn|35
|
|t:|1728848258
|move|p2a: mitäh|Meteor Mash|p1a: Zapdos
|-resisted|p1a: Zapdos
|-damage|p1a: Zapdos|30/100 slp
|cant|p1a: Zapdos|slp
|move|p1a: Zapdos|Sleep Talk|p1a: Zapdos
|move|p1a: Zapdos|Rest|p1a: Zapdos|[from]Sleep Talk
|
|-heal|p2a: mitäh|77/100|[from] item: Leftovers
|-heal|p1a: Zapdos|36/100 slp|[from] item: Leftovers
|upkeep
|turn|36
|
|t:|1728848273
|move|p2a: mitäh|Meteor Mash|p1a: Zapdos
|-resisted|p1a: Zapdos
|-damage|p1a: Zapdos|0 fnt
|faint|p1a: Zapdos
|
|t:|1728848278
|switch|p1a: Blissey|Blissey, F|100/100
|
|-heal|p2a: mitäh|83/100|[from] item: Leftovers
|upkeep
|turn|37
|
|t:|1728848299
|move|p2a: mitäh|Earthquake|p1a: Blissey
|-crit|p1a: Blissey
|-damage|p1a: Blissey|0 fnt
|faint|p1a: Blissey
|
|win|charku
|c|☆charku|gg
|c|☆beeoi|GG
|player|p1|

</script>
<script type="application/json" class="data" id="replaydata-smogtours-gen3ou-798301">
{"id":"smogtours-gen3ou-798301","format":"[Gen 3] OU","players":["beeoi","charku"],"uploadtime":1728848299,"views":85,"formatid":"gen3ou","rating":null,"private":0,"password":null}
</script>

<script defer src="js/replays.js?9d40a366"></script>
