<!DOCTYPE html>
<meta charset="utf-8" />
<meta name="viewport" content="width=device-width" />

<title>[Gen 3] OU: OOz!? vs. Matthew Engarde - Replays - Pok&eacute;mon Showdown!</title>

<meta name="description" content="Watch a replay of a Pok&eacute;mon battle between OOz!? and Matthew Engarde! Format: [Gen 3] OU; Date: Oct 20, 2024" />
<!--

Hey, you! Looking in the source for the replay log?

You can find them in JSON format, just add `.json` at the end of a replay URL.

https://replay.pokemonshowdown.com/gen7randomdoublesbattle-865046831.json

Or, if you only need the log itself, add `.log` instead:

https://replay.pokemonshowdown.com/gen7randomdoublesbattle-865046831.log

-->

<link rel="stylesheet" href="//pokemonshowdown.com/style/global.css?0.767286132409787" />
<link rel="stylesheet" href="//play.pokemonshowdown.com/style/font-awesome.css?0.9266228007934947" />
<link rel="stylesheet" href="//play.pokemonshowdown.com/style/battle.css?0.7924700842790926" />
<link rel="stylesheet" href="//play.pokemonshowdown.com/style/utilichart.css?0.8777417872839479" />

<!-- Global site tag (gtag.js) - Google Analytics -->
<script async src="https://www.googletagmanager.com/gtag/js?id=UA-26211653-1"></script>
<script>
  window.dataLayer = window.dataLayer || [];
  function gtag(){dataLayer.push(arguments);}
  gtag('js', new Date());

  gtag('config', 'UA-26211653-1');
</script>
<!-- End Google Analytics -->
<!-- Venatus Ad Manager - Install in <HEAD> of page -->
	<script src="https://hb.vntsm.com/v3/live/ad-manager.min.js" type="text/javascript" data-site-id="642aba63ec9a7b11c3c9c1be" data-mode="scan" async></script>
<!-- / Venatus Ad Manager -->

<style>
	@media (max-width:820px) {
		.battle {
			margin: 0 auto;
		}
		.battle-log {
			margin: 7px auto 0;
			max-width: 640px;
			height: 300px;
			position: static;
		}
	}
	.optgroup {
		display: inline-block;
		line-height: 22px;
		font-size: 10pt;
	}
	.optgroup .button {
		height: 25px;
		padding-top: 0;
		padding-bottom: 0;
	}
	.optgroup button.button {
		padding-left: 12px;
		padding-right: 12px;
	}
	.linklist {
		list-style: none;
		margin: 0.5em 0;
		padding: 0;
	}
	.linklist li {
		padding: 2px 0;
	}
	.sidebar {
		float: left;
		width: 320px;
	}
	.bar-wrapper {
		max-width: 1100px;
		margin: 0 auto;
	}
	.bar-wrapper.has-sidebar {
		max-width: 1430px;
	}
	.mainbar {
		margin: 0;
		padding-right: 1px;
	}
	.mainbar.has-sidebar {
		margin-left: 330px;
	}
	@media (min-width: 1511px) {
		.sidebar {
			width: 400px;
		}
		.bar-wrapper.has-sidebar {
			max-width: 1510px;
		}
		.mainbar.has-sidebar {
			margin-left: 410px;
		}
	}
	.section.first-section {
		margin-top: 9px;
	}
	.blocklink small {
		white-space: normal;
	}
	.button {
		vertical-align: middle;
	}
	.replay-controls {
		padding-top: 10px;
	}
	.replay-controls h1 {
		font-size: 16pt;
		font-weight: normal;
		color: #CCC;
	}
	.pagelink {
		text-align: center;
	}
	.pagelink a {
		width: 150px;
	}
	.textbox, .button {
		font-size: 11pt;
		vertical-align: middle;
	}
	@media (max-width: 450px) {
		.button {
			font-size: 9pt;
		}
	}
</style>

<div>

	<header>
		<div class="nav-wrapper"><ul class="nav">
			<li><a class="button nav-first" href="//pokemonshowdown.com/"><img src="//pokemonshowdown.com/images/pokemonshowdownbeta.png" srcset="//pokemonshowdown.com/images/pokemonshowdownbeta.png 1x, //pokemonshowdown.com/images/pokemonshowdownbeta@2x.png 2x" alt="Pok&eacute;mon Showdown" width="146" height="44" /> Home</a></li>
			<li><a class="button" href="//pokemonshowdown.com/dex/">Pok&eacute;dex</a></li>
			<li><a class="button cur" href="/">Replays</a></li>
			<li><a class="button" href="//pokemonshowdown.com/ladder/">Ladder</a></li>
			<li><a class="button nav-last" href="//pokemonshowdown.com/forums/">Forum</a></li>
			<li><a class="button greenbutton nav-first nav-last" href="//play.pokemonshowdown.com/">Play</a></li>
		</ul></div>
	</header>

	<div class="main" id="main">

		<noscript><section class="section">You need to enable JavaScript to use this page; sorry!</section></noscript>

	</div>

</div>

<script defer nomodule src="//play.pokemonshowdown.com/js/lib/ps-polyfill.js"></script>
<script defer src="//play.pokemonshowdown.com/js/lib/preact.min.js"></script>

<script defer src="//play.pokemonshowdown.com/config/config.js?6dec07f6"></script>
<script defer src="//play.pokemonshowdown.com/js/lib/jquery-1.11.0.min.js"></script>
<script defer src="//play.pokemonshowdown.com/js/lib/html-sanitizer-minified.js"></script>
<script defer src="//play.pokemonshowdown.com/js/battle-sound.js"></script>
<script defer src="//play.pokemonshowdown.com/js/battledata.js?0.6315294753075389"></script>
<script defer src="//play.pokemonshowdown.com/data/pokedex-mini.js?0.7603743185311358"></script>
<script defer src="//play.pokemonshowdown.com/data/pokedex-mini-bw.js?0.030888842834281283"></script>
<script defer src="//play.pokemonshowdown.com/data/graphics.js?0.05593094747507488"></script>
<script defer src="//play.pokemonshowdown.com/data/pokedex.js?0.47064822249611904"></script>
<script defer src="//play.pokemonshowdown.com/data/moves.js?0.8583693120512459"></script>
<script defer src="//play.pokemonshowdown.com/data/abilities.js?0.16017181182386842"></script>
<script defer src="//play.pokemonshowdown.com/data/items.js?0.4163379185673943"></script>
<script defer src="//play.pokemonshowdown.com/data/teambuilder-tables.js?0.31075597372830477"></script>
<script defer src="//play.pokemonshowdown.com/js/battle-tooltips.js?0.6536193500708172"></script>
<script defer src="//play.pokemonshowdown.com/js/battle.js?0.1916591943277901"></script>

<script defer src="js/utils.js?e31f9a17"></script>
<script defer src="js/replays-battle.js?7008c182"></script>

<!-- don't scrape this data! just add .json or .log after the URL!
Full API docs: https://github.com/smogon/pokemon-showdown-client/blob/master/WEB-API.md -->
<script type="text/plain" class="log" id="replaylog-smogtours-gen3ou-800308">
|inactive|Battle timer is ON: inactive players will automatically lose when time's up.
|t:|1729418657
|gametype|singles
|player|p1|OOz!?|caitlin-masters|
|player|p2|Matthew Engarde|170|
|teamsize|p1|6
|teamsize|p2|6
|gen|3
|tier|[Gen 3] OU
|rule|Sleep Clause Mod: Limit one foe put to sleep
|rule|Switch Priority Clause Mod: Faster Pokémon switch first
|rule|Species Clause: Limit one of each Pokémon
|rule|OHKO Clause: OHKO moves are banned
|rule|Evasion Items Clause: Evasion items are banned
|rule|Evasion Moves Clause: Evasion moves are banned
|rule|Endless Battle Clause: Forcing endless battles is banned
|rule|HP Percentage Mod: HP is shown in percentages
|rule|One Boost Passer Clause: Limit one Baton Passer that has a way to boost its stats
|rule|Freeze Clause Mod: Limit one foe frozen
|
|t:|1729418657
|start
|switch|p1a: Buurman & Buurman|Tyranitar, M|100/100
|switch|p2a: Jynx|Jynx, F|100/100
|-weather|Sandstorm|[from] ability: Sand Stream|[of] p1a: Buurman & Buurman
|turn|1
|c|☆OOz!?|hf
|
|t:|1729418671
|move|p2a: Jynx|Substitute|p2a: Jynx
|-start|p2a: Jynx|Substitute
|-damage|p2a: Jynx|76/100
|move|p1a: Buurman & Buurman|Crunch|p2a: Jynx
|-supereffective|p2a: Jynx
|-end|p2a: Jynx|Substitute
|
|-weather|Sandstorm|[upkeep]
|-damage|p2a: Jynx|69/100|[from] Sandstorm
|-heal|p2a: Jynx|76/100|[from] item: Leftovers
|upkeep
|turn|2
|
|t:|1729418685
|move|p2a: Jynx|Lovely Kiss|p1a: Buurman & Buurman
|-status|p1a: Buurman & Buurman|slp|[from] move: Lovely Kiss
|cant|p1a: Buurman & Buurman|slp
|
|-weather|Sandstorm|[upkeep]
|-damage|p2a: Jynx|69/100|[from] Sandstorm
|-heal|p2a: Jynx|76/100|[from] item: Leftovers
|upkeep
|turn|3
|
|t:|1729418703
|move|p2a: Jynx|Substitute|p2a: Jynx
|-start|p2a: Jynx|Substitute
|-damage|p2a: Jynx|51/100
|cant|p1a: Buurman & Buurman|slp
|
|-weather|Sandstorm|[upkeep]
|-damage|p2a: Jynx|45/100|[from] Sandstorm
|-heal|p2a: Jynx|51/100|[from] item: Leftovers
|upkeep
|turn|4
|
|t:|1729418714
|switch|p1a: Dolma|Forretress, F|100/100
|move|p2a: Jynx|Calm Mind|p2a: Jynx
|-boost|p2a: Jynx|spa|1
|-boost|p2a: Jynx|spd|1
|
|-weather|Sandstorm|[upkeep]
|-damage|p2a: Jynx|45/100|[from] Sandstorm
|-heal|p2a: Jynx|51/100|[from] item: Leftovers
|upkeep
|turn|5
|
|t:|1729418722
|switch|p2a: Jirachi|Jirachi|100/100
|move|p1a: Dolma|Hidden Power|p2a: Jirachi
|-damage|p2a: Jirachi|78/100
|
|-weather|Sandstorm|[upkeep]
|-heal|p2a: Jirachi|84/100|[from] item: Leftovers
|upkeep
|turn|6
|
|t:|1729418731
|switch|p1a: Framboos|Blissey, F|100/100
|move|p2a: Jirachi|Fire Punch|p1a: Framboos
|-damage|p1a: Framboos|91/100
|
|-weather|Sandstorm|[upkeep]
|-damage|p1a: Framboos|85/100|[from] Sandstorm
|-heal|p2a: Jirachi|90/100|[from] item: Leftovers
|-heal|p1a: Framboos|91/100|[from] item: Leftovers
|upkeep
|turn|7
|
|t:|1729418740
|move|p2a: Jirachi|Calm Mind|p2a: Jirachi
|-boost|p2a: Jirachi|spa|1
|-boost|p2a: Jirachi|spd|1
|move|p1a: Framboos|Calm Mind|p1a: Framboos
|-boost|p1a: Framboos|spa|1
|-boost|p1a: Framboos|spd|1
|
|-weather|Sandstorm|[upkeep]
|-damage|p1a: Framboos|85/100|[from] Sandstorm
|-heal|p2a: Jirachi|96/100|[from] item: Leftovers
|-heal|p1a: Framboos|91/100|[from] item: Leftovers
|upkeep
|turn|8
|
|t:|1729418755
|move|p2a: Jirachi|Psychic|p1a: Framboos
|-damage|p1a: Framboos|76/100
|move|p1a: Framboos|Calm Mind|p1a: Framboos
|-boost|p1a: Framboos|spa|1
|-boost|p1a: Framboos|spd|1
|
|-weather|Sandstorm|[upkeep]
|-damage|p1a: Framboos|70/100|[from] Sandstorm
|-heal|p2a: Jirachi|100/100|[from] item: Leftovers
|-heal|p1a: Framboos|76/100|[from] item: Leftovers
|upkeep
|turn|9
|
|t:|1729418758
|move|p2a: Jirachi|Psychic|p1a: Framboos
|-damage|p1a: Framboos|65/100
|move|p1a: Framboos|Thunderbolt|p2a: Jirachi
|-damage|p2a: Jirachi|68/100
|
|-weather|Sandstorm|[upkeep]
|-damage|p1a: Framboos|59/100|[from] Sandstorm
|-heal|p2a: Jirachi|74/100|[from] item: Leftovers
|-heal|p1a: Framboos|65/100|[from] item: Leftovers
|upkeep
|turn|10
|
|t:|1729418761
|move|p2a: Jirachi|Calm Mind|p2a: Jirachi
|-boost|p2a: Jirachi|spa|1
|-boost|p2a: Jirachi|spd|1
|move|p1a: Framboos|Soft-Boiled|p1a: Framboos
|-heal|p1a: Framboos|100/100
|
|-weather|Sandstorm|[upkeep]
|-damage|p1a: Framboos|94/100|[from] Sandstorm
|-heal|p2a: Jirachi|80/100|[from] item: Leftovers
|-heal|p1a: Framboos|100/100|[from] item: Leftovers
|upkeep
|turn|11
|
|t:|1729418764
|move|p2a: Jirachi|Psychic|p1a: Framboos
|-damage|p1a: Framboos|86/100
|move|p1a: Framboos|Thunderbolt|p2a: Jirachi
|-damage|p2a: Jirachi|57/100
|
|-weather|Sandstorm|[upkeep]
|-damage|p1a: Framboos|79/100|[from] Sandstorm
|-heal|p2a: Jirachi|63/100|[from] item: Leftovers
|-heal|p1a: Framboos|86/100|[from] item: Leftovers
|upkeep
|turn|12
|
|t:|1729418780
|switch|p2a: Dugtrio|Dugtrio, M|100/100
|move|p1a: Framboos|Thunderbolt|p2a: Dugtrio
|-immune|p2a: Dugtrio
|
|-weather|Sandstorm|[upkeep]
|-damage|p1a: Framboos|79/100|[from] Sandstorm
|-heal|p1a: Framboos|86/100|[from] item: Leftovers
|upkeep
|turn|13
|
|t:|1729418783
|move|p2a: Dugtrio|Beat Up|p1a: Framboos
|-damage|p1a: Framboos|77/100
|-damage|p1a: Framboos|66/100
|-damage|p1a: Framboos|57/100
|-damage|p1a: Framboos|51/100
|-damage|p1a: Framboos|41/100
|-damage|p1a: Framboos|28/100
|-hitcount|p1a: Framboos|6
|move|p1a: Framboos|Ice Beam|p2a: Dugtrio
|-supereffective|p2a: Dugtrio
|-damage|p2a: Dugtrio|0 fnt
|faint|p2a: Dugtrio
|
|t:|1729418811
|switch|p2a: Raikou|Raikou|100/100
|
|-weather|Sandstorm|[upkeep]
|-damage|p2a: Raikou|94/100|[from] Sandstorm
|-damage|p1a: Framboos|22/100|[from] Sandstorm
|-heal|p2a: Raikou|100/100|[from] item: Leftovers
|-heal|p1a: Framboos|28/100|[from] item: Leftovers
|upkeep
|turn|14
|
|t:|1729418819
|move|p2a: Raikou|Calm Mind|p2a: Raikou
|-boost|p2a: Raikou|spa|1
|-boost|p2a: Raikou|spd|1
|move|p1a: Framboos|Soft-Boiled|p1a: Framboos
|-heal|p1a: Framboos|78/100
|
|-weather|Sandstorm|[upkeep]
|-damage|p2a: Raikou|94/100|[from] Sandstorm
|-damage|p1a: Framboos|72/100|[from] Sandstorm
|-heal|p2a: Raikou|100/100|[from] item: Leftovers
|-heal|p1a: Framboos|78/100|[from] item: Leftovers
|upkeep
|turn|15
|
|t:|1729418821
|move|p2a: Raikou|Calm Mind|p2a: Raikou
|-boost|p2a: Raikou|spa|1
|-boost|p2a: Raikou|spd|1
|move|p1a: Framboos|Ice Beam|p2a: Raikou
|-damage|p2a: Raikou|76/100
|
|-weather|Sandstorm|[upkeep]
|-damage|p2a: Raikou|70/100|[from] Sandstorm
|-damage|p1a: Framboos|72/100|[from] Sandstorm
|-heal|p2a: Raikou|76/100|[from] item: Leftovers
|-heal|p1a: Framboos|78/100|[from] item: Leftovers
|upkeep
|turn|16
|
|t:|1729418826
|move|p1a: Framboos|Ice Beam|p2a: Raikou
|-damage|p2a: Raikou|50/100
|move|p2a: Raikou|Roar|p1a: Framboos
|drag|p1a: Goggles|Flygon, F|100/100
|
|-weather|Sandstorm|[upkeep]
|-damage|p2a: Raikou|44/100|[from] Sandstorm
|-heal|p2a: Raikou|50/100|[from] item: Leftovers
|upkeep
|turn|17
|inactive|OOz!? has 270 seconds left.
|inactive|OOz!? has 240 seconds left.
|
|t:|1729418889
|switch|p2a: Zapdos|Zapdos|100/100
|move|p1a: Goggles|Earthquake|p2a: Zapdos
|-immune|p2a: Zapdos
|
|-weather|Sandstorm|[upkeep]
|-damage|p2a: Zapdos|94/100|[from] Sandstorm
|-heal|p2a: Zapdos|100/100|[from] item: Leftovers
|upkeep
|turn|18
|inactive|OOz!? has 240 seconds left.
|
|t:|1729418901
|switch|p1a: Framboos|Blissey, F|78/100
|move|p2a: Zapdos|Substitute|p2a: Zapdos
|-start|p2a: Zapdos|Substitute
|-damage|p2a: Zapdos|75/100
|
|-weather|Sandstorm|[upkeep]
|-damage|p2a: Zapdos|69/100|[from] Sandstorm
|-damage|p1a: Framboos|72/100|[from] Sandstorm
|-heal|p2a: Zapdos|75/100|[from] item: Leftovers
|-heal|p1a: Framboos|78/100|[from] item: Leftovers
|upkeep
|turn|19
|
|t:|1729418907
|move|p2a: Zapdos|Baton Pass|p2a: Zapdos
|
|t:|1729418914
|switch|p2a: Jirachi|Jirachi|63/100|[from] Baton Pass
|move|p1a: Framboos|Thunderbolt|p2a: Jirachi
|-crit|p2a: Jirachi
|-end|p2a: Jirachi|Substitute
|
|-weather|Sandstorm|[upkeep]
|-damage|p1a: Framboos|72/100|[from] Sandstorm
|-heal|p2a: Jirachi|70/100|[from] item: Leftovers
|-heal|p1a: Framboos|78/100|[from] item: Leftovers
|upkeep
|turn|20
|
|t:|1729418917
|move|p2a: Jirachi|Calm Mind|p2a: Jirachi
|-boost|p2a: Jirachi|spa|1
|-boost|p2a: Jirachi|spd|1
|move|p1a: Framboos|Calm Mind|p1a: Framboos
|-boost|p1a: Framboos|spa|1
|-boost|p1a: Framboos|spd|1
|
|-weather|Sandstorm|[upkeep]
|-damage|p1a: Framboos|72/100|[from] Sandstorm
|-heal|p2a: Jirachi|76/100|[from] item: Leftovers
|-heal|p1a: Framboos|78/100|[from] item: Leftovers
|upkeep
|turn|21
|
|t:|1729418920
|move|p2a: Jirachi|Calm Mind|p2a: Jirachi
|-boost|p2a: Jirachi|spa|1
|-boost|p2a: Jirachi|spd|1
|move|p1a: Framboos|Thunderbolt|p2a: Jirachi
|-damage|p2a: Jirachi|58/100
|
|-weather|Sandstorm|[upkeep]
|-damage|p1a: Framboos|72/100|[from] Sandstorm
|-heal|p2a: Jirachi|64/100|[from] item: Leftovers
|-heal|p1a: Framboos|78/100|[from] item: Leftovers
|upkeep
|turn|22
|
|t:|1729418922
|move|p2a: Jirachi|Calm Mind|p2a: Jirachi
|-boost|p2a: Jirachi|spa|1
|-boost|p2a: Jirachi|spd|1
|move|p1a: Framboos|Calm Mind|p1a: Framboos
|-boost|p1a: Framboos|spa|1
|-boost|p1a: Framboos|spd|1
|
|-weather|Sandstorm|[upkeep]
|-damage|p1a: Framboos|72/100|[from] Sandstorm
|-heal|p2a: Jirachi|70/100|[from] item: Leftovers
|-heal|p1a: Framboos|78/100|[from] item: Leftovers
|upkeep
|turn|23
|
|t:|1729418923
|move|p2a: Jirachi|Calm Mind|p2a: Jirachi
|-boost|p2a: Jirachi|spa|1
|-boost|p2a: Jirachi|spd|1
|move|p1a: Framboos|Calm Mind|p1a: Framboos
|-boost|p1a: Framboos|spa|1
|-boost|p1a: Framboos|spd|1
|
|-weather|Sandstorm|[upkeep]
|-damage|p1a: Framboos|72/100|[from] Sandstorm
|-heal|p2a: Jirachi|76/100|[from] item: Leftovers
|-heal|p1a: Framboos|78/100|[from] item: Leftovers
|upkeep
|turn|24
|
|t:|1729418925
|move|p2a: Jirachi|Calm Mind|p2a: Jirachi
|-boost|p2a: Jirachi|spa|1
|-boost|p2a: Jirachi|spd|1
|move|p1a: Framboos|Thunderbolt|p2a: Jirachi
|-damage|p2a: Jirachi|60/100
|
|-weather|Sandstorm|[upkeep]
|-damage|p1a: Framboos|72/100|[from] Sandstorm
|-heal|p2a: Jirachi|66/100|[from] item: Leftovers
|-heal|p1a: Framboos|78/100|[from] item: Leftovers
|upkeep
|turn|25
|
|t:|1729418928
|move|p2a: Jirachi|Calm Mind|p2a: Jirachi
|-boost|p2a: Jirachi|spa|1
|-boost|p2a: Jirachi|spd|1
|move|p1a: Framboos|Calm Mind|p1a: Framboos
|-boost|p1a: Framboos|spa|1
|-boost|p1a: Framboos|spd|1
|
|-weather|Sandstorm|[upkeep]
|-damage|p1a: Framboos|72/100|[from] Sandstorm
|-heal|p2a: Jirachi|72/100|[from] item: Leftovers
|-heal|p1a: Framboos|78/100|[from] item: Leftovers
|upkeep
|turn|26
|
|t:|1729418930
|move|p2a: Jirachi|Psychic|p1a: Framboos
|-damage|p1a: Framboos|55/100
|move|p1a: Framboos|Calm Mind|p1a: Framboos
|-boost|p1a: Framboos|spa|1
|-boost|p1a: Framboos|spd|1
|
|-weather|Sandstorm|[upkeep]
|-damage|p1a: Framboos|49/100|[from] Sandstorm
|-heal|p2a: Jirachi|78/100|[from] item: Leftovers
|-heal|p1a: Framboos|55/100|[from] item: Leftovers
|upkeep
|turn|27
|
|t:|1729418932
|move|p2a: Jirachi|Psychic|p1a: Framboos
|-damage|p1a: Framboos|37/100
|-unboost|p1a: Framboos|spd|1
|move|p1a: Framboos|Soft-Boiled|p1a: Framboos
|-heal|p1a: Framboos|87/100
|
|-weather|Sandstorm|[upkeep]
|-damage|p1a: Framboos|81/100|[from] Sandstorm
|-heal|p2a: Jirachi|84/100|[from] item: Leftovers
|-heal|p1a: Framboos|87/100|[from] item: Leftovers
|upkeep
|turn|28
|
|t:|1729418938
|move|p2a: Jirachi|Psychic|p1a: Framboos
|-damage|p1a: Framboos|68/100
|move|p1a: Framboos|Thunderbolt|p2a: Jirachi
|-damage|p2a: Jirachi|65/100
|
|-weather|Sandstorm|[upkeep]
|-damage|p1a: Framboos|62/100|[from] Sandstorm
|-heal|p2a: Jirachi|71/100|[from] item: Leftovers
|-heal|p1a: Framboos|68/100|[from] item: Leftovers
|upkeep
|turn|29
|
|t:|1729418940
|move|p2a: Jirachi|Psychic|p1a: Framboos
|-damage|p1a: Framboos|46/100
|-unboost|p1a: Framboos|spd|1
|move|p1a: Framboos|Thunderbolt|p2a: Jirachi
|-damage|p2a: Jirachi|51/100
|
|-weather|Sandstorm|[upkeep]
|-damage|p1a: Framboos|40/100|[from] Sandstorm
|-heal|p2a: Jirachi|58/100|[from] item: Leftovers
|-heal|p1a: Framboos|46/100|[from] item: Leftovers
|upkeep
|turn|30
|
|t:|1729418943
|move|p2a: Jirachi|Psychic|p1a: Framboos
|-damage|p1a: Framboos|20/100
|move|p1a: Framboos|Thunderbolt|p2a: Jirachi
|-damage|p2a: Jirachi|38/100
|
|-weather|Sandstorm|[upkeep]
|-damage|p1a: Framboos|14/100|[from] Sandstorm
|-heal|p2a: Jirachi|44/100|[from] item: Leftovers
|-heal|p1a: Framboos|20/100|[from] item: Leftovers
|upkeep
|turn|31
|
|t:|1729418946
|move|p2a: Jirachi|Psychic|p1a: Framboos
|-damage|p1a: Framboos|0 fnt
|faint|p1a: Framboos
|
|t:|1729418957
|switch|p1a: Buurman & Buurman|Tyranitar, M|100/100 slp
|
|-weather|Sandstorm|[upkeep]
|-heal|p2a: Jirachi|50/100|[from] item: Leftovers
|upkeep
|turn|32
|
|t:|1729418960
|move|p2a: Jirachi|Hidden Power|p1a: Buurman & Buurman
|-supereffective|p1a: Buurman & Buurman
|-damage|p1a: Buurman & Buurman|0 fnt
|faint|p1a: Buurman & Buurman
|
|t:|1729418966
|switch|p1a: Goggles|Flygon, F|100/100
|
|-weather|Sandstorm|[upkeep]
|-heal|p2a: Jirachi|57/100|[from] item: Leftovers
|upkeep
|turn|33
|
|t:|1729418969
|move|p2a: Jirachi|Psychic|p1a: Goggles
|-damage|p1a: Goggles|0 fnt
|faint|p1a: Goggles
|c|☆OOz!?|gg
|-message|OOz!? forfeited.
|
|win|Matthew Engarde
|c|☆Matthew Engarde|gg

</script>
<script type="application/json" class="data" id="replaydata-smogtours-gen3ou-800308">
{"id":"smogtours-gen3ou-800308","format":"[Gen 3] OU","players":["OOz!?","Matthew Engarde"],"uploadtime":1729418978,"views":109,"formatid":"gen3ou","rating":null,"private":0,"password":null}
</script>

<script defer src="js/replays.js?9d40a366"></script>
