<!DOCTYPE html>
<meta charset="utf-8" />
<meta name="viewport" content="width=device-width" />

<title>[Gen 3] OU: Dr4gonl0rd vs. bandoodee - Replays - Pok&eacute;mon Showdown!</title>

<meta name="description" content="Watch a replay of a Pok&eacute;mon battle between Dr4gonl0rd and bandoodee! Format: [Gen 3] OU; Date: Oct 27, 2024" />
<!--

Hey, you! Looking in the source for the replay log?

You can find them in JSON format, just add `.json` at the end of a replay URL.

https://replay.pokemonshowdown.com/gen7randomdoublesbattle-865046831.json

Or, if you only need the log itself, add `.log` instead:

https://replay.pokemonshowdown.com/gen7randomdoublesbattle-865046831.log

-->

<link rel="stylesheet" href="//pokemonshowdown.com/style/global.css?0.023195364461161105" />
<link rel="stylesheet" href="//play.pokemonshowdown.com/style/font-awesome.css?0.13261647063804238" />
<link rel="stylesheet" href="//play.pokemonshowdown.com/style/battle.css?0.8753245789963631" />
<link rel="stylesheet" href="//play.pokemonshowdown.com/style/utilichart.css?0.8627959624976733" />

<!-- Global site tag (gtag.js) - Google Analytics -->
<script async src="https://www.googletagmanager.com/gtag/js?id=UA-26211653-1"></script>
<script>
  window.dataLayer = window.dataLayer || [];
  function gtag(){dataLayer.push(arguments);}
  gtag('js', new Date());

  gtag('config', 'UA-26211653-1');
</script>
<!-- End Google Analytics -->
<!-- Venatus Ad Manager - Install in <HEAD> of page -->
	<script src="https://hb.vntsm.com/v3/live/ad-manager.min.js" type="text/javascript" data-site-id="642aba63ec9a7b11c3c9c1be" data-mode="scan" async></script>
<!-- / Venatus Ad Manager -->

<style>
	@media (max-width:820px) {
		.battle {
			margin: 0 auto;
		}
		.battle-log {
			margin: 7px auto 0;
			max-width: 640px;
			height: 300px;
			position: static;
		}
	}
	.optgroup {
		display: inline-block;
		line-height: 22px;
		font-size: 10pt;
	}
	.optgroup .button {
		height: 25px;
		padding-top: 0;
		padding-bottom: 0;
	}
	.optgroup button.button {
		padding-left: 12px;
		padding-right: 12px;
	}
	.linklist {
		list-style: none;
		margin: 0.5em 0;
		padding: 0;
	}
	.linklist li {
		padding: 2px 0;
	}
	.sidebar {
		float: left;
		width: 320px;
	}
	.bar-wrapper {
		max-width: 1100px;
		margin: 0 auto;
	}
	.bar-wrapper.has-sidebar {
		max-width: 1430px;
	}
	.mainbar {
		margin: 0;
		padding-right: 1px;
	}
	.mainbar.has-sidebar {
		margin-left: 330px;
	}
	@media (min-width: 1511px) {
		.sidebar {
			width: 400px;
		}
		.bar-wrapper.has-sidebar {
			max-width: 1510px;
		}
		.mainbar.has-sidebar {
			margin-left: 410px;
		}
	}
	.section.first-section {
		margin-top: 9px;
	}
	.blocklink small {
		white-space: normal;
	}
	.button {
		vertical-align: middle;
	}
	.replay-controls {
		padding-top: 10px;
	}
	.replay-controls h1 {
		font-size: 16pt;
		font-weight: normal;
		color: #CCC;
	}
	.pagelink {
		text-align: center;
	}
	.pagelink a {
		width: 150px;
	}
	.textbox, .button {
		font-size: 11pt;
		vertical-align: middle;
	}
	@media (max-width: 450px) {
		.button {
			font-size: 9pt;
		}
	}
</style>

<div>

	<header>
		<div class="nav-wrapper"><ul class="nav">
			<li><a class="button nav-first" href="//pokemonshowdown.com/"><img src="//pokemonshowdown.com/images/pokemonshowdownbeta.png" srcset="//pokemonshowdown.com/images/pokemonshowdownbeta.png 1x, //pokemonshowdown.com/images/pokemonshowdownbeta@2x.png 2x" alt="Pok&eacute;mon Showdown" width="146" height="44" /> Home</a></li>
			<li><a class="button" href="//pokemonshowdown.com/dex/">Pok&eacute;dex</a></li>
			<li><a class="button cur" href="/">Replays</a></li>
			<li><a class="button" href="//pokemonshowdown.com/ladder/">Ladder</a></li>
			<li><a class="button nav-last" href="//pokemonshowdown.com/forums/">Forum</a></li>
			<li><a class="button greenbutton nav-first nav-last" href="//play.pokemonshowdown.com/">Play</a></li>
		</ul></div>
	</header>

	<div class="main" id="main">

		<noscript><section class="section">You need to enable JavaScript to use this page; sorry!</section></noscript>

	</div>

</div>

<script defer nomodule src="//play.pokemonshowdown.com/js/lib/ps-polyfill.js"></script>
<script defer src="//play.pokemonshowdown.com/js/lib/preact.min.js"></script>

<script defer src="//play.pokemonshowdown.com/config/config.js?2bddbc15"></script>
<script defer src="//play.pokemonshowdown.com/js/lib/jquery-1.11.0.min.js"></script>
<script defer src="//play.pokemonshowdown.com/js/lib/html-sanitizer-minified.js"></script>
<script defer src="//play.pokemonshowdown.com/js/battle-sound.js"></script>
<script defer src="//play.pokemonshowdown.com/js/battledata.js?0.7209276989879541"></script>
<script defer src="//play.pokemonshowdown.com/data/pokedex-mini.js?0.6111056340867951"></script>
<script defer src="//play.pokemonshowdown.com/data/pokedex-mini-bw.js?0.3532142036491459"></script>
<script defer src="//play.pokemonshowdown.com/data/graphics.js?0.24223875632456182"></script>
<script defer src="//play.pokemonshowdown.com/data/pokedex.js?0.38839984266356864"></script>
<script defer src="//play.pokemonshowdown.com/data/moves.js?0.21866028504024015"></script>
<script defer src="//play.pokemonshowdown.com/data/abilities.js?0.2005157953846628"></script>
<script defer src="//play.pokemonshowdown.com/data/items.js?0.9894211263848525"></script>
<script defer src="//play.pokemonshowdown.com/data/teambuilder-tables.js?0.6008791140282215"></script>
<script defer src="//play.pokemonshowdown.com/js/battle-tooltips.js?0.7580118955022959"></script>
<script defer src="//play.pokemonshowdown.com/js/battle.js?0.6057722274234274"></script>

<script defer src="js/utils.js?e31f9a17"></script>
<script defer src="js/replays-battle.js?7008c182"></script>

<!-- don't scrape this data! just add .json or .log after the URL!
Full API docs: https://github.com/smogon/pokemon-showdown-client/blob/master/WEB-API.md -->
<script type="text/plain" class="log" id="replaylog-smogtours-gen3ou-802665">
|inactive|Battle timer is ON: inactive players will automatically lose when time's up.
|t:|1730057503
|gametype|singles
|player|p1|Dr4gonl0rd|1|
|player|p2|bandoodee|101|
|teamsize|p1|6
|teamsize|p2|6
|gen|3
|tier|[Gen 3] OU
|rule|Sleep Clause Mod: Limit one foe put to sleep
|rule|Switch Priority Clause Mod: Faster Pokémon switch first
|rule|Species Clause: Limit one of each Pokémon
|rule|OHKO Clause: OHKO moves are banned
|rule|Evasion Items Clause: Evasion items are banned
|rule|Evasion Moves Clause: Evasion moves are banned
|rule|Endless Battle Clause: Forcing endless battles is banned
|rule|HP Percentage Mod: HP is shown in percentages
|rule|One Boost Passer Clause: Limit one Baton Passer that has a way to boost its stats
|rule|Freeze Clause Mod: Limit one foe frozen
|
|t:|1730057503
|start
|switch|p1a: My mom|Flygon, F|100/100
|switch|p2a: Zapdos|Zapdos|100/100
|turn|1
|c|☆bandoodee|glhf
|c|☆Dr4gonl0rd|you too
|
|t:|1730057525
|move|p2a: Zapdos|Substitute|p2a: Zapdos
|-start|p2a: Zapdos|Substitute
|-damage|p2a: Zapdos|76/100
|move|p1a: My mom|Rock Slide|p2a: Zapdos
|-supereffective|p2a: Zapdos
|-end|p2a: Zapdos|Substitute
|
|-heal|p2a: Zapdos|82/100|[from] item: Leftovers
|upkeep
|turn|2
|
|t:|1730057531
|switch|p2a: Skarmory|Skarmory, M|100/100
|switch|p1a: 🧄🧅🧅|Celebi|100/100
|
|upkeep
|turn|3
|
|t:|1730057535
|switch|p1a: Magnetoff|Magneton|100/100
|move|p2a: Skarmory|Spikes|p1a: Magnetoff
|-sidestart|p1: Dr4gonl0rd|Spikes
|
|upkeep
|turn|4
|
|t:|1730057545
|move|p1a: Magnetoff|Thunderbolt|p2a: Skarmory
|-supereffective|p2a: Skarmory
|-damage|p2a: Skarmory|0 fnt
|faint|p2a: Skarmory
|
|t:|1730057547
|switch|p2a: Dugtrio|Dugtrio, M|100/100
|
|upkeep
|turn|5
|
|t:|1730057551
|move|p2a: Dugtrio|Earthquake|p1a: Magnetoff
|-supereffective|p1a: Magnetoff
|-damage|p1a: Magnetoff|0 fnt
|faint|p1a: Magnetoff
|
|t:|1730057557
|switch|p1a: 🦅🦅|Skarmory, F|100/100
|
|upkeep
|turn|6
|
|t:|1730057564
|switch|p2a: Zapdos|Zapdos|82/100
|move|p1a: 🦅🦅|Spikes|p2a: Zapdos
|-sidestart|p2: bandoodee|Spikes
|
|-heal|p2a: Zapdos|88/100|[from] item: Leftovers
|upkeep
|turn|7
|
|t:|1730057572
|move|p2a: Zapdos|Substitute|p2a: Zapdos
|-start|p2a: Zapdos|Substitute
|-damage|p2a: Zapdos|63/100
|move|p1a: 🦅🦅|Roar|p2a: Zapdos
|drag|p2a: Blissey|Blissey, F|100/100
|-damage|p2a: Blissey|88/100|[from] Spikes
|
|-heal|p2a: Blissey|94/100|[from] item: Leftovers
|upkeep
|turn|8
|
|t:|1730057581
|move|p1a: 🦅🦅|Spikes|p2a: Blissey
|-sidestart|p2: bandoodee|Spikes
|move|p2a: Blissey|Thunderbolt|p1a: 🦅🦅
|-supereffective|p1a: 🦅🦅
|-damage|p1a: 🦅🦅|53/100
|
|-heal|p1a: 🦅🦅|59/100|[from] item: Leftovers
|-heal|p2a: Blissey|99/100|[from] item: Leftovers
|upkeep
|turn|9
|
|t:|1730057589
|move|p1a: 🦅🦅|Protect|p1a: 🦅🦅
|-singleturn|p1a: 🦅🦅|Protect
|move|p2a: Blissey|Calm Mind|p2a: Blissey
|-boost|p2a: Blissey|spa|1
|-boost|p2a: Blissey|spd|1
|
|-heal|p1a: 🦅🦅|65/100|[from] item: Leftovers
|-heal|p2a: Blissey|100/100|[from] item: Leftovers
|upkeep
|turn|10
|
|t:|1730057596
|move|p2a: Blissey|Thunderbolt|p1a: 🦅🦅
|-supereffective|p1a: 🦅🦅
|-damage|p1a: 🦅🦅|0 fnt
|faint|p1a: 🦅🦅
|
|t:|1730057607
|switch|p1a: The king|Tyranitar, M|100/100
|-damage|p1a: The king|88/100|[from] Spikes
|-weather|Sandstorm|[from] ability: Sand Stream|[of] p1a: The king
|
|-weather|Sandstorm|[upkeep]
|-damage|p2a: Blissey|94/100|[from] Sandstorm
|-heal|p2a: Blissey|100/100|[from] item: Leftovers
|upkeep
|turn|11
|inactive|bandoodee has 270 seconds left.
|
|t:|1730057657
|switch|p2a: Dugtrio|Dugtrio, M|100/100
|-damage|p2a: Dugtrio|84/100|[from] Spikes
|move|p1a: The king|Brick Break|p2a: Dugtrio
|-damage|p2a: Dugtrio|24/100
|
|-weather|Sandstorm|[upkeep]
|upkeep
|turn|12
|
|t:|1730057664
|move|p2a: Dugtrio|Earthquake|p1a: The king
|-supereffective|p1a: The king
|-damage|p1a: The king|0 fnt
|faint|p1a: The king
|
|t:|1730057681
|switch|p1a: My sister|Milotic, F|100/100
|-damage|p1a: My sister|88/100|[from] Spikes
|
|-weather|Sandstorm|[upkeep]
|-damage|p1a: My sister|82/100|[from] Sandstorm
|-heal|p1a: My sister|88/100|[from] item: Leftovers
|upkeep
|turn|13
|inactive|bandoodee has 270 seconds left.
|
|t:|1730057692
|switch|p2a: Blissey|Blissey, F|100/100
|-damage|p2a: Blissey|84/100|[from] Spikes
|move|p1a: My sister|Surf|p2a: Blissey
|-damage|p2a: Blissey|71/100
|
|-weather|Sandstorm|[upkeep]
|-damage|p1a: My sister|82/100|[from] Sandstorm
|-damage|p2a: Blissey|65/100|[from] Sandstorm
|-heal|p1a: My sister|88/100|[from] item: Leftovers
|-heal|p2a: Blissey|71/100|[from] item: Leftovers
|upkeep
|turn|14
|
|t:|1730057697
|move|p1a: My sister|Toxic|p2a: Blissey
|-status|p2a: Blissey|tox
|move|p2a: Blissey|Thunderbolt|p1a: My sister
|-supereffective|p1a: My sister
|-damage|p1a: My sister|50/100
|
|-weather|Sandstorm|[upkeep]
|-damage|p1a: My sister|44/100|[from] Sandstorm
|-damage|p2a: Blissey|65/100 tox|[from] Sandstorm
|-heal|p1a: My sister|50/100|[from] item: Leftovers
|-heal|p2a: Blissey|71/100 tox|[from] item: Leftovers
|-damage|p2a: Blissey|65/100 tox|[from] psn
|upkeep
|turn|15
|
|t:|1730057702
|move|p1a: My sister|Recover|p1a: My sister
|-heal|p1a: My sister|99/100
|move|p2a: Blissey|Soft-Boiled|p2a: Blissey
|-heal|p2a: Blissey|100/100 tox
|
|-weather|Sandstorm|[upkeep]
|-damage|p1a: My sister|93/100|[from] Sandstorm
|-damage|p2a: Blissey|94/100 tox|[from] Sandstorm
|-heal|p1a: My sister|99/100|[from] item: Leftovers
|-heal|p2a: Blissey|100/100 tox|[from] item: Leftovers
|-damage|p2a: Blissey|88/100 tox|[from] psn
|upkeep
|turn|16
|
|t:|1730057710
|-curestatus|p2a: Blissey|tox|[from] ability: Natural Cure
|switch|p2a: Suicune|Suicune|100/100
|-damage|p2a: Suicune|84/100|[from] Spikes
|move|p1a: My sister|Surf|p2a: Suicune
|-resisted|p2a: Suicune
|-damage|p2a: Suicune|71/100
|
|-weather|Sandstorm|[upkeep]
|-damage|p2a: Suicune|65/100|[from] Sandstorm
|-damage|p1a: My sister|93/100|[from] Sandstorm
|-heal|p1a: My sister|99/100|[from] item: Leftovers
|-heal|p2a: Suicune|71/100|[from] item: Leftovers
|upkeep
|turn|17
|
|t:|1730057716
|move|p2a: Suicune|Calm Mind|p2a: Suicune
|-boost|p2a: Suicune|spa|1
|-boost|p2a: Suicune|spd|1
|move|p1a: My sister|Toxic|p2a: Suicune
|-status|p2a: Suicune|tox
|
|-weather|Sandstorm|[upkeep]
|-damage|p2a: Suicune|65/100 tox|[from] Sandstorm
|-damage|p1a: My sister|93/100|[from] Sandstorm
|-heal|p1a: My sister|99/100|[from] item: Leftovers
|-heal|p2a: Suicune|71/100 tox|[from] item: Leftovers
|-damage|p2a: Suicune|65/100 tox|[from] psn
|upkeep
|turn|18
|
|t:|1730057722
|switch|p1a: 🧄🧅🧅|Celebi|100/100
|-damage|p1a: 🧄🧅🧅|88/100|[from] Spikes
|move|p2a: Suicune|Calm Mind|p2a: Suicune
|-boost|p2a: Suicune|spa|1
|-boost|p2a: Suicune|spd|1
|
|-weather|Sandstorm|[upkeep]
|-damage|p1a: 🧄🧅🧅|82/100|[from] Sandstorm
|-damage|p2a: Suicune|59/100 tox|[from] Sandstorm
|-heal|p1a: 🧄🧅🧅|88/100|[from] item: Leftovers
|-heal|p2a: Suicune|65/100 tox|[from] item: Leftovers
|-damage|p2a: Suicune|52/100 tox|[from] psn
|upkeep
|turn|19
|
|t:|1730057734
|switch|p2a: Metagross|Metagross|100/100
|-damage|p2a: Metagross|84/100|[from] Spikes
|move|p1a: 🧄🧅🧅|Calm Mind|p1a: 🧄🧅🧅
|-boost|p1a: 🧄🧅🧅|spa|1
|-boost|p1a: 🧄🧅🧅|spd|1
|
|-weather|Sandstorm|[upkeep]
|-damage|p1a: 🧄🧅🧅|82/100|[from] Sandstorm
|-heal|p1a: 🧄🧅🧅|88/100|[from] item: Leftovers
|-heal|p2a: Metagross|90/100|[from] item: Leftovers
|upkeep
|turn|20
|
|t:|1730057741
|switch|p1a: My sister|Milotic, F|99/100
|-damage|p1a: My sister|87/100|[from] Spikes
|move|p2a: Metagross|Meteor Mash|p1a: My sister
|-resisted|p1a: My sister
|-damage|p1a: My sister|66/100
|
|-weather|Sandstorm|[upkeep]
|-damage|p1a: My sister|60/100|[from] Sandstorm
|-heal|p1a: My sister|66/100|[from] item: Leftovers
|-heal|p2a: Metagross|96/100|[from] item: Leftovers
|upkeep
|turn|21
|
|t:|1730057748
|switch|p2a: Suicune|Suicune|52/100 tox
|-damage|p2a: Suicune|36/100 tox|[from] Spikes
|move|p1a: My sister|Surf|p2a: Suicune
|-resisted|p2a: Suicune
|-damage|p2a: Suicune|23/100 tox
|
|-weather|Sandstorm|[upkeep]
|-damage|p1a: My sister|60/100|[from] Sandstorm
|-damage|p2a: Suicune|17/100 tox|[from] Sandstorm
|-heal|p2a: Suicune|23/100 tox|[from] item: Leftovers
|-heal|p1a: My sister|66/100|[from] item: Leftovers
|-damage|p2a: Suicune|17/100 tox|[from] psn
|upkeep
|turn|22
|
|t:|1730057752
|move|p1a: My sister|Recover|p1a: My sister
|-heal|p1a: My sister|100/100
|move|p2a: Suicune|Rest|p2a: Suicune
|-status|p2a: Suicune|slp|[from] move: Rest
|-heal|p2a: Suicune|100/100 slp|[silent]
|
|-weather|Sandstorm|[upkeep]
|-damage|p2a: Suicune|94/100 slp|[from] Sandstorm
|-damage|p1a: My sister|94/100|[from] Sandstorm
|-heal|p2a: Suicune|100/100 slp|[from] item: Leftovers
|-heal|p1a: My sister|100/100|[from] item: Leftovers
|upkeep
|turn|23
|
|t:|1730057758
|switch|p1a: 🧄🧅🧅|Celebi|88/100
|-damage|p1a: 🧄🧅🧅|75/100|[from] Spikes
|switch|p2a: Dugtrio|Dugtrio, M|24/100
|-damage|p2a: Dugtrio|7/100|[from] Spikes
|
|-weather|Sandstorm|[upkeep]
|-damage|p1a: 🧄🧅🧅|69/100|[from] Sandstorm
|-heal|p1a: 🧄🧅🧅|75/100|[from] item: Leftovers
|upkeep
|turn|24
|
|t:|1730057766
|move|p2a: Dugtrio|Hidden Power|p1a: 🧄🧅🧅
|-supereffective|p1a: 🧄🧅🧅
|-damage|p1a: 🧄🧅🧅|0 fnt
|faint|p1a: 🧄🧅🧅
|
|t:|1730057771
|switch|p1a: My sister|Milotic, F|100/100
|-damage|p1a: My sister|88/100|[from] Spikes
|
|-weather|Sandstorm|[upkeep]
|-damage|p1a: My sister|82/100|[from] Sandstorm
|-heal|p1a: My sister|88/100|[from] item: Leftovers
|upkeep
|turn|25
|
|t:|1730057781
|switch|p2a: Suicune|Suicune|100/100 slp
|-damage|p2a: Suicune|84/100 slp|[from] Spikes
|move|p1a: My sister|Toxic||[still]
|-fail|p1a: My sister
|
|-weather|Sandstorm|[upkeep]
|-damage|p2a: Suicune|78/100 slp|[from] Sandstorm
|-damage|p1a: My sister|82/100|[from] Sandstorm
|-heal|p1a: My sister|88/100|[from] item: Leftovers
|-heal|p2a: Suicune|84/100 slp|[from] item: Leftovers
|upkeep
|turn|26
|
|t:|1730057800
|switch|p1a: My mom|Flygon, F|100/100
|cant|p2a: Suicune|slp
|
|-weather|Sandstorm|[upkeep]
|-damage|p2a: Suicune|78/100 slp|[from] Sandstorm
|-heal|p2a: Suicune|84/100 slp|[from] item: Leftovers
|upkeep
|turn|27
|
|t:|1730057816
|move|p1a: My mom|Earthquake|p2a: Suicune
|-damage|p2a: Suicune|36/100 slp
|cant|p2a: Suicune|slp
|
|-weather|Sandstorm|[upkeep]
|-damage|p2a: Suicune|30/100 slp|[from] Sandstorm
|-heal|p2a: Suicune|36/100 slp|[from] item: Leftovers
|upkeep
|turn|28
|
|t:|1730057825
|switch|p1a: My sister|Milotic, F|88/100
|-damage|p1a: My sister|76/100|[from] Spikes
|switch|p2a: Zapdos|Zapdos|63/100
|
|-weather|Sandstorm|[upkeep]
|-damage|p2a: Zapdos|57/100|[from] Sandstorm
|-damage|p1a: My sister|69/100|[from] Sandstorm
|-heal|p2a: Zapdos|63/100|[from] item: Leftovers
|-heal|p1a: My sister|76/100|[from] item: Leftovers
|upkeep
|turn|29
|
|t:|1730057839
|switch|p1a: My mom|Flygon, F|100/100
|move|p2a: Zapdos|Hidden Power|p1a: My mom
|-damage|p1a: My mom|66/100
|
|-weather|Sandstorm|[upkeep]
|-damage|p2a: Zapdos|57/100|[from] Sandstorm
|-heal|p2a: Zapdos|63/100|[from] item: Leftovers
|upkeep
|turn|30
|
|t:|1730057850
|switch|p2a: Dugtrio|Dugtrio, M|7/100
|-damage|p2a: Dugtrio|0 fnt|[from] Spikes
|faint|p2a: Dugtrio
|
|t:|1730057853
|switch|p2a: Metagross|Metagross|96/100
|-damage|p2a: Metagross|80/100|[from] Spikes
|
|-weather|Sandstorm|[upkeep]
|-heal|p2a: Metagross|86/100|[from] item: Leftovers
|upkeep
|turn|31
|
|t:|1730057857
|move|p2a: Metagross|Protect|p2a: Metagross
|-singleturn|p2a: Metagross|Protect
|move|p1a: My mom|Earthquake|p2a: Metagross
|-activate|p2a: Metagross|Protect
|
|-weather|Sandstorm|[upkeep]
|-heal|p2a: Metagross|92/100|[from] item: Leftovers
|upkeep
|turn|32
|
|t:|1730057863
|switch|p1a: My sister|Milotic, F|76/100
|-damage|p1a: My sister|63/100|[from] Spikes
|switch|p2a: Zapdos|Zapdos|63/100
|
|-weather|Sandstorm|[upkeep]
|-damage|p2a: Zapdos|57/100|[from] Sandstorm
|-damage|p1a: My sister|57/100|[from] Sandstorm
|-heal|p2a: Zapdos|63/100|[from] item: Leftovers
|-heal|p1a: My sister|63/100|[from] item: Leftovers
|upkeep
|turn|33
|
|t:|1730057873
|move|p2a: Zapdos|Thunderbolt|p1a: My sister
|-supereffective|p1a: My sister
|-damage|p1a: My sister|0 fnt
|faint|p1a: My sister
|
|t:|1730057876
|switch|p1a: My mom|Flygon, F|66/100
|
|-weather|Sandstorm|[upkeep]
|-damage|p2a: Zapdos|57/100|[from] Sandstorm
|-heal|p2a: Zapdos|63/100|[from] item: Leftovers
|upkeep
|turn|34
|
|t:|1730057881
|move|p2a: Zapdos|Hidden Power|p1a: My mom
|-damage|p1a: My mom|36/100
|move|p1a: My mom|Rock Slide|p2a: Zapdos
|-supereffective|p2a: Zapdos
|-damage|p2a: Zapdos|0 fnt
|faint|p2a: Zapdos
|
|t:|1730057885
|switch|p2a: Metagross|Metagross|92/100
|-damage|p2a: Metagross|75/100|[from] Spikes
|
|-weather|Sandstorm|[upkeep]
|-heal|p2a: Metagross|81/100|[from] item: Leftovers
|upkeep
|turn|35
|
|t:|1730057888
|move|p2a: Metagross|Protect|p2a: Metagross
|-singleturn|p2a: Metagross|Protect
|move|p1a: My mom|Rock Slide|p2a: Metagross
|-activate|p2a: Metagross|Protect
|
|-weather|Sandstorm|[upkeep]
|-heal|p2a: Metagross|87/100|[from] item: Leftovers
|upkeep
|turn|36
|
|t:|1730057891
|move|p1a: My mom|Rock Slide|p2a: Metagross
|-resisted|p2a: Metagross
|-damage|p2a: Metagross|77/100
|move|p2a: Metagross|Meteor Mash|p1a: My mom
|-damage|p1a: My mom|0 fnt
|faint|p1a: My mom
|
|win|bandoodee
|c|☆bandoodee|gg
|c|☆Dr4gonl0rd|gg

</script>
<script type="application/json" class="data" id="replaydata-smogtours-gen3ou-802665">
{"id":"smogtours-gen3ou-802665","format":"[Gen 3] OU","players":["Dr4gonl0rd","bandoodee"],"uploadtime":1730057891,"views":64,"formatid":"gen3ou","rating":null,"private":0,"password":null}
</script>

<script defer src="js/replays.js?9d40a366"></script>
