<!DOCTYPE html>
<meta charset="utf-8" />
<meta name="viewport" content="width=device-width" />

<title>[Gen 3] OU: emma_emma_emma vs. Tasmanian Demon - Replays - Pok&eacute;mon Showdown!</title>

<meta name="description" content="Watch a replay of a Pok&eacute;mon battle between emma_emma_emma and Tasmanian Demon! Format: [Gen 3] OU; Date: Oct 2, 2024" />
<!--

Hey, you! Looking in the source for the replay log?

You can find them in JSON format, just add `.json` at the end of a replay URL.

https://replay.pokemonshowdown.com/gen7randomdoublesbattle-865046831.json

Or, if you only need the log itself, add `.log` instead:

https://replay.pokemonshowdown.com/gen7randomdoublesbattle-865046831.log

-->

<link rel="stylesheet" href="//pokemonshowdown.com/style/global.css?0.023195364461161105" />
<link rel="stylesheet" href="//play.pokemonshowdown.com/style/font-awesome.css?0.13261647063804238" />
<link rel="stylesheet" href="//play.pokemonshowdown.com/style/battle.css?0.8753245789963631" />
<link rel="stylesheet" href="//play.pokemonshowdown.com/style/utilichart.css?0.8627959624976733" />

<!-- Global site tag (gtag.js) - Google Analytics -->
<script async src="https://www.googletagmanager.com/gtag/js?id=UA-26211653-1"></script>
<script>
  window.dataLayer = window.dataLayer || [];
  function gtag(){dataLayer.push(arguments);}
  gtag('js', new Date());

  gtag('config', 'UA-26211653-1');
</script>
<!-- End Google Analytics -->
<!-- Venatus Ad Manager - Install in <HEAD> of page -->
	<script src="https://hb.vntsm.com/v3/live/ad-manager.min.js" type="text/javascript" data-site-id="642aba63ec9a7b11c3c9c1be" data-mode="scan" async></script>
<!-- / Venatus Ad Manager -->

<style>
	@media (max-width:820px) {
		.battle {
			margin: 0 auto;
		}
		.battle-log {
			margin: 7px auto 0;
			max-width: 640px;
			height: 300px;
			position: static;
		}
	}
	.optgroup {
		display: inline-block;
		line-height: 22px;
		font-size: 10pt;
	}
	.optgroup .button {
		height: 25px;
		padding-top: 0;
		padding-bottom: 0;
	}
	.optgroup button.button {
		padding-left: 12px;
		padding-right: 12px;
	}
	.linklist {
		list-style: none;
		margin: 0.5em 0;
		padding: 0;
	}
	.linklist li {
		padding: 2px 0;
	}
	.sidebar {
		float: left;
		width: 320px;
	}
	.bar-wrapper {
		max-width: 1100px;
		margin: 0 auto;
	}
	.bar-wrapper.has-sidebar {
		max-width: 1430px;
	}
	.mainbar {
		margin: 0;
		padding-right: 1px;
	}
	.mainbar.has-sidebar {
		margin-left: 330px;
	}
	@media (min-width: 1511px) {
		.sidebar {
			width: 400px;
		}
		.bar-wrapper.has-sidebar {
			max-width: 1510px;
		}
		.mainbar.has-sidebar {
			margin-left: 410px;
		}
	}
	.section.first-section {
		margin-top: 9px;
	}
	.blocklink small {
		white-space: normal;
	}
	.button {
		vertical-align: middle;
	}
	.replay-controls {
		padding-top: 10px;
	}
	.replay-controls h1 {
		font-size: 16pt;
		font-weight: normal;
		color: #CCC;
	}
	.pagelink {
		text-align: center;
	}
	.pagelink a {
		width: 150px;
	}
	.textbox, .button {
		font-size: 11pt;
		vertical-align: middle;
	}
	@media (max-width: 450px) {
		.button {
			font-size: 9pt;
		}
	}
</style>

<div>

	<header>
		<div class="nav-wrapper"><ul class="nav">
			<li><a class="button nav-first" href="//pokemonshowdown.com/"><img src="//pokemonshowdown.com/images/pokemonshowdownbeta.png" srcset="//pokemonshowdown.com/images/pokemonshowdownbeta.png 1x, //pokemonshowdown.com/images/pokemonshowdownbeta@2x.png 2x" alt="Pok&eacute;mon Showdown" width="146" height="44" /> Home</a></li>
			<li><a class="button" href="//pokemonshowdown.com/dex/">Pok&eacute;dex</a></li>
			<li><a class="button cur" href="/">Replays</a></li>
			<li><a class="button" href="//pokemonshowdown.com/ladder/">Ladder</a></li>
			<li><a class="button nav-last" href="//pokemonshowdown.com/forums/">Forum</a></li>
			<li><a class="button greenbutton nav-first nav-last" href="//play.pokemonshowdown.com/">Play</a></li>
		</ul></div>
	</header>

	<div class="main" id="main">

		<noscript><section class="section">You need to enable JavaScript to use this page; sorry!</section></noscript>

	</div>

</div>

<script defer nomodule src="//play.pokemonshowdown.com/js/lib/ps-polyfill.js"></script>
<script defer src="//play.pokemonshowdown.com/js/lib/preact.min.js"></script>

<script defer src="//play.pokemonshowdown.com/config/config.js?2bddbc15"></script>
<script defer src="//play.pokemonshowdown.com/js/lib/jquery-1.11.0.min.js"></script>
<script defer src="//play.pokemonshowdown.com/js/lib/html-sanitizer-minified.js"></script>
<script defer src="//play.pokemonshowdown.com/js/battle-sound.js"></script>
<script defer src="//play.pokemonshowdown.com/js/battledata.js?0.7209276989879541"></script>
<script defer src="//play.pokemonshowdown.com/data/pokedex-mini.js?0.6111056340867951"></script>
<script defer src="//play.pokemonshowdown.com/data/pokedex-mini-bw.js?0.3532142036491459"></script>
<script defer src="//play.pokemonshowdown.com/data/graphics.js?0.24223875632456182"></script>
<script defer src="//play.pokemonshowdown.com/data/pokedex.js?0.38839984266356864"></script>
<script defer src="//play.pokemonshowdown.com/data/moves.js?0.21866028504024015"></script>
<script defer src="//play.pokemonshowdown.com/data/abilities.js?0.2005157953846628"></script>
<script defer src="//play.pokemonshowdown.com/data/items.js?0.9894211263848525"></script>
<script defer src="//play.pokemonshowdown.com/data/teambuilder-tables.js?0.6008791140282215"></script>
<script defer src="//play.pokemonshowdown.com/js/battle-tooltips.js?0.7580118955022959"></script>
<script defer src="//play.pokemonshowdown.com/js/battle.js?0.6057722274234274"></script>

<script defer src="js/utils.js?e31f9a17"></script>
<script defer src="js/replays-battle.js?7008c182"></script>

<!-- don't scrape this data! just add .json or .log after the URL!
Full API docs: https://github.com/smogon/pokemon-showdown-client/blob/master/WEB-API.md -->
<script type="text/plain" class="log" id="replaylog-smogtours-gen3ou-794007">
|inactive|Battle timer is ON: inactive players will automatically lose when time's up.
|t:|1727896004
|gametype|singles
|player|p1|emma_emma_emma|265|
|player|p2|Tasmanian Demon|rood|
|teamsize|p1|6
|teamsize|p2|6
|gen|3
|tier|[Gen 3] OU
|rule|Sleep Clause Mod: Limit one foe put to sleep
|rule|Switch Priority Clause Mod: Faster Pokémon switch first
|rule|Species Clause: Limit one of each Pokémon
|rule|OHKO Clause: OHKO moves are banned
|rule|Evasion Items Clause: Evasion items are banned
|rule|Evasion Moves Clause: Evasion moves are banned
|rule|Endless Battle Clause: Forcing endless battles is banned
|rule|HP Percentage Mod: HP is shown in percentages
|rule|One Boost Passer Clause: Limit one Baton Passer that has a way to boost its stats
|rule|Freeze Clause Mod: Limit one foe frozen
|
|t:|1727896004
|start
|switch|p1a: dsco|Aerodactyl, M|100/100
|switch|p2a: Tyranitar|Tyranitar, M|100/100
|-weather|Sandstorm|[from] ability: Sand Stream|[of] p2a: Tyranitar
|turn|1
|c|☆emma_emma_emma|glhf!!!
|
|t:|1727896020
|switch|p1a: pretending|Swampert, M|100/100
|switch|p2a: Swampert|Swampert, F|100/100
|
|-weather|Sandstorm|[upkeep]
|upkeep
|turn|2
|
|t:|1727896026
|move|p1a: pretending|Toxic|p2a: Swampert
|-status|p2a: Swampert|tox
|move|p2a: Swampert|Toxic|p1a: pretending
|-status|p1a: pretending|tox
|
|-weather|Sandstorm|[upkeep]
|-damage|p1a: pretending|94/100 tox|[from] psn
|-damage|p2a: Swampert|94/100 tox|[from] psn
|upkeep
|turn|3
|c|☆Tasmanian Demon|u2 
|
|t:|1727896043
|switch|p2a: Zapdos|Zapdos|100/100
|move|p1a: pretending|Refresh|p1a: pretending
|-curestatus|p1a: pretending|tox|[msg]
|
|-weather|Sandstorm|[upkeep]
|-damage|p2a: Zapdos|94/100|[from] Sandstorm
|-heal|p2a: Zapdos|100/100|[from] item: Leftovers
|-heal|p1a: pretending|100/100|[from] item: Leftovers
|upkeep
|turn|4
|
|t:|1727896052
|switch|p1a: milk|Blissey, F|100/100
|move|p2a: Zapdos|Baton Pass|p2a: Zapdos
|
|t:|1727896053
|switch|p2a: Dugtrio|Dugtrio, M|100/100|[from] Baton Pass
|
|-weather|Sandstorm|[upkeep]
|-damage|p1a: milk|94/100|[from] Sandstorm
|-heal|p1a: milk|100/100|[from] item: Leftovers
|upkeep
|turn|5
|
|t:|1727896056
|move|p2a: Dugtrio|Earthquake|p1a: milk
|-damage|p1a: milk|36/100
|move|p1a: milk|Ice Beam|p2a: Dugtrio
|-supereffective|p2a: Dugtrio
|-damage|p2a: Dugtrio|0 fnt
|faint|p2a: Dugtrio
|
|t:|1727896063
|switch|p2a: Aerodactyl|Aerodactyl, M|100/100
|
|-weather|Sandstorm|[upkeep]
|-damage|p1a: milk|30/100|[from] Sandstorm
|-heal|p1a: milk|36/100|[from] item: Leftovers
|upkeep
|turn|6
|
|t:|1727896072
|switch|p1a: air supply|Forretress, M|100/100
|move|p2a: Aerodactyl|Double-Edge|p1a: air supply
|-resisted|p1a: air supply
|-damage|p1a: air supply|82/100
|
|-weather|Sandstorm|[upkeep]
|-heal|p1a: air supply|88/100|[from] item: Leftovers
|upkeep
|turn|7
|
|t:|1727896078
|switch|p2a: Tyranitar|Tyranitar, M|100/100
|move|p1a: air supply|Spikes|p2a: Tyranitar
|-sidestart|p2: Tasmanian Demon|Spikes
|
|-weather|Sandstorm|[upkeep]
|-heal|p1a: air supply|95/100|[from] item: Leftovers
|upkeep
|turn|8
|
|t:|1727896086
|-singleturn|p2a: Tyranitar|move: Focus Punch
|move|p1a: air supply|Hidden Power|p2a: Tyranitar
|-supereffective|p2a: Tyranitar
|-damage|p2a: Tyranitar|66/100
|move|p2a: Tyranitar|Focus Punch||[still]
|cant|p2a: Tyranitar|Focus Punch|Focus Punch
|
|-weather|Sandstorm|[upkeep]
|-heal|p1a: air supply|100/100|[from] item: Leftovers
|upkeep
|turn|9
|
|t:|1727896092
|move|p2a: Tyranitar|Fire Blast|p1a: air supply|[miss]
|-miss|p2a: Tyranitar|p1a: air supply
|move|p1a: air supply|Hidden Power|p2a: Tyranitar
|-supereffective|p2a: Tyranitar
|-damage|p2a: Tyranitar|29/100
|
|-weather|Sandstorm|[upkeep]
|upkeep
|turn|10
|
|t:|1727896096
|switch|p1a: pretending|Swampert, M|100/100
|move|p2a: Tyranitar|Fire Blast|p1a: pretending
|-resisted|p1a: pretending
|-damage|p1a: pretending|88/100
|
|-weather|Sandstorm|[upkeep]
|-heal|p1a: pretending|94/100|[from] item: Leftovers
|upkeep
|turn|11
|
|t:|1727896101
|move|p2a: Tyranitar|Hidden Power|p1a: pretending
|-supereffective|p1a: pretending
|-damage|p1a: pretending|24/100
|move|p1a: pretending|Toxic|p2a: Tyranitar
|-status|p2a: Tyranitar|tox
|-enditem|p2a: Tyranitar|Lum Berry|[eat]
|-curestatus|p2a: Tyranitar|tox|[msg]
|
|-weather|Sandstorm|[upkeep]
|-heal|p1a: pretending|31/100|[from] item: Leftovers
|upkeep
|turn|12
|
|t:|1727896107
|move|p1a: pretending|Protect|p1a: pretending
|-singleturn|p1a: pretending|Protect
|move|p2a: Tyranitar|Hidden Power|p1a: pretending
|-activate|p1a: pretending|Protect
|
|-weather|Sandstorm|[upkeep]
|-heal|p1a: pretending|37/100|[from] item: Leftovers
|upkeep
|turn|13
|
|t:|1727896117
|move|p2a: Tyranitar|Hidden Power|p1a: pretending
|-supereffective|p1a: pretending
|-damage|p1a: pretending|0 fnt
|faint|p1a: pretending
|
|t:|1727896125
|switch|p1a: dsco|Aerodactyl, M|100/100
|
|-weather|Sandstorm|[upkeep]
|upkeep
|turn|14
|
|t:|1727896132
|move|p1a: dsco|Rock Slide|p2a: Tyranitar
|-crit|p2a: Tyranitar
|-damage|p2a: Tyranitar|0 fnt
|faint|p2a: Tyranitar
|
|t:|1727896140
|switch|p2a: Swampert|Swampert, F|94/100 tox
|-damage|p2a: Swampert|82/100 tox|[from] Spikes
|
|-weather|Sandstorm|[upkeep]
|-heal|p2a: Swampert|88/100 tox|[from] item: Leftovers
|-damage|p2a: Swampert|82/100 tox|[from] psn
|upkeep
|turn|15
|
|t:|1727896145
|switch|p1a: chocolate matter|Zapdos|100/100
|move|p2a: Swampert|Earthquake|p1a: chocolate matter
|-immune|p1a: chocolate matter
|
|-weather|Sandstorm|[upkeep]
|-damage|p1a: chocolate matter|94/100|[from] Sandstorm
|-heal|p1a: chocolate matter|100/100|[from] item: Leftovers
|-heal|p2a: Swampert|88/100 tox|[from] item: Leftovers
|-damage|p2a: Swampert|76/100 tox|[from] psn
|upkeep
|turn|16
|
|t:|1727896151
|move|p1a: chocolate matter|Thunderbolt|p2a: Swampert
|-immune|p2a: Swampert
|move|p2a: Swampert|Ice Beam|p1a: chocolate matter
|-supereffective|p1a: chocolate matter
|-damage|p1a: chocolate matter|76/100
|
|-weather|Sandstorm|[upkeep]
|-damage|p1a: chocolate matter|70/100|[from] Sandstorm
|-heal|p1a: chocolate matter|76/100|[from] item: Leftovers
|-heal|p2a: Swampert|82/100 tox|[from] item: Leftovers
|-damage|p2a: Swampert|63/100 tox|[from] psn
|upkeep
|turn|17
|
|t:|1727896156
|switch|p2a: Gengar|Gengar, M|100/100
|move|p1a: chocolate matter|Hidden Power|p2a: Gengar
|-resisted|p2a: Gengar
|-damage|p2a: Gengar|87/100
|
|-weather|Sandstorm|[upkeep]
|-damage|p2a: Gengar|81/100|[from] Sandstorm
|-damage|p1a: chocolate matter|70/100|[from] Sandstorm
|-heal|p2a: Gengar|87/100|[from] item: Leftovers
|-heal|p1a: chocolate matter|76/100|[from] item: Leftovers
|upkeep
|turn|18
|
|t:|1727896162
|switch|p1a: fruitcake &cookies|Tyranitar, M|100/100
|move|p2a: Gengar|Ice Punch|p1a: fruitcake &cookies
|-damage|p1a: fruitcake &cookies|81/100
|
|-weather|Sandstorm|[upkeep]
|-damage|p2a: Gengar|81/100|[from] Sandstorm
|-heal|p2a: Gengar|87/100|[from] item: Leftovers
|-heal|p1a: fruitcake &cookies|87/100|[from] item: Leftovers
|upkeep
|turn|19
|
|t:|1727896164
|move|p2a: Gengar|Will-O-Wisp|p1a: fruitcake &cookies
|-status|p1a: fruitcake &cookies|brn
|move|p1a: fruitcake &cookies|Crunch|p2a: Gengar
|-supereffective|p2a: Gengar
|-damage|p2a: Gengar|0 fnt
|faint|p2a: Gengar
|
|t:|1727896169
|switch|p2a: Aerodactyl|Aerodactyl, M|100/100
|
|-weather|Sandstorm|[upkeep]
|-heal|p1a: fruitcake &cookies|93/100 brn|[from] item: Leftovers
|-damage|p1a: fruitcake &cookies|81/100 brn|[from] brn
|upkeep
|turn|20
|
|t:|1727896180
|move|p2a: Aerodactyl|Rock Slide|p1a: fruitcake &cookies
|-damage|p1a: fruitcake &cookies|38/100 brn
|cant|p1a: fruitcake &cookies|flinch
|
|-weather|Sandstorm|[upkeep]
|-heal|p1a: fruitcake &cookies|44/100 brn|[from] item: Leftovers
|-damage|p1a: fruitcake &cookies|31/100 brn|[from] brn
|upkeep
|turn|21
|
|t:|1727896188
|switch|p1a: air supply|Forretress, M|100/100
|move|p2a: Aerodactyl|Rock Slide|p1a: air supply
|-damage|p1a: air supply|63/100
|
|-weather|Sandstorm|[upkeep]
|-heal|p1a: air supply|70/100|[from] item: Leftovers
|upkeep
|turn|22
|
|t:|1727896196
|switch|p2a: Zapdos|Zapdos|100/100
|move|p1a: air supply|Spikes|p2a: Zapdos
|-sidestart|p2: Tasmanian Demon|Spikes
|
|-weather|Sandstorm|[upkeep]
|-damage|p2a: Zapdos|94/100|[from] Sandstorm
|-heal|p2a: Zapdos|100/100|[from] item: Leftovers
|-heal|p1a: air supply|76/100|[from] item: Leftovers
|upkeep
|turn|23
|
|t:|1727896201
|move|p2a: Zapdos|Thunderbolt|p1a: air supply
|-damage|p1a: air supply|36/100
|move|p1a: air supply|Spikes|p2a: Zapdos
|-sidestart|p2: Tasmanian Demon|Spikes
|
|-weather|Sandstorm|[upkeep]
|-damage|p2a: Zapdos|94/100|[from] Sandstorm
|-heal|p2a: Zapdos|100/100|[from] item: Leftovers
|-heal|p1a: air supply|43/100|[from] item: Leftovers
|upkeep
|turn|24
|
|t:|1727896207
|switch|p1a: milk|Blissey, F|36/100
|move|p2a: Zapdos|Thunderbolt|p1a: milk
|-damage|p1a: milk|19/100
|
|-weather|Sandstorm|[upkeep]
|-damage|p2a: Zapdos|94/100|[from] Sandstorm
|-damage|p1a: milk|12/100|[from] Sandstorm
|-heal|p2a: Zapdos|100/100|[from] item: Leftovers
|-heal|p1a: milk|19/100|[from] item: Leftovers
|upkeep
|turn|25
|
|t:|1727896214
|move|p2a: Zapdos|Thunderbolt|p1a: milk
|-damage|p1a: milk|0 fnt
|faint|p1a: milk
|
|t:|1727896229
|switch|p1a: dsco|Aerodactyl, M|100/100
|
|-weather|Sandstorm|[upkeep]
|-damage|p2a: Zapdos|94/100|[from] Sandstorm
|-heal|p2a: Zapdos|100/100|[from] item: Leftovers
|upkeep
|turn|26
|
|t:|1727896240
|move|p1a: dsco|Rock Slide|p2a: Zapdos
|-supereffective|p2a: Zapdos
|-crit|p2a: Zapdos
|-damage|p2a: Zapdos|0 fnt
|faint|p2a: Zapdos
|
|t:|1727896243
|switch|p2a: Aerodactyl|Aerodactyl, M|100/100
|
|-weather|Sandstorm|[upkeep]
|upkeep
|turn|27
|
|t:|1727896251
|switch|p1a: air supply|Forretress, M|43/100
|move|p2a: Aerodactyl|Rock Slide|p1a: air supply
|-damage|p1a: air supply|6/100
|
|-weather|Sandstorm|[upkeep]
|-heal|p1a: air supply|12/100|[from] item: Leftovers
|upkeep
|turn|28
|
|t:|1727896259
|move|p2a: Aerodactyl|Rock Slide|p1a: air supply
|-crit|p1a: air supply
|-damage|p1a: air supply|0 fnt
|faint|p1a: air supply
|
|t:|1727896267
|switch|p1a: dsco|Aerodactyl, M|100/100
|
|-weather|Sandstorm|[upkeep]
|upkeep
|turn|29
|
|t:|1727896270
|move|p2a: Aerodactyl|Rock Slide|p1a: dsco
|-supereffective|p1a: dsco
|-damage|p1a: dsco|0 fnt
|faint|p1a: dsco
|
|t:|1727896273
|switch|p1a: chocolate matter|Zapdos|76/100
|
|-weather|Sandstorm|[upkeep]
|-damage|p1a: chocolate matter|70/100|[from] Sandstorm
|-heal|p1a: chocolate matter|76/100|[from] item: Leftovers
|upkeep
|turn|30
|
|t:|1727896282
|move|p2a: Aerodactyl|Rock Slide|p1a: chocolate matter
|-supereffective|p1a: chocolate matter
|-damage|p1a: chocolate matter|0 fnt
|faint|p1a: chocolate matter
|
|t:|1727896284
|switch|p1a: fruitcake &cookies|Tyranitar, M|31/100 brn
|
|-weather|Sandstorm|[upkeep]
|-heal|p1a: fruitcake &cookies|38/100 brn|[from] item: Leftovers
|-damage|p1a: fruitcake &cookies|25/100 brn|[from] brn
|upkeep
|turn|31
|
|t:|1727896288
|move|p2a: Aerodactyl|Rock Slide|p1a: fruitcake &cookies
|-damage|p1a: fruitcake &cookies|0 fnt
|faint|p1a: fruitcake &cookies
|
|win|Tasmanian Demon

</script>
<script type="application/json" class="data" id="replaydata-smogtours-gen3ou-794007">
{"id":"smogtours-gen3ou-794007","format":"[Gen 3] OU","players":["emma_emma_emma","Tasmanian Demon"],"uploadtime":1727896288,"views":111,"formatid":"gen3ou","rating":null,"private":0,"password":null}
</script>

<script defer src="js/replays.js?9d40a366"></script>
