<!DOCTYPE html>
<meta charset="utf-8" />
<meta name="viewport" content="width=device-width" />

<title>[Gen 3] OU: NoBottlecapsBlisy vs. AC77 - Replays - Pok&eacute;mon Showdown!</title>

<meta name="description" content="Watch a replay of a Pok&eacute;mon battle between NoBottlecapsBlisy and AC77! Format: [Gen 3] OU; Date: Oct 20, 2024" />
<!--

Hey, you! Looking in the source for the replay log?

You can find them in JSON format, just add `.json` at the end of a replay URL.

https://replay.pokemonshowdown.com/gen7randomdoublesbattle-865046831.json

Or, if you only need the log itself, add `.log` instead:

https://replay.pokemonshowdown.com/gen7randomdoublesbattle-865046831.log

-->

<link rel="stylesheet" href="//pokemonshowdown.com/style/global.css?0.023195364461161105" />
<link rel="stylesheet" href="//play.pokemonshowdown.com/style/font-awesome.css?0.13261647063804238" />
<link rel="stylesheet" href="//play.pokemonshowdown.com/style/battle.css?0.8753245789963631" />
<link rel="stylesheet" href="//play.pokemonshowdown.com/style/utilichart.css?0.8627959624976733" />

<!-- Global site tag (gtag.js) - Google Analytics -->
<script async src="https://www.googletagmanager.com/gtag/js?id=UA-26211653-1"></script>
<script>
  window.dataLayer = window.dataLayer || [];
  function gtag(){dataLayer.push(arguments);}
  gtag('js', new Date());

  gtag('config', 'UA-26211653-1');
</script>
<!-- End Google Analytics -->
<!-- Venatus Ad Manager - Install in <HEAD> of page -->
	<script src="https://hb.vntsm.com/v3/live/ad-manager.min.js" type="text/javascript" data-site-id="642aba63ec9a7b11c3c9c1be" data-mode="scan" async></script>
<!-- / Venatus Ad Manager -->

<style>
	@media (max-width:820px) {
		.battle {
			margin: 0 auto;
		}
		.battle-log {
			margin: 7px auto 0;
			max-width: 640px;
			height: 300px;
			position: static;
		}
	}
	.optgroup {
		display: inline-block;
		line-height: 22px;
		font-size: 10pt;
	}
	.optgroup .button {
		height: 25px;
		padding-top: 0;
		padding-bottom: 0;
	}
	.optgroup button.button {
		padding-left: 12px;
		padding-right: 12px;
	}
	.linklist {
		list-style: none;
		margin: 0.5em 0;
		padding: 0;
	}
	.linklist li {
		padding: 2px 0;
	}
	.sidebar {
		float: left;
		width: 320px;
	}
	.bar-wrapper {
		max-width: 1100px;
		margin: 0 auto;
	}
	.bar-wrapper.has-sidebar {
		max-width: 1430px;
	}
	.mainbar {
		margin: 0;
		padding-right: 1px;
	}
	.mainbar.has-sidebar {
		margin-left: 330px;
	}
	@media (min-width: 1511px) {
		.sidebar {
			width: 400px;
		}
		.bar-wrapper.has-sidebar {
			max-width: 1510px;
		}
		.mainbar.has-sidebar {
			margin-left: 410px;
		}
	}
	.section.first-section {
		margin-top: 9px;
	}
	.blocklink small {
		white-space: normal;
	}
	.button {
		vertical-align: middle;
	}
	.replay-controls {
		padding-top: 10px;
	}
	.replay-controls h1 {
		font-size: 16pt;
		font-weight: normal;
		color: #CCC;
	}
	.pagelink {
		text-align: center;
	}
	.pagelink a {
		width: 150px;
	}
	.textbox, .button {
		font-size: 11pt;
		vertical-align: middle;
	}
	@media (max-width: 450px) {
		.button {
			font-size: 9pt;
		}
	}
</style>

<div>

	<header>
		<div class="nav-wrapper"><ul class="nav">
			<li><a class="button nav-first" href="//pokemonshowdown.com/"><img src="//pokemonshowdown.com/images/pokemonshowdownbeta.png" srcset="//pokemonshowdown.com/images/pokemonshowdownbeta.png 1x, //pokemonshowdown.com/images/pokemonshowdownbeta@2x.png 2x" alt="Pok&eacute;mon Showdown" width="146" height="44" /> Home</a></li>
			<li><a class="button" href="//pokemonshowdown.com/dex/">Pok&eacute;dex</a></li>
			<li><a class="button cur" href="/">Replays</a></li>
			<li><a class="button" href="//pokemonshowdown.com/ladder/">Ladder</a></li>
			<li><a class="button nav-last" href="//pokemonshowdown.com/forums/">Forum</a></li>
			<li><a class="button greenbutton nav-first nav-last" href="//play.pokemonshowdown.com/">Play</a></li>
		</ul></div>
	</header>

	<div class="main" id="main">

		<noscript><section class="section">You need to enable JavaScript to use this page; sorry!</section></noscript>

	</div>

</div>

<script defer nomodule src="//play.pokemonshowdown.com/js/lib/ps-polyfill.js"></script>
<script defer src="//play.pokemonshowdown.com/js/lib/preact.min.js"></script>

<script defer src="//play.pokemonshowdown.com/config/config.js?2bddbc15"></script>
<script defer src="//play.pokemonshowdown.com/js/lib/jquery-1.11.0.min.js"></script>
<script defer src="//play.pokemonshowdown.com/js/lib/html-sanitizer-minified.js"></script>
<script defer src="//play.pokemonshowdown.com/js/battle-sound.js"></script>
<script defer src="//play.pokemonshowdown.com/js/battledata.js?0.7209276989879541"></script>
<script defer src="//play.pokemonshowdown.com/data/pokedex-mini.js?0.6111056340867951"></script>
<script defer src="//play.pokemonshowdown.com/data/pokedex-mini-bw.js?0.3532142036491459"></script>
<script defer src="//play.pokemonshowdown.com/data/graphics.js?0.24223875632456182"></script>
<script defer src="//play.pokemonshowdown.com/data/pokedex.js?0.38839984266356864"></script>
<script defer src="//play.pokemonshowdown.com/data/moves.js?0.21866028504024015"></script>
<script defer src="//play.pokemonshowdown.com/data/abilities.js?0.2005157953846628"></script>
<script defer src="//play.pokemonshowdown.com/data/items.js?0.9894211263848525"></script>
<script defer src="//play.pokemonshowdown.com/data/teambuilder-tables.js?0.6008791140282215"></script>
<script defer src="//play.pokemonshowdown.com/js/battle-tooltips.js?0.7580118955022959"></script>
<script defer src="//play.pokemonshowdown.com/js/battle.js?0.6057722274234274"></script>

<script defer src="js/utils.js?e31f9a17"></script>
<script defer src="js/replays-battle.js?7008c182"></script>

<!-- don't scrape this data! just add .json or .log after the URL!
Full API docs: https://github.com/smogon/pokemon-showdown-client/blob/master/WEB-API.md -->
<script type="text/plain" class="log" id="replaylog-smogtours-gen3ou-800420">
|inactive|Battle timer is ON: inactive players will automatically lose when time's up.
|t:|1729437510
|gametype|singles
|player|p1|NoBottlecapsBlisy|alder|
|player|p2|AC77|karen|
|teamsize|p1|6
|teamsize|p2|6
|gen|3
|tier|[Gen 3] OU
|rule|Sleep Clause Mod: Limit one foe put to sleep
|rule|Switch Priority Clause Mod: Faster Pokémon switch first
|rule|Species Clause: Limit one of each Pokémon
|rule|OHKO Clause: OHKO moves are banned
|rule|Evasion Items Clause: Evasion items are banned
|rule|Evasion Moves Clause: Evasion moves are banned
|rule|Endless Battle Clause: Forcing endless battles is banned
|rule|HP Percentage Mod: HP is shown in percentages
|rule|One Boost Passer Clause: Limit one Baton Passer that has a way to boost its stats
|rule|Freeze Clause Mod: Limit one foe frozen
|
|t:|1729437510
|start
|switch|p1a: Skarmory|Skarmory, M|100/100
|switch|p2a: Tyranitar|Tyranitar, F|100/100
|-weather|Sandstorm|[from] ability: Sand Stream|[of] p2a: Tyranitar
|turn|1
|inactive|AC77 also wants the timer to be on.
|c|☆AC77|hf
|c|☆NoBottlecapsBlisy|u2
|inactive|AC77 has 270 seconds left.
|
|t:|1729437552
|-singleturn|p2a: Tyranitar|move: Focus Punch
|move|p2a: Tyranitar|Focus Punch|p1a: Skarmory
|-damage|p1a: Skarmory|53/100
|move|p1a: Skarmory|Roar|p2a: Tyranitar
|drag|p2a: Swampert|Swampert, F|100/100
|
|-weather|Sandstorm|[upkeep]
|-heal|p1a: Skarmory|59/100|[from] item: Leftovers
|upkeep
|turn|2
|
|t:|1729437570
|move|p1a: Skarmory|Spikes|p2a: Swampert
|-sidestart|p2: AC77|Spikes
|move|p2a: Swampert|Hydro Pump|p1a: Skarmory|[miss]
|-miss|p2a: Swampert|p1a: Skarmory
|
|-weather|Sandstorm|[upkeep]
|-heal|p1a: Skarmory|65/100|[from] item: Leftovers
|upkeep
|turn|3
|
|t:|1729437576
|switch|p2a: Skarmory|Skarmory, F|100/100
|move|p1a: Skarmory|Protect||[still]
|-fail|p1a: Skarmory
|
|-weather|Sandstorm|[upkeep]
|-heal|p1a: Skarmory|71/100|[from] item: Leftovers
|upkeep
|turn|4
|
|t:|1729437584
|move|p2a: Skarmory|Spikes|p1a: Skarmory
|-sidestart|p1: NoBottlecapsBlisy|Spikes
|move|p1a: Skarmory|Spikes|p2a: Skarmory
|-sidestart|p2: AC77|Spikes
|
|-weather|Sandstorm|[upkeep]
|-heal|p1a: Skarmory|77/100|[from] item: Leftovers
|upkeep
|turn|5
|
|t:|1729437587
|move|p2a: Skarmory|Taunt|p1a: Skarmory
|-start|p1a: Skarmory|move: Taunt
|cant|p1a: Skarmory|move: Taunt|Spikes
|
|-weather|Sandstorm|[upkeep]
|-heal|p1a: Skarmory|83/100|[from] item: Leftovers
|upkeep
|turn|6
|
|t:|1729437591
|switch|p1a: Moltres|Moltres|100/100
|move|p2a: Skarmory|Spikes|p1a: Moltres
|-sidestart|p1: NoBottlecapsBlisy|Spikes
|
|-weather|Sandstorm|[upkeep]
|-damage|p1a: Moltres|94/100|[from] Sandstorm
|-heal|p1a: Moltres|100/100|[from] item: Leftovers
|upkeep
|turn|7
|
|t:|1729437612
|switch|p2a: Moltres|Moltres|100/100
|move|p1a: Moltres|Will-O-Wisp|p2a: Moltres
|-immune|p2a: Moltres
|
|-weather|Sandstorm|[upkeep]
|-damage|p2a: Moltres|94/100|[from] Sandstorm
|-damage|p1a: Moltres|94/100|[from] Sandstorm
|-heal|p2a: Moltres|100/100|[from] item: Leftovers
|-heal|p1a: Moltres|100/100|[from] item: Leftovers
|upkeep
|turn|8
|
|t:|1729437630
|move|p2a: Moltres|Flamethrower|p1a: Moltres
|-resisted|p1a: Moltres
|-damage|p1a: Moltres|73/100
|move|p1a: Moltres|Flamethrower|p2a: Moltres
|-resisted|p2a: Moltres
|-damage|p2a: Moltres|71/100
|
|-weather|Sandstorm|[upkeep]
|-damage|p2a: Moltres|65/100|[from] Sandstorm
|-damage|p1a: Moltres|67/100|[from] Sandstorm
|-heal|p2a: Moltres|71/100|[from] item: Leftovers
|-heal|p1a: Moltres|73/100|[from] item: Leftovers
|upkeep
|turn|9
|
|t:|1729437643
|move|p2a: Moltres|Flamethrower|p1a: Moltres
|-resisted|p1a: Moltres
|-damage|p1a: Moltres|47/100
|move|p1a: Moltres|Flamethrower|p2a: Moltres
|-resisted|p2a: Moltres
|-damage|p2a: Moltres|43/100
|
|-weather|Sandstorm|[upkeep]
|-damage|p2a: Moltres|37/100|[from] Sandstorm
|-damage|p1a: Moltres|41/100|[from] Sandstorm
|-heal|p2a: Moltres|43/100|[from] item: Leftovers
|-heal|p1a: Moltres|47/100|[from] item: Leftovers
|upkeep
|turn|10
|
|t:|1729437651
|move|p2a: Moltres|Flamethrower|p1a: Moltres
|-resisted|p1a: Moltres
|-damage|p1a: Moltres|20/100
|move|p1a: Moltres|Rest|p1a: Moltres
|-status|p1a: Moltres|slp|[from] move: Rest
|-heal|p1a: Moltres|100/100 slp|[silent]
|
|-weather|Sandstorm|[upkeep]
|-damage|p2a: Moltres|37/100|[from] Sandstorm
|-damage|p1a: Moltres|94/100 slp|[from] Sandstorm
|-heal|p2a: Moltres|43/100|[from] item: Leftovers
|-heal|p1a: Moltres|100/100 slp|[from] item: Leftovers
|upkeep
|turn|11
|
|t:|1729437660
|switch|p1a: Charizard|Charizard, M|100/100
|move|p2a: Moltres|Flamethrower|p1a: Charizard
|-resisted|p1a: Charizard
|-damage|p1a: Charizard|66/100
|
|-weather|Sandstorm|[upkeep]
|-damage|p1a: Charizard|60/100|[from] Sandstorm
|-damage|p2a: Moltres|37/100|[from] Sandstorm
|-heal|p1a: Charizard|66/100|[from] item: Leftovers
|-heal|p2a: Moltres|43/100|[from] item: Leftovers
|upkeep
|turn|12
|inactive|AC77 has 270 seconds left.
|
|t:|1729437700
|switch|p2a: Blissey|Blissey, F|100/100
|-damage|p2a: Blissey|84/100|[from] Spikes
|move|p1a: Charizard|Fire Blast|p2a: Blissey
|-damage|p2a: Blissey|63/100
|
|-weather|Sandstorm|[upkeep]
|-damage|p1a: Charizard|60/100|[from] Sandstorm
|-damage|p2a: Blissey|57/100|[from] Sandstorm
|-heal|p1a: Charizard|66/100|[from] item: Leftovers
|-heal|p2a: Blissey|63/100|[from] item: Leftovers
|upkeep
|turn|13
|inactive|AC77 has 270 seconds left.
|
|t:|1729437714
|-singleturn|p1a: Charizard|move: Focus Punch
|move|p2a: Blissey|Wish|p2a: Blissey
|move|p1a: Charizard|Focus Punch|p2a: Blissey
|-supereffective|p2a: Blissey
|-damage|p2a: Blissey|4/100
|
|-weather|Sandstorm|[upkeep]
|-damage|p1a: Charizard|60/100|[from] Sandstorm
|-damage|p2a: Blissey|0 fnt|[from] Sandstorm
|faint|p2a: Blissey
|-heal|p1a: Charizard|66/100|[from] item: Leftovers
|upkeep
|inactive|AC77 has 270 seconds left.
|
|t:|1729437719
|switch|p2a: Moltres|Moltres|43/100
|turn|14
|
|t:|1729437732
|move|p1a: Charizard|Fire Blast|p2a: Moltres
|-resisted|p2a: Moltres
|-damage|p2a: Moltres|11/100
|move|p2a: Moltres|Flamethrower|p1a: Charizard
|-resisted|p1a: Charizard
|-damage|p1a: Charizard|35/100
|
|-heal|p2a: Moltres|61/100|[from] move: Wish|[wisher] Blissey
|-weather|Sandstorm|[upkeep]
|-damage|p1a: Charizard|29/100|[from] Sandstorm
|-damage|p2a: Moltres|55/100|[from] Sandstorm
|-heal|p1a: Charizard|35/100|[from] item: Leftovers
|-heal|p2a: Moltres|61/100|[from] item: Leftovers
|upkeep
|turn|15
|
|t:|1729437748
|move|p1a: Charizard|Fire Blast|p2a: Moltres
|-resisted|p2a: Moltres
|-damage|p2a: Moltres|31/100
|move|p2a: Moltres|Flamethrower|p1a: Charizard
|-resisted|p1a: Charizard
|-damage|p1a: Charizard|0 fnt
|faint|p1a: Charizard
|
|t:|1729437755
|switch|p1a: Gengar|Gengar, M|100/100
|
|-weather|Sandstorm|[upkeep]
|-damage|p1a: Gengar|94/100|[from] Sandstorm
|-damage|p2a: Moltres|24/100|[from] Sandstorm
|-heal|p1a: Gengar|100/100|[from] item: Leftovers
|-heal|p2a: Moltres|31/100|[from] item: Leftovers
|upkeep
|turn|16
|
|t:|1729437763
|switch|p2a: Tyranitar|Tyranitar, F|100/100
|-damage|p2a: Tyranitar|84/100|[from] Spikes
|move|p1a: Gengar|Will-O-Wisp|p2a: Tyranitar|[miss]
|-miss|p1a: Gengar|p2a: Tyranitar
|
|-weather|Sandstorm|[upkeep]
|-damage|p1a: Gengar|94/100|[from] Sandstorm
|-heal|p1a: Gengar|100/100|[from] item: Leftovers
|-heal|p2a: Tyranitar|90/100|[from] item: Leftovers
|upkeep
|turn|17
|
|t:|1729437772
|move|p1a: Gengar|Will-O-Wisp|p2a: Tyranitar
|-status|p2a: Tyranitar|brn
|move|p2a: Tyranitar|Earthquake|p1a: Gengar
|-immune|p1a: Gengar
|
|-weather|Sandstorm|[upkeep]
|-damage|p1a: Gengar|94/100|[from] Sandstorm
|-heal|p1a: Gengar|100/100|[from] item: Leftovers
|-heal|p2a: Tyranitar|96/100 brn|[from] item: Leftovers
|-damage|p2a: Tyranitar|84/100 brn|[from] brn
|upkeep
|turn|18
|
|t:|1729437784
|-singleturn|p2a: Tyranitar|move: Focus Punch
|move|p1a: Gengar|Ice Punch|p2a: Tyranitar
|-damage|p2a: Tyranitar|65/100 brn
|move|p2a: Tyranitar|Focus Punch||[still]
|cant|p2a: Tyranitar|Focus Punch|Focus Punch
|
|-weather|Sandstorm|[upkeep]
|-damage|p1a: Gengar|94/100|[from] Sandstorm
|-heal|p1a: Gengar|100/100|[from] item: Leftovers
|-heal|p2a: Tyranitar|71/100 brn|[from] item: Leftovers
|-damage|p2a: Tyranitar|59/100 brn|[from] brn
|upkeep
|turn|19
|
|t:|1729437790
|move|p1a: Gengar|Ice Punch|p2a: Tyranitar
|-damage|p2a: Tyranitar|40/100 brn
|move|p2a: Tyranitar|Rock Slide|p1a: Gengar
|-damage|p1a: Gengar|66/100
|
|-weather|Sandstorm|[upkeep]
|-damage|p1a: Gengar|60/100|[from] Sandstorm
|-heal|p1a: Gengar|66/100|[from] item: Leftovers
|-heal|p2a: Tyranitar|46/100 brn|[from] item: Leftovers
|-damage|p2a: Tyranitar|34/100 brn|[from] brn
|upkeep
|turn|20
|
|t:|1729437799
|switch|p1a: Flygon|Flygon, F|100/100
|move|p2a: Tyranitar|Rock Slide|p1a: Flygon
|-resisted|p1a: Flygon
|-damage|p1a: Flygon|87/100
|
|-weather|Sandstorm|[upkeep]
|-heal|p1a: Flygon|93/100|[from] item: Leftovers
|-heal|p2a: Tyranitar|40/100 brn|[from] item: Leftovers
|-damage|p2a: Tyranitar|28/100 brn|[from] brn
|upkeep
|turn|21
|
|t:|1729437813
|switch|p2a: Skarmory|Skarmory, F|100/100
|move|p1a: Flygon|Fire Blast|p2a: Skarmory
|-supereffective|p2a: Skarmory
|-damage|p2a: Skarmory|57/100
|
|-weather|Sandstorm|[upkeep]
|-heal|p1a: Flygon|99/100|[from] item: Leftovers
|-heal|p2a: Skarmory|63/100|[from] item: Leftovers
|upkeep
|turn|22
|
|t:|1729437830
|switch|p1a: Moltres|Moltres|100/100 slp
|switch|p2a: Swampert|Swampert, F|100/100
|-damage|p2a: Swampert|84/100|[from] Spikes
|
|-weather|Sandstorm|[upkeep]
|-damage|p1a: Moltres|94/100 slp|[from] Sandstorm
|-heal|p1a: Moltres|100/100 slp|[from] item: Leftovers
|-heal|p2a: Swampert|90/100|[from] item: Leftovers
|upkeep
|turn|23
|
|t:|1729437836
|switch|p1a: Skarmory|Skarmory, M|83/100
|move|p2a: Swampert|Hydro Pump|p1a: Skarmory|[miss]
|-miss|p2a: Swampert|p1a: Skarmory
|
|-weather|Sandstorm|[upkeep]
|-heal|p1a: Skarmory|89/100|[from] item: Leftovers
|-heal|p2a: Swampert|96/100|[from] item: Leftovers
|upkeep
|turn|24
|
|t:|1729437853
|switch|p2a: Moltres|Moltres|31/100
|move|p1a: Skarmory|Spikes|p2a: Moltres
|-sidestart|p2: AC77|Spikes
|
|-weather|Sandstorm|[upkeep]
|-damage|p2a: Moltres|24/100|[from] Sandstorm
|-heal|p2a: Moltres|31/100|[from] item: Leftovers
|-heal|p1a: Skarmory|95/100|[from] item: Leftovers
|upkeep
|turn|25
|
|t:|1729437860
|move|p1a: Skarmory|Protect|p1a: Skarmory
|-singleturn|p1a: Skarmory|Protect
|move|p2a: Moltres|Flamethrower|p1a: Skarmory
|-activate|p1a: Skarmory|Protect
|
|-weather|Sandstorm|[upkeep]
|-damage|p2a: Moltres|24/100|[from] Sandstorm
|-heal|p2a: Moltres|31/100|[from] item: Leftovers
|-heal|p1a: Skarmory|100/100|[from] item: Leftovers
|upkeep
|turn|26
|
|t:|1729437867
|switch|p1a: Moltres|Moltres|100/100 slp
|move|p2a: Moltres|Flamethrower|p1a: Moltres
|-resisted|p1a: Moltres
|-damage|p1a: Moltres|74/100 slp
|
|-weather|Sandstorm|[upkeep]
|-damage|p2a: Moltres|24/100|[from] Sandstorm
|-damage|p1a: Moltres|68/100 slp|[from] Sandstorm
|-heal|p2a: Moltres|31/100|[from] item: Leftovers
|-heal|p1a: Moltres|74/100 slp|[from] item: Leftovers
|upkeep
|turn|27
|
|t:|1729437871
|cant|p1a: Moltres|slp
|move|p2a: Moltres|Roar|p1a: Moltres
|drag|p1a: Swampert|Swampert, M|100/100
|-damage|p1a: Swampert|84/100|[from] Spikes
|
|-weather|Sandstorm|[upkeep]
|-damage|p2a: Moltres|24/100|[from] Sandstorm
|-heal|p2a: Moltres|31/100|[from] item: Leftovers
|-heal|p1a: Swampert|90/100|[from] item: Leftovers
|upkeep
|turn|28
|
|t:|1729437877
|switch|p1a: Moltres|Moltres|74/100 slp
|move|p2a: Moltres|Hidden Power|p1a: Moltres
|-resisted|p1a: Moltres
|-damage|p1a: Moltres|68/100 slp
|
|-weather|Sandstorm|[upkeep]
|-damage|p2a: Moltres|24/100|[from] Sandstorm
|-damage|p1a: Moltres|62/100 slp|[from] Sandstorm
|-heal|p2a: Moltres|31/100|[from] item: Leftovers
|-heal|p1a: Moltres|68/100 slp|[from] item: Leftovers
|upkeep
|turn|29
|
|t:|1729437882
|cant|p1a: Moltres|slp
|move|p2a: Moltres|Roar|p1a: Moltres
|drag|p1a: Flygon|Flygon, F|99/100
|
|-weather|Sandstorm|[upkeep]
|-damage|p2a: Moltres|24/100|[from] Sandstorm
|-heal|p1a: Flygon|100/100|[from] item: Leftovers
|-heal|p2a: Moltres|31/100|[from] item: Leftovers
|upkeep
|turn|30
|
|t:|1729437892
|switch|p1a: Moltres|Moltres|68/100 slp
|switch|p2a: Tyranitar|Tyranitar, F|28/100 brn
|-damage|p2a: Tyranitar|3/100 brn|[from] Spikes
|
|-weather|Sandstorm|[upkeep]
|-damage|p1a: Moltres|62/100 slp|[from] Sandstorm
|-heal|p1a: Moltres|68/100 slp|[from] item: Leftovers
|-heal|p2a: Tyranitar|9/100 brn|[from] item: Leftovers
|-damage|p2a: Tyranitar|0 fnt|[from] brn
|faint|p2a: Tyranitar
|upkeep
|inactive|AC77 has 270 seconds left.
|
|t:|1729437945
|switch|p2a: Jirachi|Jirachi|100/100
|-damage|p2a: Jirachi|75/100|[from] Spikes
|turn|31
|
|t:|1729437958
|move|p2a: Jirachi|Calm Mind|p2a: Jirachi
|-boost|p2a: Jirachi|spa|1
|-boost|p2a: Jirachi|spd|1
|-curestatus|p1a: Moltres|slp|[msg]
|move|p1a: Moltres|Flamethrower|p2a: Jirachi
|-supereffective|p2a: Jirachi
|-damage|p2a: Jirachi|19/100
|
|-weather|Sandstorm|[upkeep]
|-damage|p1a: Moltres|62/100|[from] Sandstorm
|-heal|p2a: Jirachi|25/100|[from] item: Leftovers
|-heal|p1a: Moltres|68/100|[from] item: Leftovers
|upkeep
|turn|32
|
|t:|1729437984
|switch|p1a: Flygon|Flygon, F|100/100
|move|p2a: Jirachi|Thunderbolt|p1a: Flygon
|-immune|p1a: Flygon
|
|-weather|Sandstorm|[upkeep]
|-heal|p2a: Jirachi|32/100|[from] item: Leftovers
|upkeep
|turn|33
|
|t:|1729437990
|move|p1a: Flygon|Earthquake|p2a: Jirachi
|-supereffective|p2a: Jirachi
|-damage|p2a: Jirachi|0 fnt
|faint|p2a: Jirachi
|
|t:|1729438001
|switch|p2a: Swampert|Swampert, F|96/100
|-damage|p2a: Swampert|71/100|[from] Spikes
|
|-weather|Sandstorm|[upkeep]
|-heal|p2a: Swampert|77/100|[from] item: Leftovers
|upkeep
|turn|34
|
|t:|1729438030
|switch|p1a: Skarmory|Skarmory, M|100/100
|move|p2a: Swampert|Ice Beam|p1a: Skarmory
|-damage|p1a: Skarmory|83/100
|-status|p1a: Skarmory|frz
|
|-weather|Sandstorm|[upkeep]
|-heal|p1a: Skarmory|89/100 frz|[from] item: Leftovers
|-heal|p2a: Swampert|84/100|[from] item: Leftovers
|upkeep
|turn|35
|
|t:|1729438037
|cant|p1a: Skarmory|frz
|move|p2a: Swampert|Hydro Pump|p1a: Skarmory
|-damage|p1a: Skarmory|53/100 frz
|
|-weather|Sandstorm|[upkeep]
|-heal|p1a: Skarmory|59/100 frz|[from] item: Leftovers
|-heal|p2a: Swampert|90/100|[from] item: Leftovers
|upkeep
|turn|36
|
|t:|1729438041
|-curestatus|p1a: Skarmory|frz|[msg]
|move|p1a: Skarmory|Protect|p1a: Skarmory
|-singleturn|p1a: Skarmory|Protect
|move|p2a: Swampert|Hydro Pump|p1a: Skarmory
|-activate|p1a: Skarmory|Protect
|
|-weather|Sandstorm|[upkeep]
|-heal|p1a: Skarmory|65/100|[from] item: Leftovers
|-heal|p2a: Swampert|96/100|[from] item: Leftovers
|upkeep
|turn|37
|
|t:|1729438045
|switch|p2a: Skarmory|Skarmory, F|63/100
|move|p1a: Skarmory|Drill Peck|p2a: Skarmory
|-resisted|p2a: Skarmory
|-damage|p2a: Skarmory|54/100
|
|-weather|Sandstorm|[upkeep]
|-heal|p2a: Skarmory|60/100|[from] item: Leftovers
|-heal|p1a: Skarmory|71/100|[from] item: Leftovers
|upkeep
|turn|38
|
|t:|1729438053
|move|p2a: Skarmory|Drill Peck|p1a: Skarmory
|-resisted|p1a: Skarmory
|-damage|p1a: Skarmory|63/100
|move|p1a: Skarmory|Drill Peck|p2a: Skarmory
|-resisted|p2a: Skarmory
|-damage|p2a: Skarmory|52/100
|
|-weather|Sandstorm|[upkeep]
|-heal|p2a: Skarmory|58/100|[from] item: Leftovers
|-heal|p1a: Skarmory|69/100|[from] item: Leftovers
|upkeep
|turn|39
|
|t:|1729438057
|move|p2a: Skarmory|Drill Peck|p1a: Skarmory
|-resisted|p1a: Skarmory
|-damage|p1a: Skarmory|61/100
|move|p1a: Skarmory|Drill Peck|p2a: Skarmory
|-resisted|p2a: Skarmory
|-damage|p2a: Skarmory|50/100
|
|-weather|Sandstorm|[upkeep]
|-heal|p2a: Skarmory|56/100|[from] item: Leftovers
|-heal|p1a: Skarmory|67/100|[from] item: Leftovers
|upkeep
|turn|40
|
|t:|1729438062
|move|p1a: Skarmory|Drill Peck|p2a: Skarmory
|-resisted|p2a: Skarmory
|-damage|p2a: Skarmory|47/100
|move|p2a: Skarmory|Roar|p1a: Skarmory
|drag|p1a: Gengar|Gengar, M|66/100
|
|-weather|Sandstorm|[upkeep]
|-damage|p1a: Gengar|60/100|[from] Sandstorm
|-heal|p1a: Gengar|66/100|[from] item: Leftovers
|-heal|p2a: Skarmory|53/100|[from] item: Leftovers
|upkeep
|turn|41
|
|t:|1729438074
|move|p1a: Gengar|Will-O-Wisp|p2a: Skarmory
|-status|p2a: Skarmory|brn
|move|p2a: Skarmory|Drill Peck|p1a: Gengar
|-damage|p1a: Gengar|49/100
|
|-weather|Sandstorm|[upkeep]
|-damage|p1a: Gengar|43/100|[from] Sandstorm
|-heal|p1a: Gengar|49/100|[from] item: Leftovers
|-heal|p2a: Skarmory|59/100 brn|[from] item: Leftovers
|-damage|p2a: Skarmory|47/100 brn|[from] brn
|upkeep
|turn|42
|
|t:|1729438080
|move|p1a: Gengar|Thunderbolt|p2a: Skarmory
|-supereffective|p2a: Skarmory
|-damage|p2a: Skarmory|0 fnt
|faint|p2a: Skarmory
|
|t:|1729438082
|switch|p2a: Swampert|Swampert, F|96/100
|-damage|p2a: Swampert|71/100|[from] Spikes
|
|-weather|Sandstorm|[upkeep]
|-damage|p1a: Gengar|43/100|[from] Sandstorm
|-heal|p1a: Gengar|49/100|[from] item: Leftovers
|-heal|p2a: Swampert|77/100|[from] item: Leftovers
|upkeep
|turn|43
|
|t:|1729438085
|switch|p1a: Skarmory|Skarmory, M|67/100
|move|p2a: Swampert|Hydro Pump|p1a: Skarmory
|-damage|p1a: Skarmory|32/100
|
|-weather|Sandstorm|[upkeep]
|-heal|p1a: Skarmory|38/100|[from] item: Leftovers
|-heal|p2a: Swampert|83/100|[from] item: Leftovers
|upkeep
|turn|44
|
|t:|1729438091
|move|p1a: Skarmory|Drill Peck|p2a: Swampert
|-damage|p2a: Swampert|68/100
|move|p2a: Swampert|Ice Beam|p1a: Skarmory
|-damage|p1a: Skarmory|20/100
|
|-weather|Sandstorm|[upkeep]
|-heal|p1a: Skarmory|26/100|[from] item: Leftovers
|-heal|p2a: Swampert|74/100|[from] item: Leftovers
|upkeep
|turn|45
|
|t:|1729438095
|move|p1a: Skarmory|Drill Peck|p2a: Swampert
|-damage|p2a: Swampert|56/100
|move|p2a: Swampert|Hydro Pump|p1a: Skarmory
|-damage|p1a: Skarmory|0 fnt
|faint|p1a: Skarmory
|
|t:|1729438100
|switch|p1a: Swampert|Swampert, M|90/100
|-damage|p1a: Swampert|73/100|[from] Spikes
|
|-weather|Sandstorm|[upkeep]
|-heal|p2a: Swampert|62/100|[from] item: Leftovers
|-heal|p1a: Swampert|80/100|[from] item: Leftovers
|upkeep
|turn|46
|
|t:|1729438103
|move|p2a: Swampert|Protect|p2a: Swampert
|-singleturn|p2a: Swampert|Protect
|move|p1a: Swampert|Surf|p2a: Swampert
|-activate|p2a: Swampert|Protect
|
|-weather|Sandstorm|[upkeep]
|-heal|p2a: Swampert|68/100|[from] item: Leftovers
|-heal|p1a: Swampert|86/100|[from] item: Leftovers
|upkeep
|turn|47
|
|t:|1729438107
|move|p2a: Swampert|Earthquake|p1a: Swampert
|-crit|p1a: Swampert
|-damage|p1a: Swampert|33/100
|move|p1a: Swampert|Surf|p2a: Swampert
|-damage|p2a: Swampert|34/100
|
|-weather|Sandstorm|[upkeep]
|-heal|p2a: Swampert|40/100|[from] item: Leftovers
|-heal|p1a: Swampert|39/100|[from] item: Leftovers
|upkeep
|turn|48
|
|t:|1729438113
|move|p2a: Swampert|Earthquake|p1a: Swampert
|-damage|p1a: Swampert|14/100
|move|p1a: Swampert|Surf|p2a: Swampert
|-crit|p2a: Swampert
|-damage|p2a: Swampert|0 fnt
|faint|p2a: Swampert
|
|t:|1729438119
|switch|p2a: Moltres|Moltres|31/100
|
|-weather|Sandstorm|[upkeep]
|-damage|p2a: Moltres|24/100|[from] Sandstorm
|-heal|p2a: Moltres|31/100|[from] item: Leftovers
|-heal|p1a: Swampert|20/100|[from] item: Leftovers
|upkeep
|turn|49
|
|t:|1729438124
|move|p2a: Moltres|Hidden Power|p1a: Swampert
|-supereffective|p1a: Swampert
|-damage|p1a: Swampert|0 fnt
|faint|p1a: Swampert
|c|☆AC77|gg
|
|t:|1729438125
|switch|p1a: Gengar|Gengar, M|49/100
|
|-weather|Sandstorm|[upkeep]
|-damage|p1a: Gengar|43/100|[from] Sandstorm
|-damage|p2a: Moltres|24/100|[from] Sandstorm
|-heal|p1a: Gengar|49/100|[from] item: Leftovers
|-heal|p2a: Moltres|31/100|[from] item: Leftovers
|upkeep
|turn|50
|c|☆NoBottlecapsBlisy|gg
|
|t:|1729438129
|move|p1a: Gengar|Thunderbolt|p2a: Moltres
|-supereffective|p2a: Moltres
|-damage|p2a: Moltres|0 fnt
|faint|p2a: Moltres
|
|win|NoBottlecapsBlisy
|player|p1|

</script>
<script type="application/json" class="data" id="replaydata-smogtours-gen3ou-800420">
{"id":"smogtours-gen3ou-800420","format":"[Gen 3] OU","players":["NoBottlecapsBlisy","AC77"],"uploadtime":1729438129,"views":77,"formatid":"gen3ou","rating":null,"private":1,"password":null}
</script>

<script defer src="js/replays.js?9d40a366"></script>
