<!DOCTYPE html>
<meta charset="utf-8" />
<meta name="viewport" content="width=device-width" />

<title>[Gen 3] OU: singingcrow vs. kingofironfrisk - Replays - Pok&eacute;mon Showdown!</title>

<meta name="description" content="Watch a replay of a Pok&eacute;mon battle between singingcrow and kingofironfrisk! Format: [Gen 3] OU; Date: Nov 3, 2024" />
<!--

Hey, you! Looking in the source for the replay log?

You can find them in JSON format, just add `.json` at the end of a replay URL.

https://replay.pokemonshowdown.com/gen7randomdoublesbattle-865046831.json

Or, if you only need the log itself, add `.log` instead:

https://replay.pokemonshowdown.com/gen7randomdoublesbattle-865046831.log

-->

<link rel="stylesheet" href="//pokemonshowdown.com/style/global.css?0.023195364461161105" />
<link rel="stylesheet" href="//play.pokemonshowdown.com/style/font-awesome.css?0.13261647063804238" />
<link rel="stylesheet" href="//play.pokemonshowdown.com/style/battle.css?0.8753245789963631" />
<link rel="stylesheet" href="//play.pokemonshowdown.com/style/utilichart.css?0.8627959624976733" />

<!-- Global site tag (gtag.js) - Google Analytics -->
<script async src="https://www.googletagmanager.com/gtag/js?id=UA-26211653-1"></script>
<script>
  window.dataLayer = window.dataLayer || [];
  function gtag(){dataLayer.push(arguments);}
  gtag('js', new Date());

  gtag('config', 'UA-26211653-1');
</script>
<!-- End Google Analytics -->
<!-- Venatus Ad Manager - Install in <HEAD> of page -->
	<script src="https://hb.vntsm.com/v3/live/ad-manager.min.js" type="text/javascript" data-site-id="642aba63ec9a7b11c3c9c1be" data-mode="scan" async></script>
<!-- / Venatus Ad Manager -->

<style>
	@media (max-width:820px) {
		.battle {
			margin: 0 auto;
		}
		.battle-log {
			margin: 7px auto 0;
			max-width: 640px;
			height: 300px;
			position: static;
		}
	}
	.optgroup {
		display: inline-block;
		line-height: 22px;
		font-size: 10pt;
	}
	.optgroup .button {
		height: 25px;
		padding-top: 0;
		padding-bottom: 0;
	}
	.optgroup button.button {
		padding-left: 12px;
		padding-right: 12px;
	}
	.linklist {
		list-style: none;
		margin: 0.5em 0;
		padding: 0;
	}
	.linklist li {
		padding: 2px 0;
	}
	.sidebar {
		float: left;
		width: 320px;
	}
	.bar-wrapper {
		max-width: 1100px;
		margin: 0 auto;
	}
	.bar-wrapper.has-sidebar {
		max-width: 1430px;
	}
	.mainbar {
		margin: 0;
		padding-right: 1px;
	}
	.mainbar.has-sidebar {
		margin-left: 330px;
	}
	@media (min-width: 1511px) {
		.sidebar {
			width: 400px;
		}
		.bar-wrapper.has-sidebar {
			max-width: 1510px;
		}
		.mainbar.has-sidebar {
			margin-left: 410px;
		}
	}
	.section.first-section {
		margin-top: 9px;
	}
	.blocklink small {
		white-space: normal;
	}
	.button {
		vertical-align: middle;
	}
	.replay-controls {
		padding-top: 10px;
	}
	.replay-controls h1 {
		font-size: 16pt;
		font-weight: normal;
		color: #CCC;
	}
	.pagelink {
		text-align: center;
	}
	.pagelink a {
		width: 150px;
	}
	.textbox, .button {
		font-size: 11pt;
		vertical-align: middle;
	}
	@media (max-width: 450px) {
		.button {
			font-size: 9pt;
		}
	}
</style>

<div>

	<header>
		<div class="nav-wrapper"><ul class="nav">
			<li><a class="button nav-first" href="//pokemonshowdown.com/"><img src="//pokemonshowdown.com/images/pokemonshowdownbeta.png" srcset="//pokemonshowdown.com/images/pokemonshowdownbeta.png 1x, //pokemonshowdown.com/images/pokemonshowdownbeta@2x.png 2x" alt="Pok&eacute;mon Showdown" width="146" height="44" /> Home</a></li>
			<li><a class="button" href="//pokemonshowdown.com/dex/">Pok&eacute;dex</a></li>
			<li><a class="button cur" href="/">Replays</a></li>
			<li><a class="button" href="//pokemonshowdown.com/ladder/">Ladder</a></li>
			<li><a class="button nav-last" href="//pokemonshowdown.com/forums/">Forum</a></li>
			<li><a class="button greenbutton nav-first nav-last" href="//play.pokemonshowdown.com/">Play</a></li>
		</ul></div>
	</header>

	<div class="main" id="main">

		<noscript><section class="section">You need to enable JavaScript to use this page; sorry!</section></noscript>

	</div>

</div>

<script defer nomodule src="//play.pokemonshowdown.com/js/lib/ps-polyfill.js"></script>
<script defer src="//play.pokemonshowdown.com/js/lib/preact.min.js"></script>

<script defer src="//play.pokemonshowdown.com/config/config.js?2bddbc15"></script>
<script defer src="//play.pokemonshowdown.com/js/lib/jquery-1.11.0.min.js"></script>
<script defer src="//play.pokemonshowdown.com/js/lib/html-sanitizer-minified.js"></script>
<script defer src="//play.pokemonshowdown.com/js/battle-sound.js"></script>
<script defer src="//play.pokemonshowdown.com/js/battledata.js?0.7209276989879541"></script>
<script defer src="//play.pokemonshowdown.com/data/pokedex-mini.js?0.6111056340867951"></script>
<script defer src="//play.pokemonshowdown.com/data/pokedex-mini-bw.js?0.3532142036491459"></script>
<script defer src="//play.pokemonshowdown.com/data/graphics.js?0.24223875632456182"></script>
<script defer src="//play.pokemonshowdown.com/data/pokedex.js?0.38839984266356864"></script>
<script defer src="//play.pokemonshowdown.com/data/moves.js?0.21866028504024015"></script>
<script defer src="//play.pokemonshowdown.com/data/abilities.js?0.2005157953846628"></script>
<script defer src="//play.pokemonshowdown.com/data/items.js?0.9894211263848525"></script>
<script defer src="//play.pokemonshowdown.com/data/teambuilder-tables.js?0.6008791140282215"></script>
<script defer src="//play.pokemonshowdown.com/js/battle-tooltips.js?0.7580118955022959"></script>
<script defer src="//play.pokemonshowdown.com/js/battle.js?0.6057722274234274"></script>

<script defer src="js/utils.js?e31f9a17"></script>
<script defer src="js/replays-battle.js?7008c182"></script>

<!-- don't scrape this data! just add .json or .log after the URL!
Full API docs: https://github.com/smogon/pokemon-showdown-client/blob/master/WEB-API.md -->
<script type="text/plain" class="log" id="replaylog-smogtours-gen3ou-804312">
|inactive|Battle timer is ON: inactive players will automatically lose when time's up.
|t:|1730645907
|gametype|singles
|player|p1|singingcrow|hiker-gen4|
|player|p2|kingofironfrisk|tabitha-gen3|
|teamsize|p1|6
|teamsize|p2|6
|gen|3
|tier|[Gen 3] OU
|rule|Sleep Clause Mod: Limit one foe put to sleep
|rule|Switch Priority Clause Mod: Faster Pokémon switch first
|rule|Species Clause: Limit one of each Pokémon
|rule|OHKO Clause: OHKO moves are banned
|rule|Evasion Items Clause: Evasion items are banned
|rule|Evasion Moves Clause: Evasion moves are banned
|rule|Endless Battle Clause: Forcing endless battles is banned
|rule|HP Percentage Mod: HP is shown in percentages
|rule|One Boost Passer Clause: Limit one Baton Passer that has a way to boost its stats
|rule|Freeze Clause Mod: Limit one foe frozen
|
|t:|1730645907
|start
|switch|p1a: Blaziken|Blaziken, F|100/100
|switch|p2a: Tyranitar|Tyranitar, M|100/100
|-weather|Sandstorm|[from] ability: Sand Stream|[of] p2a: Tyranitar
|turn|1
|c|☆singingcrow|glhf
|c|☆kingofironfrisk|u2
|
|t:|1730645936
|switch|p2a: Gengar|Gengar, M|100/100
|move|p1a: Blaziken|Sky Uppercut|p2a: Gengar
|-immune|p2a: Gengar
|
|-weather|Sandstorm|[upkeep]
|-damage|p2a: Gengar|95/100|[from] Sandstorm
|-damage|p1a: Blaziken|94/100|[from] Sandstorm
|-heal|p2a: Gengar|100/100|[from] item: Leftovers
|-heal|p1a: Blaziken|100/100|[from] item: Leftovers
|upkeep
|turn|2
|
|t:|1730645950
|move|p2a: Gengar|Thunderbolt|p1a: Blaziken
|-damage|p1a: Blaziken|54/100
|move|p1a: Blaziken|Fire Blast|p2a: Gengar
|-damage|p2a: Gengar|26/100
|
|-weather|Sandstorm|[upkeep]
|-damage|p2a: Gengar|20/100|[from] Sandstorm
|-damage|p1a: Blaziken|47/100|[from] Sandstorm
|-heal|p2a: Gengar|26/100|[from] item: Leftovers
|-heal|p1a: Blaziken|54/100|[from] item: Leftovers
|upkeep
|turn|3
|
|t:|1730645960
|switch|p1a: Gengar|Gengar, M|100/100
|move|p2a: Gengar|Explosion|p1a: Gengar
|-immune|p1a: Gengar
|faint|p2a: Gengar
|
|t:|1730645962
|switch|p2a: Tyranitar|Tyranitar, M|100/100
|
|-weather|Sandstorm|[upkeep]
|-damage|p1a: Gengar|94/100|[from] Sandstorm
|-heal|p1a: Gengar|100/100|[from] item: Leftovers
|upkeep
|turn|4
|
|t:|1730645965
|move|p1a: Gengar|Will-O-Wisp|p2a: Tyranitar
|-status|p2a: Tyranitar|brn
|move|p2a: Tyranitar|Dragon Dance|p2a: Tyranitar
|-boost|p2a: Tyranitar|atk|1
|-boost|p2a: Tyranitar|spe|1
|
|-weather|Sandstorm|[upkeep]
|-damage|p1a: Gengar|94/100|[from] Sandstorm
|-damage|p2a: Tyranitar|88/100 brn|[from] brn
|-heal|p1a: Gengar|100/100|[from] item: Leftovers
|upkeep
|turn|5
|
|t:|1730645970
|move|p2a: Tyranitar|Dragon Dance|p2a: Tyranitar
|-boost|p2a: Tyranitar|atk|1
|-boost|p2a: Tyranitar|spe|1
|move|p1a: Gengar|Thunderbolt|p2a: Tyranitar
|-damage|p2a: Tyranitar|64/100 brn
|
|-weather|Sandstorm|[upkeep]
|-damage|p1a: Gengar|94/100|[from] Sandstorm
|-heal|p2a: Tyranitar|70/100 brn|[from] item: Leftovers
|-damage|p2a: Tyranitar|58/100 brn|[from] brn
|-heal|p1a: Gengar|100/100|[from] item: Leftovers
|upkeep
|turn|6
|
|t:|1730645973
|move|p2a: Tyranitar|Rock Slide|p1a: Gengar|[miss]
|-miss|p2a: Tyranitar|p1a: Gengar
|move|p1a: Gengar|Thunderbolt|p2a: Tyranitar
|-damage|p2a: Tyranitar|35/100 brn
|
|-weather|Sandstorm|[upkeep]
|-damage|p1a: Gengar|94/100|[from] Sandstorm
|-heal|p2a: Tyranitar|41/100 brn|[from] item: Leftovers
|-damage|p2a: Tyranitar|28/100 brn|[from] brn
|-heal|p1a: Gengar|100/100|[from] item: Leftovers
|upkeep
|turn|7
|
|t:|1730645976
|move|p2a: Tyranitar|Rock Slide|p1a: Gengar
|-crit|p1a: Gengar
|-damage|p1a: Gengar|0 fnt
|faint|p1a: Gengar
|
|t:|1730645979
|switch|p1a: Flygon|Flygon, F|100/100
|
|-weather|Sandstorm|[upkeep]
|-heal|p2a: Tyranitar|35/100 brn|[from] item: Leftovers
|-damage|p2a: Tyranitar|22/100 brn|[from] brn
|upkeep
|turn|8
|
|t:|1730645985
|switch|p2a: Skarmory|Skarmory, M|100/100
|move|p1a: Flygon|Substitute|p1a: Flygon
|-start|p1a: Flygon|Substitute
|-damage|p1a: Flygon|76/100
|
|-weather|Sandstorm|[upkeep]
|-heal|p1a: Flygon|82/100|[from] item: Leftovers
|upkeep
|turn|9
|
|t:|1730645991
|switch|p1a: Blaziken|Blaziken, F|54/100
|move|p2a: Skarmory|Spikes|p1a: Blaziken
|-sidestart|p1: singingcrow|Spikes
|
|-weather|Sandstorm|[upkeep]
|-damage|p1a: Blaziken|47/100|[from] Sandstorm
|-heal|p1a: Blaziken|54/100|[from] item: Leftovers
|upkeep
|turn|10
|
|t:|1730645994
|switch|p2a: Tyranitar|Tyranitar, M|22/100 brn
|move|p1a: Blaziken|Fire Blast|p2a: Tyranitar
|-resisted|p2a: Tyranitar
|-damage|p2a: Tyranitar|0 fnt
|faint|p2a: Tyranitar
|
|t:|1730645998
|switch|p2a: Jirachi|Jirachi|100/100
|
|-weather|Sandstorm|[upkeep]
|-damage|p1a: Blaziken|47/100|[from] Sandstorm
|-heal|p1a: Blaziken|54/100|[from] item: Leftovers
|upkeep
|turn|11
|
|t:|1730646000
|move|p2a: Jirachi|Psychic|p1a: Blaziken
|-supereffective|p1a: Blaziken
|-damage|p1a: Blaziken|0 fnt
|faint|p1a: Blaziken
|
|t:|1730646003
|switch|p1a: Flygon|Flygon, F|82/100
|
|-weather|Sandstorm|[upkeep]
|-heal|p1a: Flygon|88/100|[from] item: Leftovers
|upkeep
|turn|12
|
|t:|1730646005
|switch|p2a: Skarmory|Skarmory, M|100/100
|move|p1a: Flygon|Earthquake|p2a: Skarmory
|-immune|p2a: Skarmory
|
|-weather|Sandstorm|[upkeep]
|-heal|p1a: Flygon|94/100|[from] item: Leftovers
|upkeep
|turn|13
|
|t:|1730646008
|move|p1a: Flygon|Flamethrower|p2a: Skarmory
|-supereffective|p2a: Skarmory
|-damage|p2a: Skarmory|64/100
|move|p2a: Skarmory|Spikes|p1a: Flygon
|-sidestart|p1: singingcrow|Spikes
|
|-weather|Sandstorm|[upkeep]
|-heal|p1a: Flygon|99/100|[from] item: Leftovers
|-heal|p2a: Skarmory|70/100|[from] item: Leftovers
|upkeep
|turn|14
|
|t:|1730646015
|move|p1a: Flygon|Flamethrower|p2a: Skarmory
|-supereffective|p2a: Skarmory
|-damage|p2a: Skarmory|34/100
|-status|p2a: Skarmory|brn
|move|p2a: Skarmory|Spikes|p1a: Flygon
|-sidestart|p1: singingcrow|Spikes
|
|-weather|Sandstorm|[upkeep]
|-heal|p1a: Flygon|100/100|[from] item: Leftovers
|-heal|p2a: Skarmory|40/100 brn|[from] item: Leftovers
|-damage|p2a: Skarmory|27/100 brn|[from] brn
|upkeep
|turn|15
|
|t:|1730646019
|switch|p2a: Swampert|Swampert, F|100/100
|move|p1a: Flygon|Substitute|p1a: Flygon
|-start|p1a: Flygon|Substitute
|-damage|p1a: Flygon|76/100
|
|-weather|Sandstorm|[upkeep]
|-heal|p1a: Flygon|82/100|[from] item: Leftovers
|upkeep
|turn|16
|
|t:|1730646022
|move|p1a: Flygon|Earthquake|p2a: Swampert
|-damage|p2a: Swampert|63/100
|move|p2a: Swampert|Ice Beam|p1a: Flygon
|-supereffective|p1a: Flygon
|-end|p1a: Flygon|Substitute
|
|-weather|Sandstorm|[upkeep]
|-heal|p1a: Flygon|88/100|[from] item: Leftovers
|-heal|p2a: Swampert|69/100|[from] item: Leftovers
|upkeep
|turn|17
|
|t:|1730646027
|switch|p1a: Cloyster|Cloyster, M|100/100
|-damage|p1a: Cloyster|76/100|[from] Spikes
|move|p2a: Swampert|Substitute|p2a: Swampert
|-start|p2a: Swampert|Substitute
|-damage|p2a: Swampert|44/100
|
|-weather|Sandstorm|[upkeep]
|-damage|p1a: Cloyster|70/100|[from] Sandstorm
|-heal|p1a: Cloyster|76/100|[from] item: Leftovers
|-heal|p2a: Swampert|50/100|[from] item: Leftovers
|upkeep
|turn|18
|
|t:|1730646031
|move|p1a: Cloyster|Rapid Spin|p2a: Swampert
|-activate|p2a: Swampert|Substitute|[damage]
|-sideend|p1: singingcrow|Spikes|[from] move: Rapid Spin|[of] p1a: Cloyster
|move|p2a: Swampert|Toxic|p1a: Cloyster
|-status|p1a: Cloyster|tox
|
|-weather|Sandstorm|[upkeep]
|-damage|p1a: Cloyster|70/100 tox|[from] Sandstorm
|-heal|p1a: Cloyster|76/100 tox|[from] item: Leftovers
|-damage|p1a: Cloyster|70/100 tox|[from] psn
|-heal|p2a: Swampert|56/100|[from] item: Leftovers
|upkeep
|turn|19
|
|t:|1730646038
|move|p1a: Cloyster|Surf|p2a: Swampert
|-end|p2a: Swampert|Substitute
|move|p2a: Swampert|Ice Beam|p1a: Cloyster
|-resisted|p1a: Cloyster
|-damage|p1a: Cloyster|60/100 tox
|
|-weather|Sandstorm|[upkeep]
|-damage|p1a: Cloyster|53/100 tox|[from] Sandstorm
|-heal|p1a: Cloyster|60/100 tox|[from] item: Leftovers
|-damage|p1a: Cloyster|47/100 tox|[from] psn
|-heal|p2a: Swampert|63/100|[from] item: Leftovers
|upkeep
|turn|20
|
|t:|1730646044
|switch|p2a: Jirachi|Jirachi|100/100
|move|p1a: Cloyster|Explosion|p2a: Jirachi
|-resisted|p2a: Jirachi
|-damage|p2a: Jirachi|53/100
|faint|p1a: Cloyster
|
|t:|1730646047
|switch|p1a: Flygon|Flygon, F|88/100
|
|-weather|Sandstorm|[upkeep]
|-heal|p1a: Flygon|94/100|[from] item: Leftovers
|-heal|p2a: Jirachi|59/100|[from] item: Leftovers
|upkeep
|turn|21
|
|t:|1730646052
|switch|p2a: Skarmory|Skarmory, M|27/100 brn
|move|p1a: Flygon|Earthquake|p2a: Skarmory
|-immune|p2a: Skarmory
|
|-weather|Sandstorm|[upkeep]
|-heal|p1a: Flygon|99/100|[from] item: Leftovers
|-heal|p2a: Skarmory|33/100 brn|[from] item: Leftovers
|-damage|p2a: Skarmory|21/100 brn|[from] brn
|upkeep
|turn|22
|
|t:|1730646057
|move|p1a: Flygon|Flamethrower|p2a: Skarmory
|-supereffective|p2a: Skarmory
|-damage|p2a: Skarmory|0 fnt
|faint|p2a: Skarmory
|
|t:|1730646059
|switch|p2a: Swampert|Swampert, F|63/100
|
|-weather|Sandstorm|[upkeep]
|-heal|p1a: Flygon|100/100|[from] item: Leftovers
|-heal|p2a: Swampert|69/100|[from] item: Leftovers
|upkeep
|turn|23
|
|t:|1730646065
|switch|p1a: Celebi|Celebi|100/100
|move|p2a: Swampert|Ice Beam|p1a: Celebi
|-supereffective|p1a: Celebi
|-damage|p1a: Celebi|52/100
|-status|p1a: Celebi|frz
|
|-weather|Sandstorm|[upkeep]
|-damage|p1a: Celebi|46/100 frz|[from] Sandstorm
|-heal|p1a: Celebi|52/100 frz|[from] item: Leftovers
|-heal|p2a: Swampert|75/100|[from] item: Leftovers
|upkeep
|turn|24
|
|t:|1730646068
|-curestatus|p1a: Celebi|frz|[from] ability: Natural Cure
|switch|p1a: Zapdos|Zapdos|100/100
|move|p2a: Swampert|Ice Beam|p1a: Zapdos
|-supereffective|p1a: Zapdos
|-damage|p1a: Zapdos|38/100
|
|-weather|Sandstorm|[upkeep]
|-damage|p1a: Zapdos|31/100|[from] Sandstorm
|-heal|p1a: Zapdos|38/100|[from] item: Leftovers
|-heal|p2a: Swampert|81/100|[from] item: Leftovers
|upkeep
|turn|25
|
|t:|1730646073
|switch|p2a: Jirachi|Jirachi|59/100
|move|p1a: Zapdos|Drill Peck|p2a: Jirachi
|-resisted|p2a: Jirachi
|-damage|p2a: Jirachi|45/100
|
|-weather|Sandstorm|[upkeep]
|-damage|p1a: Zapdos|31/100|[from] Sandstorm
|-heal|p2a: Jirachi|51/100|[from] item: Leftovers
|-heal|p1a: Zapdos|38/100|[from] item: Leftovers
|upkeep
|turn|26
|
|t:|1730646077
|move|p2a: Jirachi|Psychic|p1a: Zapdos
|-damage|p1a: Zapdos|0 fnt
|faint|p1a: Zapdos
|
|t:|1730646079
|switch|p1a: Flygon|Flygon, F|100/100
|
|-weather|Sandstorm|[upkeep]
|-heal|p2a: Jirachi|57/100|[from] item: Leftovers
|upkeep
|turn|27
|
|t:|1730646087
|switch|p1a: Celebi|Celebi|52/100
|move|p2a: Jirachi|Psychic|p1a: Celebi
|-resisted|p1a: Celebi
|-damage|p1a: Celebi|34/100
|
|-weather|Sandstorm|[upkeep]
|-damage|p1a: Celebi|28/100|[from] Sandstorm
|-heal|p1a: Celebi|34/100|[from] item: Leftovers
|-heal|p2a: Jirachi|63/100|[from] item: Leftovers
|upkeep
|turn|28
|
|t:|1730646090
|move|p1a: Celebi|Hidden Power|p2a: Jirachi
|-supereffective|p2a: Jirachi
|-damage|p2a: Jirachi|22/100
|move|p2a: Jirachi|Fire Punch|p1a: Celebi
|-supereffective|p1a: Celebi
|-damage|p1a: Celebi|0 fnt
|faint|p1a: Celebi
|
|t:|1730646092
|switch|p1a: Flygon|Flygon, F|100/100
|
|-weather|Sandstorm|[upkeep]
|-heal|p2a: Jirachi|28/100|[from] item: Leftovers
|upkeep
|turn|29
|
|t:|1730646094
|move|p1a: Flygon|Earthquake|p2a: Jirachi
|-supereffective|p2a: Jirachi
|-damage|p2a: Jirachi|0 fnt
|faint|p2a: Jirachi
|
|t:|1730646095
|switch|p2a: Swampert|Swampert, F|81/100
|
|-weather|Sandstorm|[upkeep]
|-heal|p2a: Swampert|87/100|[from] item: Leftovers
|upkeep
|turn|30
|
|t:|1730646096
|move|p1a: Flygon|Earthquake|p2a: Swampert
|-crit|p2a: Swampert
|-damage|p2a: Swampert|0 fnt
|faint|p2a: Swampert
|c|☆kingofironfrisk|bruh
|
|t:|1730646102
|switch|p2a: Aerodactyl|Aerodactyl, M|100/100
|
|-weather|Sandstorm|[upkeep]
|upkeep
|turn|31
|c|☆singingcrow|mb
|
|t:|1730646106
|move|p2a: Aerodactyl|Double-Edge|p1a: Flygon
|-damage|p1a: Flygon|16/100
|move|p1a: Flygon|Rock Slide|p2a: Aerodactyl
|-supereffective|p2a: Aerodactyl
|-crit|p2a: Aerodactyl
|-damage|p2a: Aerodactyl|0 fnt
|faint|p2a: Aerodactyl
|
|win|singingcrow
|c|☆singingcrow|gg
|c|☆kingofironfrisk|gg
|player|p2|
|player|p1|

</script>
<script type="application/json" class="data" id="replaydata-smogtours-gen3ou-804312">
{"id":"smogtours-gen3ou-804312","format":"[Gen 3] OU","players":["singingcrow","kingofironfrisk"],"uploadtime":1730646106,"views":90,"formatid":"gen3ou","rating":null,"private":0,"password":null}
</script>

<script defer src="js/replays.js?9d40a366"></script>
