<!DOCTYPE html>
<meta charset="utf-8" />
<meta name="viewport" content="width=device-width" />

<title>[Gen 3] OU: G3neralR3van vs. Elisy - Replays - Pok&eacute;mon Showdown!</title>

<meta name="description" content="Watch a replay of a Pok&eacute;mon battle between G3neralR3van and Elisy! Format: [Gen 3] OU; Date: Nov 7, 2024" />
<!--

Hey, you! Looking in the source for the replay log?

You can find them in JSON format, just add `.json` at the end of a replay URL.

https://replay.pokemonshowdown.com/gen7randomdoublesbattle-865046831.json

Or, if you only need the log itself, add `.log` instead:

https://replay.pokemonshowdown.com/gen7randomdoublesbattle-865046831.log

-->

<link rel="stylesheet" href="//pokemonshowdown.com/style/global.css?0.023195364461161105" />
<link rel="stylesheet" href="//play.pokemonshowdown.com/style/font-awesome.css?0.13261647063804238" />
<link rel="stylesheet" href="//play.pokemonshowdown.com/style/battle.css?0.8753245789963631" />
<link rel="stylesheet" href="//play.pokemonshowdown.com/style/utilichart.css?0.8627959624976733" />

<!-- Global site tag (gtag.js) - Google Analytics -->
<script async src="https://www.googletagmanager.com/gtag/js?id=UA-26211653-1"></script>
<script>
  window.dataLayer = window.dataLayer || [];
  function gtag(){dataLayer.push(arguments);}
  gtag('js', new Date());

  gtag('config', 'UA-26211653-1');
</script>
<!-- End Google Analytics -->
<!-- Venatus Ad Manager - Install in <HEAD> of page -->
	<script src="https://hb.vntsm.com/v3/live/ad-manager.min.js" type="text/javascript" data-site-id="642aba63ec9a7b11c3c9c1be" data-mode="scan" async></script>
<!-- / Venatus Ad Manager -->

<style>
	@media (max-width:820px) {
		.battle {
			margin: 0 auto;
		}
		.battle-log {
			margin: 7px auto 0;
			max-width: 640px;
			height: 300px;
			position: static;
		}
	}
	.optgroup {
		display: inline-block;
		line-height: 22px;
		font-size: 10pt;
	}
	.optgroup .button {
		height: 25px;
		padding-top: 0;
		padding-bottom: 0;
	}
	.optgroup button.button {
		padding-left: 12px;
		padding-right: 12px;
	}
	.linklist {
		list-style: none;
		margin: 0.5em 0;
		padding: 0;
	}
	.linklist li {
		padding: 2px 0;
	}
	.sidebar {
		float: left;
		width: 320px;
	}
	.bar-wrapper {
		max-width: 1100px;
		margin: 0 auto;
	}
	.bar-wrapper.has-sidebar {
		max-width: 1430px;
	}
	.mainbar {
		margin: 0;
		padding-right: 1px;
	}
	.mainbar.has-sidebar {
		margin-left: 330px;
	}
	@media (min-width: 1511px) {
		.sidebar {
			width: 400px;
		}
		.bar-wrapper.has-sidebar {
			max-width: 1510px;
		}
		.mainbar.has-sidebar {
			margin-left: 410px;
		}
	}
	.section.first-section {
		margin-top: 9px;
	}
	.blocklink small {
		white-space: normal;
	}
	.button {
		vertical-align: middle;
	}
	.replay-controls {
		padding-top: 10px;
	}
	.replay-controls h1 {
		font-size: 16pt;
		font-weight: normal;
		color: #CCC;
	}
	.pagelink {
		text-align: center;
	}
	.pagelink a {
		width: 150px;
	}
	.textbox, .button {
		font-size: 11pt;
		vertical-align: middle;
	}
	@media (max-width: 450px) {
		.button {
			font-size: 9pt;
		}
	}
</style>

<div>

	<header>
		<div class="nav-wrapper"><ul class="nav">
			<li><a class="button nav-first" href="//pokemonshowdown.com/"><img src="//pokemonshowdown.com/images/pokemonshowdownbeta.png" srcset="//pokemonshowdown.com/images/pokemonshowdownbeta.png 1x, //pokemonshowdown.com/images/pokemonshowdownbeta@2x.png 2x" alt="Pok&eacute;mon Showdown" width="146" height="44" /> Home</a></li>
			<li><a class="button" href="//pokemonshowdown.com/dex/">Pok&eacute;dex</a></li>
			<li><a class="button cur" href="/">Replays</a></li>
			<li><a class="button" href="//pokemonshowdown.com/ladder/">Ladder</a></li>
			<li><a class="button nav-last" href="//pokemonshowdown.com/forums/">Forum</a></li>
			<li><a class="button greenbutton nav-first nav-last" href="//play.pokemonshowdown.com/">Play</a></li>
		</ul></div>
	</header>

	<div class="main" id="main">

		<noscript><section class="section">You need to enable JavaScript to use this page; sorry!</section></noscript>

	</div>

</div>

<script defer nomodule src="//play.pokemonshowdown.com/js/lib/ps-polyfill.js"></script>
<script defer src="//play.pokemonshowdown.com/js/lib/preact.min.js"></script>

<script defer src="//play.pokemonshowdown.com/config/config.js?2bddbc15"></script>
<script defer src="//play.pokemonshowdown.com/js/lib/jquery-1.11.0.min.js"></script>
<script defer src="//play.pokemonshowdown.com/js/lib/html-sanitizer-minified.js"></script>
<script defer src="//play.pokemonshowdown.com/js/battle-sound.js"></script>
<script defer src="//play.pokemonshowdown.com/js/battledata.js?0.7209276989879541"></script>
<script defer src="//play.pokemonshowdown.com/data/pokedex-mini.js?0.6111056340867951"></script>
<script defer src="//play.pokemonshowdown.com/data/pokedex-mini-bw.js?0.3532142036491459"></script>
<script defer src="//play.pokemonshowdown.com/data/graphics.js?0.24223875632456182"></script>
<script defer src="//play.pokemonshowdown.com/data/pokedex.js?0.38839984266356864"></script>
<script defer src="//play.pokemonshowdown.com/data/moves.js?0.21866028504024015"></script>
<script defer src="//play.pokemonshowdown.com/data/abilities.js?0.2005157953846628"></script>
<script defer src="//play.pokemonshowdown.com/data/items.js?0.9894211263848525"></script>
<script defer src="//play.pokemonshowdown.com/data/teambuilder-tables.js?0.6008791140282215"></script>
<script defer src="//play.pokemonshowdown.com/js/battle-tooltips.js?0.7580118955022959"></script>
<script defer src="//play.pokemonshowdown.com/js/battle.js?0.6057722274234274"></script>

<script defer src="js/utils.js?e31f9a17"></script>
<script defer src="js/replays-battle.js?7008c182"></script>

<!-- don't scrape this data! just add .json or .log after the URL!
Full API docs: https://github.com/smogon/pokemon-showdown-client/blob/master/WEB-API.md -->
<script type="text/plain" class="log" id="replaylog-smogtours-gen3ou-805093">
|inactive|Battle timer is ON: inactive players will automatically lose when time's up.
|t:|1730997540
|gametype|singles
|player|p1|G3neralR3van|volkner|
|player|p2|Elisy|miku-flying|
|teamsize|p1|6
|teamsize|p2|6
|gen|3
|tier|[Gen 3] OU
|rule|Sleep Clause Mod: Limit one foe put to sleep
|rule|Switch Priority Clause Mod: Faster Pokémon switch first
|rule|Species Clause: Limit one of each Pokémon
|rule|OHKO Clause: OHKO moves are banned
|rule|Evasion Items Clause: Evasion items are banned
|rule|Evasion Moves Clause: Evasion moves are banned
|rule|Endless Battle Clause: Forcing endless battles is banned
|rule|HP Percentage Mod: HP is shown in percentages
|rule|One Boost Passer Clause: Limit one Baton Passer that has a way to boost its stats
|rule|Freeze Clause Mod: Limit one foe frozen
|
|t:|1730997540
|start
|switch|p1a: Tyranitar|Tyranitar, M|100/100
|switch|p2a: Snorlax|Snorlax, M|100/100
|-weather|Sandstorm|[from] ability: Sand Stream|[of] p1a: Tyranitar
|turn|1
|c|☆Elisy|hf
|c|☆G3neralR3van|u2!
|c|☆Elisy|/log Elisy made the replay of this battle unlisted.
|inactive|G3neralR3van has 270 seconds left.
|inactive|Elisy has 270 seconds left.
|inactive|Elisy has 240 seconds left.
|inactive|Elisy has 210 seconds left.
|
|t:|1730997640
|switch|p1a: Swampert|Swampert, M|100/100
|move|p2a: Snorlax|Earthquake|p1a: Swampert
|-damage|p1a: Swampert|78/100
|
|-weather|Sandstorm|[upkeep]
|-damage|p2a: Snorlax|94/100|[from] Sandstorm
|-heal|p1a: Swampert|85/100|[from] item: Leftovers
|-heal|p2a: Snorlax|100/100|[from] item: Leftovers
|upkeep
|turn|2
|inactive|Elisy has 270 seconds left.
|inactive|Elisy has 240 seconds left.
|
|t:|1730997700
|move|p1a: Swampert|Surf|p2a: Snorlax
|-damage|p2a: Snorlax|83/100
|move|p2a: Snorlax|Body Slam|p1a: Swampert
|-damage|p1a: Swampert|57/100
|-status|p1a: Swampert|par
|
|-weather|Sandstorm|[upkeep]
|-damage|p2a: Snorlax|77/100|[from] Sandstorm
|-heal|p2a: Snorlax|83/100|[from] item: Leftovers
|-heal|p1a: Swampert|63/100 par|[from] item: Leftovers
|upkeep
|turn|3
|
|t:|1730997714
|move|p1a: Swampert|Protect|p1a: Swampert
|-singleturn|p1a: Swampert|Protect
|move|p2a: Snorlax|Body Slam|p1a: Swampert
|-activate|p1a: Swampert|Protect
|
|-weather|Sandstorm|[upkeep]
|-damage|p2a: Snorlax|77/100|[from] Sandstorm
|-heal|p2a: Snorlax|83/100|[from] item: Leftovers
|-heal|p1a: Swampert|69/100 par|[from] item: Leftovers
|upkeep
|turn|4
|inactive|Elisy has 210 seconds left.
|
|t:|1730997737
|switch|p1a: Snorlax|Snorlax, M|100/100
|move|p2a: Snorlax|Curse|p2a: Snorlax
|-unboost|p2a: Snorlax|spe|1
|-boost|p2a: Snorlax|atk|1
|-boost|p2a: Snorlax|def|1
|
|-weather|Sandstorm|[upkeep]
|-damage|p1a: Snorlax|94/100|[from] Sandstorm
|-damage|p2a: Snorlax|77/100|[from] Sandstorm
|-heal|p1a: Snorlax|100/100|[from] item: Leftovers
|-heal|p2a: Snorlax|83/100|[from] item: Leftovers
|upkeep
|turn|5
|inactive|Elisy has 210 seconds left.
|inactive|Elisy has 180 seconds left.
|inactive|Elisy has 150 seconds left.
|
|t:|1730997810
|switch|p2a: Gyarados|Gyarados, M|100/100
|-ability|p2a: Gyarados|Intimidate|boost
|-unboost|p1a: Snorlax|atk|1
|move|p1a: Snorlax|Body Slam|p2a: Gyarados
|-damage|p2a: Gyarados|67/100
|
|-weather|Sandstorm|[upkeep]
|-damage|p2a: Gyarados|61/100|[from] Sandstorm
|-damage|p1a: Snorlax|94/100|[from] Sandstorm
|-heal|p2a: Gyarados|67/100|[from] item: Leftovers
|-heal|p1a: Snorlax|100/100|[from] item: Leftovers
|upkeep
|turn|6
|inactive|Elisy has 150 seconds left.
|
|t:|1730997819
|switch|p1a: Aerodactyl|Aerodactyl, M|100/100
|move|p2a: Gyarados|Thunder Wave|p1a: Aerodactyl
|-status|p1a: Aerodactyl|par
|
|-weather|Sandstorm|[upkeep]
|-damage|p2a: Gyarados|61/100|[from] Sandstorm
|-heal|p2a: Gyarados|67/100|[from] item: Leftovers
|upkeep
|turn|7
|inactive|Elisy has 150 seconds left.
|
|t:|1730997841
|switch|p2a: Swampert|Swampert, M|100/100
|cant|p1a: Aerodactyl|par
|
|-weather|Sandstorm|[upkeep]
|upkeep
|turn|8
|inactive|Elisy has 120 seconds left.
|
|t:|1730997875
|switch|p2a: Tyranitar|Tyranitar, M, shiny|100/100
|switch|p1a: Snorlax|Snorlax, M|100/100
|
|-weather|Sandstorm|[upkeep]
|-damage|p1a: Snorlax|94/100|[from] Sandstorm
|-heal|p1a: Snorlax|100/100|[from] item: Leftovers
|upkeep
|turn|9
|inactive|Elisy has 120 seconds left.
|
|t:|1730997897
|switch|p2a: Swampert|Swampert, M|100/100
|move|p1a: Snorlax|Earthquake|p2a: Swampert
|-damage|p2a: Swampert|80/100
|
|-weather|Sandstorm|[upkeep]
|-damage|p1a: Snorlax|94/100|[from] Sandstorm
|-heal|p2a: Swampert|87/100|[from] item: Leftovers
|-heal|p1a: Snorlax|100/100|[from] item: Leftovers
|upkeep
|turn|10
|
|t:|1730997911
|move|p2a: Swampert|Earthquake|p1a: Snorlax
|-damage|p1a: Snorlax|68/100
|move|p1a: Snorlax|Body Slam|p2a: Swampert
|-damage|p2a: Swampert|61/100
|
|-weather|Sandstorm|[upkeep]
|-damage|p1a: Snorlax|62/100|[from] Sandstorm
|-heal|p2a: Swampert|67/100|[from] item: Leftovers
|-heal|p1a: Snorlax|68/100|[from] item: Leftovers
|upkeep
|turn|11
|
|t:|1730997923
|move|p2a: Swampert|Earthquake|p1a: Snorlax
|-damage|p1a: Snorlax|35/100
|move|p1a: Snorlax|Body Slam|p2a: Swampert
|-damage|p2a: Swampert|42/100
|
|-weather|Sandstorm|[upkeep]
|-damage|p1a: Snorlax|29/100|[from] Sandstorm
|-heal|p2a: Swampert|48/100|[from] item: Leftovers
|-heal|p1a: Snorlax|35/100|[from] item: Leftovers
|upkeep
|turn|12
|
|t:|1730997942
|move|p2a: Swampert|Protect|p2a: Swampert
|-singleturn|p2a: Swampert|Protect
|move|p1a: Snorlax|Body Slam|p2a: Swampert
|-activate|p2a: Swampert|Protect
|
|-weather|Sandstorm|[upkeep]
|-damage|p1a: Snorlax|29/100|[from] Sandstorm
|-heal|p2a: Swampert|54/100|[from] item: Leftovers
|-heal|p1a: Snorlax|35/100|[from] item: Leftovers
|upkeep
|turn|13
|
|t:|1730997948
|move|p2a: Swampert|Earthquake|p1a: Snorlax
|-damage|p1a: Snorlax|6/100
|move|p1a: Snorlax|Self-Destruct|p2a: Swampert
|-damage|p2a: Swampert|0 fnt
|faint|p1a: Snorlax
|faint|p2a: Swampert
|inactive|Elisy has 120 seconds left.
|
|t:|1730997982
|switch|p2a: Snorlax|Snorlax, M|83/100
|switch|p1a: Swampert|Swampert, M|69/100 par
|
|-weather|Sandstorm|[upkeep]
|-damage|p2a: Snorlax|77/100|[from] Sandstorm
|-heal|p2a: Snorlax|83/100|[from] item: Leftovers
|-heal|p1a: Swampert|75/100 par|[from] item: Leftovers
|upkeep
|turn|14
|
|t:|1730997991
|switch|p1a: Machamp|Machamp, F|100/100
|move|p2a: Snorlax|Curse|p2a: Snorlax
|-unboost|p2a: Snorlax|spe|1
|-boost|p2a: Snorlax|atk|1
|-boost|p2a: Snorlax|def|1
|
|-weather|Sandstorm|[upkeep]
|-damage|p1a: Machamp|94/100|[from] Sandstorm
|-damage|p2a: Snorlax|77/100|[from] Sandstorm
|-heal|p1a: Machamp|100/100|[from] item: Leftovers
|-heal|p2a: Snorlax|83/100|[from] item: Leftovers
|upkeep
|turn|15
|
|t:|1730998004
|move|p1a: Machamp|Cross Chop|p2a: Snorlax
|-supereffective|p2a: Snorlax
|-damage|p2a: Snorlax|15/100
|move|p2a: Snorlax|Body Slam|p1a: Machamp
|-damage|p1a: Machamp|23/100
|
|-weather|Sandstorm|[upkeep]
|-damage|p1a: Machamp|16/100|[from] Sandstorm
|-damage|p2a: Snorlax|9/100|[from] Sandstorm
|-heal|p1a: Machamp|23/100|[from] item: Leftovers
|-heal|p2a: Snorlax|15/100|[from] item: Leftovers
|upkeep
|turn|16
|
|t:|1730998015
|switch|p2a: Gyarados|Gyarados, M|67/100
|-ability|p2a: Gyarados|Intimidate|boost
|-unboost|p1a: Machamp|atk|1
|move|p1a: Machamp|Rock Slide|p2a: Gyarados
|-supereffective|p2a: Gyarados
|-damage|p2a: Gyarados|22/100
|
|-weather|Sandstorm|[upkeep]
|-damage|p2a: Gyarados|15/100|[from] Sandstorm
|-damage|p1a: Machamp|16/100|[from] Sandstorm
|-heal|p2a: Gyarados|22/100|[from] item: Leftovers
|-heal|p1a: Machamp|23/100|[from] item: Leftovers
|upkeep
|turn|17
|
|t:|1730998024
|switch|p1a: Aerodactyl|Aerodactyl, M|100/100 par
|move|p2a: Gyarados|Hidden Power|p1a: Aerodactyl
|-resisted|p1a: Aerodactyl
|-damage|p1a: Aerodactyl|69/100 par
|
|-weather|Sandstorm|[upkeep]
|-damage|p2a: Gyarados|15/100|[from] Sandstorm
|-heal|p2a: Gyarados|22/100|[from] item: Leftovers
|upkeep
|turn|18
|
|t:|1730998033
|switch|p2a: Magneton|Magneton|100/100
|move|p1a: Aerodactyl|Rock Slide|p2a: Magneton
|-resisted|p2a: Magneton
|-damage|p2a: Magneton|62/100
|
|-weather|Sandstorm|[upkeep]
|upkeep
|turn|19
|
|t:|1730998040
|switch|p1a: Swampert|Swampert, M|75/100 par
|move|p2a: Magneton|Substitute|p2a: Magneton
|-start|p2a: Magneton|Substitute
|-damage|p2a: Magneton|38/100
|
|-weather|Sandstorm|[upkeep]
|-heal|p1a: Swampert|82/100 par|[from] item: Leftovers
|upkeep
|turn|20
|
|t:|1730998046
|move|p2a: Magneton|Hidden Power|p1a: Swampert
|-supereffective|p1a: Swampert
|-crit|p1a: Swampert
|-damage|p1a: Swampert|0 fnt
|faint|p1a: Swampert
|
|t:|1730998055
|switch|p1a: Tyranitar|Tyranitar, M|100/100
|
|-weather|Sandstorm|[upkeep]
|upkeep
|turn|21
|
|t:|1730998064
|move|p2a: Magneton|Thunderbolt|p1a: Tyranitar
|-damage|p1a: Tyranitar|52/100
|move|p1a: Tyranitar|Flamethrower|p2a: Magneton
|-supereffective|p2a: Magneton
|-end|p2a: Magneton|Substitute
|
|-weather|Sandstorm|[upkeep]
|-heal|p1a: Tyranitar|58/100|[from] item: Leftovers
|upkeep
|turn|22
|
|t:|1730998077
|switch|p2a: Tyranitar|Tyranitar, M, shiny|100/100
|move|p1a: Tyranitar|Flamethrower|p2a: Tyranitar
|-resisted|p2a: Tyranitar
|-damage|p2a: Tyranitar|88/100
|
|-weather|Sandstorm|[upkeep]
|-heal|p1a: Tyranitar|64/100|[from] item: Leftovers
|-heal|p2a: Tyranitar|94/100|[from] item: Leftovers
|upkeep
|turn|23
|
|t:|1730998086
|move|p1a: Tyranitar|Hidden Power|p2a: Tyranitar
|-supereffective|p2a: Tyranitar
|-damage|p2a: Tyranitar|60/100
|move|p2a: Tyranitar|Hidden Power|p1a: Tyranitar
|-supereffective|p1a: Tyranitar
|-damage|p1a: Tyranitar|27/100
|
|-weather|Sandstorm|[upkeep]
|-heal|p1a: Tyranitar|34/100|[from] item: Leftovers
|-heal|p2a: Tyranitar|66/100|[from] item: Leftovers
|upkeep
|turn|24
|
|t:|1730998103
|switch|p1a: Aerodactyl|Aerodactyl, M|69/100 par
|move|p2a: Tyranitar|Crunch|p1a: Aerodactyl
|-damage|p1a: Aerodactyl|19/100 par
|
|-weather|Sandstorm|[upkeep]
|-heal|p2a: Tyranitar|72/100|[from] item: Leftovers
|upkeep
|turn|25
|
|t:|1730998110
|move|p2a: Tyranitar|Crunch|p1a: Aerodactyl
|-damage|p1a: Aerodactyl|0 fnt
|faint|p1a: Aerodactyl
|
|t:|1730998112
|switch|p1a: Machamp|Machamp, F|23/100
|
|-weather|Sandstorm|[upkeep]
|-damage|p1a: Machamp|16/100|[from] Sandstorm
|-heal|p1a: Machamp|23/100|[from] item: Leftovers
|-heal|p2a: Tyranitar|78/100|[from] item: Leftovers
|upkeep
|turn|26
|inactive|Elisy has 150 seconds left.
|
|t:|1730998146
|move|p1a: Machamp|Cross Chop|p2a: Tyranitar
|-supereffective|p2a: Tyranitar
|-damage|p2a: Tyranitar|0 fnt
|faint|p2a: Tyranitar
|
|t:|1730998153
|switch|p2a: Magneton|Magneton|38/100
|
|-weather|Sandstorm|[upkeep]
|-damage|p1a: Machamp|16/100|[from] Sandstorm
|-heal|p1a: Machamp|23/100|[from] item: Leftovers
|upkeep
|turn|27
|
|t:|1730998158
|move|p2a: Magneton|Thunderbolt|p1a: Machamp
|-damage|p1a: Machamp|0 fnt
|faint|p1a: Machamp
|
|t:|1730998161
|switch|p1a: Metagross|Metagross|100/100
|
|-weather|Sandstorm|[upkeep]
|upkeep
|turn|28
|inactive|Elisy has 150 seconds left.
|inactive|Elisy has 120 seconds left.
|inactive|Elisy has 90 seconds left.
|
|t:|1730998236
|move|p2a: Magneton|Thunder Wave|p1a: Metagross
|-status|p1a: Metagross|par
|-enditem|p1a: Metagross|Lum Berry|[eat]
|-curestatus|p1a: Metagross|par|[msg]
|move|p1a: Metagross|Agility|p1a: Metagross
|-boost|p1a: Metagross|spe|2
|
|-weather|Sandstorm|[upkeep]
|upkeep
|turn|29
|
|t:|1730998245
|move|p1a: Metagross|Earthquake|p2a: Magneton
|-supereffective|p2a: Magneton
|-damage|p2a: Magneton|0 fnt
|faint|p2a: Magneton
|
|t:|1730998254
|switch|p2a: Salamence|Salamence, M|100/100
|-ability|p2a: Salamence|Intimidate|boost
|-fail|p1a: Metagross|unboost|[from] ability: Clear Body|[of] p1a: Metagross
|
|-weather|Sandstorm|[upkeep]
|-damage|p2a: Salamence|94/100|[from] Sandstorm
|-heal|p2a: Salamence|100/100|[from] item: Leftovers
|upkeep
|turn|30
|inactive|Elisy has 90 seconds left.
|
|t:|1730998268
|move|p1a: Metagross|Meteor Mash|p2a: Salamence
|-crit|p2a: Salamence
|-damage|p2a: Salamence|0 fnt
|faint|p2a: Salamence
|c|☆G3neralR3van|sry
|
|t:|1730998274
|switch|p2a: Snorlax|Snorlax, M|15/100
|
|-weather|Sandstorm|[upkeep]
|-damage|p2a: Snorlax|9/100|[from] Sandstorm
|-heal|p2a: Snorlax|15/100|[from] item: Leftovers
|upkeep
|turn|31
|c|☆Elisy|np
|inactive|Elisy has 90 seconds left.
|
|t:|1730998280
|move|p1a: Metagross|Earthquake|p2a: Snorlax
|-damage|p2a: Snorlax|0 fnt
|faint|p2a: Snorlax
|
|t:|1730998283
|switch|p2a: Gyarados|Gyarados, M|22/100
|-ability|p2a: Gyarados|Intimidate|boost
|-fail|p1a: Metagross|unboost|[from] ability: Clear Body|[of] p1a: Metagross
|
|-weather|Sandstorm|[upkeep]
|-damage|p2a: Gyarados|15/100|[from] Sandstorm
|-heal|p2a: Gyarados|22/100|[from] item: Leftovers
|upkeep
|turn|32
|
|t:|1730998286
|move|p1a: Metagross|Explosion|p2a: Gyarados
|-damage|p2a: Gyarados|0 fnt
|faint|p1a: Metagross
|faint|p2a: Gyarados
|
|win|G3neralR3van
|c|☆G3neralR3van|gg
|c|☆Elisy|gg

</script>
<script type="application/json" class="data" id="replaydata-smogtours-gen3ou-805093">
{"id":"smogtours-gen3ou-805093","format":"[Gen 3] OU","players":["G3neralR3van","Elisy"],"uploadtime":1730998286,"views":37,"formatid":"gen3ou","rating":null,"private":1,"password":null}
</script>

<script defer src="js/replays.js?9d40a366"></script>
