<!DOCTYPE html>
<meta charset="utf-8" />
<meta name="viewport" content="width=device-width" />

<title>[Gen 3] OU: Pak vs. woeishuen - Replays - Pok&eacute;mon Showdown!</title>

<meta name="description" content="Watch a replay of a Pok&eacute;mon battle between Pak and woeishuen! Format: [Gen 3] OU; Date: Oct 22, 2024" />
<!--

Hey, you! Looking in the source for the replay log?

You can find them in JSON format, just add `.json` at the end of a replay URL.

https://replay.pokemonshowdown.com/gen7randomdoublesbattle-865046831.json

Or, if you only need the log itself, add `.log` instead:

https://replay.pokemonshowdown.com/gen7randomdoublesbattle-865046831.log

-->

<link rel="stylesheet" href="//pokemonshowdown.com/style/global.css?0.023195364461161105" />
<link rel="stylesheet" href="//play.pokemonshowdown.com/style/font-awesome.css?0.13261647063804238" />
<link rel="stylesheet" href="//play.pokemonshowdown.com/style/battle.css?0.8753245789963631" />
<link rel="stylesheet" href="//play.pokemonshowdown.com/style/utilichart.css?0.8627959624976733" />

<!-- Global site tag (gtag.js) - Google Analytics -->
<script async src="https://www.googletagmanager.com/gtag/js?id=UA-26211653-1"></script>
<script>
  window.dataLayer = window.dataLayer || [];
  function gtag(){dataLayer.push(arguments);}
  gtag('js', new Date());

  gtag('config', 'UA-26211653-1');
</script>
<!-- End Google Analytics -->
<!-- Venatus Ad Manager - Install in <HEAD> of page -->
	<script src="https://hb.vntsm.com/v3/live/ad-manager.min.js" type="text/javascript" data-site-id="642aba63ec9a7b11c3c9c1be" data-mode="scan" async></script>
<!-- / Venatus Ad Manager -->

<style>
	@media (max-width:820px) {
		.battle {
			margin: 0 auto;
		}
		.battle-log {
			margin: 7px auto 0;
			max-width: 640px;
			height: 300px;
			position: static;
		}
	}
	.optgroup {
		display: inline-block;
		line-height: 22px;
		font-size: 10pt;
	}
	.optgroup .button {
		height: 25px;
		padding-top: 0;
		padding-bottom: 0;
	}
	.optgroup button.button {
		padding-left: 12px;
		padding-right: 12px;
	}
	.linklist {
		list-style: none;
		margin: 0.5em 0;
		padding: 0;
	}
	.linklist li {
		padding: 2px 0;
	}
	.sidebar {
		float: left;
		width: 320px;
	}
	.bar-wrapper {
		max-width: 1100px;
		margin: 0 auto;
	}
	.bar-wrapper.has-sidebar {
		max-width: 1430px;
	}
	.mainbar {
		margin: 0;
		padding-right: 1px;
	}
	.mainbar.has-sidebar {
		margin-left: 330px;
	}
	@media (min-width: 1511px) {
		.sidebar {
			width: 400px;
		}
		.bar-wrapper.has-sidebar {
			max-width: 1510px;
		}
		.mainbar.has-sidebar {
			margin-left: 410px;
		}
	}
	.section.first-section {
		margin-top: 9px;
	}
	.blocklink small {
		white-space: normal;
	}
	.button {
		vertical-align: middle;
	}
	.replay-controls {
		padding-top: 10px;
	}
	.replay-controls h1 {
		font-size: 16pt;
		font-weight: normal;
		color: #CCC;
	}
	.pagelink {
		text-align: center;
	}
	.pagelink a {
		width: 150px;
	}
	.textbox, .button {
		font-size: 11pt;
		vertical-align: middle;
	}
	@media (max-width: 450px) {
		.button {
			font-size: 9pt;
		}
	}
</style>

<div>

	<header>
		<div class="nav-wrapper"><ul class="nav">
			<li><a class="button nav-first" href="//pokemonshowdown.com/"><img src="//pokemonshowdown.com/images/pokemonshowdownbeta.png" srcset="//pokemonshowdown.com/images/pokemonshowdownbeta.png 1x, //pokemonshowdown.com/images/pokemonshowdownbeta@2x.png 2x" alt="Pok&eacute;mon Showdown" width="146" height="44" /> Home</a></li>
			<li><a class="button" href="//pokemonshowdown.com/dex/">Pok&eacute;dex</a></li>
			<li><a class="button cur" href="/">Replays</a></li>
			<li><a class="button" href="//pokemonshowdown.com/ladder/">Ladder</a></li>
			<li><a class="button nav-last" href="//pokemonshowdown.com/forums/">Forum</a></li>
			<li><a class="button greenbutton nav-first nav-last" href="//play.pokemonshowdown.com/">Play</a></li>
		</ul></div>
	</header>

	<div class="main" id="main">

		<noscript><section class="section">You need to enable JavaScript to use this page; sorry!</section></noscript>

	</div>

</div>

<script defer nomodule src="//play.pokemonshowdown.com/js/lib/ps-polyfill.js"></script>
<script defer src="//play.pokemonshowdown.com/js/lib/preact.min.js"></script>

<script defer src="//play.pokemonshowdown.com/config/config.js?2bddbc15"></script>
<script defer src="//play.pokemonshowdown.com/js/lib/jquery-1.11.0.min.js"></script>
<script defer src="//play.pokemonshowdown.com/js/lib/html-sanitizer-minified.js"></script>
<script defer src="//play.pokemonshowdown.com/js/battle-sound.js"></script>
<script defer src="//play.pokemonshowdown.com/js/battledata.js?0.7209276989879541"></script>
<script defer src="//play.pokemonshowdown.com/data/pokedex-mini.js?0.6111056340867951"></script>
<script defer src="//play.pokemonshowdown.com/data/pokedex-mini-bw.js?0.3532142036491459"></script>
<script defer src="//play.pokemonshowdown.com/data/graphics.js?0.24223875632456182"></script>
<script defer src="//play.pokemonshowdown.com/data/pokedex.js?0.38839984266356864"></script>
<script defer src="//play.pokemonshowdown.com/data/moves.js?0.21866028504024015"></script>
<script defer src="//play.pokemonshowdown.com/data/abilities.js?0.2005157953846628"></script>
<script defer src="//play.pokemonshowdown.com/data/items.js?0.9894211263848525"></script>
<script defer src="//play.pokemonshowdown.com/data/teambuilder-tables.js?0.6008791140282215"></script>
<script defer src="//play.pokemonshowdown.com/js/battle-tooltips.js?0.7580118955022959"></script>
<script defer src="//play.pokemonshowdown.com/js/battle.js?0.6057722274234274"></script>

<script defer src="js/utils.js?e31f9a17"></script>
<script defer src="js/replays-battle.js?7008c182"></script>

<!-- don't scrape this data! just add .json or .log after the URL!
Full API docs: https://github.com/smogon/pokemon-showdown-client/blob/master/WEB-API.md -->
<script type="text/plain" class="log" id="replaylog-smogtours-gen3ou-801247">
|inactive|Battle timer is ON: inactive players will automatically lose when time's up.
|t:|1729627353
|gametype|singles
|player|p1|Pak|#pak|
|player|p2|woeishuen|steven|
|teamsize|p1|6
|teamsize|p2|6
|gen|3
|tier|[Gen 3] OU
|rule|Sleep Clause Mod: Limit one foe put to sleep
|rule|Switch Priority Clause Mod: Faster Pokémon switch first
|rule|Species Clause: Limit one of each Pokémon
|rule|OHKO Clause: OHKO moves are banned
|rule|Evasion Items Clause: Evasion items are banned
|rule|Evasion Moves Clause: Evasion moves are banned
|rule|Endless Battle Clause: Forcing endless battles is banned
|rule|HP Percentage Mod: HP is shown in percentages
|rule|One Boost Passer Clause: Limit one Baton Passer that has a way to boost its stats
|rule|Freeze Clause Mod: Limit one foe frozen
|
|t:|1729627353
|start
|switch|p1a: Raikou|Raikou|100/100
|switch|p2a: Salamence|Salamence, M|100/100
|-ability|p2a: Salamence|Intimidate|boost
|-unboost|p1a: Raikou|atk|1
|turn|1
|c|☆Pak|hf
|c|☆woeishuen|glhf :)
|inactive|woeishuen has 270 seconds left.
|
|t:|1729627387
|switch|p2a: Swampert|Swampert, M, shiny|100/100
|move|p1a: Raikou|Substitute|p1a: Raikou
|-start|p1a: Raikou|Substitute
|-damage|p1a: Raikou|76/100
|
|upkeep
|turn|2
|
|t:|1729627401
|move|p1a: Raikou|Toxic|p2a: Swampert
|-status|p2a: Swampert|tox
|move|p2a: Swampert|Earthquake|p1a: Raikou
|-supereffective|p1a: Raikou
|-end|p1a: Raikou|Substitute
|
|-damage|p2a: Swampert|94/100 tox|[from] psn
|upkeep
|turn|3
|
|t:|1729627411
|switch|p1a: Zapdos|Zapdos|100/100
|move|p2a: Swampert|Earthquake|p1a: Zapdos
|-immune|p1a: Zapdos
|
|-heal|p2a: Swampert|100/100 tox|[from] item: Leftovers
|-damage|p2a: Swampert|88/100 tox|[from] psn
|upkeep
|turn|4
|
|t:|1729627421
|switch|p2a: Blissey|Blissey, F|100/100
|move|p1a: Zapdos|Substitute|p1a: Zapdos
|-start|p1a: Zapdos|Substitute
|-damage|p1a: Zapdos|76/100
|
|-heal|p1a: Zapdos|82/100|[from] item: Leftovers
|upkeep
|turn|5
|
|t:|1729627429
|switch|p2a: Salamence|Salamence, M|100/100
|move|p1a: Zapdos|Baton Pass|p1a: Zapdos
|
|t:|1729627435
|switch|p1a: Tyranitar|Tyranitar, M|100/100|[from] Baton Pass
|-weather|Sandstorm|[from] ability: Sand Stream|[of] p1a: Tyranitar
|
|-weather|Sandstorm|[upkeep]
|-damage|p2a: Salamence|94/100|[from] Sandstorm
|upkeep
|turn|6
|
|t:|1729627441
|switch|p2a: Skarmory|Skarmory, M|100/100
|move|p1a: Tyranitar|Rock Slide|p2a: Skarmory
|-damage|p2a: Skarmory|71/100
|
|-weather|Sandstorm|[upkeep]
|-heal|p2a: Skarmory|77/100|[from] item: Leftovers
|upkeep
|turn|7
|
|t:|1729627447
|move|p1a: Tyranitar|Fire Blast|p2a: Skarmory|[miss]
|-miss|p1a: Tyranitar|p2a: Skarmory
|move|p2a: Skarmory|Roar|p1a: Tyranitar
|drag|p1a: Zapdos|Zapdos|82/100
|
|-weather|Sandstorm|[upkeep]
|-damage|p1a: Zapdos|76/100|[from] Sandstorm
|-heal|p1a: Zapdos|82/100|[from] item: Leftovers
|-heal|p2a: Skarmory|83/100|[from] item: Leftovers
|upkeep
|turn|8
|
|t:|1729627455
|move|p1a: Zapdos|Baton Pass|p1a: Zapdos
|
|t:|1729627460
|switch|p1a: Raikou|Raikou|76/100|[from] Baton Pass
|move|p2a: Skarmory|Roar|p1a: Raikou
|drag|p1a: Dugtrio|Dugtrio, M|100/100
|
|-weather|Sandstorm|[upkeep]
|-heal|p2a: Skarmory|89/100|[from] item: Leftovers
|upkeep
|turn|9
|
|t:|1729627466
|switch|p1a: Zapdos|Zapdos|82/100
|move|p2a: Skarmory|Spikes|p1a: Zapdos
|-sidestart|p1: Pak|Spikes
|
|-weather|Sandstorm|[upkeep]
|-damage|p1a: Zapdos|76/100|[from] Sandstorm
|-heal|p1a: Zapdos|82/100|[from] item: Leftovers
|-heal|p2a: Skarmory|95/100|[from] item: Leftovers
|upkeep
|turn|10
|
|t:|1729627482
|move|p1a: Zapdos|Baton Pass|p1a: Zapdos
|
|t:|1729627485
|switch|p1a: Gengar|Gengar, M|100/100|[from] Baton Pass
|move|p2a: Skarmory|Toxic|p1a: Gengar
|-immune|p1a: Gengar
|
|-weather|Sandstorm|[upkeep]
|-damage|p1a: Gengar|95/100|[from] Sandstorm
|-heal|p1a: Gengar|100/100|[from] item: Leftovers
|-heal|p2a: Skarmory|100/100|[from] item: Leftovers
|upkeep
|turn|11
|
|t:|1729627494
|switch|p2a: Magneton|Magneton|100/100
|move|p1a: Gengar|Will-O-Wisp|p2a: Magneton
|-status|p2a: Magneton|brn
|
|-weather|Sandstorm|[upkeep]
|-damage|p1a: Gengar|95/100|[from] Sandstorm
|-heal|p1a: Gengar|100/100|[from] item: Leftovers
|-damage|p2a: Magneton|88/100 brn|[from] brn
|upkeep
|turn|12
|
|t:|1729627500
|switch|p1a: Dugtrio|Dugtrio, M|100/100
|-damage|p1a: Dugtrio|88/100|[from] Spikes
|move|p2a: Magneton|Substitute|p2a: Magneton
|-start|p2a: Magneton|Substitute
|-damage|p2a: Magneton|63/100 brn
|
|-weather|Sandstorm|[upkeep]
|-damage|p2a: Magneton|51/100 brn|[from] brn
|upkeep
|turn|13
|
|t:|1729627506
|move|p1a: Dugtrio|Earthquake|p2a: Magneton
|-supereffective|p2a: Magneton
|-end|p2a: Magneton|Substitute
|move|p2a: Magneton|Hidden Power|p1a: Dugtrio
|-supereffective|p1a: Dugtrio
|-damage|p1a: Dugtrio|0 fnt
|faint|p1a: Dugtrio
|
|t:|1729627516
|switch|p1a: Raikou|Raikou|76/100
|-damage|p1a: Raikou|63/100|[from] Spikes
|
|-weather|Sandstorm|[upkeep]
|-damage|p1a: Raikou|57/100|[from] Sandstorm
|-damage|p2a: Magneton|39/100 brn|[from] brn
|upkeep
|turn|14
|
|t:|1729627522
|move|p1a: Raikou|Thunderbolt|p2a: Magneton
|-resisted|p2a: Magneton
|-damage|p2a: Magneton|0 fnt
|faint|p2a: Magneton
|
|t:|1729627535
|switch|p2a: Metagross|Metagross, shiny|100/100
|
|-weather|Sandstorm|[upkeep]
|-damage|p1a: Raikou|51/100|[from] Sandstorm
|upkeep
|turn|15
|
|t:|1729627551
|move|p1a: Raikou|Thunderbolt|p2a: Metagross
|-damage|p2a: Metagross|49/100
|move|p2a: Metagross|Rock Slide|p1a: Raikou
|-damage|p1a: Raikou|13/100
|
|-weather|Sandstorm|[upkeep]
|-damage|p1a: Raikou|7/100|[from] Sandstorm
|-heal|p2a: Metagross|55/100|[from] item: Leftovers
|upkeep
|turn|16
|
|t:|1729627563
|switch|p1a: Swampert|Swampert, M|100/100
|-damage|p1a: Swampert|88/100|[from] Spikes
|switch|p2a: Blissey|Blissey, F|100/100
|
|-weather|Sandstorm|[upkeep]
|-damage|p2a: Blissey|94/100|[from] Sandstorm
|-heal|p1a: Swampert|94/100|[from] item: Leftovers
|-heal|p2a: Blissey|100/100|[from] item: Leftovers
|upkeep
|turn|17
|
|t:|1729627570
|switch|p2a: Skarmory|Skarmory, M|100/100
|move|p1a: Swampert|Earthquake|p2a: Skarmory
|-immune|p2a: Skarmory
|
|-weather|Sandstorm|[upkeep]
|-heal|p1a: Swampert|100/100|[from] item: Leftovers
|upkeep
|turn|18
|
|t:|1729627575
|switch|p1a: Gengar|Gengar, M|100/100
|move|p2a: Skarmory|Toxic|p1a: Gengar
|-immune|p1a: Gengar
|
|-weather|Sandstorm|[upkeep]
|-damage|p1a: Gengar|95/100|[from] Sandstorm
|-heal|p1a: Gengar|100/100|[from] item: Leftovers
|upkeep
|turn|19
|
|t:|1729627579
|switch|p2a: Blissey|Blissey, F|100/100
|move|p1a: Gengar|Will-O-Wisp|p2a: Blissey
|-status|p2a: Blissey|brn
|
|-weather|Sandstorm|[upkeep]
|-damage|p1a: Gengar|95/100|[from] Sandstorm
|-damage|p2a: Blissey|94/100 brn|[from] Sandstorm
|-heal|p1a: Gengar|100/100|[from] item: Leftovers
|-heal|p2a: Blissey|100/100 brn|[from] item: Leftovers
|-damage|p2a: Blissey|88/100 brn|[from] brn
|upkeep
|turn|20
|
|t:|1729627589
|switch|p1a: Swampert|Swampert, M|100/100
|-damage|p1a: Swampert|88/100|[from] Spikes
|-curestatus|p2a: Blissey|brn|[from] ability: Natural Cure
|switch|p2a: Skarmory|Skarmory, M|100/100
|
|-weather|Sandstorm|[upkeep]
|-heal|p1a: Swampert|94/100|[from] item: Leftovers
|upkeep
|turn|21
|
|t:|1729627595
|move|p2a: Skarmory|Spikes|p1a: Swampert
|-sidestart|p1: Pak|Spikes
|move|p1a: Swampert|Hydro Pump|p2a: Skarmory
|-damage|p2a: Skarmory|65/100
|
|-weather|Sandstorm|[upkeep]
|-heal|p2a: Skarmory|71/100|[from] item: Leftovers
|-heal|p1a: Swampert|100/100|[from] item: Leftovers
|upkeep
|turn|22
|
|t:|1729627601
|switch|p1a: Gengar|Gengar, M|100/100
|move|p2a: Skarmory|Roar|p1a: Gengar
|drag|p1a: Raikou|Raikou|7/100
|-damage|p1a: Raikou|0 fnt|[from] Spikes
|faint|p1a: Raikou
|
|t:|1729627605
|switch|p1a: Zapdos|Zapdos|82/100
|
|-weather|Sandstorm|[upkeep]
|-damage|p1a: Zapdos|76/100|[from] Sandstorm
|-heal|p1a: Zapdos|82/100|[from] item: Leftovers
|-heal|p2a: Skarmory|77/100|[from] item: Leftovers
|upkeep
|turn|23
|
|t:|1729627609
|switch|p2a: Blissey|Blissey, F|88/100
|move|p1a: Zapdos|Baton Pass|p1a: Zapdos
|
|t:|1729627612
|switch|p1a: Tyranitar|Tyranitar, M|100/100|[from] Baton Pass
|-damage|p1a: Tyranitar|84/100|[from] Spikes
|
|-weather|Sandstorm|[upkeep]
|-damage|p2a: Blissey|82/100|[from] Sandstorm
|-heal|p1a: Tyranitar|90/100|[from] item: Leftovers
|-heal|p2a: Blissey|88/100|[from] item: Leftovers
|upkeep
|turn|24
|
|t:|1729627617
|switch|p2a: Metagross|Metagross, shiny|55/100
|move|p1a: Tyranitar|Hidden Power|p2a: Metagross
|-resisted|p2a: Metagross
|-damage|p2a: Metagross|46/100
|
|-weather|Sandstorm|[upkeep]
|-heal|p2a: Metagross|52/100|[from] item: Leftovers
|-heal|p1a: Tyranitar|96/100|[from] item: Leftovers
|upkeep
|turn|25
|
|t:|1729627633
|move|p2a: Metagross|Meteor Mash|p1a: Tyranitar|[miss]
|-miss|p2a: Metagross|p1a: Tyranitar
|move|p1a: Tyranitar|Fire Blast|p2a: Metagross
|-supereffective|p2a: Metagross
|-damage|p2a: Metagross|0 fnt
|faint|p2a: Metagross
|
|t:|1729627646
|switch|p2a: Blissey|Blissey, F|88/100
|
|-weather|Sandstorm|[upkeep]
|-damage|p2a: Blissey|82/100|[from] Sandstorm
|-heal|p1a: Tyranitar|100/100|[from] item: Leftovers
|-heal|p2a: Blissey|88/100|[from] item: Leftovers
|upkeep
|turn|26
|
|t:|1729627650
|move|p1a: Tyranitar|Rock Slide|p2a: Blissey
|-damage|p2a: Blissey|45/100
|cant|p2a: Blissey|flinch
|
|-weather|Sandstorm|[upkeep]
|-damage|p2a: Blissey|39/100|[from] Sandstorm
|-heal|p2a: Blissey|45/100|[from] item: Leftovers
|upkeep
|turn|27
|
|t:|1729627655
|switch|p2a: Salamence|Salamence, M|94/100
|-ability|p2a: Salamence|Intimidate|boost
|-unboost|p1a: Tyranitar|atk|1
|move|p1a: Tyranitar|Rock Slide|p2a: Salamence|[miss]
|-miss|p1a: Tyranitar|p2a: Salamence
|
|-weather|Sandstorm|[upkeep]
|-damage|p2a: Salamence|88/100|[from] Sandstorm
|upkeep
|turn|28
|
|t:|1729627669
|switch|p1a: Swampert|Swampert, M|100/100
|-damage|p1a: Swampert|84/100|[from] Spikes
|move|p2a: Salamence|Rock Slide|p1a: Swampert
|-resisted|p1a: Swampert
|-damage|p1a: Swampert|69/100
|
|-weather|Sandstorm|[upkeep]
|-damage|p2a: Salamence|82/100|[from] Sandstorm
|-heal|p1a: Swampert|75/100|[from] item: Leftovers
|upkeep
|turn|29
|
|t:|1729627677
|switch|p2a: Skarmory|Skarmory, M|77/100
|move|p1a: Swampert|Hydro Pump|p2a: Skarmory
|-damage|p2a: Skarmory|44/100
|
|-weather|Sandstorm|[upkeep]
|-heal|p2a: Skarmory|50/100|[from] item: Leftovers
|-heal|p1a: Swampert|82/100|[from] item: Leftovers
|upkeep
|turn|30
|
|t:|1729627683
|switch|p1a: Gengar|Gengar, M|100/100
|move|p2a: Skarmory|Roar|p1a: Gengar
|drag|p1a: Swampert|Swampert, M|82/100
|-damage|p1a: Swampert|65/100|[from] Spikes
|
|-weather|Sandstorm|[upkeep]
|-heal|p2a: Skarmory|56/100|[from] item: Leftovers
|-heal|p1a: Swampert|71/100|[from] item: Leftovers
|upkeep
|turn|31
|
|t:|1729627689
|switch|p1a: Gengar|Gengar, M|100/100
|move|p2a: Skarmory|Toxic|p1a: Gengar
|-immune|p1a: Gengar
|
|-weather|Sandstorm|[upkeep]
|-damage|p1a: Gengar|95/100|[from] Sandstorm
|-heal|p1a: Gengar|100/100|[from] item: Leftovers
|-heal|p2a: Skarmory|62/100|[from] item: Leftovers
|upkeep
|turn|32
|
|t:|1729627693
|move|p2a: Skarmory|Protect|p2a: Skarmory
|-singleturn|p2a: Skarmory|Protect
|move|p1a: Gengar|Will-O-Wisp|p2a: Skarmory
|-activate|p2a: Skarmory|Protect
|
|-weather|Sandstorm|[upkeep]
|-damage|p1a: Gengar|95/100|[from] Sandstorm
|-heal|p1a: Gengar|100/100|[from] item: Leftovers
|-heal|p2a: Skarmory|68/100|[from] item: Leftovers
|upkeep
|turn|33
|
|t:|1729627699
|switch|p2a: Swampert|Swampert, M, shiny|88/100 tox
|move|p1a: Gengar|Will-O-Wisp||[still]
|-fail|p1a: Gengar
|
|-weather|Sandstorm|[upkeep]
|-damage|p1a: Gengar|95/100|[from] Sandstorm
|-heal|p1a: Gengar|100/100|[from] item: Leftovers
|-heal|p2a: Swampert|94/100 tox|[from] item: Leftovers
|-damage|p2a: Swampert|88/100 tox|[from] psn
|upkeep
|turn|34
|
|t:|1729627706
|move|p1a: Gengar|Ice Punch|p2a: Swampert
|-damage|p2a: Swampert|67/100 tox
|move|p2a: Swampert|Hydro Pump|p1a: Gengar
|-damage|p1a: Gengar|54/100
|
|-weather|Sandstorm|[upkeep]
|-damage|p1a: Gengar|48/100|[from] Sandstorm
|-heal|p1a: Gengar|54/100|[from] item: Leftovers
|-heal|p2a: Swampert|73/100 tox|[from] item: Leftovers
|-damage|p2a: Swampert|61/100 tox|[from] psn
|upkeep
|turn|35
|
|t:|1729627736
|switch|p2a: Blissey|Blissey, F|45/100
|move|p1a: Gengar|Ice Punch|p2a: Blissey
|-damage|p2a: Blissey|35/100
|
|-weather|Sandstorm|[upkeep]
|-damage|p1a: Gengar|48/100|[from] Sandstorm
|-damage|p2a: Blissey|29/100|[from] Sandstorm
|-heal|p1a: Gengar|54/100|[from] item: Leftovers
|-heal|p2a: Blissey|35/100|[from] item: Leftovers
|upkeep
|turn|36
|
|t:|1729627742
|switch|p2a: Skarmory|Skarmory, M|68/100
|move|p1a: Gengar|Explosion|p2a: Skarmory
|-resisted|p2a: Skarmory
|-damage|p2a: Skarmory|42/100
|faint|p1a: Gengar
|
|t:|1729627751
|switch|p1a: Zapdos|Zapdos|82/100
|
|-weather|Sandstorm|[upkeep]
|-damage|p1a: Zapdos|76/100|[from] Sandstorm
|-heal|p1a: Zapdos|82/100|[from] item: Leftovers
|-heal|p2a: Skarmory|48/100|[from] item: Leftovers
|upkeep
|turn|37
|
|t:|1729627754
|move|p2a: Skarmory|Protect|p2a: Skarmory
|-singleturn|p2a: Skarmory|Protect
|move|p1a: Zapdos|Thunderbolt|p2a: Skarmory
|-activate|p2a: Skarmory|Protect
|
|-weather|Sandstorm|[upkeep]
|-damage|p1a: Zapdos|76/100|[from] Sandstorm
|-heal|p1a: Zapdos|82/100|[from] item: Leftovers
|-heal|p2a: Skarmory|53/100|[from] item: Leftovers
|upkeep
|turn|38
|
|t:|1729627761
|switch|p2a: Blissey|Blissey, F|35/100
|move|p1a: Zapdos|Thunderbolt|p2a: Blissey
|-damage|p2a: Blissey|19/100
|
|-weather|Sandstorm|[upkeep]
|-damage|p1a: Zapdos|76/100|[from] Sandstorm
|-damage|p2a: Blissey|13/100|[from] Sandstorm
|-heal|p1a: Zapdos|82/100|[from] item: Leftovers
|-heal|p2a: Blissey|19/100|[from] item: Leftovers
|upkeep
|turn|39
|
|t:|1729627766
|move|p1a: Zapdos|Baton Pass|p1a: Zapdos
|
|t:|1729627768
|switch|p1a: Tyranitar|Tyranitar, M|100/100|[from] Baton Pass
|-damage|p1a: Tyranitar|84/100|[from] Spikes
|move|p2a: Blissey|Soft-Boiled|p2a: Blissey
|-heal|p2a: Blissey|69/100
|
|-weather|Sandstorm|[upkeep]
|-damage|p2a: Blissey|63/100|[from] Sandstorm
|-heal|p1a: Tyranitar|90/100|[from] item: Leftovers
|-heal|p2a: Blissey|69/100|[from] item: Leftovers
|upkeep
|turn|40
|
|t:|1729627774
|switch|p2a: Skarmory|Skarmory, M|53/100
|move|p1a: Tyranitar|Fire Blast|p2a: Skarmory
|-supereffective|p2a: Skarmory
|-damage|p2a: Skarmory|4/100
|
|-weather|Sandstorm|[upkeep]
|-heal|p2a: Skarmory|10/100|[from] item: Leftovers
|-heal|p1a: Tyranitar|96/100|[from] item: Leftovers
|upkeep
|turn|41
|
|t:|1729627791
|switch|p1a: Zapdos|Zapdos|82/100
|move|p2a: Skarmory|Toxic|p1a: Zapdos
|-status|p1a: Zapdos|tox
|
|-weather|Sandstorm|[upkeep]
|-damage|p1a: Zapdos|76/100 tox|[from] Sandstorm
|-heal|p1a: Zapdos|82/100 tox|[from] item: Leftovers
|-damage|p1a: Zapdos|76/100 tox|[from] psn
|-heal|p2a: Skarmory|16/100|[from] item: Leftovers
|upkeep
|turn|42
|
|t:|1729627797
|move|p2a: Skarmory|Protect|p2a: Skarmory
|-singleturn|p2a: Skarmory|Protect
|move|p1a: Zapdos|Thunderbolt|p2a: Skarmory
|-activate|p2a: Skarmory|Protect
|
|-weather|Sandstorm|[upkeep]
|-damage|p1a: Zapdos|70/100 tox|[from] Sandstorm
|-heal|p1a: Zapdos|76/100 tox|[from] item: Leftovers
|-damage|p1a: Zapdos|63/100 tox|[from] psn
|-heal|p2a: Skarmory|22/100|[from] item: Leftovers
|upkeep
|turn|43
|
|t:|1729627800
|switch|p2a: Blissey|Blissey, F|69/100
|move|p1a: Zapdos|Baton Pass|p1a: Zapdos
|
|t:|1729627802
|switch|p1a: Tyranitar|Tyranitar, M|96/100|[from] Baton Pass
|-damage|p1a: Tyranitar|80/100|[from] Spikes
|
|-weather|Sandstorm|[upkeep]
|-damage|p2a: Blissey|63/100|[from] Sandstorm
|-heal|p1a: Tyranitar|86/100|[from] item: Leftovers
|-heal|p2a: Blissey|69/100|[from] item: Leftovers
|upkeep
|turn|44
|
|t:|1729627820
|move|p1a: Tyranitar|Rock Slide|p2a: Blissey|[miss]
|-miss|p1a: Tyranitar|p2a: Blissey
|move|p2a: Blissey|Ice Beam|p1a: Tyranitar
|-damage|p1a: Tyranitar|65/100
|
|-weather|Sandstorm|[upkeep]
|-damage|p2a: Blissey|63/100|[from] Sandstorm
|-heal|p1a: Tyranitar|71/100|[from] item: Leftovers
|-heal|p2a: Blissey|69/100|[from] item: Leftovers
|upkeep
|turn|45
|
|t:|1729627824
|move|p1a: Tyranitar|Rock Slide|p2a: Blissey
|-damage|p2a: Blissey|28/100
|move|p2a: Blissey|Ice Beam|p1a: Tyranitar
|-damage|p1a: Tyranitar|50/100
|
|-weather|Sandstorm|[upkeep]
|-damage|p2a: Blissey|22/100|[from] Sandstorm
|-heal|p1a: Tyranitar|56/100|[from] item: Leftovers
|-heal|p2a: Blissey|28/100|[from] item: Leftovers
|upkeep
|turn|46
|
|t:|1729627830
|move|p1a: Tyranitar|Rock Slide|p2a: Blissey|[miss]
|-miss|p1a: Tyranitar|p2a: Blissey
|move|p2a: Blissey|Ice Beam|p1a: Tyranitar
|-damage|p1a: Tyranitar|34/100
|
|-weather|Sandstorm|[upkeep]
|-damage|p2a: Blissey|22/100|[from] Sandstorm
|-heal|p1a: Tyranitar|40/100|[from] item: Leftovers
|-heal|p2a: Blissey|28/100|[from] item: Leftovers
|upkeep
|turn|47
|
|t:|1729627833
|move|p1a: Tyranitar|Rock Slide|p2a: Blissey
|-crit|p2a: Blissey
|-damage|p2a: Blissey|0 fnt
|faint|p2a: Blissey
|
|t:|1729627834
|switch|p2a: Salamence|Salamence, M|82/100
|-ability|p2a: Salamence|Intimidate|boost
|-unboost|p1a: Tyranitar|atk|1
|
|-weather|Sandstorm|[upkeep]
|-damage|p2a: Salamence|76/100|[from] Sandstorm
|-heal|p1a: Tyranitar|47/100|[from] item: Leftovers
|upkeep
|turn|48
|
|t:|1729627847
|move|p2a: Salamence|Brick Break|p1a: Tyranitar
|-supereffective|p1a: Tyranitar
|-damage|p1a: Tyranitar|0 fnt
|faint|p1a: Tyranitar
|
|t:|1729627855
|switch|p1a: Zapdos|Zapdos|63/100 tox
|
|-weather|Sandstorm|[upkeep]
|-damage|p2a: Salamence|70/100|[from] Sandstorm
|-damage|p1a: Zapdos|57/100 tox|[from] Sandstorm
|-heal|p1a: Zapdos|63/100 tox|[from] item: Leftovers
|-damage|p1a: Zapdos|57/100 tox|[from] psn
|upkeep
|turn|49
|
|t:|1729627858
|switch|p2a: Swampert|Swampert, M, shiny|61/100 tox
|move|p1a: Zapdos|Hidden Power|p2a: Swampert
|-supereffective|p2a: Swampert
|-damage|p2a: Swampert|0 fnt
|faint|p2a: Swampert
|
|t:|1729627862
|switch|p2a: Salamence|Salamence, M|70/100
|-ability|p2a: Salamence|Intimidate|boost
|-unboost|p1a: Zapdos|atk|1
|
|-weather|Sandstorm|[upkeep]
|-damage|p1a: Zapdos|51/100 tox|[from] Sandstorm
|-damage|p2a: Salamence|64/100|[from] Sandstorm
|-heal|p1a: Zapdos|57/100 tox|[from] item: Leftovers
|-damage|p1a: Zapdos|45/100 tox|[from] psn
|upkeep
|turn|50
|
|t:|1729627866
|move|p1a: Zapdos|Thunderbolt|p2a: Salamence
|-damage|p2a: Salamence|17/100
|move|p2a: Salamence|Hidden Power|p1a: Zapdos
|-resisted|p1a: Zapdos
|-damage|p1a: Zapdos|18/100 tox
|
|-weather|Sandstorm|[upkeep]
|-damage|p1a: Zapdos|11/100 tox|[from] Sandstorm
|-damage|p2a: Salamence|11/100|[from] Sandstorm
|-heal|p1a: Zapdos|18/100 tox|[from] item: Leftovers
|-damage|p1a: Zapdos|0 fnt|[from] psn
|faint|p1a: Zapdos
|upkeep
|
|t:|1729627871
|switch|p1a: Swampert|Swampert, M|71/100
|-damage|p1a: Swampert|55/100|[from] Spikes
|turn|51
|
|t:|1729627874
|move|p1a: Swampert|Protect|p1a: Swampert
|-singleturn|p1a: Swampert|Protect
|move|p2a: Salamence|Hidden Power|p1a: Swampert
|-activate|p1a: Swampert|Protect
|
|-weather|Sandstorm|[upkeep]
|-damage|p2a: Salamence|5/100|[from] Sandstorm
|-heal|p1a: Swampert|61/100|[from] item: Leftovers
|upkeep
|turn|52
|
|t:|1729627876
|move|p1a: Swampert|Protect||[still]
|-fail|p1a: Swampert
|move|p2a: Salamence|Hidden Power|p1a: Swampert
|-damage|p1a: Swampert|18/100
|
|-weather|Sandstorm|[upkeep]
|-damage|p2a: Salamence|0 fnt|[from] Sandstorm
|faint|p2a: Salamence
|-heal|p1a: Swampert|25/100|[from] item: Leftovers
|upkeep
|
|t:|1729627877
|switch|p2a: Skarmory|Skarmory, M|22/100
|turn|53
|
|t:|1729627890
|move|p2a: Skarmory|Protect|p2a: Skarmory
|-singleturn|p2a: Skarmory|Protect
|move|p1a: Swampert|Hydro Pump|p2a: Skarmory
|-activate|p2a: Skarmory|Protect
|
|-weather|Sandstorm|[upkeep]
|-heal|p2a: Skarmory|28/100|[from] item: Leftovers
|-heal|p1a: Swampert|31/100|[from] item: Leftovers
|upkeep
|turn|54
|
|t:|1729627896
|move|p2a: Skarmory|Toxic|p1a: Swampert
|-status|p1a: Swampert|tox
|move|p1a: Swampert|Hydro Pump|p2a: Skarmory
|-damage|p2a: Skarmory|0 fnt
|faint|p2a: Skarmory
|
|win|Pak
|c|☆woeishuen|ggwp
|c|☆Pak|gg
|player|p1|

</script>
<script type="application/json" class="data" id="replaydata-smogtours-gen3ou-801247">
{"id":"smogtours-gen3ou-801247","format":"[Gen 3] OU","players":["Pak","woeishuen"],"uploadtime":1729627896,"views":104,"formatid":"gen3ou","rating":null,"private":0,"password":null}
</script>

<script defer src="js/replays.js?9d40a366"></script>
