<!DOCTYPE html>
<meta charset="utf-8" />
<meta name="viewport" content="width=device-width" />

<title>[Gen 3] OU: Humorous Husband vs. Big Nut Bill - Replays - Pok&eacute;mon Showdown!</title>

<meta name="description" content="Watch a replay of a Pok&eacute;mon battle between Humorous Husband and Big Nut Bill! Format: [Gen 3] OU; Date: Oct 22, 2024" />
<!--

Hey, you! Looking in the source for the replay log?

You can find them in JSON format, just add `.json` at the end of a replay URL.

https://replay.pokemonshowdown.com/gen7randomdoublesbattle-865046831.json

Or, if you only need the log itself, add `.log` instead:

https://replay.pokemonshowdown.com/gen7randomdoublesbattle-865046831.log

-->

<link rel="stylesheet" href="//pokemonshowdown.com/style/global.css?0.023195364461161105" />
<link rel="stylesheet" href="//play.pokemonshowdown.com/style/font-awesome.css?0.13261647063804238" />
<link rel="stylesheet" href="//play.pokemonshowdown.com/style/battle.css?0.8753245789963631" />
<link rel="stylesheet" href="//play.pokemonshowdown.com/style/utilichart.css?0.8627959624976733" />

<!-- Global site tag (gtag.js) - Google Analytics -->
<script async src="https://www.googletagmanager.com/gtag/js?id=UA-26211653-1"></script>
<script>
  window.dataLayer = window.dataLayer || [];
  function gtag(){dataLayer.push(arguments);}
  gtag('js', new Date());

  gtag('config', 'UA-26211653-1');
</script>
<!-- End Google Analytics -->
<!-- Venatus Ad Manager - Install in <HEAD> of page -->
	<script src="https://hb.vntsm.com/v3/live/ad-manager.min.js" type="text/javascript" data-site-id="642aba63ec9a7b11c3c9c1be" data-mode="scan" async></script>
<!-- / Venatus Ad Manager -->

<style>
	@media (max-width:820px) {
		.battle {
			margin: 0 auto;
		}
		.battle-log {
			margin: 7px auto 0;
			max-width: 640px;
			height: 300px;
			position: static;
		}
	}
	.optgroup {
		display: inline-block;
		line-height: 22px;
		font-size: 10pt;
	}
	.optgroup .button {
		height: 25px;
		padding-top: 0;
		padding-bottom: 0;
	}
	.optgroup button.button {
		padding-left: 12px;
		padding-right: 12px;
	}
	.linklist {
		list-style: none;
		margin: 0.5em 0;
		padding: 0;
	}
	.linklist li {
		padding: 2px 0;
	}
	.sidebar {
		float: left;
		width: 320px;
	}
	.bar-wrapper {
		max-width: 1100px;
		margin: 0 auto;
	}
	.bar-wrapper.has-sidebar {
		max-width: 1430px;
	}
	.mainbar {
		margin: 0;
		padding-right: 1px;
	}
	.mainbar.has-sidebar {
		margin-left: 330px;
	}
	@media (min-width: 1511px) {
		.sidebar {
			width: 400px;
		}
		.bar-wrapper.has-sidebar {
			max-width: 1510px;
		}
		.mainbar.has-sidebar {
			margin-left: 410px;
		}
	}
	.section.first-section {
		margin-top: 9px;
	}
	.blocklink small {
		white-space: normal;
	}
	.button {
		vertical-align: middle;
	}
	.replay-controls {
		padding-top: 10px;
	}
	.replay-controls h1 {
		font-size: 16pt;
		font-weight: normal;
		color: #CCC;
	}
	.pagelink {
		text-align: center;
	}
	.pagelink a {
		width: 150px;
	}
	.textbox, .button {
		font-size: 11pt;
		vertical-align: middle;
	}
	@media (max-width: 450px) {
		.button {
			font-size: 9pt;
		}
	}
</style>

<div>

	<header>
		<div class="nav-wrapper"><ul class="nav">
			<li><a class="button nav-first" href="//pokemonshowdown.com/"><img src="//pokemonshowdown.com/images/pokemonshowdownbeta.png" srcset="//pokemonshowdown.com/images/pokemonshowdownbeta.png 1x, //pokemonshowdown.com/images/pokemonshowdownbeta@2x.png 2x" alt="Pok&eacute;mon Showdown" width="146" height="44" /> Home</a></li>
			<li><a class="button" href="//pokemonshowdown.com/dex/">Pok&eacute;dex</a></li>
			<li><a class="button cur" href="/">Replays</a></li>
			<li><a class="button" href="//pokemonshowdown.com/ladder/">Ladder</a></li>
			<li><a class="button nav-last" href="//pokemonshowdown.com/forums/">Forum</a></li>
			<li><a class="button greenbutton nav-first nav-last" href="//play.pokemonshowdown.com/">Play</a></li>
		</ul></div>
	</header>

	<div class="main" id="main">

		<noscript><section class="section">You need to enable JavaScript to use this page; sorry!</section></noscript>

	</div>

</div>

<script defer nomodule src="//play.pokemonshowdown.com/js/lib/ps-polyfill.js"></script>
<script defer src="//play.pokemonshowdown.com/js/lib/preact.min.js"></script>

<script defer src="//play.pokemonshowdown.com/config/config.js?2bddbc15"></script>
<script defer src="//play.pokemonshowdown.com/js/lib/jquery-1.11.0.min.js"></script>
<script defer src="//play.pokemonshowdown.com/js/lib/html-sanitizer-minified.js"></script>
<script defer src="//play.pokemonshowdown.com/js/battle-sound.js"></script>
<script defer src="//play.pokemonshowdown.com/js/battledata.js?0.7209276989879541"></script>
<script defer src="//play.pokemonshowdown.com/data/pokedex-mini.js?0.6111056340867951"></script>
<script defer src="//play.pokemonshowdown.com/data/pokedex-mini-bw.js?0.3532142036491459"></script>
<script defer src="//play.pokemonshowdown.com/data/graphics.js?0.24223875632456182"></script>
<script defer src="//play.pokemonshowdown.com/data/pokedex.js?0.38839984266356864"></script>
<script defer src="//play.pokemonshowdown.com/data/moves.js?0.21866028504024015"></script>
<script defer src="//play.pokemonshowdown.com/data/abilities.js?0.2005157953846628"></script>
<script defer src="//play.pokemonshowdown.com/data/items.js?0.9894211263848525"></script>
<script defer src="//play.pokemonshowdown.com/data/teambuilder-tables.js?0.6008791140282215"></script>
<script defer src="//play.pokemonshowdown.com/js/battle-tooltips.js?0.7580118955022959"></script>
<script defer src="//play.pokemonshowdown.com/js/battle.js?0.6057722274234274"></script>

<script defer src="js/utils.js?e31f9a17"></script>
<script defer src="js/replays-battle.js?7008c182"></script>

<!-- don't scrape this data! just add .json or .log after the URL!
Full API docs: https://github.com/smogon/pokemon-showdown-client/blob/master/WEB-API.md -->
<script type="text/plain" class="log" id="replaylog-smogtours-gen3ou-801307">
|inactive|Battle timer is ON: inactive players will automatically lose when time's up.
|t:|1729639417
|gametype|singles
|player|p1|Humorous Husband|wattson|
|player|p2|Big Nut Bill|medium|
|teamsize|p1|6
|teamsize|p2|6
|gen|3
|tier|[Gen 3] OU
|rule|Sleep Clause Mod: Limit one foe put to sleep
|rule|Switch Priority Clause Mod: Faster Pokémon switch first
|rule|Species Clause: Limit one of each Pokémon
|rule|OHKO Clause: OHKO moves are banned
|rule|Evasion Items Clause: Evasion items are banned
|rule|Evasion Moves Clause: Evasion moves are banned
|rule|Endless Battle Clause: Forcing endless battles is banned
|rule|HP Percentage Mod: HP is shown in percentages
|rule|One Boost Passer Clause: Limit one Baton Passer that has a way to boost its stats
|rule|Freeze Clause Mod: Limit one foe frozen
|
|t:|1729639417
|start
|switch|p1a: Tyranitar|Tyranitar, F|100/100
|switch|p2a: 🦅|Zapdos|100/100
|-weather|Sandstorm|[from] ability: Sand Stream|[of] p1a: Tyranitar
|turn|1
|
|t:|1729639436
|switch|p1a: Blissey|Blissey, F, shiny|100/100
|move|p2a: 🦅|Rain Dance|p2a: 🦅
|-weather|RainDance
|
|-weather|RainDance|[upkeep]
|upkeep
|turn|2
|
|t:|1729639445
|move|p2a: 🦅|Baton Pass|p2a: 🦅
|
|t:|1729639455
|switch|p2a: Iron Spider|Metagross|100/100|[from] Baton Pass
|move|p1a: Blissey|Toxic|p2a: Iron Spider
|-immune|p2a: Iron Spider
|
|-weather|RainDance|[upkeep]
|upkeep
|turn|3
|
|t:|1729639468
|switch|p1a: Skarmory|Skarmory, F|100/100
|move|p2a: Iron Spider|Meteor Mash|p1a: Skarmory
|-resisted|p1a: Skarmory
|-damage|p1a: Skarmory|77/100
|
|-weather|RainDance|[upkeep]
|-heal|p1a: Skarmory|83/100|[from] item: Leftovers
|upkeep
|turn|4
|
|t:|1729639483
|switch|p2a: 🦅|Zapdos|100/100
|move|p1a: Skarmory|Spikes|p2a: 🦅
|-sidestart|p2: Big Nut Bill|Spikes
|
|-weather|RainDance|[upkeep]
|-heal|p1a: Skarmory|89/100|[from] item: Leftovers
|upkeep
|turn|5
|
|t:|1729639492
|switch|p1a: Swampert|Swampert, F|100/100
|move|p2a: 🦅|Thunderbolt|p1a: Swampert
|-immune|p1a: Swampert
|
|-weather|none
|upkeep
|turn|6
|
|t:|1729639505
|move|p1a: Swampert|Protect|p1a: Swampert
|-singleturn|p1a: Swampert|Protect
|move|p2a: 🦅|Hidden Power|p1a: Swampert
|-activate|p1a: Swampert|Protect
|
|upkeep
|turn|7
|
|t:|1729639513
|switch|p1a: Blissey|Blissey, F, shiny|100/100
|move|p2a: 🦅|Rain Dance|p2a: 🦅
|-weather|RainDance
|
|-weather|RainDance|[upkeep]
|upkeep
|turn|8
|
|t:|1729639523
|move|p2a: 🦅|Baton Pass|p2a: 🦅
|
|t:|1729639525
|switch|p2a: Iron Spider|Metagross|100/100|[from] Baton Pass
|-damage|p2a: Iron Spider|88/100|[from] Spikes
|move|p1a: Blissey|Ice Beam|p2a: Iron Spider
|-resisted|p2a: Iron Spider
|-damage|p2a: Iron Spider|75/100
|
|-weather|RainDance|[upkeep]
|-heal|p2a: Iron Spider|82/100|[from] item: Leftovers
|upkeep
|turn|9
|
|t:|1729639539
|switch|p1a: Skarmory|Skarmory, F|89/100
|move|p2a: Iron Spider|Rock Slide|p1a: Skarmory|[miss]
|-miss|p2a: Iron Spider|p1a: Skarmory
|
|-weather|RainDance|[upkeep]
|-heal|p2a: Iron Spider|88/100|[from] item: Leftovers
|-heal|p1a: Skarmory|95/100|[from] item: Leftovers
|upkeep
|turn|10
|
|t:|1729639553
|switch|p2a: 🦅|Zapdos|100/100
|move|p1a: Skarmory|Spikes|p2a: 🦅
|-sidestart|p2: Big Nut Bill|Spikes
|
|-weather|RainDance|[upkeep]
|-heal|p1a: Skarmory|100/100|[from] item: Leftovers
|upkeep
|turn|11
|
|t:|1729639560
|move|p1a: Skarmory|Protect|p1a: Skarmory
|-singleturn|p1a: Skarmory|Protect
|move|p2a: 🦅|Thunderbolt|p1a: Skarmory
|-activate|p1a: Skarmory|Protect
|
|-weather|none
|upkeep
|turn|12
|
|t:|1729639571
|switch|p1a: Tyranitar|Tyranitar, F|100/100
|-weather|Sandstorm|[from] ability: Sand Stream|[of] p1a: Tyranitar
|move|p2a: 🦅|Hidden Power|p1a: Tyranitar
|-supereffective|p1a: Tyranitar
|-damage|p1a: Tyranitar|58/100
|
|-weather|Sandstorm|[upkeep]
|-damage|p2a: 🦅|94/100|[from] Sandstorm
|-heal|p2a: 🦅|100/100|[from] item: Leftovers
|-heal|p1a: Tyranitar|64/100|[from] item: Leftovers
|upkeep
|turn|13
|
|t:|1729639596
|move|p2a: 🦅|Rain Dance|p2a: 🦅
|-weather|RainDance
|move|p1a: Tyranitar|Rock Slide|p2a: 🦅
|-supereffective|p2a: 🦅
|-damage|p2a: 🦅|0 fnt
|faint|p2a: 🦅
|
|t:|1729639602
|switch|p2a: Poobah|Dugtrio, F|100/100
|-damage|p2a: Poobah|84/100|[from] Spikes
|
|-weather|RainDance|[upkeep]
|-heal|p1a: Tyranitar|70/100|[from] item: Leftovers
|upkeep
|turn|14
|
|t:|1729639632
|move|p2a: Poobah|Earthquake|p1a: Tyranitar
|-supereffective|p1a: Tyranitar
|-damage|p1a: Tyranitar|0 fnt
|faint|p1a: Tyranitar
|
|t:|1729639638
|switch|p1a: Skarmory|Skarmory, F|100/100
|
|-weather|RainDance|[upkeep]
|upkeep
|turn|15
|
|t:|1729639648
|switch|p2a: Nefarious Spectre|Gengar, M|100/100
|move|p1a: Skarmory|Spikes|p2a: Nefarious Spectre
|-sidestart|p2: Big Nut Bill|Spikes
|
|-weather|RainDance|[upkeep]
|upkeep
|turn|16
|
|t:|1729639655
|move|p1a: Skarmory|Protect|p1a: Skarmory
|-singleturn|p1a: Skarmory|Protect
|move|p2a: Nefarious Spectre|Will-O-Wisp|p1a: Skarmory
|-activate|p1a: Skarmory|Protect
|
|-weather|RainDance|[upkeep]
|upkeep
|turn|17
|
|t:|1729639663
|switch|p1a: Blissey|Blissey, F, shiny|100/100
|move|p2a: Nefarious Spectre|Will-O-Wisp|p1a: Blissey
|-status|p1a: Blissey|brn
|
|-weather|none
|-damage|p1a: Blissey|88/100 brn|[from] brn
|upkeep
|turn|18
|
|t:|1729639677
|switch|p2a: Iron Spider|Metagross|88/100
|-damage|p2a: Iron Spider|63/100|[from] Spikes
|-curestatus|p1a: Blissey|brn|[from] ability: Natural Cure
|switch|p1a: Gengar|Gengar, F|100/100
|
|-heal|p2a: Iron Spider|69/100|[from] item: Leftovers
|upkeep
|turn|19
|
|t:|1729639691
|move|p1a: Gengar|Will-O-Wisp|p2a: Iron Spider|[miss]
|-miss|p1a: Gengar|p2a: Iron Spider
|move|p2a: Iron Spider|Meteor Mash|p1a: Gengar
|-damage|p1a: Gengar|0 fnt
|faint|p1a: Gengar
|
|t:|1729639698
|switch|p1a: Skarmory|Skarmory, F|100/100
|
|-heal|p2a: Iron Spider|75/100|[from] item: Leftovers
|upkeep
|turn|20
|
|t:|1729639706
|move|p2a: Iron Spider|Rock Slide|p1a: Skarmory
|-damage|p1a: Skarmory|76/100
|move|p1a: Skarmory|Roar|p2a: Iron Spider
|drag|p2a: Big & Bug-like|Heracross, M, shiny|100/100
|-damage|p2a: Big & Bug-like|76/100|[from] Spikes
|
|-heal|p1a: Skarmory|82/100|[from] item: Leftovers
|upkeep
|turn|21
|
|t:|1729639716
|move|p2a: Big & Bug-like|Megahorn|p1a: Skarmory
|-resisted|p1a: Skarmory
|-damage|p1a: Skarmory|70/100
|move|p1a: Skarmory|Toxic|p2a: Big & Bug-like
|-status|p2a: Big & Bug-like|tox
|
|-damage|p2a: Big & Bug-like|70/100 tox|[from] psn
|-heal|p1a: Skarmory|76/100|[from] item: Leftovers
|upkeep
|turn|22
|
|t:|1729639729
|switch|p2a: Nefarious Spectre|Gengar, M|100/100
|move|p1a: Skarmory|Protect||[still]
|-fail|p1a: Skarmory
|
|-heal|p1a: Skarmory|82/100|[from] item: Leftovers
|upkeep
|turn|23
|
|t:|1729639743
|switch|p1a: Swampert|Swampert, F|100/100
|move|p2a: Nefarious Spectre|Will-O-Wisp|p1a: Swampert
|-status|p1a: Swampert|brn
|
|-damage|p1a: Swampert|88/100 brn|[from] brn
|upkeep
|turn|24
|
|t:|1729639762
|switch|p1a: Blissey|Blissey, F, shiny|88/100
|move|p2a: Nefarious Spectre|Ice Punch|p1a: Blissey
|-damage|p1a: Blissey|77/100
|
|-heal|p1a: Blissey|83/100|[from] item: Leftovers
|upkeep
|turn|25
|
|t:|1729639774
|switch|p2a: Poobah|Dugtrio, F|84/100
|-damage|p2a: Poobah|59/100|[from] Spikes
|move|p1a: Blissey|Ice Beam|p2a: Poobah
|-supereffective|p2a: Poobah
|-damage|p2a: Poobah|0 fnt
|faint|p2a: Poobah
|
|t:|1729639780
|switch|p2a: Iron Spider|Metagross|75/100
|-damage|p2a: Iron Spider|50/100|[from] Spikes
|
|-heal|p2a: Iron Spider|56/100|[from] item: Leftovers
|-heal|p1a: Blissey|90/100|[from] item: Leftovers
|upkeep
|turn|26
|
|t:|1729639789
|switch|p1a: Skarmory|Skarmory, F|82/100
|move|p2a: Iron Spider|Meteor Mash|p1a: Skarmory|[miss]
|-miss|p2a: Iron Spider|p1a: Skarmory
|
|-heal|p2a: Iron Spider|62/100|[from] item: Leftovers
|-heal|p1a: Skarmory|88/100|[from] item: Leftovers
|upkeep
|turn|27
|
|t:|1729639797
|move|p2a: Iron Spider|Meteor Mash|p1a: Skarmory
|-resisted|p1a: Skarmory
|-damage|p1a: Skarmory|65/100
|move|p1a: Skarmory|Roar|p2a: Iron Spider
|drag|p2a: Sock 2|Kingdra, M, shiny|100/100
|-damage|p2a: Sock 2|76/100|[from] Spikes
|
|-heal|p1a: Skarmory|71/100|[from] item: Leftovers
|upkeep
|turn|28
|
|t:|1729639814
|move|p2a: Sock 2|Surf|p1a: Skarmory
|-damage|p1a: Skarmory|32/100
|move|p1a: Skarmory|Toxic|p2a: Sock 2
|-status|p2a: Sock 2|tox
|-enditem|p2a: Sock 2|Lum Berry|[eat]
|-curestatus|p2a: Sock 2|tox|[msg]
|
|-heal|p1a: Skarmory|38/100|[from] item: Leftovers
|upkeep
|turn|29
|
|t:|1729639823
|switch|p1a: Blissey|Blissey, F, shiny|90/100
|move|p2a: Sock 2|Surf|p1a: Blissey
|-damage|p1a: Blissey|73/100
|
|-heal|p1a: Blissey|79/100|[from] item: Leftovers
|upkeep
|turn|30
|
|t:|1729639846
|switch|p2a: Iron Spider|Metagross|62/100
|-damage|p2a: Iron Spider|37/100|[from] Spikes
|move|p1a: Blissey|Toxic|p2a: Iron Spider
|-immune|p2a: Iron Spider
|
|-heal|p2a: Iron Spider|43/100|[from] item: Leftovers
|-heal|p1a: Blissey|85/100|[from] item: Leftovers
|upkeep
|turn|31
|
|t:|1729639859
|switch|p1a: Skarmory|Skarmory, F|38/100
|move|p2a: Iron Spider|Meteor Mash|p1a: Skarmory
|-resisted|p1a: Skarmory
|-damage|p1a: Skarmory|18/100
|-boost|p2a: Iron Spider|atk|1
|
|-heal|p2a: Iron Spider|49/100|[from] item: Leftovers
|-heal|p1a: Skarmory|24/100|[from] item: Leftovers
|upkeep
|turn|32
|
|t:|1729639873
|move|p1a: Skarmory|Protect|p1a: Skarmory
|-singleturn|p1a: Skarmory|Protect
|move|p2a: Iron Spider|Rock Slide|p1a: Skarmory
|-activate|p1a: Skarmory|Protect
|
|-heal|p2a: Iron Spider|55/100|[from] item: Leftovers
|-heal|p1a: Skarmory|30/100|[from] item: Leftovers
|upkeep
|turn|33
|
|t:|1729639883
|move|p2a: Iron Spider|Rock Slide|p1a: Skarmory
|-damage|p1a: Skarmory|0 fnt
|faint|p1a: Skarmory
|
|t:|1729639904
|switch|p1a: Swampert|Swampert, F|88/100 brn
|
|-heal|p2a: Iron Spider|61/100|[from] item: Leftovers
|-heal|p1a: Swampert|94/100 brn|[from] item: Leftovers
|-damage|p1a: Swampert|82/100 brn|[from] brn
|upkeep
|turn|34
|
|t:|1729639916
|move|p2a: Iron Spider|Explosion|p1a: Swampert
|-damage|p1a: Swampert|0 fnt
|faint|p2a: Iron Spider
|faint|p1a: Swampert
|inactive|Big Nut Bill has 270 seconds left.
|
|t:|1729639959
|switch|p2a: Big & Bug-like|Heracross, M, shiny|70/100 tox
|switch|p1a: Starmie|Starmie|100/100
|-damage|p2a: Big & Bug-like|45/100 tox|[from] Spikes
|
|-damage|p2a: Big & Bug-like|39/100 tox|[from] psn
|upkeep
|turn|35
|
|t:|1729639968
|move|p1a: Starmie|Thunderbolt|p2a: Big & Bug-like
|-damage|p2a: Big & Bug-like|5/100 tox
|move|p2a: Big & Bug-like|Megahorn|p1a: Starmie
|-supereffective|p1a: Starmie
|-damage|p1a: Starmie|0 fnt
|faint|p1a: Starmie
|
|t:|1729639974
|switch|p1a: Blissey|Blissey, F, shiny|85/100
|
|-enditem|p2a: Big & Bug-like|Salac Berry|[eat]
|-boost|p2a: Big & Bug-like|spe|1|[from] item: Salac Berry
|-damage|p2a: Big & Bug-like|0 fnt|[from] psn
|faint|p2a: Big & Bug-like
|-heal|p1a: Blissey|91/100|[from] item: Leftovers
|upkeep
|inactive|Big Nut Bill has 270 seconds left.
|
|t:|1729639984
|switch|p2a: Nefarious Spectre|Gengar, M|100/100
|turn|36
|
|t:|1729639989
|move|p2a: Nefarious Spectre|Will-O-Wisp|p1a: Blissey
|-status|p1a: Blissey|brn
|move|p1a: Blissey|Fire Blast|p2a: Nefarious Spectre
|-damage|p2a: Nefarious Spectre|57/100
|
|-heal|p1a: Blissey|98/100 brn|[from] item: Leftovers
|-damage|p1a: Blissey|85/100 brn|[from] brn
|upkeep
|turn|37
|
|t:|1729640004
|move|p2a: Nefarious Spectre|Thunder|p1a: Blissey|[miss]
|-miss|p2a: Nefarious Spectre|p1a: Blissey
|move|p1a: Blissey|Ice Beam|p2a: Nefarious Spectre
|-damage|p2a: Nefarious Spectre|21/100
|
|-heal|p1a: Blissey|91/100 brn|[from] item: Leftovers
|-damage|p1a: Blissey|79/100 brn|[from] brn
|upkeep
|turn|38
|
|t:|1729640012
|move|p2a: Nefarious Spectre|Thunder|p1a: Blissey
|-damage|p1a: Blissey|63/100 brn
|move|p1a: Blissey|Toxic|p2a: Nefarious Spectre
|-immune|p2a: Nefarious Spectre
|
|-heal|p1a: Blissey|69/100 brn|[from] item: Leftovers
|-damage|p1a: Blissey|57/100 brn|[from] brn
|upkeep
|turn|39
|c|☆Humorous Husband|misclick
|
|t:|1729640020
|move|p2a: Nefarious Spectre|Thunder|p1a: Blissey
|-damage|p1a: Blissey|42/100 brn
|move|p1a: Blissey|Ice Beam|p2a: Nefarious Spectre
|-damage|p2a: Nefarious Spectre|0 fnt
|faint|p2a: Nefarious Spectre
|
|t:|1729640025
|switch|p2a: Sock 2|Kingdra, M, shiny|76/100
|-damage|p2a: Sock 2|51/100|[from] Spikes
|
|-heal|p1a: Blissey|48/100 brn|[from] item: Leftovers
|-damage|p1a: Blissey|36/100 brn|[from] brn
|upkeep
|turn|40
|
|t:|1729640032
|move|p2a: Sock 2|Surf|p1a: Blissey
|-damage|p1a: Blissey|18/100 brn
|move|p1a: Blissey|Soft-Boiled|p1a: Blissey
|-heal|p1a: Blissey|68/100 brn
|
|-heal|p1a: Blissey|74/100 brn|[from] item: Leftovers
|-damage|p1a: Blissey|62/100 brn|[from] brn
|upkeep
|turn|41
|c|☆Big Nut Bill|gg
|
|t:|1729640040
|move|p2a: Sock 2|Surf|p1a: Blissey
|-damage|p1a: Blissey|44/100 brn
|move|p1a: Blissey|Soft-Boiled|p1a: Blissey
|-heal|p1a: Blissey|94/100 brn
|
|-heal|p1a: Blissey|99/100 brn|[from] item: Leftovers
|-damage|p1a: Blissey|87/100 brn|[from] brn
|upkeep
|turn|42
|c|☆Humorous Husband|gg
|
|t:|1729640062
|move|p2a: Sock 2|Rain Dance|p2a: Sock 2
|-weather|RainDance
|move|p1a: Blissey|Toxic|p2a: Sock 2|[miss]
|-miss|p1a: Blissey|p2a: Sock 2
|
|-weather|RainDance|[upkeep]
|-heal|p1a: Blissey|93/100 brn|[from] item: Leftovers
|-damage|p1a: Blissey|81/100 brn|[from] brn
|upkeep
|turn|43
|
|t:|1729640070
|move|p2a: Sock 2|Surf|p1a: Blissey
|-damage|p1a: Blissey|54/100 brn
|move|p1a: Blissey|Toxic|p2a: Sock 2
|-status|p2a: Sock 2|tox
|
|-weather|RainDance|[upkeep]
|-damage|p2a: Sock 2|45/100 tox|[from] psn
|-heal|p1a: Blissey|60/100 brn|[from] item: Leftovers
|-damage|p1a: Blissey|48/100 brn|[from] brn
|upkeep
|turn|44
|
|t:|1729640080
|move|p2a: Sock 2|Surf|p1a: Blissey
|-damage|p1a: Blissey|19/100 brn
|move|p1a: Blissey|Soft-Boiled|p1a: Blissey
|-heal|p1a: Blissey|69/100 brn
|
|-weather|RainDance|[upkeep]
|-damage|p2a: Sock 2|33/100 tox|[from] psn
|-heal|p1a: Blissey|75/100 brn|[from] item: Leftovers
|-damage|p1a: Blissey|63/100 brn|[from] brn
|upkeep
|turn|45
|
|t:|1729640089
|move|p2a: Sock 2|Surf|p1a: Blissey
|-damage|p1a: Blissey|37/100 brn
|move|p1a: Blissey|Soft-Boiled|p1a: Blissey
|-heal|p1a: Blissey|87/100 brn
|
|-weather|RainDance|[upkeep]
|-damage|p2a: Sock 2|15/100 tox|[from] psn
|-heal|p1a: Blissey|93/100 brn|[from] item: Leftovers
|-damage|p1a: Blissey|81/100 brn|[from] brn
|upkeep
|turn|46
|
|t:|1729640101
|move|p2a: Sock 2|Surf|p1a: Blissey
|-damage|p1a: Blissey|56/100 brn
|move|p1a: Blissey|Soft-Boiled|p1a: Blissey
|-heal|p1a: Blissey|100/100 brn
|
|-weather|none
|-damage|p2a: Sock 2|0 fnt|[from] psn
|faint|p2a: Sock 2
|
|win|Humorous Husband
|upkeep

</script>
<script type="application/json" class="data" id="replaydata-smogtours-gen3ou-801307">
{"id":"smogtours-gen3ou-801307","format":"[Gen 3] OU","players":["Humorous Husband","Big Nut Bill"],"uploadtime":1729640101,"views":80,"formatid":"gen3ou","rating":null,"private":0,"password":null}
</script>

<script defer src="js/replays.js?9d40a366"></script>
