<!DOCTYPE html>
<meta charset="utf-8" />
<meta name="viewport" content="width=device-width" />

<title>[Gen 3] OU: lraven17 vs. xtina xendrix - Replays - Pok&eacute;mon Showdown!</title>

<meta name="description" content="Watch a replay of a Pok&eacute;mon battle between lraven17 and xtina xendrix! Format: [Gen 3] OU; Date: Oct 4, 2024" />
<!--

Hey, you! Looking in the source for the replay log?

You can find them in JSON format, just add `.json` at the end of a replay URL.

https://replay.pokemonshowdown.com/gen7randomdoublesbattle-865046831.json

Or, if you only need the log itself, add `.log` instead:

https://replay.pokemonshowdown.com/gen7randomdoublesbattle-865046831.log

-->

<link rel="stylesheet" href="//pokemonshowdown.com/style/global.css?0.023195364461161105" />
<link rel="stylesheet" href="//play.pokemonshowdown.com/style/font-awesome.css?0.13261647063804238" />
<link rel="stylesheet" href="//play.pokemonshowdown.com/style/battle.css?0.8753245789963631" />
<link rel="stylesheet" href="//play.pokemonshowdown.com/style/utilichart.css?0.8627959624976733" />

<!-- Global site tag (gtag.js) - Google Analytics -->
<script async src="https://www.googletagmanager.com/gtag/js?id=UA-26211653-1"></script>
<script>
  window.dataLayer = window.dataLayer || [];
  function gtag(){dataLayer.push(arguments);}
  gtag('js', new Date());

  gtag('config', 'UA-26211653-1');
</script>
<!-- End Google Analytics -->
<!-- Venatus Ad Manager - Install in <HEAD> of page -->
	<script src="https://hb.vntsm.com/v3/live/ad-manager.min.js" type="text/javascript" data-site-id="642aba63ec9a7b11c3c9c1be" data-mode="scan" async></script>
<!-- / Venatus Ad Manager -->

<style>
	@media (max-width:820px) {
		.battle {
			margin: 0 auto;
		}
		.battle-log {
			margin: 7px auto 0;
			max-width: 640px;
			height: 300px;
			position: static;
		}
	}
	.optgroup {
		display: inline-block;
		line-height: 22px;
		font-size: 10pt;
	}
	.optgroup .button {
		height: 25px;
		padding-top: 0;
		padding-bottom: 0;
	}
	.optgroup button.button {
		padding-left: 12px;
		padding-right: 12px;
	}
	.linklist {
		list-style: none;
		margin: 0.5em 0;
		padding: 0;
	}
	.linklist li {
		padding: 2px 0;
	}
	.sidebar {
		float: left;
		width: 320px;
	}
	.bar-wrapper {
		max-width: 1100px;
		margin: 0 auto;
	}
	.bar-wrapper.has-sidebar {
		max-width: 1430px;
	}
	.mainbar {
		margin: 0;
		padding-right: 1px;
	}
	.mainbar.has-sidebar {
		margin-left: 330px;
	}
	@media (min-width: 1511px) {
		.sidebar {
			width: 400px;
		}
		.bar-wrapper.has-sidebar {
			max-width: 1510px;
		}
		.mainbar.has-sidebar {
			margin-left: 410px;
		}
	}
	.section.first-section {
		margin-top: 9px;
	}
	.blocklink small {
		white-space: normal;
	}
	.button {
		vertical-align: middle;
	}
	.replay-controls {
		padding-top: 10px;
	}
	.replay-controls h1 {
		font-size: 16pt;
		font-weight: normal;
		color: #CCC;
	}
	.pagelink {
		text-align: center;
	}
	.pagelink a {
		width: 150px;
	}
	.textbox, .button {
		font-size: 11pt;
		vertical-align: middle;
	}
	@media (max-width: 450px) {
		.button {
			font-size: 9pt;
		}
	}
</style>

<div>

	<header>
		<div class="nav-wrapper"><ul class="nav">
			<li><a class="button nav-first" href="//pokemonshowdown.com/"><img src="//pokemonshowdown.com/images/pokemonshowdownbeta.png" srcset="//pokemonshowdown.com/images/pokemonshowdownbeta.png 1x, //pokemonshowdown.com/images/pokemonshowdownbeta@2x.png 2x" alt="Pok&eacute;mon Showdown" width="146" height="44" /> Home</a></li>
			<li><a class="button" href="//pokemonshowdown.com/dex/">Pok&eacute;dex</a></li>
			<li><a class="button cur" href="/">Replays</a></li>
			<li><a class="button" href="//pokemonshowdown.com/ladder/">Ladder</a></li>
			<li><a class="button nav-last" href="//pokemonshowdown.com/forums/">Forum</a></li>
			<li><a class="button greenbutton nav-first nav-last" href="//play.pokemonshowdown.com/">Play</a></li>
		</ul></div>
	</header>

	<div class="main" id="main">

		<noscript><section class="section">You need to enable JavaScript to use this page; sorry!</section></noscript>

	</div>

</div>

<script defer nomodule src="//play.pokemonshowdown.com/js/lib/ps-polyfill.js"></script>
<script defer src="//play.pokemonshowdown.com/js/lib/preact.min.js"></script>

<script defer src="//play.pokemonshowdown.com/config/config.js?2bddbc15"></script>
<script defer src="//play.pokemonshowdown.com/js/lib/jquery-1.11.0.min.js"></script>
<script defer src="//play.pokemonshowdown.com/js/lib/html-sanitizer-minified.js"></script>
<script defer src="//play.pokemonshowdown.com/js/battle-sound.js"></script>
<script defer src="//play.pokemonshowdown.com/js/battledata.js?0.7209276989879541"></script>
<script defer src="//play.pokemonshowdown.com/data/pokedex-mini.js?0.6111056340867951"></script>
<script defer src="//play.pokemonshowdown.com/data/pokedex-mini-bw.js?0.3532142036491459"></script>
<script defer src="//play.pokemonshowdown.com/data/graphics.js?0.24223875632456182"></script>
<script defer src="//play.pokemonshowdown.com/data/pokedex.js?0.38839984266356864"></script>
<script defer src="//play.pokemonshowdown.com/data/moves.js?0.21866028504024015"></script>
<script defer src="//play.pokemonshowdown.com/data/abilities.js?0.2005157953846628"></script>
<script defer src="//play.pokemonshowdown.com/data/items.js?0.9894211263848525"></script>
<script defer src="//play.pokemonshowdown.com/data/teambuilder-tables.js?0.6008791140282215"></script>
<script defer src="//play.pokemonshowdown.com/js/battle-tooltips.js?0.7580118955022959"></script>
<script defer src="//play.pokemonshowdown.com/js/battle.js?0.6057722274234274"></script>

<script defer src="js/utils.js?e31f9a17"></script>
<script defer src="js/replays-battle.js?7008c182"></script>

<!-- don't scrape this data! just add .json or .log after the URL!
Full API docs: https://github.com/smogon/pokemon-showdown-client/blob/master/WEB-API.md -->
<script type="text/plain" class="log" id="replaylog-smogtours-gen3ou-794450">
|inactive|Battle timer is ON: inactive players will automatically lose when time's up.
|t:|1728001485
|gametype|singles
|player|p1|lraven17|170|
|player|p2|xtina xendrix|lorelei-gen1|
|teamsize|p1|6
|teamsize|p2|6
|gen|3
|tier|[Gen 3] OU
|rule|Sleep Clause Mod: Limit one foe put to sleep
|rule|Switch Priority Clause Mod: Faster Pokémon switch first
|rule|Species Clause: Limit one of each Pokémon
|rule|OHKO Clause: OHKO moves are banned
|rule|Evasion Items Clause: Evasion items are banned
|rule|Evasion Moves Clause: Evasion moves are banned
|rule|Endless Battle Clause: Forcing endless battles is banned
|rule|HP Percentage Mod: HP is shown in percentages
|rule|One Boost Passer Clause: Limit one Baton Passer that has a way to boost its stats
|rule|Freeze Clause Mod: Limit one foe frozen
|
|t:|1728001485
|start
|switch|p1a: Clive Rosfield|Tyranitar, M|100/100
|switch|p2a: Smeargle|Smeargle, F|100/100
|-weather|Sandstorm|[from] ability: Sand Stream|[of] p1a: Clive Rosfield
|turn|1
|c|☆xtina xendrix|hf!
|
|t:|1728001500
|switch|p1a: Cid Telamon|Zapdos|100/100
|move|p2a: Smeargle|Spore|p1a: Cid Telamon
|-status|p1a: Cid Telamon|slp|[from] move: Spore
|
|-weather|Sandstorm|[upkeep]
|-damage|p2a: Smeargle|95/100|[from] Sandstorm
|-damage|p1a: Cid Telamon|94/100 slp|[from] Sandstorm
|-heal|p1a: Cid Telamon|100/100 slp|[from] item: Leftovers
|upkeep
|turn|2
|
|t:|1728001504
|switch|p1a: Gav|Skarmory, M|100/100
|move|p2a: Smeargle|Substitute|p2a: Smeargle
|-start|p2a: Smeargle|Substitute
|-damage|p2a: Smeargle|70/100
|
|-weather|Sandstorm|[upkeep]
|-damage|p2a: Smeargle|64/100|[from] Sandstorm
|upkeep
|turn|3
|
|t:|1728001508
|move|p2a: Smeargle|Spikes|p1a: Gav
|-sidestart|p1: lraven17|Spikes
|move|p1a: Gav|Roar|p2a: Smeargle
|drag|p2a: Gengar|Gengar, M|100/100
|
|-weather|Sandstorm|[upkeep]
|-damage|p2a: Gengar|94/100|[from] Sandstorm
|-heal|p2a: Gengar|100/100|[from] item: Leftovers
|upkeep
|turn|4
|
|t:|1728001517
|switch|p1a: Cid Telamon|Zapdos|100/100 slp
|move|p2a: Gengar|Thunderbolt|p1a: Cid Telamon
|-damage|p1a: Cid Telamon|78/100 slp
|
|-weather|Sandstorm|[upkeep]
|-damage|p2a: Gengar|94/100|[from] Sandstorm
|-damage|p1a: Cid Telamon|72/100 slp|[from] Sandstorm
|-heal|p2a: Gengar|100/100|[from] item: Leftovers
|-heal|p1a: Cid Telamon|78/100 slp|[from] item: Leftovers
|upkeep
|turn|5
|
|t:|1728001523
|move|p2a: Gengar|Ice Punch|p1a: Cid Telamon
|-supereffective|p1a: Cid Telamon
|-damage|p1a: Cid Telamon|39/100 slp
|cant|p1a: Cid Telamon|slp
|move|p1a: Cid Telamon|Sleep Talk|p1a: Cid Telamon
|move|p1a: Cid Telamon|Rest|p1a: Cid Telamon|[from]Sleep Talk
|
|-weather|Sandstorm|[upkeep]
|-damage|p2a: Gengar|94/100|[from] Sandstorm
|-damage|p1a: Cid Telamon|33/100 slp|[from] Sandstorm
|-heal|p2a: Gengar|100/100|[from] item: Leftovers
|-heal|p1a: Cid Telamon|39/100 slp|[from] item: Leftovers
|upkeep
|turn|6
|
|t:|1728001532
|move|p2a: Gengar|Ice Punch|p1a: Cid Telamon
|-supereffective|p1a: Cid Telamon
|-damage|p1a: Cid Telamon|2/100 slp
|-curestatus|p1a: Cid Telamon|slp|[msg]
|move|p1a: Cid Telamon|Thunderbolt|p2a: Gengar
|-damage|p2a: Gengar|30/100
|
|-weather|Sandstorm|[upkeep]
|-damage|p2a: Gengar|24/100|[from] Sandstorm
|-damage|p1a: Cid Telamon|0 fnt|[from] Sandstorm
|faint|p1a: Cid Telamon
|-heal|p2a: Gengar|30/100|[from] item: Leftovers
|upkeep
|
|t:|1728001536
|switch|p1a: Jill Warrick|Starmie|100/100
|-damage|p1a: Jill Warrick|88/100|[from] Spikes
|turn|7
|
|t:|1728001547
|move|p1a: Jill Warrick|Surf|p2a: Gengar
|-damage|p2a: Gengar|0 fnt
|faint|p2a: Gengar
|
|t:|1728001555
|switch|p2a: Aerodactyl|Aerodactyl, M|100/100
|
|-weather|Sandstorm|[upkeep]
|-damage|p1a: Jill Warrick|82/100|[from] Sandstorm
|-heal|p1a: Jill Warrick|88/100|[from] item: Leftovers
|upkeep
|turn|8
|
|t:|1728001562
|move|p2a: Aerodactyl|Hidden Power|p1a: Jill Warrick
|-supereffective|p1a: Jill Warrick
|-damage|p1a: Jill Warrick|42/100
|move|p1a: Jill Warrick|Surf|p2a: Aerodactyl
|-supereffective|p2a: Aerodactyl
|-damage|p2a: Aerodactyl|13/100
|
|-weather|Sandstorm|[upkeep]
|-damage|p1a: Jill Warrick|35/100|[from] Sandstorm
|-enditem|p2a: Aerodactyl|Liechi Berry|[eat]
|-boost|p2a: Aerodactyl|atk|1|[from] item: Liechi Berry
|-heal|p1a: Jill Warrick|42/100|[from] item: Leftovers
|upkeep
|turn|9
|
|t:|1728001574
|switch|p1a: Joshua Rosfield|Salamence, M|100/100
|-ability|p1a: Joshua Rosfield|Intimidate|boost
|-unboost|p2a: Aerodactyl|atk|1
|move|p2a: Aerodactyl|Rock Slide|p1a: Joshua Rosfield
|-supereffective|p1a: Joshua Rosfield
|-damage|p1a: Joshua Rosfield|19/100
|
|-weather|Sandstorm|[upkeep]
|-damage|p1a: Joshua Rosfield|13/100|[from] Sandstorm
|-heal|p1a: Joshua Rosfield|19/100|[from] item: Leftovers
|upkeep
|turn|10
|
|t:|1728001584
|switch|p1a: Gav|Skarmory, M|100/100
|move|p2a: Aerodactyl|Rock Slide|p1a: Gav
|-damage|p1a: Gav|73/100
|
|-weather|Sandstorm|[upkeep]
|-heal|p1a: Gav|79/100|[from] item: Leftovers
|upkeep
|turn|11
|
|t:|1728001590
|move|p2a: Aerodactyl|Rock Slide|p1a: Gav
|-damage|p1a: Gav|53/100
|cant|p1a: Gav|flinch
|
|-weather|Sandstorm|[upkeep]
|-heal|p1a: Gav|59/100|[from] item: Leftovers
|upkeep
|turn|12
|
|t:|1728001594
|move|p2a: Aerodactyl|Rock Slide|p1a: Gav
|-crit|p1a: Gav
|-damage|p1a: Gav|3/100
|move|p1a: Gav|Toxic|p2a: Aerodactyl
|-status|p2a: Aerodactyl|tox
|
|-weather|Sandstorm|[upkeep]
|-damage|p2a: Aerodactyl|8/100 tox|[from] psn
|-heal|p1a: Gav|9/100|[from] item: Leftovers
|upkeep
|turn|13
|c|☆xtina xendrix|mb
|
|t:|1728001602
|move|p1a: Gav|Protect|p1a: Gav
|-singleturn|p1a: Gav|Protect
|move|p2a: Aerodactyl|Rock Slide|p1a: Gav
|-activate|p1a: Gav|Protect
|
|-weather|Sandstorm|[upkeep]
|-damage|p2a: Aerodactyl|0 fnt|[from] psn
|faint|p2a: Aerodactyl
|-heal|p1a: Gav|15/100|[from] item: Leftovers
|upkeep
|
|t:|1728001607
|switch|p2a: Tyranitar|Tyranitar, F|100/100
|turn|14
|
|t:|1728001613
|switch|p1a: Joshua Rosfield|Salamence, M|19/100
|-ability|p1a: Joshua Rosfield|Intimidate|boost
|-unboost|p2a: Tyranitar|atk|1
|move|p2a: Tyranitar|Dragon Dance|p2a: Tyranitar
|-boost|p2a: Tyranitar|atk|1
|-boost|p2a: Tyranitar|spe|1
|
|-weather|Sandstorm|[upkeep]
|-damage|p1a: Joshua Rosfield|13/100|[from] Sandstorm
|-heal|p1a: Joshua Rosfield|19/100|[from] item: Leftovers
|upkeep
|turn|15
|
|t:|1728001615
|move|p2a: Tyranitar|Rock Slide|p1a: Joshua Rosfield|[miss]
|-miss|p2a: Tyranitar|p1a: Joshua Rosfield
|move|p1a: Joshua Rosfield|Brick Break|p2a: Tyranitar
|-supereffective|p2a: Tyranitar
|-damage|p2a: Tyranitar|0 fnt
|faint|p2a: Tyranitar
|c|☆xtina xendrix|oof
|c|☆lraven17|it all evens out
|
|t:|1728001644
|switch|p2a: Metagross|Metagross|100/100
|
|-weather|Sandstorm|[upkeep]
|-damage|p1a: Joshua Rosfield|13/100|[from] Sandstorm
|-heal|p1a: Joshua Rosfield|19/100|[from] item: Leftovers
|upkeep
|turn|16
|
|t:|1728001648
|move|p1a: Joshua Rosfield|Earthquake|p2a: Metagross
|-supereffective|p2a: Metagross
|-crit|p2a: Metagross
|-damage|p2a: Metagross|0 fnt
|faint|p2a: Metagross
|c|☆xtina xendrix|oh no lol
|
|t:|1728001656
|switch|p2a: Swampert|Swampert, F|100/100
|
|-weather|Sandstorm|[upkeep]
|-damage|p1a: Joshua Rosfield|13/100|[from] Sandstorm
|-heal|p1a: Joshua Rosfield|19/100|[from] item: Leftovers
|upkeep
|turn|17
|c|+violet river|thats wild
|
|t:|1728001669
|move|p1a: Joshua Rosfield|Hidden Power|p2a: Swampert
|-damage|p2a: Swampert|55/100
|move|p2a: Swampert|Surf|p1a: Joshua Rosfield
|-resisted|p1a: Joshua Rosfield
|-damage|p1a: Joshua Rosfield|0 fnt
|faint|p1a: Joshua Rosfield
|
|t:|1728001675
|switch|p1a: Gav|Skarmory, M|15/100
|
|-weather|Sandstorm|[upkeep]
|-heal|p1a: Gav|21/100|[from] item: Leftovers
|upkeep
|turn|18
|
|t:|1728001679
|move|p2a: Swampert|Substitute|p2a: Swampert
|-start|p2a: Swampert|Substitute
|-damage|p2a: Swampert|30/100
|move|p1a: Gav|Spikes|p2a: Swampert
|-sidestart|p2: xtina xendrix|Spikes
|
|-weather|Sandstorm|[upkeep]
|-heal|p1a: Gav|27/100|[from] item: Leftovers
|upkeep
|turn|19
|
|t:|1728001683
|move|p2a: Swampert|Surf|p1a: Gav
|-damage|p1a: Gav|0 fnt
|faint|p1a: Gav
|
|t:|1728001687
|switch|p1a: Jill Warrick|Starmie|42/100
|-damage|p1a: Jill Warrick|29/100|[from] Spikes
|
|-weather|Sandstorm|[upkeep]
|-damage|p1a: Jill Warrick|23/100|[from] Sandstorm
|-heal|p1a: Jill Warrick|29/100|[from] item: Leftovers
|upkeep
|turn|20
|
|t:|1728001700
|move|p1a: Jill Warrick|Surf|p2a: Swampert
|-end|p2a: Swampert|Substitute
|move|p2a: Swampert|Substitute|p2a: Swampert
|-start|p2a: Swampert|Substitute
|-damage|p2a: Swampert|5/100
|
|-weather|Sandstorm|[upkeep]
|-damage|p1a: Jill Warrick|23/100|[from] Sandstorm
|-heal|p1a: Jill Warrick|29/100|[from] item: Leftovers
|-enditem|p2a: Swampert|Salac Berry|[eat]
|-boost|p2a: Swampert|spe|1|[from] item: Salac Berry
|upkeep
|turn|21
|
|t:|1728001707
|move|p2a: Swampert|Surf|p1a: Jill Warrick
|-resisted|p1a: Jill Warrick
|-damage|p1a: Jill Warrick|0 fnt
|faint|p1a: Jill Warrick
|
|t:|1728001709
|switch|p1a: Dion Lesage|Celebi|100/100
|-damage|p1a: Dion Lesage|88/100|[from] Spikes
|
|-weather|Sandstorm|[upkeep]
|-damage|p1a: Dion Lesage|82/100|[from] Sandstorm
|-heal|p1a: Dion Lesage|88/100|[from] item: Leftovers
|upkeep
|turn|22
|
|t:|1728001713
|move|p2a: Swampert|Endeavor|p1a: Dion Lesage
|-damage|p1a: Dion Lesage|5/100
|move|p1a: Dion Lesage|Giga Drain|p2a: Swampert
|-supereffective|p2a: Swampert
|-end|p2a: Swampert|Substitute
|-heal|p1a: Dion Lesage|15/100|[from] drain|[of] p2a: Swampert
|
|-weather|Sandstorm|[upkeep]
|-damage|p1a: Dion Lesage|9/100|[from] Sandstorm
|-heal|p1a: Dion Lesage|15/100|[from] item: Leftovers
|upkeep
|turn|23
|
|t:|1728001727
|move|p2a: Swampert|Surf|p1a: Dion Lesage
|-resisted|p1a: Dion Lesage
|-crit|p1a: Dion Lesage
|-damage|p1a: Dion Lesage|0 fnt
|faint|p1a: Dion Lesage
|
|t:|1728001729
|switch|p1a: Clive Rosfield|Tyranitar, M|100/100
|-damage|p1a: Clive Rosfield|88/100|[from] Spikes
|
|-weather|Sandstorm|[upkeep]
|-heal|p1a: Clive Rosfield|94/100|[from] item: Leftovers
|upkeep
|turn|24
|
|t:|1728001734
|move|p2a: Swampert|Surf|p1a: Clive Rosfield
|-supereffective|p1a: Clive Rosfield
|-damage|p1a: Clive Rosfield|5/100
|move|p1a: Clive Rosfield|Earthquake|p2a: Swampert
|-damage|p2a: Swampert|0 fnt
|faint|p2a: Swampert
|
|t:|1728001740
|switch|p2a: Smeargle|Smeargle, F|64/100
|-damage|p2a: Smeargle|51/100|[from] Spikes
|
|-weather|Sandstorm|[upkeep]
|-damage|p2a: Smeargle|45/100|[from] Sandstorm
|-heal|p1a: Clive Rosfield|11/100|[from] item: Leftovers
|upkeep
|turn|25
|
|t:|1728001747
|move|p2a: Smeargle|Spore|p1a: Clive Rosfield
|-status|p1a: Clive Rosfield|slp|[from] move: Spore
|cant|p1a: Clive Rosfield|slp
|
|-weather|Sandstorm|[upkeep]
|-damage|p2a: Smeargle|39/100|[from] Sandstorm
|-heal|p1a: Clive Rosfield|18/100 slp|[from] item: Leftovers
|upkeep
|turn|26
|
|t:|1728001752
|move|p2a: Smeargle|Substitute|p2a: Smeargle
|-start|p2a: Smeargle|Substitute
|-damage|p2a: Smeargle|14/100
|cant|p1a: Clive Rosfield|slp
|
|-weather|Sandstorm|[upkeep]
|-damage|p2a: Smeargle|8/100|[from] Sandstorm
|-heal|p1a: Clive Rosfield|24/100 slp|[from] item: Leftovers
|upkeep
|turn|27
|
|t:|1728001754
|move|p2a: Smeargle|Transform|p1a: Clive Rosfield
|-transform|p2a: Smeargle|p1a: Clive Rosfield
|-curestatus|p1a: Clive Rosfield|slp|[msg]
|move|p1a: Clive Rosfield|Earthquake|p2a: Smeargle
|-supereffective|p2a: Smeargle
|-end|p2a: Smeargle|Substitute
|
|-weather|Sandstorm|[upkeep]
|-heal|p1a: Clive Rosfield|30/100|[from] item: Leftovers
|upkeep
|turn|28
|
|t:|1728001761
|move|p1a: Clive Rosfield|Earthquake|p2a: Smeargle
|-supereffective|p2a: Smeargle
|-crit|p2a: Smeargle
|-damage|p2a: Smeargle|0 fnt
|faint|p2a: Smeargle
|
|win|lraven17
|c|☆xtina xendrix|i cant believe i took salac off that guy
|c|☆xtina xendrix|gg
|c|☆lraven17|gg
|c|☆lraven17|oh let me know when you're ready
|c|☆xtina xendrix|ready
|player|p1|

</script>
<script type="application/json" class="data" id="replaydata-smogtours-gen3ou-794450">
{"id":"smogtours-gen3ou-794450","format":"[Gen 3] OU","players":["lraven17","xtina xendrix"],"uploadtime":1728001761,"views":173,"formatid":"gen3ou","rating":null,"private":1,"password":null}
</script>

<script defer src="js/replays.js?9d40a366"></script>
