<!DOCTYPE html>
<meta charset="utf-8" />
<meta name="viewport" content="width=device-width" />

<title>[Gen 3] OU: Gonzasaurio 50 vs. monchooo - Replays - Pok&eacute;mon Showdown!</title>

<meta name="description" content="Watch a replay of a Pok&eacute;mon battle between Gonzasaurio 50 and monchooo! Format: [Gen 3] OU; Date: Oct 17, 2024" />
<!--

Hey, you! Looking in the source for the replay log?

You can find them in JSON format, just add `.json` at the end of a replay URL.

https://replay.pokemonshowdown.com/gen7randomdoublesbattle-865046831.json

Or, if you only need the log itself, add `.log` instead:

https://replay.pokemonshowdown.com/gen7randomdoublesbattle-865046831.log

-->

<link rel="stylesheet" href="//pokemonshowdown.com/style/global.css?0.023195364461161105" />
<link rel="stylesheet" href="//play.pokemonshowdown.com/style/font-awesome.css?0.13261647063804238" />
<link rel="stylesheet" href="//play.pokemonshowdown.com/style/battle.css?0.8753245789963631" />
<link rel="stylesheet" href="//play.pokemonshowdown.com/style/utilichart.css?0.8627959624976733" />

<!-- Global site tag (gtag.js) - Google Analytics -->
<script async src="https://www.googletagmanager.com/gtag/js?id=UA-26211653-1"></script>
<script>
  window.dataLayer = window.dataLayer || [];
  function gtag(){dataLayer.push(arguments);}
  gtag('js', new Date());

  gtag('config', 'UA-26211653-1');
</script>
<!-- End Google Analytics -->
<!-- Venatus Ad Manager - Install in <HEAD> of page -->
	<script src="https://hb.vntsm.com/v3/live/ad-manager.min.js" type="text/javascript" data-site-id="642aba63ec9a7b11c3c9c1be" data-mode="scan" async></script>
<!-- / Venatus Ad Manager -->

<style>
	@media (max-width:820px) {
		.battle {
			margin: 0 auto;
		}
		.battle-log {
			margin: 7px auto 0;
			max-width: 640px;
			height: 300px;
			position: static;
		}
	}
	.optgroup {
		display: inline-block;
		line-height: 22px;
		font-size: 10pt;
	}
	.optgroup .button {
		height: 25px;
		padding-top: 0;
		padding-bottom: 0;
	}
	.optgroup button.button {
		padding-left: 12px;
		padding-right: 12px;
	}
	.linklist {
		list-style: none;
		margin: 0.5em 0;
		padding: 0;
	}
	.linklist li {
		padding: 2px 0;
	}
	.sidebar {
		float: left;
		width: 320px;
	}
	.bar-wrapper {
		max-width: 1100px;
		margin: 0 auto;
	}
	.bar-wrapper.has-sidebar {
		max-width: 1430px;
	}
	.mainbar {
		margin: 0;
		padding-right: 1px;
	}
	.mainbar.has-sidebar {
		margin-left: 330px;
	}
	@media (min-width: 1511px) {
		.sidebar {
			width: 400px;
		}
		.bar-wrapper.has-sidebar {
			max-width: 1510px;
		}
		.mainbar.has-sidebar {
			margin-left: 410px;
		}
	}
	.section.first-section {
		margin-top: 9px;
	}
	.blocklink small {
		white-space: normal;
	}
	.button {
		vertical-align: middle;
	}
	.replay-controls {
		padding-top: 10px;
	}
	.replay-controls h1 {
		font-size: 16pt;
		font-weight: normal;
		color: #CCC;
	}
	.pagelink {
		text-align: center;
	}
	.pagelink a {
		width: 150px;
	}
	.textbox, .button {
		font-size: 11pt;
		vertical-align: middle;
	}
	@media (max-width: 450px) {
		.button {
			font-size: 9pt;
		}
	}
</style>

<div>

	<header>
		<div class="nav-wrapper"><ul class="nav">
			<li><a class="button nav-first" href="//pokemonshowdown.com/"><img src="//pokemonshowdown.com/images/pokemonshowdownbeta.png" srcset="//pokemonshowdown.com/images/pokemonshowdownbeta.png 1x, //pokemonshowdown.com/images/pokemonshowdownbeta@2x.png 2x" alt="Pok&eacute;mon Showdown" width="146" height="44" /> Home</a></li>
			<li><a class="button" href="//pokemonshowdown.com/dex/">Pok&eacute;dex</a></li>
			<li><a class="button cur" href="/">Replays</a></li>
			<li><a class="button" href="//pokemonshowdown.com/ladder/">Ladder</a></li>
			<li><a class="button nav-last" href="//pokemonshowdown.com/forums/">Forum</a></li>
			<li><a class="button greenbutton nav-first nav-last" href="//play.pokemonshowdown.com/">Play</a></li>
		</ul></div>
	</header>

	<div class="main" id="main">

		<noscript><section class="section">You need to enable JavaScript to use this page; sorry!</section></noscript>

	</div>

</div>

<script defer nomodule src="//play.pokemonshowdown.com/js/lib/ps-polyfill.js"></script>
<script defer src="//play.pokemonshowdown.com/js/lib/preact.min.js"></script>

<script defer src="//play.pokemonshowdown.com/config/config.js?2bddbc15"></script>
<script defer src="//play.pokemonshowdown.com/js/lib/jquery-1.11.0.min.js"></script>
<script defer src="//play.pokemonshowdown.com/js/lib/html-sanitizer-minified.js"></script>
<script defer src="//play.pokemonshowdown.com/js/battle-sound.js"></script>
<script defer src="//play.pokemonshowdown.com/js/battledata.js?0.7209276989879541"></script>
<script defer src="//play.pokemonshowdown.com/data/pokedex-mini.js?0.6111056340867951"></script>
<script defer src="//play.pokemonshowdown.com/data/pokedex-mini-bw.js?0.3532142036491459"></script>
<script defer src="//play.pokemonshowdown.com/data/graphics.js?0.24223875632456182"></script>
<script defer src="//play.pokemonshowdown.com/data/pokedex.js?0.38839984266356864"></script>
<script defer src="//play.pokemonshowdown.com/data/moves.js?0.21866028504024015"></script>
<script defer src="//play.pokemonshowdown.com/data/abilities.js?0.2005157953846628"></script>
<script defer src="//play.pokemonshowdown.com/data/items.js?0.9894211263848525"></script>
<script defer src="//play.pokemonshowdown.com/data/teambuilder-tables.js?0.6008791140282215"></script>
<script defer src="//play.pokemonshowdown.com/js/battle-tooltips.js?0.7580118955022959"></script>
<script defer src="//play.pokemonshowdown.com/js/battle.js?0.6057722274234274"></script>

<script defer src="js/utils.js?e31f9a17"></script>
<script defer src="js/replays-battle.js?7008c182"></script>

<!-- don't scrape this data! just add .json or .log after the URL!
Full API docs: https://github.com/smogon/pokemon-showdown-client/blob/master/WEB-API.md -->
<script type="text/plain" class="log" id="replaylog-smogtours-gen3ou-799271">
|inactive|Battle timer is ON: inactive players will automatically lose when time's up.
|t:|1729177492
|gametype|singles
|player|p1|Gonzasaurio 50|102|
|player|p2|monchooo|pryce-gen2|
|teamsize|p1|6
|teamsize|p2|6
|gen|3
|tier|[Gen 3] OU
|rule|Sleep Clause Mod: Limit one foe put to sleep
|rule|Switch Priority Clause Mod: Faster Pokémon switch first
|rule|Species Clause: Limit one of each Pokémon
|rule|OHKO Clause: OHKO moves are banned
|rule|Evasion Items Clause: Evasion items are banned
|rule|Evasion Moves Clause: Evasion moves are banned
|rule|Endless Battle Clause: Forcing endless battles is banned
|rule|HP Percentage Mod: HP is shown in percentages
|rule|One Boost Passer Clause: Limit one Baton Passer that has a way to boost its stats
|rule|Freeze Clause Mod: Limit one foe frozen
|
|t:|1729177492
|start
|switch|p1a: King Kunta|Tyranitar, F|100/100
|switch|p2a: Jirachi|Jirachi|100/100
|-weather|Sandstorm|[from] ability: Sand Stream|[of] p1a: King Kunta
|turn|1
|c|☆monchooo|hf
|c|☆Gonzasaurio 50|hf
|inactive|monchooo has 270 seconds left.
|
|t:|1729177526
|-singleturn|p1a: King Kunta|move: Focus Punch
|switch|p2a: Skarmory|Skarmory, M|100/100
|move|p1a: King Kunta|Focus Punch|p2a: Skarmory
|-damage|p2a: Skarmory|58/100
|
|-weather|Sandstorm|[upkeep]
|-heal|p2a: Skarmory|64/100|[from] item: Leftovers
|upkeep
|turn|2
|inactive|monchooo has 270 seconds left.
|
|t:|1729177567
|switch|p1a: good kid|Blissey, F|100/100
|move|p2a: Skarmory|Spikes|p1a: good kid
|-sidestart|p1: Gonzasaurio 50|Spikes
|
|-weather|Sandstorm|[upkeep]
|-damage|p1a: good kid|94/100|[from] Sandstorm
|-heal|p2a: Skarmory|70/100|[from] item: Leftovers
|-heal|p1a: good kid|100/100|[from] item: Leftovers
|upkeep
|turn|3
|
|t:|1729177580
|switch|p2a: Blissey|Blissey, F|100/100
|move|p1a: good kid|Fire Blast|p2a: Blissey
|-damage|p2a: Blissey|87/100
|
|-weather|Sandstorm|[upkeep]
|-damage|p1a: good kid|94/100|[from] Sandstorm
|-damage|p2a: Blissey|81/100|[from] Sandstorm
|-heal|p1a: good kid|100/100|[from] item: Leftovers
|-heal|p2a: Blissey|87/100|[from] item: Leftovers
|upkeep
|turn|4
|
|t:|1729177584
|move|p2a: Blissey|Calm Mind|p2a: Blissey
|-boost|p2a: Blissey|spa|1
|-boost|p2a: Blissey|spd|1
|move|p1a: good kid|Toxic|p2a: Blissey
|-status|p2a: Blissey|tox
|
|-weather|Sandstorm|[upkeep]
|-damage|p1a: good kid|94/100|[from] Sandstorm
|-damage|p2a: Blissey|81/100 tox|[from] Sandstorm
|-heal|p1a: good kid|100/100|[from] item: Leftovers
|-heal|p2a: Blissey|87/100 tox|[from] item: Leftovers
|-damage|p2a: Blissey|81/100 tox|[from] psn
|upkeep
|turn|5
|inactive|Gonzasaurio 50 has 270 seconds left.
|
|t:|1729177619
|switch|p1a: King Kunta|Tyranitar, F|100/100
|-damage|p1a: King Kunta|88/100|[from] Spikes
|move|p2a: Blissey|Ice Beam|p1a: King Kunta
|-damage|p1a: King Kunta|59/100
|-status|p1a: King Kunta|frz
|
|-weather|Sandstorm|[upkeep]
|-damage|p2a: Blissey|75/100 tox|[from] Sandstorm
|-heal|p1a: King Kunta|65/100 frz|[from] item: Leftovers
|-heal|p2a: Blissey|81/100 tox|[from] item: Leftovers
|-damage|p2a: Blissey|68/100 tox|[from] psn
|upkeep
|turn|6
|c|☆monchooo|sorry
|
|t:|1729177629
|-curestatus|p2a: Blissey|tox|[from] ability: Natural Cure
|switch|p2a: Skarmory|Skarmory, M|70/100
|cant|p1a: King Kunta|frz
|
|-weather|Sandstorm|[upkeep]
|-heal|p2a: Skarmory|76/100|[from] item: Leftovers
|-heal|p1a: King Kunta|71/100 frz|[from] item: Leftovers
|upkeep
|turn|7
|
|t:|1729177634
|cant|p1a: King Kunta|frz
|move|p2a: Skarmory|Roar|p1a: King Kunta
|drag|p1a: Poetic Justice|Charizard, M|100/100
|
|-weather|Sandstorm|[upkeep]
|-damage|p1a: Poetic Justice|94/100|[from] Sandstorm
|-heal|p1a: Poetic Justice|100/100|[from] item: Leftovers
|-heal|p2a: Skarmory|82/100|[from] item: Leftovers
|upkeep
|turn|8
|
|t:|1729177638
|switch|p2a: Starmie|Starmie|100/100
|move|p1a: Poetic Justice|Substitute|p1a: Poetic Justice
|-start|p1a: Poetic Justice|Substitute
|-damage|p1a: Poetic Justice|76/100
|
|-weather|Sandstorm|[upkeep]
|-damage|p2a: Starmie|94/100|[from] Sandstorm
|-damage|p1a: Poetic Justice|70/100|[from] Sandstorm
|-heal|p2a: Starmie|100/100|[from] item: Leftovers
|-heal|p1a: Poetic Justice|76/100|[from] item: Leftovers
|upkeep
|turn|9
|
|t:|1729177640
|move|p2a: Starmie|Surf|p1a: Poetic Justice
|-supereffective|p1a: Poetic Justice
|-end|p1a: Poetic Justice|Substitute
|move|p1a: Poetic Justice|Hidden Power|p2a: Starmie
|-supereffective|p2a: Starmie
|-damage|p2a: Starmie|47/100
|
|-weather|Sandstorm|[upkeep]
|-damage|p2a: Starmie|41/100|[from] Sandstorm
|-damage|p1a: Poetic Justice|70/100|[from] Sandstorm
|-heal|p2a: Starmie|47/100|[from] item: Leftovers
|-heal|p1a: Poetic Justice|76/100|[from] item: Leftovers
|upkeep
|turn|10
|
|t:|1729177652
|switch|p1a: good kid|Blissey, F|100/100
|-damage|p1a: good kid|88/100|[from] Spikes
|move|p2a: Starmie|Recover|p2a: Starmie
|-heal|p2a: Starmie|97/100
|
|-weather|Sandstorm|[upkeep]
|-damage|p2a: Starmie|91/100|[from] Sandstorm
|-damage|p1a: good kid|82/100|[from] Sandstorm
|-heal|p2a: Starmie|97/100|[from] item: Leftovers
|-heal|p1a: good kid|88/100|[from] item: Leftovers
|upkeep
|turn|11
|
|t:|1729177659
|switch|p2a: Blissey|Blissey, F|68/100
|move|p1a: good kid|Toxic|p2a: Blissey
|-status|p2a: Blissey|tox
|
|-weather|Sandstorm|[upkeep]
|-damage|p1a: good kid|82/100|[from] Sandstorm
|-damage|p2a: Blissey|62/100 tox|[from] Sandstorm
|-heal|p1a: good kid|88/100|[from] item: Leftovers
|-heal|p2a: Blissey|68/100 tox|[from] item: Leftovers
|-damage|p2a: Blissey|62/100 tox|[from] psn
|upkeep
|turn|12
|
|t:|1729177673
|switch|p1a: Toni es gay|Skarmory, F|100/100
|move|p2a: Blissey|Soft-Boiled|p2a: Blissey
|-heal|p2a: Blissey|100/100 tox
|
|-weather|Sandstorm|[upkeep]
|-damage|p2a: Blissey|94/100 tox|[from] Sandstorm
|-heal|p2a: Blissey|100/100 tox|[from] item: Leftovers
|-damage|p2a: Blissey|88/100 tox|[from] psn
|upkeep
|turn|13
|
|t:|1729177685
|-curestatus|p2a: Blissey|tox|[from] ability: Natural Cure
|switch|p2a: Starmie|Starmie|97/100
|move|p1a: Toni es gay|Spikes|p2a: Starmie
|-sidestart|p2: monchooo|Spikes
|
|-weather|Sandstorm|[upkeep]
|-damage|p2a: Starmie|91/100|[from] Sandstorm
|-heal|p2a: Starmie|97/100|[from] item: Leftovers
|upkeep
|turn|14
|
|t:|1729177690
|move|p2a: Starmie|Rapid Spin|p1a: Toni es gay
|-resisted|p1a: Toni es gay
|-damage|p1a: Toni es gay|99/100
|-sideend|p2: monchooo|Spikes|[from] move: Rapid Spin|[of] p2a: Starmie
|move|p1a: Toni es gay|Toxic|p2a: Starmie|[miss]
|-miss|p1a: Toni es gay|p2a: Starmie
|
|-weather|Sandstorm|[upkeep]
|-damage|p2a: Starmie|91/100|[from] Sandstorm
|-heal|p2a: Starmie|97/100|[from] item: Leftovers
|-heal|p1a: Toni es gay|100/100|[from] item: Leftovers
|upkeep
|turn|15
|
|t:|1729177693
|move|p2a: Starmie|Surf|p1a: Toni es gay
|-damage|p1a: Toni es gay|70/100
|move|p1a: Toni es gay|Toxic|p2a: Starmie
|-status|p2a: Starmie|tox
|
|-weather|Sandstorm|[upkeep]
|-damage|p2a: Starmie|91/100 tox|[from] Sandstorm
|-heal|p2a: Starmie|97/100 tox|[from] item: Leftovers
|-damage|p2a: Starmie|91/100 tox|[from] psn
|-heal|p1a: Toni es gay|76/100|[from] item: Leftovers
|upkeep
|turn|16
|
|t:|1729177695
|move|p2a: Starmie|Surf|p1a: Toni es gay
|-damage|p1a: Toni es gay|44/100
|move|p1a: Toni es gay|Spikes|p2a: Starmie
|-sidestart|p2: monchooo|Spikes
|
|-weather|Sandstorm|[upkeep]
|-damage|p2a: Starmie|85/100 tox|[from] Sandstorm
|-heal|p2a: Starmie|91/100 tox|[from] item: Leftovers
|-damage|p2a: Starmie|79/100 tox|[from] psn
|-heal|p1a: Toni es gay|50/100|[from] item: Leftovers
|upkeep
|turn|17
|
|t:|1729177697
|move|p1a: Toni es gay|Protect|p1a: Toni es gay
|-singleturn|p1a: Toni es gay|Protect
|move|p2a: Starmie|Rapid Spin|p1a: Toni es gay
|-activate|p1a: Toni es gay|Protect
|
|-weather|Sandstorm|[upkeep]
|-damage|p2a: Starmie|73/100 tox|[from] Sandstorm
|-heal|p2a: Starmie|79/100 tox|[from] item: Leftovers
|-damage|p2a: Starmie|60/100 tox|[from] psn
|-heal|p1a: Toni es gay|56/100|[from] item: Leftovers
|upkeep
|turn|18
|
|t:|1729177709
|move|p2a: Starmie|Recover|p2a: Starmie
|-heal|p2a: Starmie|100/100 tox
|move|p1a: Toni es gay|Roar|p2a: Starmie
|-curestatus|p2a: Starmie|tox|[from] ability: Natural Cure
|drag|p2a: Sableye|Sableye, F|100/100
|-damage|p2a: Sableye|88/100|[from] Spikes
|
|-weather|Sandstorm|[upkeep]
|-damage|p2a: Sableye|82/100|[from] Sandstorm
|-heal|p1a: Toni es gay|62/100|[from] item: Leftovers
|-heal|p2a: Sableye|88/100|[from] item: Leftovers
|upkeep
|turn|19
|
|t:|1729177714
|switch|p2a: Skarmory|Skarmory, M|82/100
|move|p1a: Toni es gay|Protect||[still]
|-fail|p1a: Toni es gay
|
|-weather|Sandstorm|[upkeep]
|-heal|p2a: Skarmory|88/100|[from] item: Leftovers
|-heal|p1a: Toni es gay|68/100|[from] item: Leftovers
|upkeep
|turn|20
|
|t:|1729177725
|switch|p1a: Poetic Justice|Charizard, M|76/100
|move|p2a: Skarmory|Spikes|p1a: Poetic Justice
|-sidestart|p1: Gonzasaurio 50|Spikes
|
|-weather|Sandstorm|[upkeep]
|-damage|p1a: Poetic Justice|70/100|[from] Sandstorm
|-heal|p1a: Poetic Justice|76/100|[from] item: Leftovers
|-heal|p2a: Skarmory|94/100|[from] item: Leftovers
|upkeep
|turn|21
|
|t:|1729177730
|switch|p2a: Starmie|Starmie|100/100
|-damage|p2a: Starmie|88/100|[from] Spikes
|move|p1a: Poetic Justice|Fire Blast|p2a: Starmie|[miss]
|-miss|p1a: Poetic Justice|p2a: Starmie
|
|-weather|Sandstorm|[upkeep]
|-damage|p2a: Starmie|82/100|[from] Sandstorm
|-damage|p1a: Poetic Justice|70/100|[from] Sandstorm
|-heal|p2a: Starmie|88/100|[from] item: Leftovers
|-heal|p1a: Poetic Justice|76/100|[from] item: Leftovers
|upkeep
|turn|22
|
|t:|1729177734
|switch|p1a: good kid|Blissey, F|88/100
|-damage|p1a: good kid|71/100|[from] Spikes
|move|p2a: Starmie|Rapid Spin|p1a: good kid
|-damage|p1a: good kid|68/100
|-sideend|p2: monchooo|Spikes|[from] move: Rapid Spin|[of] p2a: Starmie
|
|-weather|Sandstorm|[upkeep]
|-damage|p2a: Starmie|82/100|[from] Sandstorm
|-damage|p1a: good kid|62/100|[from] Sandstorm
|-heal|p2a: Starmie|88/100|[from] item: Leftovers
|-heal|p1a: good kid|68/100|[from] item: Leftovers
|upkeep
|turn|23
|
|t:|1729177742
|switch|p2a: Blissey|Blissey, F|88/100
|move|p1a: good kid|Soft-Boiled|p1a: good kid
|-heal|p1a: good kid|100/100
|
|-weather|Sandstorm|[upkeep]
|-damage|p2a: Blissey|82/100|[from] Sandstorm
|-damage|p1a: good kid|94/100|[from] Sandstorm
|-heal|p1a: good kid|100/100|[from] item: Leftovers
|-heal|p2a: Blissey|88/100|[from] item: Leftovers
|upkeep
|turn|24
|
|t:|1729177745
|move|p2a: Blissey|Calm Mind|p2a: Blissey
|-boost|p2a: Blissey|spa|1
|-boost|p2a: Blissey|spd|1
|move|p1a: good kid|Toxic|p2a: Blissey
|-status|p2a: Blissey|tox
|
|-weather|Sandstorm|[upkeep]
|-damage|p1a: good kid|94/100|[from] Sandstorm
|-damage|p2a: Blissey|82/100 tox|[from] Sandstorm
|-heal|p2a: Blissey|88/100 tox|[from] item: Leftovers
|-heal|p1a: good kid|100/100|[from] item: Leftovers
|-damage|p2a: Blissey|82/100 tox|[from] psn
|upkeep
|turn|25
|
|t:|1729177756
|move|p1a: good kid|Ice Beam|p2a: Blissey
|-crit|p2a: Blissey
|-damage|p2a: Blissey|62/100 tox
|move|p2a: Blissey|Ice Beam|p1a: good kid
|-damage|p1a: good kid|86/100
|
|-weather|Sandstorm|[upkeep]
|-damage|p1a: good kid|80/100|[from] Sandstorm
|-damage|p2a: Blissey|56/100 tox|[from] Sandstorm
|-heal|p2a: Blissey|62/100 tox|[from] item: Leftovers
|-heal|p1a: good kid|86/100|[from] item: Leftovers
|-damage|p2a: Blissey|50/100 tox|[from] psn
|upkeep
|turn|26
|
|t:|1729177767
|move|p1a: good kid|Toxic|p2a: Blissey
|-fail|p2a: Blissey|tox
|move|p2a: Blissey|Soft-Boiled|p2a: Blissey
|-heal|p2a: Blissey|99/100 tox
|
|-weather|Sandstorm|[upkeep]
|-damage|p2a: Blissey|94/100 tox|[from] Sandstorm
|-damage|p1a: good kid|80/100|[from] Sandstorm
|-heal|p1a: good kid|86/100|[from] item: Leftovers
|-heal|p2a: Blissey|99/100 tox|[from] item: Leftovers
|-damage|p2a: Blissey|81/100 tox|[from] psn
|upkeep
|turn|27
|
|t:|1729177770
|-curestatus|p2a: Blissey|tox|[from] ability: Natural Cure
|switch|p2a: Starmie|Starmie|88/100
|move|p1a: good kid|Ice Beam|p2a: Starmie
|-resisted|p2a: Starmie
|-damage|p2a: Starmie|72/100
|
|-weather|Sandstorm|[upkeep]
|-damage|p2a: Starmie|66/100|[from] Sandstorm
|-damage|p1a: good kid|80/100|[from] Sandstorm
|-heal|p2a: Starmie|72/100|[from] item: Leftovers
|-heal|p1a: good kid|86/100|[from] item: Leftovers
|upkeep
|turn|28
|
|t:|1729177778
|move|p2a: Starmie|Psychic|p1a: good kid
|-damage|p1a: good kid|74/100
|move|p1a: good kid|Toxic|p2a: Starmie|[miss]
|-miss|p1a: good kid|p2a: Starmie
|
|-weather|Sandstorm|[upkeep]
|-damage|p2a: Starmie|66/100|[from] Sandstorm
|-damage|p1a: good kid|67/100|[from] Sandstorm
|-heal|p2a: Starmie|72/100|[from] item: Leftovers
|-heal|p1a: good kid|74/100|[from] item: Leftovers
|upkeep
|turn|29
|
|t:|1729177785
|move|p2a: Starmie|Psychic|p1a: good kid
|-damage|p1a: good kid|61/100
|move|p1a: good kid|Toxic|p2a: Starmie
|-status|p2a: Starmie|tox
|
|-weather|Sandstorm|[upkeep]
|-damage|p2a: Starmie|66/100 tox|[from] Sandstorm
|-damage|p1a: good kid|55/100|[from] Sandstorm
|-heal|p2a: Starmie|72/100 tox|[from] item: Leftovers
|-damage|p2a: Starmie|66/100 tox|[from] psn
|-heal|p1a: good kid|61/100|[from] item: Leftovers
|upkeep
|turn|30
|
|t:|1729177787
|-curestatus|p2a: Starmie|tox|[from] ability: Natural Cure
|switch|p2a: Blissey|Blissey, F|81/100
|move|p1a: good kid|Soft-Boiled|p1a: good kid
|-heal|p1a: good kid|100/100
|
|-weather|Sandstorm|[upkeep]
|-damage|p2a: Blissey|75/100|[from] Sandstorm
|-damage|p1a: good kid|94/100|[from] Sandstorm
|-heal|p1a: good kid|100/100|[from] item: Leftovers
|-heal|p2a: Blissey|81/100|[from] item: Leftovers
|upkeep
|turn|31
|
|t:|1729177791
|switch|p2a: Starmie|Starmie|66/100
|move|p1a: good kid|Toxic|p2a: Starmie|[miss]
|-miss|p1a: good kid|p2a: Starmie
|
|-weather|Sandstorm|[upkeep]
|-damage|p2a: Starmie|60/100|[from] Sandstorm
|-damage|p1a: good kid|94/100|[from] Sandstorm
|-heal|p2a: Starmie|66/100|[from] item: Leftovers
|-heal|p1a: good kid|100/100|[from] item: Leftovers
|upkeep
|turn|32
|
|t:|1729177796
|move|p2a: Starmie|Recover|p2a: Starmie
|-heal|p2a: Starmie|100/100
|move|p1a: good kid|Toxic|p2a: Starmie
|-status|p2a: Starmie|tox
|
|-weather|Sandstorm|[upkeep]
|-damage|p2a: Starmie|94/100 tox|[from] Sandstorm
|-damage|p1a: good kid|94/100|[from] Sandstorm
|-heal|p2a: Starmie|100/100 tox|[from] item: Leftovers
|-damage|p2a: Starmie|94/100 tox|[from] psn
|-heal|p1a: good kid|100/100|[from] item: Leftovers
|upkeep
|turn|33
|
|t:|1729177805
|-curestatus|p2a: Starmie|tox|[from] ability: Natural Cure
|switch|p2a: Blissey|Blissey, F|81/100
|move|p1a: good kid|Ice Beam|p2a: Blissey
|-damage|p2a: Blissey|71/100
|
|-weather|Sandstorm|[upkeep]
|-damage|p1a: good kid|94/100|[from] Sandstorm
|-damage|p2a: Blissey|65/100|[from] Sandstorm
|-heal|p1a: good kid|100/100|[from] item: Leftovers
|-heal|p2a: Blissey|71/100|[from] item: Leftovers
|upkeep
|turn|34
|
|t:|1729177813
|switch|p1a: Swimming Pools|Swampert, F|100/100
|-damage|p1a: Swimming Pools|84/100|[from] Spikes
|move|p2a: Blissey|Calm Mind|p2a: Blissey
|-boost|p2a: Blissey|spa|1
|-boost|p2a: Blissey|spd|1
|
|-weather|Sandstorm|[upkeep]
|-damage|p2a: Blissey|65/100|[from] Sandstorm
|-heal|p1a: Swimming Pools|90/100|[from] item: Leftovers
|-heal|p2a: Blissey|71/100|[from] item: Leftovers
|upkeep
|turn|35
|
|t:|1729177818
|switch|p2a: Skarmory|Skarmory, M|94/100
|move|p1a: Swimming Pools|Earthquake|p2a: Skarmory
|-immune|p2a: Skarmory
|
|-weather|Sandstorm|[upkeep]
|-heal|p2a: Skarmory|99/100|[from] item: Leftovers
|-heal|p1a: Swimming Pools|97/100|[from] item: Leftovers
|upkeep
|turn|36
|
|t:|1729177822
|move|p2a: Skarmory|Spikes|p1a: Swimming Pools
|-sidestart|p1: Gonzasaurio 50|Spikes
|move|p1a: Swimming Pools|Hydro Pump|p2a: Skarmory
|-damage|p2a: Skarmory|66/100
|
|-weather|Sandstorm|[upkeep]
|-heal|p2a: Skarmory|72/100|[from] item: Leftovers
|-heal|p1a: Swimming Pools|100/100|[from] item: Leftovers
|upkeep
|turn|37
|
|t:|1729177825
|move|p2a: Skarmory|Protect|p2a: Skarmory
|-singleturn|p2a: Skarmory|Protect
|move|p1a: Swimming Pools|Ice Beam|p2a: Skarmory
|-activate|p2a: Skarmory|Protect
|
|-weather|Sandstorm|[upkeep]
|-heal|p2a: Skarmory|78/100|[from] item: Leftovers
|upkeep
|turn|38
|
|t:|1729177830
|move|p1a: Swimming Pools|Ice Beam|p2a: Skarmory
|-damage|p2a: Skarmory|59/100
|move|p2a: Skarmory|Roar|p1a: Swimming Pools
|drag|p1a: m.A.A.d city|Gengar, F|100/100
|
|-weather|Sandstorm|[upkeep]
|-damage|p1a: m.A.A.d city|95/100|[from] Sandstorm
|-heal|p1a: m.A.A.d city|100/100|[from] item: Leftovers
|-heal|p2a: Skarmory|65/100|[from] item: Leftovers
|upkeep
|turn|39
|
|t:|1729177838
|move|p2a: Skarmory|Protect|p2a: Skarmory
|-singleturn|p2a: Skarmory|Protect
|move|p1a: m.A.A.d city|Will-O-Wisp|p2a: Skarmory|[miss]
|-miss|p1a: m.A.A.d city|p2a: Skarmory
|
|-weather|Sandstorm|[upkeep]
|-damage|p1a: m.A.A.d city|95/100|[from] Sandstorm
|-heal|p1a: m.A.A.d city|100/100|[from] item: Leftovers
|-heal|p2a: Skarmory|71/100|[from] item: Leftovers
|upkeep
|turn|40
|
|t:|1729177842
|switch|p2a: Blissey|Blissey, F|71/100
|move|p1a: m.A.A.d city|Will-O-Wisp|p2a: Blissey
|-status|p2a: Blissey|brn
|
|-weather|Sandstorm|[upkeep]
|-damage|p1a: m.A.A.d city|95/100|[from] Sandstorm
|-damage|p2a: Blissey|65/100 brn|[from] Sandstorm
|-heal|p1a: m.A.A.d city|100/100|[from] item: Leftovers
|-heal|p2a: Blissey|71/100 brn|[from] item: Leftovers
|-damage|p2a: Blissey|59/100 brn|[from] brn
|upkeep
|turn|41
|
|t:|1729177846
|move|p1a: m.A.A.d city|Thunderbolt|p2a: Blissey
|-damage|p2a: Blissey|48/100 brn
|move|p2a: Blissey|Soft-Boiled|p2a: Blissey
|-heal|p2a: Blissey|98/100 brn
|
|-weather|Sandstorm|[upkeep]
|-damage|p1a: m.A.A.d city|95/100|[from] Sandstorm
|-damage|p2a: Blissey|91/100 brn|[from] Sandstorm
|-heal|p1a: m.A.A.d city|100/100|[from] item: Leftovers
|-heal|p2a: Blissey|98/100 brn|[from] item: Leftovers
|-damage|p2a: Blissey|85/100 brn|[from] brn
|upkeep
|turn|42
|
|t:|1729177852
|-curestatus|p2a: Blissey|brn|[from] ability: Natural Cure
|switch|p2a: Flygon|Flygon, M|100/100
|move|p1a: m.A.A.d city|Thunderbolt|p2a: Flygon
|-immune|p2a: Flygon
|
|-weather|Sandstorm|[upkeep]
|-damage|p1a: m.A.A.d city|95/100|[from] Sandstorm
|-heal|p1a: m.A.A.d city|100/100|[from] item: Leftovers
|upkeep
|turn|43
|
|t:|1729177856
|switch|p2a: Blissey|Blissey, F|85/100
|move|p1a: m.A.A.d city|Ice Punch|p2a: Blissey
|-damage|p2a: Blissey|76/100
|
|-weather|Sandstorm|[upkeep]
|-damage|p1a: m.A.A.d city|95/100|[from] Sandstorm
|-damage|p2a: Blissey|70/100|[from] Sandstorm
|-heal|p1a: m.A.A.d city|100/100|[from] item: Leftovers
|-heal|p2a: Blissey|76/100|[from] item: Leftovers
|upkeep
|turn|44
|
|t:|1729177859
|move|p1a: m.A.A.d city|Will-O-Wisp|p2a: Blissey
|-status|p2a: Blissey|brn
|move|p2a: Blissey|Calm Mind|p2a: Blissey
|-boost|p2a: Blissey|spa|1
|-boost|p2a: Blissey|spd|1
|
|-weather|Sandstorm|[upkeep]
|-damage|p1a: m.A.A.d city|95/100|[from] Sandstorm
|-damage|p2a: Blissey|70/100 brn|[from] Sandstorm
|-heal|p1a: m.A.A.d city|100/100|[from] item: Leftovers
|-heal|p2a: Blissey|76/100 brn|[from] item: Leftovers
|-damage|p2a: Blissey|64/100 brn|[from] brn
|upkeep
|turn|45
|
|t:|1729177864
|move|p1a: m.A.A.d city|Thunderbolt|p2a: Blissey
|-damage|p2a: Blissey|57/100 brn
|move|p2a: Blissey|Soft-Boiled|p2a: Blissey
|-heal|p2a: Blissey|100/100 brn
|
|-weather|Sandstorm|[upkeep]
|-damage|p1a: m.A.A.d city|95/100|[from] Sandstorm
|-damage|p2a: Blissey|94/100 brn|[from] Sandstorm
|-heal|p1a: m.A.A.d city|100/100|[from] item: Leftovers
|-heal|p2a: Blissey|100/100 brn|[from] item: Leftovers
|-damage|p2a: Blissey|88/100 brn|[from] brn
|upkeep
|turn|46
|
|t:|1729177869
|move|p1a: m.A.A.d city|Ice Punch|p2a: Blissey
|-damage|p2a: Blissey|83/100 brn
|move|p2a: Blissey|Ice Beam|p1a: m.A.A.d city
|-crit|p1a: m.A.A.d city
|-damage|p1a: m.A.A.d city|9/100
|-message|Freeze Clause activated.
|
|-weather|Sandstorm|[upkeep]
|-damage|p1a: m.A.A.d city|3/100|[from] Sandstorm
|-damage|p2a: Blissey|77/100 brn|[from] Sandstorm
|-heal|p1a: m.A.A.d city|9/100|[from] item: Leftovers
|-heal|p2a: Blissey|83/100 brn|[from] item: Leftovers
|-damage|p2a: Blissey|70/100 brn|[from] brn
|upkeep
|turn|47
|
|t:|1729177897
|-curestatus|p2a: Blissey|brn|[from] ability: Natural Cure
|switch|p2a: Sableye|Sableye, F|88/100
|move|p1a: m.A.A.d city|Explosion|p2a: Sableye
|-immune|p2a: Sableye
|faint|p1a: m.A.A.d city
|
|t:|1729177903
|switch|p1a: Toni es gay|Skarmory, F|68/100
|
|-weather|Sandstorm|[upkeep]
|-damage|p2a: Sableye|82/100|[from] Sandstorm
|-heal|p1a: Toni es gay|74/100|[from] item: Leftovers
|-heal|p2a: Sableye|88/100|[from] item: Leftovers
|upkeep
|turn|48
|
|t:|1729177909
|move|p1a: Toni es gay|Toxic|p2a: Sableye
|-status|p2a: Sableye|tox
|move|p2a: Sableye|Knock Off|p1a: Toni es gay
|-resisted|p1a: Toni es gay
|-damage|p1a: Toni es gay|72/100
|-enditem|p1a: Toni es gay|Leftovers|[from] move: Knock Off|[of] p2a: Sableye
|-hint|In Gens 3-4, Knock Off only makes the target's item unusable; it cannot obtain a new item.
|
|-weather|Sandstorm|[upkeep]
|-damage|p2a: Sableye|82/100 tox|[from] Sandstorm
|-heal|p2a: Sableye|88/100 tox|[from] item: Leftovers
|-damage|p2a: Sableye|82/100 tox|[from] psn
|upkeep
|turn|49
|
|t:|1729177919
|switch|p1a: good kid|Blissey, F|100/100
|-damage|p1a: good kid|76/100|[from] Spikes
|switch|p2a: Starmie|Starmie|94/100
|
|-weather|Sandstorm|[upkeep]
|-damage|p2a: Starmie|88/100|[from] Sandstorm
|-damage|p1a: good kid|69/100|[from] Sandstorm
|-heal|p2a: Starmie|94/100|[from] item: Leftovers
|-heal|p1a: good kid|76/100|[from] item: Leftovers
|upkeep
|turn|50
|
|t:|1729177922
|move|p2a: Starmie|Surf|p1a: good kid
|-damage|p1a: good kid|62/100
|move|p1a: good kid|Toxic|p2a: Starmie
|-status|p2a: Starmie|tox
|
|-weather|Sandstorm|[upkeep]
|-damage|p2a: Starmie|88/100 tox|[from] Sandstorm
|-damage|p1a: good kid|56/100|[from] Sandstorm
|-heal|p2a: Starmie|94/100 tox|[from] item: Leftovers
|-damage|p2a: Starmie|88/100 tox|[from] psn
|-heal|p1a: good kid|62/100|[from] item: Leftovers
|upkeep
|turn|51
|
|t:|1729177935
|-curestatus|p2a: Starmie|tox|[from] ability: Natural Cure
|switch|p2a: Blissey|Blissey, F|70/100
|move|p1a: good kid|Soft-Boiled|p1a: good kid
|-heal|p1a: good kid|100/100
|
|-weather|Sandstorm|[upkeep]
|-damage|p1a: good kid|94/100|[from] Sandstorm
|-damage|p2a: Blissey|64/100|[from] Sandstorm
|-heal|p1a: good kid|100/100|[from] item: Leftovers
|-heal|p2a: Blissey|70/100|[from] item: Leftovers
|upkeep
|turn|52
|
|t:|1729177942
|switch|p1a: King Kunta|Tyranitar, F|71/100 frz
|-damage|p1a: King Kunta|47/100 frz|[from] Spikes
|move|p2a: Blissey|Calm Mind|p2a: Blissey
|-boost|p2a: Blissey|spa|1
|-boost|p2a: Blissey|spd|1
|
|-weather|Sandstorm|[upkeep]
|-damage|p2a: Blissey|64/100|[from] Sandstorm
|-heal|p1a: King Kunta|53/100 frz|[from] item: Leftovers
|-heal|p2a: Blissey|70/100|[from] item: Leftovers
|upkeep
|turn|53
|
|t:|1729177948
|-singleturn|p1a: King Kunta|move: Focus Punch
|switch|p2a: Skarmory|Skarmory, M|71/100
|cant|p1a: King Kunta|frz
|
|-weather|Sandstorm|[upkeep]
|-heal|p2a: Skarmory|77/100|[from] item: Leftovers
|-heal|p1a: King Kunta|59/100 frz|[from] item: Leftovers
|upkeep
|turn|54
|
|t:|1729177955
|move|p2a: Skarmory|Drill Peck|p1a: King Kunta
|-resisted|p1a: King Kunta
|-damage|p1a: King Kunta|50/100 frz
|-curestatus|p1a: King Kunta|frz|[msg]
|move|p1a: King Kunta|Rock Slide|p2a: Skarmory
|-damage|p2a: Skarmory|43/100
|
|-weather|Sandstorm|[upkeep]
|-heal|p2a: Skarmory|49/100|[from] item: Leftovers
|-heal|p1a: King Kunta|57/100|[from] item: Leftovers
|upkeep
|turn|55
|
|t:|1729177960
|move|p2a: Skarmory|Protect|p2a: Skarmory
|-singleturn|p2a: Skarmory|Protect
|move|p1a: King Kunta|Rock Slide|p2a: Skarmory
|-activate|p2a: Skarmory|Protect
|
|-weather|Sandstorm|[upkeep]
|-heal|p2a: Skarmory|55/100|[from] item: Leftovers
|-heal|p1a: King Kunta|63/100|[from] item: Leftovers
|upkeep
|turn|56
|
|t:|1729177967
|-singleturn|p1a: King Kunta|move: Focus Punch
|move|p1a: King Kunta|Focus Punch|p2a: Skarmory
|-damage|p2a: Skarmory|13/100
|move|p2a: Skarmory|Roar|p1a: King Kunta
|drag|p1a: good kid|Blissey, F|100/100
|-damage|p1a: good kid|76/100|[from] Spikes
|
|-weather|Sandstorm|[upkeep]
|-damage|p1a: good kid|69/100|[from] Sandstorm
|-heal|p2a: Skarmory|19/100|[from] item: Leftovers
|-heal|p1a: good kid|76/100|[from] item: Leftovers
|upkeep
|turn|57
|
|t:|1729177973
|move|p2a: Skarmory|Protect|p2a: Skarmory
|-singleturn|p2a: Skarmory|Protect
|move|p1a: good kid|Ice Beam|p2a: Skarmory
|-activate|p2a: Skarmory|Protect
|
|-weather|Sandstorm|[upkeep]
|-damage|p1a: good kid|69/100|[from] Sandstorm
|-heal|p2a: Skarmory|25/100|[from] item: Leftovers
|-heal|p1a: good kid|76/100|[from] item: Leftovers
|upkeep
|turn|58
|
|t:|1729177979
|switch|p2a: Starmie|Starmie|88/100
|move|p1a: good kid|Ice Beam|p2a: Starmie
|-resisted|p2a: Starmie
|-damage|p2a: Starmie|73/100
|
|-weather|Sandstorm|[upkeep]
|-damage|p2a: Starmie|67/100|[from] Sandstorm
|-damage|p1a: good kid|69/100|[from] Sandstorm
|-heal|p2a: Starmie|73/100|[from] item: Leftovers
|-heal|p1a: good kid|76/100|[from] item: Leftovers
|upkeep
|turn|59
|
|t:|1729177984
|switch|p2a: Jirachi|Jirachi|100/100
|move|p1a: good kid|Toxic|p2a: Jirachi
|-immune|p2a: Jirachi
|
|-weather|Sandstorm|[upkeep]
|-damage|p1a: good kid|69/100|[from] Sandstorm
|-heal|p1a: good kid|76/100|[from] item: Leftovers
|upkeep
|turn|60
|
|t:|1729177989
|move|p2a: Jirachi|Protect|p2a: Jirachi
|-singleturn|p2a: Jirachi|Protect
|move|p1a: good kid|Fire Blast|p2a: Jirachi
|-activate|p2a: Jirachi|Protect
|
|-weather|Sandstorm|[upkeep]
|-damage|p1a: good kid|69/100|[from] Sandstorm
|-heal|p1a: good kid|76/100|[from] item: Leftovers
|upkeep
|turn|61
|
|t:|1729177992
|switch|p2a: Blissey|Blissey, F|70/100
|move|p1a: good kid|Fire Blast|p2a: Blissey
|-damage|p2a: Blissey|58/100
|
|-weather|Sandstorm|[upkeep]
|-damage|p2a: Blissey|52/100|[from] Sandstorm
|-damage|p1a: good kid|69/100|[from] Sandstorm
|-heal|p2a: Blissey|58/100|[from] item: Leftovers
|-heal|p1a: good kid|76/100|[from] item: Leftovers
|upkeep
|turn|62
|
|t:|1729177994
|move|p2a: Blissey|Soft-Boiled|p2a: Blissey
|-heal|p2a: Blissey|100/100
|move|p1a: good kid|Toxic|p2a: Blissey
|-status|p2a: Blissey|tox
|
|-weather|Sandstorm|[upkeep]
|-damage|p1a: good kid|69/100|[from] Sandstorm
|-damage|p2a: Blissey|94/100 tox|[from] Sandstorm
|-heal|p2a: Blissey|100/100 tox|[from] item: Leftovers
|-heal|p1a: good kid|76/100|[from] item: Leftovers
|-damage|p2a: Blissey|94/100 tox|[from] psn
|upkeep
|turn|63
|
|t:|1729177997
|switch|p1a: King Kunta|Tyranitar, F|63/100
|-damage|p1a: King Kunta|38/100|[from] Spikes
|-curestatus|p2a: Blissey|tox|[from] ability: Natural Cure
|switch|p2a: Starmie|Starmie|73/100
|
|-weather|Sandstorm|[upkeep]
|-damage|p2a: Starmie|67/100|[from] Sandstorm
|-heal|p2a: Starmie|73/100|[from] item: Leftovers
|-heal|p1a: King Kunta|44/100|[from] item: Leftovers
|upkeep
|turn|64
|
|t:|1729177999
|switch|p1a: good kid|Blissey, F|76/100
|-damage|p1a: good kid|51/100|[from] Spikes
|move|p2a: Starmie|Surf|p1a: good kid
|-damage|p1a: good kid|37/100
|
|-weather|Sandstorm|[upkeep]
|-damage|p2a: Starmie|67/100|[from] Sandstorm
|-damage|p1a: good kid|30/100|[from] Sandstorm
|-heal|p2a: Starmie|73/100|[from] item: Leftovers
|-heal|p1a: good kid|37/100|[from] item: Leftovers
|upkeep
|turn|65
|
|t:|1729178005
|switch|p2a: Skarmory|Skarmory, M|25/100
|move|p1a: good kid|Soft-Boiled|p1a: good kid
|-heal|p1a: good kid|87/100
|
|-weather|Sandstorm|[upkeep]
|-damage|p1a: good kid|80/100|[from] Sandstorm
|-heal|p2a: Skarmory|31/100|[from] item: Leftovers
|-heal|p1a: good kid|87/100|[from] item: Leftovers
|upkeep
|turn|66
|
|t:|1729178009
|move|p2a: Skarmory|Protect|p2a: Skarmory
|-singleturn|p2a: Skarmory|Protect
|move|p1a: good kid|Ice Beam|p2a: Skarmory
|-activate|p2a: Skarmory|Protect
|
|-weather|Sandstorm|[upkeep]
|-damage|p1a: good kid|80/100|[from] Sandstorm
|-heal|p2a: Skarmory|37/100|[from] item: Leftovers
|-heal|p1a: good kid|87/100|[from] item: Leftovers
|upkeep
|turn|67
|
|t:|1729178012
|switch|p2a: Starmie|Starmie|73/100
|move|p1a: good kid|Toxic|p2a: Starmie
|-status|p2a: Starmie|tox
|
|-weather|Sandstorm|[upkeep]
|-damage|p2a: Starmie|67/100 tox|[from] Sandstorm
|-damage|p1a: good kid|80/100|[from] Sandstorm
|-heal|p2a: Starmie|73/100 tox|[from] item: Leftovers
|-damage|p2a: Starmie|67/100 tox|[from] psn
|-heal|p1a: good kid|87/100|[from] item: Leftovers
|upkeep
|turn|68
|
|t:|1729178016
|switch|p1a: Toni es gay|Skarmory, F|72/100
|move|p2a: Starmie|Recover|p2a: Starmie
|-heal|p2a: Starmie|100/100 tox
|
|-weather|Sandstorm|[upkeep]
|-damage|p2a: Starmie|94/100 tox|[from] Sandstorm
|-heal|p2a: Starmie|100/100 tox|[from] item: Leftovers
|-damage|p2a: Starmie|88/100 tox|[from] psn
|upkeep
|turn|69
|
|t:|1729178027
|-curestatus|p2a: Starmie|tox|[from] ability: Natural Cure
|switch|p2a: Jirachi|Jirachi|100/100
|move|p1a: Toni es gay|Protect||[still]
|-fail|p1a: Toni es gay
|
|-weather|Sandstorm|[upkeep]
|upkeep
|turn|70
|
|t:|1729178032
|move|p1a: Toni es gay|Protect|p1a: Toni es gay
|-singleturn|p1a: Toni es gay|Protect
|move|p2a: Jirachi|Fire Punch|p1a: Toni es gay
|-activate|p1a: Toni es gay|Protect
|
|-weather|Sandstorm|[upkeep]
|upkeep
|turn|71
|
|t:|1729178035
|move|p2a: Jirachi|Fire Punch|p1a: Toni es gay
|-supereffective|p1a: Toni es gay
|-crit|p1a: Toni es gay
|-damage|p1a: Toni es gay|4/100
|move|p1a: Toni es gay|Spikes|p2a: Jirachi
|-sidestart|p2: monchooo|Spikes
|
|-weather|Sandstorm|[upkeep]
|upkeep
|turn|72
|
|t:|1729178039
|move|p2a: Jirachi|Fire Punch|p1a: Toni es gay
|-supereffective|p1a: Toni es gay
|-damage|p1a: Toni es gay|0 fnt
|faint|p1a: Toni es gay
|
|t:|1729178042
|switch|p1a: Poetic Justice|Charizard, M|76/100
|
|-weather|Sandstorm|[upkeep]
|-damage|p1a: Poetic Justice|70/100|[from] Sandstorm
|-heal|p1a: Poetic Justice|76/100|[from] item: Leftovers
|upkeep
|turn|73
|
|t:|1729178051
|switch|p2a: Flygon|Flygon, M|100/100
|move|p1a: Poetic Justice|Substitute|p1a: Poetic Justice
|-start|p1a: Poetic Justice|Substitute
|-damage|p1a: Poetic Justice|51/100
|
|-weather|Sandstorm|[upkeep]
|-damage|p1a: Poetic Justice|45/100|[from] Sandstorm
|-heal|p1a: Poetic Justice|51/100|[from] item: Leftovers
|upkeep
|turn|74
|
|t:|1729178055
|move|p2a: Flygon|Rock Slide|p1a: Poetic Justice
|-supereffective|p1a: Poetic Justice
|-crit|p1a: Poetic Justice
|-end|p1a: Poetic Justice|Substitute
|move|p1a: Poetic Justice|Fire Blast|p2a: Flygon
|-resisted|p2a: Flygon
|-damage|p2a: Flygon|61/100
|
|-weather|Sandstorm|[upkeep]
|-damage|p1a: Poetic Justice|45/100|[from] Sandstorm
|-heal|p1a: Poetic Justice|51/100|[from] item: Leftovers
|upkeep
|turn|75
|
|t:|1729178061
|switch|p1a: Swimming Pools|Swampert, F|100/100
|-damage|p1a: Swimming Pools|76/100|[from] Spikes
|move|p2a: Flygon|Rock Slide|p1a: Swimming Pools|[miss]
|-miss|p2a: Flygon|p1a: Swimming Pools
|
|-weather|Sandstorm|[upkeep]
|-heal|p1a: Swimming Pools|82/100|[from] item: Leftovers
|upkeep
|turn|76
|
|t:|1729178068
|switch|p2a: Skarmory|Skarmory, M|37/100
|move|p1a: Swimming Pools|Hydro Pump|p2a: Skarmory|[miss]
|-miss|p1a: Swimming Pools|p2a: Skarmory
|
|-weather|Sandstorm|[upkeep]
|-heal|p2a: Skarmory|43/100|[from] item: Leftovers
|-heal|p1a: Swimming Pools|88/100|[from] item: Leftovers
|upkeep
|turn|77
|
|t:|1729178072
|move|p1a: Swimming Pools|Hydro Pump|p2a: Skarmory|[miss]
|-miss|p1a: Swimming Pools|p2a: Skarmory
|move|p2a: Skarmory|Roar|p1a: Swimming Pools
|drag|p1a: King Kunta|Tyranitar, F|44/100
|-damage|p1a: King Kunta|19/100|[from] Spikes
|
|-weather|Sandstorm|[upkeep]
|-heal|p2a: Skarmory|49/100|[from] item: Leftovers
|-heal|p1a: King Kunta|26/100|[from] item: Leftovers
|upkeep
|turn|78
|
|t:|1729178076
|move|p2a: Skarmory|Protect|p2a: Skarmory
|-singleturn|p2a: Skarmory|Protect
|move|p1a: King Kunta|Rock Slide|p2a: Skarmory
|-activate|p2a: Skarmory|Protect
|
|-weather|Sandstorm|[upkeep]
|-heal|p2a: Skarmory|55/100|[from] item: Leftovers
|-heal|p1a: King Kunta|32/100|[from] item: Leftovers
|upkeep
|turn|79
|
|t:|1729178078
|move|p1a: King Kunta|Rock Slide|p2a: Skarmory
|-damage|p2a: Skarmory|23/100
|cant|p2a: Skarmory|flinch
|
|-weather|Sandstorm|[upkeep]
|-heal|p2a: Skarmory|29/100|[from] item: Leftovers
|-heal|p1a: King Kunta|38/100|[from] item: Leftovers
|upkeep
|turn|80
|
|t:|1729178084
|-singleturn|p1a: King Kunta|move: Focus Punch
|move|p2a: Skarmory|Drill Peck|p1a: King Kunta
|-resisted|p1a: King Kunta
|-damage|p1a: King Kunta|30/100
|move|p1a: King Kunta|Focus Punch||[still]
|cant|p1a: King Kunta|Focus Punch|Focus Punch
|
|-weather|Sandstorm|[upkeep]
|-heal|p2a: Skarmory|35/100|[from] item: Leftovers
|-heal|p1a: King Kunta|36/100|[from] item: Leftovers
|upkeep
|turn|81
|
|t:|1729178088
|move|p1a: King Kunta|Rock Slide|p2a: Skarmory|[miss]
|-miss|p1a: King Kunta|p2a: Skarmory
|move|p2a: Skarmory|Roar|p1a: King Kunta
|drag|p1a: Swimming Pools|Swampert, F|88/100
|-damage|p1a: Swimming Pools|63/100|[from] Spikes
|
|-weather|Sandstorm|[upkeep]
|-heal|p2a: Skarmory|41/100|[from] item: Leftovers
|-heal|p1a: Swimming Pools|69/100|[from] item: Leftovers
|upkeep
|turn|82
|
|t:|1729178090
|move|p2a: Skarmory|Drill Peck|p1a: Swimming Pools
|-damage|p1a: Swimming Pools|53/100
|move|p1a: Swimming Pools|Hydro Pump|p2a: Skarmory
|-damage|p2a: Skarmory|4/100
|
|-weather|Sandstorm|[upkeep]
|-heal|p2a: Skarmory|10/100|[from] item: Leftovers
|-heal|p1a: Swimming Pools|59/100|[from] item: Leftovers
|upkeep
|turn|83
|
|t:|1729178097
|move|p2a: Skarmory|Protect|p2a: Skarmory
|-singleturn|p2a: Skarmory|Protect
|move|p1a: Swimming Pools|Ice Beam|p2a: Skarmory
|-activate|p2a: Skarmory|Protect
|
|-weather|Sandstorm|[upkeep]
|-heal|p2a: Skarmory|16/100|[from] item: Leftovers
|-heal|p1a: Swimming Pools|65/100|[from] item: Leftovers
|upkeep
|turn|84
|
|t:|1729178101
|switch|p2a: Starmie|Starmie|88/100
|-damage|p2a: Starmie|76/100|[from] Spikes
|move|p1a: Swimming Pools|Earthquake|p2a: Starmie
|-damage|p2a: Starmie|28/100
|
|-weather|Sandstorm|[upkeep]
|-damage|p2a: Starmie|22/100|[from] Sandstorm
|-heal|p2a: Starmie|28/100|[from] item: Leftovers
|-heal|p1a: Swimming Pools|71/100|[from] item: Leftovers
|upkeep
|turn|85
|
|t:|1729178106
|move|p2a: Starmie|Recover|p2a: Starmie
|-heal|p2a: Starmie|78/100
|move|p1a: Swimming Pools|Earthquake|p2a: Starmie
|-damage|p2a: Starmie|30/100
|
|-weather|Sandstorm|[upkeep]
|-damage|p2a: Starmie|24/100|[from] Sandstorm
|-heal|p2a: Starmie|30/100|[from] item: Leftovers
|-heal|p1a: Swimming Pools|78/100|[from] item: Leftovers
|upkeep
|turn|86
|
|t:|1729178108
|move|p2a: Starmie|Recover|p2a: Starmie
|-heal|p2a: Starmie|80/100
|move|p1a: Swimming Pools|Earthquake|p2a: Starmie
|-damage|p2a: Starmie|37/100
|
|-weather|Sandstorm|[upkeep]
|-damage|p2a: Starmie|31/100|[from] Sandstorm
|-heal|p2a: Starmie|37/100|[from] item: Leftovers
|-heal|p1a: Swimming Pools|84/100|[from] item: Leftovers
|upkeep
|turn|87
|
|t:|1729178110
|switch|p2a: Skarmory|Skarmory, M|16/100
|move|p1a: Swimming Pools|Earthquake|p2a: Skarmory
|-immune|p2a: Skarmory
|
|-weather|Sandstorm|[upkeep]
|-heal|p2a: Skarmory|22/100|[from] item: Leftovers
|-heal|p1a: Swimming Pools|90/100|[from] item: Leftovers
|upkeep
|turn|88
|
|t:|1729178113
|move|p2a: Skarmory|Protect|p2a: Skarmory
|-singleturn|p2a: Skarmory|Protect
|move|p1a: Swimming Pools|Ice Beam|p2a: Skarmory
|-activate|p2a: Skarmory|Protect
|
|-weather|Sandstorm|[upkeep]
|-heal|p2a: Skarmory|28/100|[from] item: Leftovers
|-heal|p1a: Swimming Pools|96/100|[from] item: Leftovers
|upkeep
|turn|89
|
|t:|1729178117
|move|p2a: Skarmory|Drill Peck|p1a: Swimming Pools
|-damage|p1a: Swimming Pools|79/100
|move|p1a: Swimming Pools|Hydro Pump|p2a: Skarmory
|-damage|p2a: Skarmory|0 fnt
|faint|p2a: Skarmory
|
|t:|1729178119
|switch|p2a: Sableye|Sableye, F|82/100 tox
|-damage|p2a: Sableye|69/100 tox|[from] Spikes
|
|-weather|Sandstorm|[upkeep]
|-damage|p2a: Sableye|63/100 tox|[from] Sandstorm
|-heal|p1a: Swimming Pools|85/100|[from] item: Leftovers
|-heal|p2a: Sableye|69/100 tox|[from] item: Leftovers
|-damage|p2a: Sableye|63/100 tox|[from] psn
|upkeep
|turn|90
|
|t:|1729178123
|move|p1a: Swimming Pools|Protect|p1a: Swimming Pools
|-singleturn|p1a: Swimming Pools|Protect
|move|p2a: Sableye|Knock Off|p1a: Swimming Pools
|-activate|p1a: Swimming Pools|Protect
|
|-weather|Sandstorm|[upkeep]
|-damage|p2a: Sableye|57/100 tox|[from] Sandstorm
|-heal|p1a: Swimming Pools|92/100|[from] item: Leftovers
|-heal|p2a: Sableye|63/100 tox|[from] item: Leftovers
|-damage|p2a: Sableye|50/100 tox|[from] psn
|upkeep
|turn|91
|
|t:|1729178133
|switch|p1a: King Kunta|Tyranitar, F|36/100
|-damage|p1a: King Kunta|11/100|[from] Spikes
|move|p2a: Sableye|Knock Off|p1a: King Kunta
|-resisted|p1a: King Kunta
|-damage|p1a: King Kunta|9/100
|-enditem|p1a: King Kunta|Leftovers|[from] move: Knock Off|[of] p2a: Sableye
|
|-weather|Sandstorm|[upkeep]
|-damage|p2a: Sableye|44/100 tox|[from] Sandstorm
|-heal|p2a: Sableye|50/100 tox|[from] item: Leftovers
|-damage|p2a: Sableye|32/100 tox|[from] psn
|upkeep
|turn|92
|
|t:|1729178139
|move|p1a: King Kunta|Rock Slide|p2a: Sableye
|-damage|p2a: Sableye|0 fnt
|faint|p2a: Sableye
|
|t:|1729178163
|switch|p2a: Flygon|Flygon, M|61/100
|
|-weather|Sandstorm|[upkeep]
|upkeep
|turn|93
|
|t:|1729178173
|move|p2a: Flygon|Rock Slide|p1a: King Kunta|[miss]
|-miss|p2a: Flygon|p1a: King Kunta
|move|p1a: King Kunta|Hidden Power|p2a: Flygon
|-damage|p2a: Flygon|22/100
|
|-weather|Sandstorm|[upkeep]
|upkeep
|turn|94
|
|t:|1729178176
|move|p2a: Flygon|Rock Slide|p1a: King Kunta
|-damage|p1a: King Kunta|0 fnt
|faint|p1a: King Kunta
|
|t:|1729178181
|switch|p1a: Swimming Pools|Swampert, F|92/100
|-damage|p1a: Swimming Pools|67/100|[from] Spikes
|
|-weather|Sandstorm|[upkeep]
|-heal|p1a: Swimming Pools|73/100|[from] item: Leftovers
|upkeep
|turn|95
|inactive|monchooo has 270 seconds left.
|
|t:|1729178235
|move|p2a: Flygon|Rock Slide|p1a: Swimming Pools
|-resisted|p1a: Swimming Pools
|-damage|p1a: Swimming Pools|61/100
|cant|p1a: Swimming Pools|flinch
|
|-weather|Sandstorm|[upkeep]
|-heal|p1a: Swimming Pools|67/100|[from] item: Leftovers
|upkeep
|turn|96
|
|t:|1729178239
|move|p2a: Flygon|Rock Slide|p1a: Swimming Pools
|-resisted|p1a: Swimming Pools
|-damage|p1a: Swimming Pools|54/100
|move|p1a: Swimming Pools|Earthquake|p2a: Flygon
|-immune|p2a: Flygon
|
|-weather|Sandstorm|[upkeep]
|-heal|p1a: Swimming Pools|61/100|[from] item: Leftovers
|upkeep
|turn|97
|
|t:|1729178243
|move|p2a: Flygon|Rock Slide|p1a: Swimming Pools
|-resisted|p1a: Swimming Pools
|-damage|p1a: Swimming Pools|49/100
|cant|p1a: Swimming Pools|flinch
|
|-weather|Sandstorm|[upkeep]
|-heal|p1a: Swimming Pools|55/100|[from] item: Leftovers
|upkeep
|turn|98
|
|t:|1729178247
|move|p2a: Flygon|Rock Slide|p1a: Swimming Pools
|-resisted|p1a: Swimming Pools
|-damage|p1a: Swimming Pools|44/100
|move|p1a: Swimming Pools|Ice Beam|p2a: Flygon
|-supereffective|p2a: Flygon
|-damage|p2a: Flygon|0 fnt
|faint|p2a: Flygon
|
|t:|1729178252
|switch|p2a: Jirachi|Jirachi|100/100
|-damage|p2a: Jirachi|88/100|[from] Spikes
|
|-weather|Sandstorm|[upkeep]
|-heal|p2a: Jirachi|94/100|[from] item: Leftovers
|-heal|p1a: Swimming Pools|50/100|[from] item: Leftovers
|upkeep
|turn|99
|
|t:|1729178254
|move|p2a: Jirachi|Toxic|p1a: Swimming Pools
|-status|p1a: Swimming Pools|tox
|move|p1a: Swimming Pools|Earthquake|p2a: Jirachi
|-supereffective|p2a: Jirachi
|-damage|p2a: Jirachi|50/100
|
|-weather|Sandstorm|[upkeep]
|-heal|p2a: Jirachi|57/100|[from] item: Leftovers
|-heal|p1a: Swimming Pools|57/100 tox|[from] item: Leftovers
|-damage|p1a: Swimming Pools|50/100 tox|[from] psn
|upkeep
|turn|100
|
|t:|1729178259
|switch|p1a: Poetic Justice|Charizard, M|51/100
|move|p2a: Jirachi|Wish|p2a: Jirachi
|
|-weather|Sandstorm|[upkeep]
|-damage|p1a: Poetic Justice|45/100|[from] Sandstorm
|-heal|p1a: Poetic Justice|51/100|[from] item: Leftovers
|-heal|p2a: Jirachi|63/100|[from] item: Leftovers
|upkeep
|turn|101
|
|t:|1729178266
|switch|p2a: Starmie|Starmie|37/100
|-damage|p2a: Starmie|25/100|[from] Spikes
|move|p1a: Poetic Justice|Substitute|p1a: Poetic Justice
|-start|p1a: Poetic Justice|Substitute
|-damage|p1a: Poetic Justice|26/100
|
|-heal|p2a: Starmie|75/100|[from] move: Wish|[wisher] Jirachi
|-weather|Sandstorm|[upkeep]
|-damage|p2a: Starmie|69/100|[from] Sandstorm
|-damage|p1a: Poetic Justice|20/100|[from] Sandstorm
|-heal|p2a: Starmie|75/100|[from] item: Leftovers
|-heal|p1a: Poetic Justice|26/100|[from] item: Leftovers
|upkeep
|turn|102
|
|t:|1729178270
|move|p2a: Starmie|Surf|p1a: Poetic Justice
|-supereffective|p1a: Poetic Justice
|-end|p1a: Poetic Justice|Substitute
|move|p1a: Poetic Justice|Hidden Power|p2a: Starmie
|-supereffective|p2a: Starmie
|-damage|p2a: Starmie|17/100
|
|-weather|Sandstorm|[upkeep]
|-damage|p2a: Starmie|11/100|[from] Sandstorm
|-damage|p1a: Poetic Justice|20/100|[from] Sandstorm
|-heal|p2a: Starmie|17/100|[from] item: Leftovers
|-heal|p1a: Poetic Justice|26/100|[from] item: Leftovers
|upkeep
|turn|103
|
|t:|1729178280
|switch|p1a: good kid|Blissey, F|87/100
|-damage|p1a: good kid|62/100|[from] Spikes
|move|p2a: Starmie|Rapid Spin|p1a: good kid
|-damage|p1a: good kid|59/100
|-sideend|p2: monchooo|Spikes|[from] move: Rapid Spin|[of] p2a: Starmie
|
|-weather|Sandstorm|[upkeep]
|-damage|p2a: Starmie|11/100|[from] Sandstorm
|-damage|p1a: good kid|53/100|[from] Sandstorm
|-heal|p2a: Starmie|17/100|[from] item: Leftovers
|-heal|p1a: good kid|59/100|[from] item: Leftovers
|upkeep
|turn|104
|
|t:|1729178285
|move|p2a: Starmie|Recover|p2a: Starmie
|-heal|p2a: Starmie|67/100
|move|p1a: good kid|Toxic|p2a: Starmie
|-status|p2a: Starmie|tox
|
|-weather|Sandstorm|[upkeep]
|-damage|p2a: Starmie|61/100 tox|[from] Sandstorm
|-damage|p1a: good kid|53/100|[from] Sandstorm
|-heal|p2a: Starmie|67/100 tox|[from] item: Leftovers
|-damage|p2a: Starmie|61/100 tox|[from] psn
|-heal|p1a: good kid|59/100|[from] item: Leftovers
|upkeep
|turn|105
|
|t:|1729178287
|move|p2a: Starmie|Recover|p2a: Starmie
|-heal|p2a: Starmie|100/100 tox
|move|p1a: good kid|Ice Beam|p2a: Starmie
|-resisted|p2a: Starmie
|-crit|p2a: Starmie
|-damage|p2a: Starmie|71/100 tox
|
|-weather|Sandstorm|[upkeep]
|-damage|p2a: Starmie|65/100 tox|[from] Sandstorm
|-damage|p1a: good kid|53/100|[from] Sandstorm
|-heal|p2a: Starmie|71/100 tox|[from] item: Leftovers
|-damage|p2a: Starmie|59/100 tox|[from] psn
|-heal|p1a: good kid|59/100|[from] item: Leftovers
|upkeep
|turn|106
|
|t:|1729178293
|-curestatus|p2a: Starmie|tox|[from] ability: Natural Cure
|switch|p2a: Blissey|Blissey, F|94/100
|move|p1a: good kid|Ice Beam|p2a: Blissey
|-damage|p2a: Blissey|84/100
|
|-weather|Sandstorm|[upkeep]
|-damage|p2a: Blissey|78/100|[from] Sandstorm
|-damage|p1a: good kid|53/100|[from] Sandstorm
|-heal|p1a: good kid|59/100|[from] item: Leftovers
|-heal|p2a: Blissey|84/100|[from] item: Leftovers
|upkeep
|turn|107
|
|t:|1729178295
|move|p2a: Blissey|Calm Mind|p2a: Blissey
|-boost|p2a: Blissey|spa|1
|-boost|p2a: Blissey|spd|1
|move|p1a: good kid|Toxic|p2a: Blissey|[miss]
|-miss|p1a: good kid|p2a: Blissey
|
|-weather|Sandstorm|[upkeep]
|-damage|p1a: good kid|53/100|[from] Sandstorm
|-damage|p2a: Blissey|78/100|[from] Sandstorm
|-heal|p2a: Blissey|84/100|[from] item: Leftovers
|-heal|p1a: good kid|59/100|[from] item: Leftovers
|upkeep
|turn|108
|
|t:|1729178302
|switch|p2a: Starmie|Starmie|59/100
|move|p1a: good kid|Toxic|p2a: Starmie
|-status|p2a: Starmie|tox
|
|-weather|Sandstorm|[upkeep]
|-damage|p2a: Starmie|53/100 tox|[from] Sandstorm
|-damage|p1a: good kid|53/100|[from] Sandstorm
|-heal|p2a: Starmie|59/100 tox|[from] item: Leftovers
|-damage|p2a: Starmie|53/100 tox|[from] psn
|-heal|p1a: good kid|59/100|[from] item: Leftovers
|upkeep
|turn|109
|
|t:|1729178306
|switch|p1a: Swimming Pools|Swampert, F|50/100 tox
|-damage|p1a: Swimming Pools|25/100 tox|[from] Spikes
|move|p2a: Starmie|Recover|p2a: Starmie
|-heal|p2a: Starmie|100/100 tox
|
|-weather|Sandstorm|[upkeep]
|-damage|p2a: Starmie|94/100 tox|[from] Sandstorm
|-heal|p2a: Starmie|100/100 tox|[from] item: Leftovers
|-damage|p2a: Starmie|88/100 tox|[from] psn
|-heal|p1a: Swimming Pools|32/100 tox|[from] item: Leftovers
|-damage|p1a: Swimming Pools|25/100 tox|[from] psn
|upkeep
|turn|110
|
|t:|1729178316
|move|p2a: Starmie|Surf|p1a: Swimming Pools
|-damage|p1a: Swimming Pools|0 fnt
|faint|p1a: Swimming Pools
|
|t:|1729178323
|switch|p1a: Poetic Justice|Charizard, M|26/100
|
|-weather|Sandstorm|[upkeep]
|-damage|p2a: Starmie|82/100 tox|[from] Sandstorm
|-damage|p1a: Poetic Justice|20/100|[from] Sandstorm
|-heal|p2a: Starmie|88/100 tox|[from] item: Leftovers
|-damage|p2a: Starmie|70/100 tox|[from] psn
|-heal|p1a: Poetic Justice|26/100|[from] item: Leftovers
|upkeep
|turn|111
|
|t:|1729178326
|move|p2a: Starmie|Surf|p1a: Poetic Justice
|-supereffective|p1a: Poetic Justice
|-damage|p1a: Poetic Justice|0 fnt
|faint|p1a: Poetic Justice
|
|t:|1729178328
|switch|p1a: good kid|Blissey, F|59/100
|-damage|p1a: good kid|34/100|[from] Spikes
|
|-weather|Sandstorm|[upkeep]
|-damage|p2a: Starmie|63/100 tox|[from] Sandstorm
|-damage|p1a: good kid|28/100|[from] Sandstorm
|-heal|p2a: Starmie|70/100 tox|[from] item: Leftovers
|-damage|p2a: Starmie|45/100 tox|[from] psn
|-heal|p1a: good kid|34/100|[from] item: Leftovers
|upkeep
|turn|112
|
|t:|1729178331
|-curestatus|p2a: Starmie|tox|[from] ability: Natural Cure
|switch|p2a: Blissey|Blissey, F|84/100
|move|p1a: good kid|Soft-Boiled|p1a: good kid
|-heal|p1a: good kid|84/100
|
|-weather|Sandstorm|[upkeep]
|-damage|p2a: Blissey|78/100|[from] Sandstorm
|-damage|p1a: good kid|78/100|[from] Sandstorm
|-heal|p2a: Blissey|84/100|[from] item: Leftovers
|-heal|p1a: good kid|84/100|[from] item: Leftovers
|upkeep
|turn|113
|
|t:|1729178337
|move|p2a: Blissey|Calm Mind|p2a: Blissey
|-boost|p2a: Blissey|spa|1
|-boost|p2a: Blissey|spd|1
|move|p1a: good kid|Toxic|p2a: Blissey|[miss]
|-miss|p1a: good kid|p2a: Blissey
|
|-weather|Sandstorm|[upkeep]
|-damage|p1a: good kid|78/100|[from] Sandstorm
|-damage|p2a: Blissey|78/100|[from] Sandstorm
|-heal|p2a: Blissey|84/100|[from] item: Leftovers
|-heal|p1a: good kid|84/100|[from] item: Leftovers
|upkeep
|turn|114
|
|t:|1729178350
|move|p1a: good kid|Fire Blast|p2a: Blissey|[miss]
|-miss|p1a: good kid|p2a: Blissey
|move|p2a: Blissey|Calm Mind|p2a: Blissey
|-boost|p2a: Blissey|spa|1
|-boost|p2a: Blissey|spd|1
|
|-weather|Sandstorm|[upkeep]
|-damage|p1a: good kid|78/100|[from] Sandstorm
|-damage|p2a: Blissey|78/100|[from] Sandstorm
|-heal|p2a: Blissey|84/100|[from] item: Leftovers
|-heal|p1a: good kid|84/100|[from] item: Leftovers
|upkeep
|turn|115
|c|☆Gonzasaurio 50|this has got to be the unluckiest game ive ever gotten
|
|t:|1729178354
|move|p1a: good kid|Fire Blast|p2a: Blissey
|-damage|p2a: Blissey|78/100
|move|p2a: Blissey|Calm Mind|p2a: Blissey
|-boost|p2a: Blissey|spa|1
|-boost|p2a: Blissey|spd|1
|
|-weather|Sandstorm|[upkeep]
|-damage|p2a: Blissey|72/100|[from] Sandstorm
|-damage|p1a: good kid|78/100|[from] Sandstorm
|-heal|p1a: good kid|84/100|[from] item: Leftovers
|-heal|p2a: Blissey|78/100|[from] item: Leftovers
|upkeep
|turn|116
|c|☆monchooo|Tar freeze sucked yeah
|
|t:|1729178379
|move|p1a: good kid|Ice Beam|p2a: Blissey
|-crit|p2a: Blissey
|-damage|p2a: Blissey|57/100
|move|p2a: Blissey|Ice Beam|p1a: good kid
|-damage|p1a: good kid|60/100
|
|-weather|Sandstorm|[upkeep]
|-damage|p2a: Blissey|50/100|[from] Sandstorm
|-damage|p1a: good kid|54/100|[from] Sandstorm
|-heal|p2a: Blissey|57/100|[from] item: Leftovers
|-heal|p1a: good kid|60/100|[from] item: Leftovers
|upkeep
|turn|117
|
|t:|1729178388
|move|p2a: Blissey|Soft-Boiled|p2a: Blissey
|-heal|p2a: Blissey|100/100
|move|p1a: good kid|Ice Beam|p2a: Blissey
|-damage|p2a: Blissey|96/100
|
|-weather|Sandstorm|[upkeep]
|-damage|p1a: good kid|54/100|[from] Sandstorm
|-damage|p2a: Blissey|90/100|[from] Sandstorm
|-heal|p2a: Blissey|96/100|[from] item: Leftovers
|-heal|p1a: good kid|60/100|[from] item: Leftovers
|upkeep
|turn|118
|
|t:|1729178393
|move|p1a: good kid|Ice Beam|p2a: Blissey
|-damage|p2a: Blissey|92/100
|move|p2a: Blissey|Ice Beam|p1a: good kid
|-damage|p1a: good kid|36/100
|
|-weather|Sandstorm|[upkeep]
|-damage|p2a: Blissey|86/100|[from] Sandstorm
|-damage|p1a: good kid|29/100|[from] Sandstorm
|-heal|p1a: good kid|36/100|[from] item: Leftovers
|-heal|p2a: Blissey|92/100|[from] item: Leftovers
|upkeep
|turn|119
|
|t:|1729178404
|move|p2a: Blissey|Ice Beam|p1a: good kid
|-damage|p1a: good kid|9/100
|move|p1a: good kid|Soft-Boiled|p1a: good kid
|-heal|p1a: good kid|59/100
|
|-weather|Sandstorm|[upkeep]
|-damage|p1a: good kid|53/100|[from] Sandstorm
|-damage|p2a: Blissey|86/100|[from] Sandstorm
|-heal|p2a: Blissey|92/100|[from] item: Leftovers
|-heal|p1a: good kid|59/100|[from] item: Leftovers
|upkeep
|turn|120
|
|t:|1729178407
|switch|p2a: Starmie|Starmie|45/100
|move|p1a: good kid|Soft-Boiled|p1a: good kid
|-heal|p1a: good kid|100/100
|
|-weather|Sandstorm|[upkeep]
|-damage|p2a: Starmie|39/100|[from] Sandstorm
|-damage|p1a: good kid|94/100|[from] Sandstorm
|-heal|p2a: Starmie|45/100|[from] item: Leftovers
|-heal|p1a: good kid|100/100|[from] item: Leftovers
|upkeep
|turn|121
|
|t:|1729178413
|move|p2a: Starmie|Recover|p2a: Starmie
|-heal|p2a: Starmie|95/100
|move|p1a: good kid|Ice Beam|p2a: Starmie
|-resisted|p2a: Starmie
|-damage|p2a: Starmie|81/100
|
|-weather|Sandstorm|[upkeep]
|-damage|p2a: Starmie|75/100|[from] Sandstorm
|-damage|p1a: good kid|94/100|[from] Sandstorm
|-heal|p2a: Starmie|81/100|[from] item: Leftovers
|-heal|p1a: good kid|100/100|[from] item: Leftovers
|upkeep
|turn|122
|c|☆monchooo|we playing this out?
|
|t:|1729178419
|move|p2a: Starmie|Psychic|p1a: good kid
|-damage|p1a: good kid|87/100
|move|p1a: good kid|Ice Beam|p2a: Starmie
|-resisted|p2a: Starmie
|-damage|p2a: Starmie|66/100
|
|-weather|Sandstorm|[upkeep]
|-damage|p2a: Starmie|60/100|[from] Sandstorm
|-damage|p1a: good kid|80/100|[from] Sandstorm
|-heal|p2a: Starmie|66/100|[from] item: Leftovers
|-heal|p1a: good kid|87/100|[from] item: Leftovers
|upkeep
|turn|123
|
|t:|1729178441
|move|p2a: Starmie|Psychic|p1a: good kid
|-damage|p1a: good kid|74/100
|-unboost|p1a: good kid|spd|1
|move|p1a: good kid|Ice Beam|p2a: Starmie
|-resisted|p2a: Starmie
|-damage|p2a: Starmie|51/100
|
|-weather|Sandstorm|[upkeep]
|-damage|p2a: Starmie|45/100|[from] Sandstorm
|-damage|p1a: good kid|67/100|[from] Sandstorm
|-heal|p2a: Starmie|51/100|[from] item: Leftovers
|-heal|p1a: good kid|74/100|[from] item: Leftovers
|upkeep
|turn|124
|
|t:|1729178450
|move|p2a: Starmie|Recover|p2a: Starmie
|-heal|p2a: Starmie|100/100
|move|p1a: good kid|Ice Beam|p2a: Starmie
|-resisted|p2a: Starmie
|-damage|p2a: Starmie|86/100
|
|-weather|Sandstorm|[upkeep]
|-damage|p2a: Starmie|80/100|[from] Sandstorm
|-damage|p1a: good kid|67/100|[from] Sandstorm
|-heal|p2a: Starmie|86/100|[from] item: Leftovers
|-heal|p1a: good kid|74/100|[from] item: Leftovers
|upkeep
|turn|125
|inactive|Gonzasaurio 50 has 270 seconds left.
|
|t:|1729178486
|move|p2a: Starmie|Psychic|p1a: good kid
|-damage|p1a: good kid|55/100
|move|p1a: good kid|Ice Beam|p2a: Starmie
|-resisted|p2a: Starmie
|-damage|p2a: Starmie|70/100
|
|-weather|Sandstorm|[upkeep]
|-damage|p2a: Starmie|64/100|[from] Sandstorm
|-damage|p1a: good kid|49/100|[from] Sandstorm
|-heal|p2a: Starmie|70/100|[from] item: Leftovers
|-heal|p1a: good kid|55/100|[from] item: Leftovers
|upkeep
|turn|126
|
|t:|1729178493
|move|p2a: Starmie|Psychic|p1a: good kid
|-damage|p1a: good kid|34/100
|move|p1a: good kid|Fire Blast|p2a: Starmie
|-resisted|p2a: Starmie
|-damage|p2a: Starmie|51/100
|
|-weather|Sandstorm|[upkeep]
|-damage|p2a: Starmie|45/100|[from] Sandstorm
|-damage|p1a: good kid|28/100|[from] Sandstorm
|-heal|p2a: Starmie|51/100|[from] item: Leftovers
|-heal|p1a: good kid|34/100|[from] item: Leftovers
|upkeep
|turn|127
|inactive|Gonzasaurio 50 has 270 seconds left.
|inactive|Gonzasaurio 50 has 240 seconds left.
|inactive|Gonzasaurio 50 has 210 seconds left.
|inactive|Gonzasaurio 50 has 180 seconds left.
|
|t:|1729178612
|move|p2a: Starmie|Psychic|p1a: good kid
|-damage|p1a: good kid|15/100
|move|p1a: good kid|Fire Blast|p2a: Starmie
|-resisted|p2a: Starmie
|-damage|p2a: Starmie|33/100
|
|-weather|Sandstorm|[upkeep]
|-damage|p2a: Starmie|27/100|[from] Sandstorm
|-damage|p1a: good kid|9/100|[from] Sandstorm
|-heal|p2a: Starmie|33/100|[from] item: Leftovers
|-heal|p1a: good kid|15/100|[from] item: Leftovers
|upkeep
|turn|128
|
|t:|1729178618
|move|p2a: Starmie|Psychic|p1a: good kid
|-damage|p1a: good kid|0 fnt
|faint|p1a: good kid
|
|win|monchooo
|c|☆monchooo|gg
|c|☆Gonzasaurio 50|gg

</script>
<script type="application/json" class="data" id="replaydata-smogtours-gen3ou-799271">
{"id":"smogtours-gen3ou-799271","format":"[Gen 3] OU","players":["Gonzasaurio 50","monchooo"],"uploadtime":1729178618,"views":99,"formatid":"gen3ou","rating":null,"private":1,"password":null}
</script>

<script defer src="js/replays.js?9d40a366"></script>
