<!DOCTYPE html>
<meta charset="utf-8" />
<meta name="viewport" content="width=device-width" />

<title>[Gen 3] OU: pkLeech vs. Milkshook♡ - Replays - Pok&eacute;mon Showdown!</title>

<meta name="description" content="Watch a replay of a Pok&eacute;mon battle between pkLeech and Milkshook♡! Format: [Gen 3] OU; Date: Oct 30, 2024" />
<!--

Hey, you! Looking in the source for the replay log?

You can find them in JSON format, just add `.json` at the end of a replay URL.

https://replay.pokemonshowdown.com/gen7randomdoublesbattle-865046831.json

Or, if you only need the log itself, add `.log` instead:

https://replay.pokemonshowdown.com/gen7randomdoublesbattle-865046831.log

-->

<link rel="stylesheet" href="//pokemonshowdown.com/style/global.css?0.023195364461161105" />
<link rel="stylesheet" href="//play.pokemonshowdown.com/style/font-awesome.css?0.13261647063804238" />
<link rel="stylesheet" href="//play.pokemonshowdown.com/style/battle.css?0.8753245789963631" />
<link rel="stylesheet" href="//play.pokemonshowdown.com/style/utilichart.css?0.8627959624976733" />

<!-- Global site tag (gtag.js) - Google Analytics -->
<script async src="https://www.googletagmanager.com/gtag/js?id=UA-26211653-1"></script>
<script>
  window.dataLayer = window.dataLayer || [];
  function gtag(){dataLayer.push(arguments);}
  gtag('js', new Date());

  gtag('config', 'UA-26211653-1');
</script>
<!-- End Google Analytics -->
<!-- Venatus Ad Manager - Install in <HEAD> of page -->
	<script src="https://hb.vntsm.com/v3/live/ad-manager.min.js" type="text/javascript" data-site-id="642aba63ec9a7b11c3c9c1be" data-mode="scan" async></script>
<!-- / Venatus Ad Manager -->

<style>
	@media (max-width:820px) {
		.battle {
			margin: 0 auto;
		}
		.battle-log {
			margin: 7px auto 0;
			max-width: 640px;
			height: 300px;
			position: static;
		}
	}
	.optgroup {
		display: inline-block;
		line-height: 22px;
		font-size: 10pt;
	}
	.optgroup .button {
		height: 25px;
		padding-top: 0;
		padding-bottom: 0;
	}
	.optgroup button.button {
		padding-left: 12px;
		padding-right: 12px;
	}
	.linklist {
		list-style: none;
		margin: 0.5em 0;
		padding: 0;
	}
	.linklist li {
		padding: 2px 0;
	}
	.sidebar {
		float: left;
		width: 320px;
	}
	.bar-wrapper {
		max-width: 1100px;
		margin: 0 auto;
	}
	.bar-wrapper.has-sidebar {
		max-width: 1430px;
	}
	.mainbar {
		margin: 0;
		padding-right: 1px;
	}
	.mainbar.has-sidebar {
		margin-left: 330px;
	}
	@media (min-width: 1511px) {
		.sidebar {
			width: 400px;
		}
		.bar-wrapper.has-sidebar {
			max-width: 1510px;
		}
		.mainbar.has-sidebar {
			margin-left: 410px;
		}
	}
	.section.first-section {
		margin-top: 9px;
	}
	.blocklink small {
		white-space: normal;
	}
	.button {
		vertical-align: middle;
	}
	.replay-controls {
		padding-top: 10px;
	}
	.replay-controls h1 {
		font-size: 16pt;
		font-weight: normal;
		color: #CCC;
	}
	.pagelink {
		text-align: center;
	}
	.pagelink a {
		width: 150px;
	}
	.textbox, .button {
		font-size: 11pt;
		vertical-align: middle;
	}
	@media (max-width: 450px) {
		.button {
			font-size: 9pt;
		}
	}
</style>

<div>

	<header>
		<div class="nav-wrapper"><ul class="nav">
			<li><a class="button nav-first" href="//pokemonshowdown.com/"><img src="//pokemonshowdown.com/images/pokemonshowdownbeta.png" srcset="//pokemonshowdown.com/images/pokemonshowdownbeta.png 1x, //pokemonshowdown.com/images/pokemonshowdownbeta@2x.png 2x" alt="Pok&eacute;mon Showdown" width="146" height="44" /> Home</a></li>
			<li><a class="button" href="//pokemonshowdown.com/dex/">Pok&eacute;dex</a></li>
			<li><a class="button cur" href="/">Replays</a></li>
			<li><a class="button" href="//pokemonshowdown.com/ladder/">Ladder</a></li>
			<li><a class="button nav-last" href="//pokemonshowdown.com/forums/">Forum</a></li>
			<li><a class="button greenbutton nav-first nav-last" href="//play.pokemonshowdown.com/">Play</a></li>
		</ul></div>
	</header>

	<div class="main" id="main">

		<noscript><section class="section">You need to enable JavaScript to use this page; sorry!</section></noscript>

	</div>

</div>

<script defer nomodule src="//play.pokemonshowdown.com/js/lib/ps-polyfill.js"></script>
<script defer src="//play.pokemonshowdown.com/js/lib/preact.min.js"></script>

<script defer src="//play.pokemonshowdown.com/config/config.js?2bddbc15"></script>
<script defer src="//play.pokemonshowdown.com/js/lib/jquery-1.11.0.min.js"></script>
<script defer src="//play.pokemonshowdown.com/js/lib/html-sanitizer-minified.js"></script>
<script defer src="//play.pokemonshowdown.com/js/battle-sound.js"></script>
<script defer src="//play.pokemonshowdown.com/js/battledata.js?0.7209276989879541"></script>
<script defer src="//play.pokemonshowdown.com/data/pokedex-mini.js?0.6111056340867951"></script>
<script defer src="//play.pokemonshowdown.com/data/pokedex-mini-bw.js?0.3532142036491459"></script>
<script defer src="//play.pokemonshowdown.com/data/graphics.js?0.24223875632456182"></script>
<script defer src="//play.pokemonshowdown.com/data/pokedex.js?0.38839984266356864"></script>
<script defer src="//play.pokemonshowdown.com/data/moves.js?0.21866028504024015"></script>
<script defer src="//play.pokemonshowdown.com/data/abilities.js?0.2005157953846628"></script>
<script defer src="//play.pokemonshowdown.com/data/items.js?0.9894211263848525"></script>
<script defer src="//play.pokemonshowdown.com/data/teambuilder-tables.js?0.6008791140282215"></script>
<script defer src="//play.pokemonshowdown.com/js/battle-tooltips.js?0.7580118955022959"></script>
<script defer src="//play.pokemonshowdown.com/js/battle.js?0.6057722274234274"></script>

<script defer src="js/utils.js?e31f9a17"></script>
<script defer src="js/replays-battle.js?7008c182"></script>

<!-- don't scrape this data! just add .json or .log after the URL!
Full API docs: https://github.com/smogon/pokemon-showdown-client/blob/master/WEB-API.md -->
<script type="text/plain" class="log" id="replaylog-smogtours-gen3ou-803474">
|inactive|Battle timer is ON: inactive players will automatically lose when time's up.
|t:|1730322181
|gametype|singles
|player|p1|pkLeech|pokemonbreeder-gen4|
|player|p2|Milkshook♡|iris-gen5bw2|
|teamsize|p1|6
|teamsize|p2|6
|gen|3
|tier|[Gen 3] OU
|rule|Sleep Clause Mod: Limit one foe put to sleep
|rule|Switch Priority Clause Mod: Faster Pokémon switch first
|rule|Species Clause: Limit one of each Pokémon
|rule|OHKO Clause: OHKO moves are banned
|rule|Evasion Items Clause: Evasion items are banned
|rule|Evasion Moves Clause: Evasion moves are banned
|rule|Endless Battle Clause: Forcing endless battles is banned
|rule|HP Percentage Mod: HP is shown in percentages
|rule|One Boost Passer Clause: Limit one Baton Passer that has a way to boost its stats
|rule|Freeze Clause Mod: Limit one foe frozen
|
|t:|1730322181
|start
|switch|p1a: Suicune|Suicune|100/100
|switch|p2a: Tyranitar|Tyranitar, F|100/100
|-weather|Sandstorm|[from] ability: Sand Stream|[of] p2a: Tyranitar
|turn|1
|inactive|Milkshook♡ also wants the timer to be on.
|c|☆Milkshook♡|hey
|c|☆Milkshook♡|gl hf
|c|☆pkLeech|you too!
|inactive|Milkshook♡ has 270 seconds left.
|
|t:|1730322227
|switch|p2a: Celebi|Celebi|100/100
|move|p1a: Suicune|Calm Mind|p1a: Suicune
|-boost|p1a: Suicune|spa|1
|-boost|p1a: Suicune|spd|1
|
|-weather|Sandstorm|[upkeep]
|-damage|p2a: Celebi|94/100|[from] Sandstorm
|-damage|p1a: Suicune|94/100|[from] Sandstorm
|-heal|p2a: Celebi|100/100|[from] item: Leftovers
|-heal|p1a: Suicune|100/100|[from] item: Leftovers
|upkeep
|turn|2
|
|t:|1730322253
|move|p2a: Celebi|Calm Mind|p2a: Celebi
|-boost|p2a: Celebi|spa|1
|-boost|p2a: Celebi|spd|1
|move|p1a: Suicune|Ice Beam|p2a: Celebi
|-supereffective|p2a: Celebi
|-damage|p2a: Celebi|60/100
|
|-weather|Sandstorm|[upkeep]
|-damage|p2a: Celebi|54/100|[from] Sandstorm
|-damage|p1a: Suicune|94/100|[from] Sandstorm
|-heal|p2a: Celebi|60/100|[from] item: Leftovers
|-heal|p1a: Suicune|100/100|[from] item: Leftovers
|upkeep
|turn|3
|inactive|Milkshook♡ has 270 seconds left.
|inactive|pkLeech has 270 seconds left.
|
|t:|1730322298
|move|p2a: Celebi|Calm Mind|p2a: Celebi
|-boost|p2a: Celebi|spa|1
|-boost|p2a: Celebi|spd|1
|move|p1a: Suicune|Ice Beam|p2a: Celebi
|-supereffective|p2a: Celebi
|-damage|p2a: Celebi|33/100
|
|-weather|Sandstorm|[upkeep]
|-damage|p2a: Celebi|27/100|[from] Sandstorm
|-damage|p1a: Suicune|94/100|[from] Sandstorm
|-heal|p2a: Celebi|33/100|[from] item: Leftovers
|-heal|p1a: Suicune|100/100|[from] item: Leftovers
|upkeep
|turn|4
|inactive|pkLeech has 240 seconds left.
|
|t:|1730322352
|switch|p1a: Snorlax|Snorlax, F|100/100
|move|p2a: Celebi|Giga Drain|p1a: Snorlax
|-damage|p1a: Snorlax|72/100
|-heal|p2a: Celebi|53/100|[from] drain|[of] p1a: Snorlax
|
|-weather|Sandstorm|[upkeep]
|-damage|p2a: Celebi|47/100|[from] Sandstorm
|-damage|p1a: Snorlax|66/100|[from] Sandstorm
|-heal|p2a: Celebi|53/100|[from] item: Leftovers
|-heal|p1a: Snorlax|72/100|[from] item: Leftovers
|upkeep
|turn|5
|
|t:|1730322371
|move|p2a: Celebi|Psychic|p1a: Snorlax
|-damage|p1a: Snorlax|32/100
|move|p1a: Snorlax|Shadow Ball|p2a: Celebi
|-supereffective|p2a: Celebi
|-damage|p2a: Celebi|9/100
|
|-weather|Sandstorm|[upkeep]
|-damage|p2a: Celebi|3/100|[from] Sandstorm
|-damage|p1a: Snorlax|26/100|[from] Sandstorm
|-heal|p2a: Celebi|9/100|[from] item: Leftovers
|-heal|p1a: Snorlax|32/100|[from] item: Leftovers
|upkeep
|turn|6
|inactive|pkLeech has 210 seconds left.
|inactive|pkLeech has 180 seconds left.
|
|t:|1730322435
|move|p2a: Celebi|Psychic|p1a: Snorlax
|-damage|p1a: Snorlax|0 fnt
|faint|p1a: Snorlax
|
|t:|1730322438
|switch|p1a: Dugtrio|Dugtrio, M|100/100
|
|-weather|Sandstorm|[upkeep]
|-damage|p2a: Celebi|3/100|[from] Sandstorm
|-heal|p2a: Celebi|9/100|[from] item: Leftovers
|upkeep
|turn|7
|
|t:|1730322460
|move|p1a: Dugtrio|Hidden Power|p2a: Celebi
|-supereffective|p2a: Celebi
|-damage|p2a: Celebi|0 fnt
|faint|p2a: Celebi
|inactive|Milkshook♡ has 240 seconds left.
|
|t:|1730322492
|switch|p2a: Swampert|Swampert, M|100/100
|
|-weather|Sandstorm|[upkeep]
|upkeep
|turn|8
|
|t:|1730322516
|switch|p1a: Metagross|Metagross|100/100
|move|p2a: Swampert|Earthquake|p1a: Metagross
|-supereffective|p1a: Metagross
|-damage|p1a: Metagross|49/100
|
|-weather|Sandstorm|[upkeep]
|-heal|p1a: Metagross|55/100|[from] item: Leftovers
|upkeep
|turn|9
|inactive|Milkshook♡ has 210 seconds left.
|
|t:|1730322532
|switch|p1a: Suicune|Suicune|100/100
|switch|p2a: Charizard|Charizard, F|100/100
|
|-weather|Sandstorm|[upkeep]
|-damage|p2a: Charizard|94/100|[from] Sandstorm
|-damage|p1a: Suicune|94/100|[from] Sandstorm
|-heal|p2a: Charizard|100/100|[from] item: Leftovers
|-heal|p1a: Suicune|100/100|[from] item: Leftovers
|upkeep
|turn|10
|inactive|Milkshook♡ has 210 seconds left.
|
|t:|1730322553
|switch|p2a: Skarmory|Skarmory, M|100/100
|move|p1a: Suicune|Surf|p2a: Skarmory
|-damage|p2a: Skarmory|68/100
|
|-weather|Sandstorm|[upkeep]
|-damage|p1a: Suicune|94/100|[from] Sandstorm
|-heal|p1a: Suicune|100/100|[from] item: Leftovers
|-heal|p2a: Skarmory|74/100|[from] item: Leftovers
|upkeep
|turn|11
|
|t:|1730322558
|switch|p1a: Magneton|Magneton|100/100
|move|p2a: Skarmory|Spikes|p1a: Magneton
|-sidestart|p1: pkLeech|Spikes
|
|-weather|Sandstorm|[upkeep]
|-heal|p2a: Skarmory|80/100|[from] item: Leftovers
|upkeep
|turn|12
|
|t:|1730322561
|move|p1a: Magneton|Thunderbolt|p2a: Skarmory
|-supereffective|p2a: Skarmory
|-damage|p2a: Skarmory|0 fnt
|faint|p2a: Skarmory
|
|t:|1730322571
|switch|p2a: Charizard|Charizard, F|100/100
|
|-weather|Sandstorm|[upkeep]
|-damage|p2a: Charizard|94/100|[from] Sandstorm
|-heal|p2a: Charizard|100/100|[from] item: Leftovers
|upkeep
|turn|13
|inactive|pkLeech has 210 seconds left.
|
|t:|1730322593
|move|p2a: Charizard|Flamethrower|p1a: Magneton
|-supereffective|p1a: Magneton
|-damage|p1a: Magneton|0 fnt
|faint|p1a: Magneton
|
|t:|1730322602
|switch|p1a: Suicune|Suicune|100/100
|-damage|p1a: Suicune|88/100|[from] Spikes
|
|-weather|Sandstorm|[upkeep]
|-damage|p2a: Charizard|94/100|[from] Sandstorm
|-damage|p1a: Suicune|82/100|[from] Sandstorm
|-heal|p2a: Charizard|100/100|[from] item: Leftovers
|-heal|p1a: Suicune|88/100|[from] item: Leftovers
|upkeep
|turn|14
|inactive|pkLeech has 210 seconds left.
|
|t:|1730322632
|switch|p2a: Jolteon|Jolteon, F|100/100
|move|p1a: Suicune|Surf|p2a: Jolteon
|-damage|p2a: Jolteon|59/100
|
|-weather|Sandstorm|[upkeep]
|-damage|p2a: Jolteon|53/100|[from] Sandstorm
|-damage|p1a: Suicune|82/100|[from] Sandstorm
|-heal|p2a: Jolteon|59/100|[from] item: Leftovers
|-heal|p1a: Suicune|88/100|[from] item: Leftovers
|upkeep
|turn|15
|
|t:|1730322636
|switch|p1a: Claydol|Claydol|100/100
|move|p2a: Jolteon|Thunderbolt|p1a: Claydol
|-immune|p1a: Claydol
|
|-weather|Sandstorm|[upkeep]
|-damage|p2a: Jolteon|53/100|[from] Sandstorm
|-heal|p2a: Jolteon|59/100|[from] item: Leftovers
|upkeep
|turn|16
|inactive|Milkshook♡ has 210 seconds left.
|
|t:|1730322666
|move|p2a: Jolteon|Baton Pass|p2a: Jolteon
|
|t:|1730322668
|switch|p2a: Tyranitar|Tyranitar, F|100/100|[from] Baton Pass
|move|p1a: Claydol|Rapid Spin|p2a: Tyranitar
|-resisted|p2a: Tyranitar
|-crit|p2a: Tyranitar
|-damage|p2a: Tyranitar|95/100
|-sideend|p1: pkLeech|Spikes|[from] move: Rapid Spin|[of] p1a: Claydol
|
|-weather|Sandstorm|[upkeep]
|upkeep
|turn|17
|
|t:|1730322693
|switch|p1a: Dugtrio|Dugtrio, M|100/100
|move|p2a: Tyranitar|Hidden Power|p1a: Dugtrio
|-supereffective|p1a: Dugtrio
|-damage|p1a: Dugtrio|18/100
|
|-weather|Sandstorm|[upkeep]
|upkeep
|turn|18
|
|t:|1730322699
|move|p1a: Dugtrio|Earthquake|p2a: Tyranitar
|-supereffective|p2a: Tyranitar
|-damage|p2a: Tyranitar|0 fnt
|faint|p2a: Tyranitar
|
|t:|1730322703
|switch|p2a: Charizard|Charizard, F|100/100
|
|-weather|Sandstorm|[upkeep]
|-damage|p2a: Charizard|94/100|[from] Sandstorm
|-heal|p2a: Charizard|100/100|[from] item: Leftovers
|upkeep
|turn|19
|inactive|pkLeech has 210 seconds left.
|
|t:|1730322746
|switch|p1a: Suicune|Suicune|88/100
|move|p2a: Charizard|Substitute|p2a: Charizard
|-start|p2a: Charizard|Substitute
|-damage|p2a: Charizard|76/100
|
|-weather|Sandstorm|[upkeep]
|-damage|p2a: Charizard|70/100|[from] Sandstorm
|-damage|p1a: Suicune|82/100|[from] Sandstorm
|-heal|p2a: Charizard|76/100|[from] item: Leftovers
|-heal|p1a: Suicune|88/100|[from] item: Leftovers
|upkeep
|turn|20
|inactive|Milkshook♡ has 240 seconds left.
|
|t:|1730322752
|move|p2a: Charizard|Hidden Power|p1a: Suicune
|-supereffective|p1a: Suicune
|-damage|p1a: Suicune|61/100
|move|p1a: Suicune|Calm Mind|p1a: Suicune
|-boost|p1a: Suicune|spa|1
|-boost|p1a: Suicune|spd|1
|
|-weather|Sandstorm|[upkeep]
|-damage|p2a: Charizard|70/100|[from] Sandstorm
|-damage|p1a: Suicune|55/100|[from] Sandstorm
|-heal|p2a: Charizard|76/100|[from] item: Leftovers
|-heal|p1a: Suicune|61/100|[from] item: Leftovers
|upkeep
|turn|21
|
|t:|1730322759
|move|p2a: Charizard|Hidden Power|p1a: Suicune
|-supereffective|p1a: Suicune
|-damage|p1a: Suicune|43/100
|move|p1a: Suicune|Rest|p1a: Suicune
|-status|p1a: Suicune|slp|[from] move: Rest
|-heal|p1a: Suicune|100/100 slp|[silent]
|
|-weather|Sandstorm|[upkeep]
|-damage|p2a: Charizard|70/100|[from] Sandstorm
|-damage|p1a: Suicune|94/100 slp|[from] Sandstorm
|-heal|p2a: Charizard|76/100|[from] item: Leftovers
|-heal|p1a: Suicune|100/100 slp|[from] item: Leftovers
|upkeep
|turn|22
|
|t:|1730322763
|switch|p2a: Jolteon|Jolteon, F|59/100
|cant|p1a: Suicune|slp
|
|-weather|Sandstorm|[upkeep]
|-damage|p2a: Jolteon|53/100|[from] Sandstorm
|-damage|p1a: Suicune|94/100 slp|[from] Sandstorm
|-heal|p2a: Jolteon|59/100|[from] item: Leftovers
|-heal|p1a: Suicune|100/100 slp|[from] item: Leftovers
|upkeep
|turn|23
|
|t:|1730322766
|cant|p1a: Suicune|slp
|move|p2a: Jolteon|Roar|p1a: Suicune
|drag|p1a: Metagross|Metagross|55/100
|
|-weather|Sandstorm|[upkeep]
|-damage|p2a: Jolteon|53/100|[from] Sandstorm
|-heal|p2a: Jolteon|59/100|[from] item: Leftovers
|-heal|p1a: Metagross|61/100|[from] item: Leftovers
|upkeep
|turn|24
|inactive|pkLeech has 240 seconds left.
|inactive|pkLeech has 210 seconds left.
|inactive|pkLeech has 180 seconds left.
|
|t:|1730322834
|move|p2a: Jolteon|Baton Pass|p2a: Jolteon
|
|t:|1730322836
|switch|p2a: Charizard|Charizard, F|76/100|[from] Baton Pass
|move|p1a: Metagross|Earthquake|p2a: Charizard
|-immune|p2a: Charizard
|
|-weather|Sandstorm|[upkeep]
|-damage|p2a: Charizard|70/100|[from] Sandstorm
|-heal|p2a: Charizard|76/100|[from] item: Leftovers
|-heal|p1a: Metagross|68/100|[from] item: Leftovers
|upkeep
|turn|25
|
|t:|1730322851
|switch|p2a: Jolteon|Jolteon, F|59/100
|switch|p1a: Suicune|Suicune|100/100 slp
|
|-weather|Sandstorm|[upkeep]
|-damage|p2a: Jolteon|53/100|[from] Sandstorm
|-damage|p1a: Suicune|94/100 slp|[from] Sandstorm
|-heal|p2a: Jolteon|59/100|[from] item: Leftovers
|-heal|p1a: Suicune|100/100 slp|[from] item: Leftovers
|upkeep
|turn|26
|
|t:|1730322865
|switch|p1a: Claydol|Claydol|100/100
|move|p2a: Jolteon|Thunderbolt|p1a: Claydol
|-immune|p1a: Claydol
|
|-weather|Sandstorm|[upkeep]
|-damage|p2a: Jolteon|53/100|[from] Sandstorm
|-heal|p2a: Jolteon|59/100|[from] item: Leftovers
|upkeep
|turn|27
|
|t:|1730322870
|move|p2a: Jolteon|Baton Pass|p2a: Jolteon
|
|t:|1730322871
|switch|p2a: Charizard|Charizard, F|76/100|[from] Baton Pass
|move|p1a: Claydol|Earthquake|p2a: Charizard
|-immune|p2a: Charizard
|
|-weather|Sandstorm|[upkeep]
|-damage|p2a: Charizard|70/100|[from] Sandstorm
|-heal|p2a: Charizard|76/100|[from] item: Leftovers
|upkeep
|turn|28
|inactive|pkLeech has 210 seconds left.
|
|t:|1730322880
|switch|p1a: Suicune|Suicune|100/100 slp
|move|p2a: Charizard|Hidden Power|p1a: Suicune
|-supereffective|p1a: Suicune
|-damage|p1a: Suicune|72/100 slp
|
|-weather|Sandstorm|[upkeep]
|-damage|p2a: Charizard|70/100|[from] Sandstorm
|-damage|p1a: Suicune|66/100 slp|[from] Sandstorm
|-heal|p2a: Charizard|76/100|[from] item: Leftovers
|-heal|p1a: Suicune|72/100 slp|[from] item: Leftovers
|upkeep
|turn|29
|inactive|Milkshook♡ has 270 seconds left.
|
|t:|1730322940
|switch|p2a: Jolteon|Jolteon, F|59/100
|-curestatus|p1a: Suicune|slp|[msg]
|move|p1a: Suicune|Surf|p2a: Jolteon
|-damage|p2a: Jolteon|18/100
|
|-weather|Sandstorm|[upkeep]
|-damage|p2a: Jolteon|12/100|[from] Sandstorm
|-damage|p1a: Suicune|66/100|[from] Sandstorm
|-heal|p2a: Jolteon|18/100|[from] item: Leftovers
|-heal|p1a: Suicune|72/100|[from] item: Leftovers
|upkeep
|turn|30
|inactive|pkLeech has 210 seconds left.
|inactive|pkLeech has 180 seconds left.
|inactive|pkLeech has 150 seconds left.
|
|t:|1730323034
|switch|p1a: Claydol|Claydol|100/100
|move|p2a: Jolteon|Thunderbolt|p1a: Claydol
|-immune|p1a: Claydol
|
|-weather|Sandstorm|[upkeep]
|-damage|p2a: Jolteon|12/100|[from] Sandstorm
|-heal|p2a: Jolteon|18/100|[from] item: Leftovers
|upkeep
|turn|31
|inactive|pkLeech has 120 seconds left.
|inactive|pkLeech has 90 seconds left.
|
|t:|1730323094
|move|p2a: Jolteon|Baton Pass|p2a: Jolteon
|
|t:|1730323096
|switch|p2a: Charizard|Charizard, F|76/100|[from] Baton Pass
|move|p1a: Claydol|Shadow Ball|p2a: Charizard
|-damage|p2a: Charizard|43/100
|-unboost|p2a: Charizard|spd|1
|
|-weather|Sandstorm|[upkeep]
|-damage|p2a: Charizard|37/100|[from] Sandstorm
|-heal|p2a: Charizard|43/100|[from] item: Leftovers
|upkeep
|turn|32
|inactive|Milkshook♡ has 270 seconds left.
|inactive|pkLeech has 90 seconds left.
|
|t:|1730323135
|move|p2a: Charizard|Hidden Power|p1a: Claydol
|-supereffective|p1a: Claydol
|-damage|p1a: Claydol|62/100
|move|p1a: Claydol|Shadow Ball|p2a: Charizard
|-damage|p2a: Charizard|14/100
|
|-weather|Sandstorm|[upkeep]
|-damage|p2a: Charizard|8/100|[from] Sandstorm
|-heal|p2a: Charizard|14/100|[from] item: Leftovers
|-heal|p1a: Claydol|68/100|[from] item: Leftovers
|upkeep
|turn|33
|inactive|Milkshook♡ has 270 seconds left.
|inactive|pkLeech has 60 seconds left.
|
|t:|1730323169
|move|p2a: Charizard|Flamethrower|p1a: Claydol
|-damage|p1a: Claydol|11/100
|move|p1a: Claydol|Shadow Ball|p2a: Charizard
|-crit|p2a: Charizard
|-damage|p2a: Charizard|0 fnt
|faint|p2a: Charizard
|
|t:|1730323176
|switch|p2a: Jolteon|Jolteon, F|18/100
|
|-weather|Sandstorm|[upkeep]
|-damage|p2a: Jolteon|12/100|[from] Sandstorm
|-heal|p2a: Jolteon|18/100|[from] item: Leftovers
|-heal|p1a: Claydol|17/100|[from] item: Leftovers
|upkeep
|turn|34
|inactive|pkLeech has 60 seconds left.
|
|t:|1730323184
|switch|p1a: Dugtrio|Dugtrio, M|18/100
|move|p2a: Jolteon|Hidden Power|p1a: Dugtrio
|-supereffective|p1a: Dugtrio
|-damage|p1a: Dugtrio|0 fnt
|faint|p1a: Dugtrio
|inactive|pkLeech has 60 seconds left.
|
|t:|1730323196
|switch|p1a: Metagross|Metagross|68/100
|
|-weather|Sandstorm|[upkeep]
|-damage|p2a: Jolteon|12/100|[from] Sandstorm
|-heal|p2a: Jolteon|18/100|[from] item: Leftovers
|-heal|p1a: Metagross|74/100|[from] item: Leftovers
|upkeep
|turn|35
|inactive|pkLeech has 60 seconds left.
|
|t:|1730323220
|move|p2a: Jolteon|Baton Pass|p2a: Jolteon
|
|t:|1730323223
|switch|p2a: Swampert|Swampert, M|100/100|[from] Baton Pass
|move|p1a: Metagross|Earthquake|p2a: Swampert
|-damage|p2a: Swampert|72/100
|
|-weather|Sandstorm|[upkeep]
|-heal|p1a: Metagross|80/100|[from] item: Leftovers
|-heal|p2a: Swampert|78/100|[from] item: Leftovers
|upkeep
|turn|36
|inactive|Milkshook♡ has 270 seconds left.
|
|t:|1730323280
|-singleturn|p2a: Swampert|move: Focus Punch
|switch|p1a: Claydol|Claydol|17/100
|move|p2a: Swampert|Focus Punch|p1a: Claydol
|-resisted|p1a: Claydol
|-crit|p1a: Claydol
|-damage|p1a: Claydol|0 fnt
|faint|p1a: Claydol
|inactive|pkLeech has 30 seconds left.
|
|t:|1730323308
|switch|p1a: Suicune|Suicune|72/100
|
|-weather|Sandstorm|[upkeep]
|-damage|p1a: Suicune|66/100|[from] Sandstorm
|-heal|p1a: Suicune|72/100|[from] item: Leftovers
|-heal|p2a: Swampert|84/100|[from] item: Leftovers
|upkeep
|turn|37
|inactive|Milkshook♡ has 240 seconds left.
|
|t:|1730323334
|move|p1a: Suicune|Surf|p2a: Swampert
|-damage|p2a: Swampert|59/100
|move|p2a: Swampert|Earthquake|p1a: Suicune
|-damage|p1a: Suicune|48/100
|
|-weather|Sandstorm|[upkeep]
|-damage|p1a: Suicune|42/100|[from] Sandstorm
|-heal|p1a: Suicune|48/100|[from] item: Leftovers
|-heal|p2a: Swampert|65/100|[from] item: Leftovers
|upkeep
|turn|38
|inactive|Milkshook♡ has 240 seconds left.
|
|t:|1730323356
|move|p1a: Suicune|Surf|p2a: Swampert
|-damage|p2a: Swampert|38/100
|move|p2a: Swampert|Earthquake|p1a: Suicune
|-damage|p1a: Suicune|23/100
|
|-weather|Sandstorm|[upkeep]
|-damage|p1a: Suicune|17/100|[from] Sandstorm
|-heal|p1a: Suicune|23/100|[from] item: Leftovers
|-heal|p2a: Swampert|44/100|[from] item: Leftovers
|upkeep
|turn|39
|
|t:|1730323365
|move|p1a: Suicune|Surf|p2a: Swampert
|-damage|p2a: Swampert|17/100
|move|p2a: Swampert|Earthquake|p1a: Suicune
|-damage|p1a: Suicune|0 fnt
|faint|p1a: Suicune
|
|t:|1730323369
|switch|p1a: Metagross|Metagross|80/100
|
|-weather|Sandstorm|[upkeep]
|-heal|p1a: Metagross|86/100|[from] item: Leftovers
|-heal|p2a: Swampert|23/100|[from] item: Leftovers
|upkeep
|turn|40
|inactive|Milkshook♡ has 240 seconds left.
|
|t:|1730323386
|move|p1a: Metagross|Earthquake|p2a: Swampert
|-damage|p2a: Swampert|0 fnt
|faint|p2a: Swampert
|
|t:|1730323388
|switch|p2a: Jolteon|Jolteon, F|18/100
|
|-weather|Sandstorm|[upkeep]
|-damage|p2a: Jolteon|12/100|[from] Sandstorm
|-heal|p2a: Jolteon|18/100|[from] item: Leftovers
|-heal|p1a: Metagross|92/100|[from] item: Leftovers
|upkeep
|turn|41
|
|t:|1730323389
|move|p2a: Jolteon|Thunderbolt|p1a: Metagross
|-damage|p1a: Metagross|49/100
|move|p1a: Metagross|Earthquake|p2a: Jolteon
|-supereffective|p2a: Jolteon
|-damage|p2a: Jolteon|0 fnt
|faint|p2a: Jolteon
|
|win|pkLeech
|c|☆Milkshook♡|gg
|c|☆pkLeech|gg
|c|☆Milkshook♡|/log Milkshook♡ made the replay of this battle unlisted.

</script>
<script type="application/json" class="data" id="replaydata-smogtours-gen3ou-803474">
{"id":"smogtours-gen3ou-803474","format":"[Gen 3] OU","players":["pkLeech","Milkshook\u2661"],"uploadtime":1730323389,"views":64,"formatid":"gen3ou","rating":null,"private":1,"password":null}
</script>

<script defer src="js/replays.js?9d40a366"></script>
