<!DOCTYPE html>
<meta charset="utf-8" />
<meta name="viewport" content="width=device-width" />

<title>[Gen 3] OU: Elisy vs. salmonlad - Replays - Pok&eacute;mon Showdown!</title>

<meta name="description" content="Watch a replay of a Pok&eacute;mon battle between Elisy and salmonlad! Format: [Gen 3] OU; Date: Oct 10, 2024" />
<!--

Hey, you! Looking in the source for the replay log?

You can find them in JSON format, just add `.json` at the end of a replay URL.

https://replay.pokemonshowdown.com/gen7randomdoublesbattle-865046831.json

Or, if you only need the log itself, add `.log` instead:

https://replay.pokemonshowdown.com/gen7randomdoublesbattle-865046831.log

-->

<link rel="stylesheet" href="//pokemonshowdown.com/style/global.css?0.767286132409787" />
<link rel="stylesheet" href="//play.pokemonshowdown.com/style/font-awesome.css?0.9266228007934947" />
<link rel="stylesheet" href="//play.pokemonshowdown.com/style/battle.css?0.7924700842790926" />
<link rel="stylesheet" href="//play.pokemonshowdown.com/style/utilichart.css?0.8777417872839479" />

<!-- Global site tag (gtag.js) - Google Analytics -->
<script async src="https://www.googletagmanager.com/gtag/js?id=UA-26211653-1"></script>
<script>
  window.dataLayer = window.dataLayer || [];
  function gtag(){dataLayer.push(arguments);}
  gtag('js', new Date());

  gtag('config', 'UA-26211653-1');
</script>
<!-- End Google Analytics -->
<!-- Venatus Ad Manager - Install in <HEAD> of page -->
	<script src="https://hb.vntsm.com/v3/live/ad-manager.min.js" type="text/javascript" data-site-id="642aba63ec9a7b11c3c9c1be" data-mode="scan" async></script>
<!-- / Venatus Ad Manager -->

<style>
	@media (max-width:820px) {
		.battle {
			margin: 0 auto;
		}
		.battle-log {
			margin: 7px auto 0;
			max-width: 640px;
			height: 300px;
			position: static;
		}
	}
	.optgroup {
		display: inline-block;
		line-height: 22px;
		font-size: 10pt;
	}
	.optgroup .button {
		height: 25px;
		padding-top: 0;
		padding-bottom: 0;
	}
	.optgroup button.button {
		padding-left: 12px;
		padding-right: 12px;
	}
	.linklist {
		list-style: none;
		margin: 0.5em 0;
		padding: 0;
	}
	.linklist li {
		padding: 2px 0;
	}
	.sidebar {
		float: left;
		width: 320px;
	}
	.bar-wrapper {
		max-width: 1100px;
		margin: 0 auto;
	}
	.bar-wrapper.has-sidebar {
		max-width: 1430px;
	}
	.mainbar {
		margin: 0;
		padding-right: 1px;
	}
	.mainbar.has-sidebar {
		margin-left: 330px;
	}
	@media (min-width: 1511px) {
		.sidebar {
			width: 400px;
		}
		.bar-wrapper.has-sidebar {
			max-width: 1510px;
		}
		.mainbar.has-sidebar {
			margin-left: 410px;
		}
	}
	.section.first-section {
		margin-top: 9px;
	}
	.blocklink small {
		white-space: normal;
	}
	.button {
		vertical-align: middle;
	}
	.replay-controls {
		padding-top: 10px;
	}
	.replay-controls h1 {
		font-size: 16pt;
		font-weight: normal;
		color: #CCC;
	}
	.pagelink {
		text-align: center;
	}
	.pagelink a {
		width: 150px;
	}
	.textbox, .button {
		font-size: 11pt;
		vertical-align: middle;
	}
	@media (max-width: 450px) {
		.button {
			font-size: 9pt;
		}
	}
</style>

<div>

	<header>
		<div class="nav-wrapper"><ul class="nav">
			<li><a class="button nav-first" href="//pokemonshowdown.com/"><img src="//pokemonshowdown.com/images/pokemonshowdownbeta.png" srcset="//pokemonshowdown.com/images/pokemonshowdownbeta.png 1x, //pokemonshowdown.com/images/pokemonshowdownbeta@2x.png 2x" alt="Pok&eacute;mon Showdown" width="146" height="44" /> Home</a></li>
			<li><a class="button" href="//pokemonshowdown.com/dex/">Pok&eacute;dex</a></li>
			<li><a class="button cur" href="/">Replays</a></li>
			<li><a class="button" href="//pokemonshowdown.com/ladder/">Ladder</a></li>
			<li><a class="button nav-last" href="//pokemonshowdown.com/forums/">Forum</a></li>
			<li><a class="button greenbutton nav-first nav-last" href="//play.pokemonshowdown.com/">Play</a></li>
		</ul></div>
	</header>

	<div class="main" id="main">

		<noscript><section class="section">You need to enable JavaScript to use this page; sorry!</section></noscript>

	</div>

</div>

<script defer nomodule src="//play.pokemonshowdown.com/js/lib/ps-polyfill.js"></script>
<script defer src="//play.pokemonshowdown.com/js/lib/preact.min.js"></script>

<script defer src="//play.pokemonshowdown.com/config/config.js?6dec07f6"></script>
<script defer src="//play.pokemonshowdown.com/js/lib/jquery-1.11.0.min.js"></script>
<script defer src="//play.pokemonshowdown.com/js/lib/html-sanitizer-minified.js"></script>
<script defer src="//play.pokemonshowdown.com/js/battle-sound.js"></script>
<script defer src="//play.pokemonshowdown.com/js/battledata.js?0.6315294753075389"></script>
<script defer src="//play.pokemonshowdown.com/data/pokedex-mini.js?0.7603743185311358"></script>
<script defer src="//play.pokemonshowdown.com/data/pokedex-mini-bw.js?0.030888842834281283"></script>
<script defer src="//play.pokemonshowdown.com/data/graphics.js?0.05593094747507488"></script>
<script defer src="//play.pokemonshowdown.com/data/pokedex.js?0.47064822249611904"></script>
<script defer src="//play.pokemonshowdown.com/data/moves.js?0.8583693120512459"></script>
<script defer src="//play.pokemonshowdown.com/data/abilities.js?0.16017181182386842"></script>
<script defer src="//play.pokemonshowdown.com/data/items.js?0.4163379185673943"></script>
<script defer src="//play.pokemonshowdown.com/data/teambuilder-tables.js?0.31075597372830477"></script>
<script defer src="//play.pokemonshowdown.com/js/battle-tooltips.js?0.6536193500708172"></script>
<script defer src="//play.pokemonshowdown.com/js/battle.js?0.1916591943277901"></script>

<script defer src="js/utils.js?e31f9a17"></script>
<script defer src="js/replays-battle.js?7008c182"></script>

<!-- don't scrape this data! just add .json or .log after the URL!
Full API docs: https://github.com/smogon/pokemon-showdown-client/blob/master/WEB-API.md -->
<script type="text/plain" class="log" id="replaylog-smogtours-gen3ou-796906">
|inactive|Battle timer is ON: inactive players will automatically lose when time's up.
|t:|1728576254
|gametype|singles
|player|p1|Elisy|miku-flying|
|player|p2|salmonlad|266|
|teamsize|p1|6
|teamsize|p2|6
|gen|3
|tier|[Gen 3] OU
|rule|Sleep Clause Mod: Limit one foe put to sleep
|rule|Switch Priority Clause Mod: Faster Pokémon switch first
|rule|Species Clause: Limit one of each Pokémon
|rule|OHKO Clause: OHKO moves are banned
|rule|Evasion Items Clause: Evasion items are banned
|rule|Evasion Moves Clause: Evasion moves are banned
|rule|Endless Battle Clause: Forcing endless battles is banned
|rule|HP Percentage Mod: HP is shown in percentages
|rule|One Boost Passer Clause: Limit one Baton Passer that has a way to boost its stats
|rule|Freeze Clause Mod: Limit one foe frozen
|
|t:|1728576254
|start
|switch|p1a: Hariyama|Hariyama, F|100/100
|switch|p2a: Salamence|Salamence, M|100/100
|-ability|p2a: Salamence|Intimidate|boost
|-unboost|p1a: Hariyama|atk|1
|turn|1
|c|☆Elisy|hf
|c|☆salmonlad|gl!
|inactive|Elisy has 270 seconds left.
|inactive|Elisy has 240 seconds left.
|inactive|Elisy has 210 seconds left.
|
|t:|1728576349
|switch|p1a: Swampert|Swampert, F|100/100
|move|p2a: Salamence|Dragon Claw|p1a: Swampert
|-damage|p1a: Swampert|62/100
|
|-heal|p1a: Swampert|69/100|[from] item: Leftovers
|upkeep
|turn|2
|inactive|Elisy has 270 seconds left.
|inactive|salmonlad has 270 seconds left.
|inactive|salmonlad has 240 seconds left.
|
|t:|1728576423
|switch|p2a: Jirachi|Jirachi|100/100
|move|p1a: Swampert|Protect||[still]
|-fail|p1a: Swampert
|
|-heal|p1a: Swampert|75/100|[from] item: Leftovers
|upkeep
|turn|3
|inactive|Elisy has 270 seconds left.
|
|t:|1728576434
|move|p2a: Jirachi|Toxic|p1a: Swampert
|-status|p1a: Swampert|tox
|move|p1a: Swampert|Earthquake|p2a: Jirachi
|-supereffective|p2a: Jirachi
|-damage|p2a: Jirachi|55/100
|
|-heal|p2a: Jirachi|61/100|[from] item: Leftovers
|-heal|p1a: Swampert|81/100 tox|[from] item: Leftovers
|-damage|p1a: Swampert|75/100 tox|[from] psn
|upkeep
|turn|4
|
|t:|1728576440
|move|p2a: Jirachi|Wish|p2a: Jirachi
|move|p1a: Swampert|Refresh|p1a: Swampert
|-curestatus|p1a: Swampert|tox|[msg]
|
|-heal|p2a: Jirachi|67/100|[from] item: Leftovers
|-heal|p1a: Swampert|81/100|[from] item: Leftovers
|upkeep
|turn|5
|
|t:|1728576451
|switch|p2a: Forretress|Forretress, M|100/100
|move|p1a: Swampert|Earthquake|p2a: Forretress
|-damage|p2a: Forretress|71/100
|
|-heal|p2a: Forretress|100/100|[from] move: Wish|[wisher] Jirachi
|-heal|p1a: Swampert|87/100|[from] item: Leftovers
|upkeep
|turn|6
|
|t:|1728576470
|switch|p1a: Forretress|Forretress, F|100/100
|move|p2a: Forretress|Spikes|p1a: Forretress
|-sidestart|p1: Elisy|Spikes
|
|upkeep
|turn|7
|
|t:|1728576488
|switch|p2a: Salamence|Salamence, M|100/100
|-ability|p2a: Salamence|Intimidate|boost
|-unboost|p1a: Forretress|atk|1
|move|p1a: Forretress|Rapid Spin|p2a: Salamence
|-damage|p2a: Salamence|98/100
|-sideend|p1: Elisy|Spikes|[from] move: Rapid Spin|[of] p1a: Forretress
|
|-heal|p2a: Salamence|100/100|[from] item: Leftovers
|upkeep
|turn|8
|inactive|Elisy has 270 seconds left.
|
|t:|1728576511
|switch|p1a: Blissey|Blissey, F|100/100
|move|p2a: Salamence|Fire Blast|p1a: Blissey
|-damage|p1a: Blissey|84/100
|
|-heal|p1a: Blissey|90/100|[from] item: Leftovers
|upkeep
|turn|9
|inactive|salmonlad has 270 seconds left.
|inactive|Elisy has 270 seconds left.
|
|t:|1728576541
|switch|p2a: Jirachi|Jirachi|67/100
|move|p1a: Blissey|Toxic|p2a: Jirachi
|-immune|p2a: Jirachi
|
|-heal|p2a: Jirachi|73/100|[from] item: Leftovers
|-heal|p1a: Blissey|96/100|[from] item: Leftovers
|upkeep
|turn|10
|
|t:|1728576548
|switch|p1a: Swampert|Swampert, F|87/100
|move|p2a: Jirachi|Toxic|p1a: Swampert
|-status|p1a: Swampert|tox
|
|-heal|p2a: Jirachi|79/100|[from] item: Leftovers
|-heal|p1a: Swampert|94/100 tox|[from] item: Leftovers
|-damage|p1a: Swampert|87/100 tox|[from] psn
|upkeep
|turn|11
|
|t:|1728576570
|switch|p2a: Tyranitar|Tyranitar, F|100/100
|-weather|Sandstorm|[from] ability: Sand Stream|[of] p2a: Tyranitar
|switch|p1a: Moltres|Moltres|100/100
|
|-weather|Sandstorm|[upkeep]
|-damage|p1a: Moltres|94/100|[from] Sandstorm
|-heal|p1a: Moltres|100/100|[from] item: Leftovers
|upkeep
|turn|12
|inactive|salmonlad has 240 seconds left.
|
|t:|1728576597
|switch|p1a: Swampert|Swampert, F|87/100 tox
|move|p2a: Tyranitar|Crunch|p1a: Swampert
|-crit|p1a: Swampert
|-damage|p1a: Swampert|20/100 tox
|
|-weather|Sandstorm|[upkeep]
|-heal|p1a: Swampert|26/100 tox|[from] item: Leftovers
|-damage|p1a: Swampert|20/100 tox|[from] psn
|upkeep
|turn|13
|
|t:|1728576611
|move|p2a: Tyranitar|Pursuit|p1a: Swampert
|-damage|p1a: Swampert|4/100 tox
|move|p1a: Swampert|Earthquake|p2a: Tyranitar
|-supereffective|p2a: Tyranitar
|-crit|p2a: Tyranitar
|-damage|p2a: Tyranitar|0 fnt
|faint|p2a: Tyranitar
|
|t:|1728576624
|switch|p2a: Salamence|Salamence, M|100/100
|-ability|p2a: Salamence|Intimidate|boost
|-unboost|p1a: Swampert|atk|1
|
|-weather|Sandstorm|[upkeep]
|-damage|p2a: Salamence|95/100|[from] Sandstorm
|-heal|p2a: Salamence|100/100|[from] item: Leftovers
|-heal|p1a: Swampert|10/100 tox|[from] item: Leftovers
|-damage|p1a: Swampert|0 fnt|[from] psn
|faint|p1a: Swampert
|upkeep
|inactive|Elisy has 240 seconds left.
|inactive|Elisy has 210 seconds left.
|
|t:|1728576676
|switch|p1a: Moltres|Moltres|100/100
|turn|14
|inactive|salmonlad has 240 seconds left.
|
|t:|1728576684
|switch|p1a: Forretress|Forretress, F|100/100
|move|p2a: Salamence|Dragon Claw|p1a: Forretress
|-resisted|p1a: Forretress
|-damage|p1a: Forretress|82/100
|
|-weather|Sandstorm|[upkeep]
|-damage|p2a: Salamence|95/100|[from] Sandstorm
|-heal|p2a: Salamence|100/100|[from] item: Leftovers
|-heal|p1a: Forretress|88/100|[from] item: Leftovers
|upkeep
|turn|15
|
|t:|1728576694
|switch|p1a: Moltres|Moltres|100/100
|move|p2a: Salamence|Fire Blast|p1a: Moltres
|-resisted|p1a: Moltres
|-damage|p1a: Moltres|76/100
|
|-weather|Sandstorm|[upkeep]
|-damage|p1a: Moltres|70/100|[from] Sandstorm
|-damage|p2a: Salamence|95/100|[from] Sandstorm
|-heal|p2a: Salamence|100/100|[from] item: Leftovers
|-heal|p1a: Moltres|76/100|[from] item: Leftovers
|upkeep
|turn|16
|
|t:|1728576702
|move|p1a: Moltres|Will-O-Wisp|p2a: Salamence
|-status|p2a: Salamence|brn
|move|p2a: Salamence|Roar|p1a: Moltres
|drag|p1a: Blissey|Blissey, F|96/100
|
|-weather|Sandstorm|[upkeep]
|-damage|p2a: Salamence|95/100 brn|[from] Sandstorm
|-damage|p1a: Blissey|90/100|[from] Sandstorm
|-heal|p2a: Salamence|100/100 brn|[from] item: Leftovers
|-damage|p2a: Salamence|88/100 brn|[from] brn
|-heal|p1a: Blissey|96/100|[from] item: Leftovers
|upkeep
|turn|17
|
|t:|1728576714
|switch|p2a: Jirachi|Jirachi|79/100
|move|p1a: Blissey|Seismic Toss|p2a: Jirachi
|-damage|p2a: Jirachi|55/100
|
|-weather|Sandstorm|[upkeep]
|-damage|p1a: Blissey|90/100|[from] Sandstorm
|-heal|p2a: Jirachi|61/100|[from] item: Leftovers
|-heal|p1a: Blissey|96/100|[from] item: Leftovers
|upkeep
|turn|18
|
|t:|1728576724
|switch|p1a: Hariyama|Hariyama, F|100/100
|move|p2a: Jirachi|Wish|p2a: Jirachi
|
|-weather|Sandstorm|[upkeep]
|-damage|p1a: Hariyama|94/100|[from] Sandstorm
|-heal|p2a: Jirachi|67/100|[from] item: Leftovers
|-heal|p1a: Hariyama|100/100|[from] item: Leftovers
|upkeep
|turn|19
|
|t:|1728576737
|move|p2a: Jirachi|Protect|p2a: Jirachi
|-singleturn|p2a: Jirachi|Protect
|move|p1a: Hariyama|Knock Off|p2a: Jirachi
|-activate|p2a: Jirachi|Protect
|
|-heal|p2a: Jirachi|100/100|[from] move: Wish|[wisher] Jirachi
|-weather|Sandstorm|[upkeep]
|-damage|p1a: Hariyama|94/100|[from] Sandstorm
|-heal|p1a: Hariyama|100/100|[from] item: Leftovers
|upkeep
|turn|20
|inactive|Elisy has 240 seconds left.
|
|t:|1728576745
|switch|p2a: Salamence|Salamence, M|88/100 brn
|-ability|p2a: Salamence|Intimidate|boost
|-unboost|p1a: Hariyama|atk|1
|move|p1a: Hariyama|Knock Off|p2a: Salamence
|-damage|p2a: Salamence|86/100 brn
|-enditem|p2a: Salamence|Leftovers|[from] move: Knock Off|[of] p1a: Hariyama
|-hint|In Gens 3-4, Knock Off only makes the target's item unusable; it cannot obtain a new item.
|
|-weather|Sandstorm|[upkeep]
|-damage|p2a: Salamence|80/100 brn|[from] Sandstorm
|-damage|p1a: Hariyama|94/100|[from] Sandstorm
|-damage|p2a: Salamence|67/100 brn|[from] brn
|-heal|p1a: Hariyama|100/100|[from] item: Leftovers
|upkeep
|turn|21
|inactive|salmonlad has 270 seconds left.
|
|t:|1728576768
|switch|p2a: Jirachi|Jirachi|100/100
|switch|p1a: Blissey|Blissey, F|96/100
|
|-weather|Sandstorm|[upkeep]
|-damage|p1a: Blissey|90/100|[from] Sandstorm
|-heal|p1a: Blissey|96/100|[from] item: Leftovers
|upkeep
|turn|22
|
|t:|1728576773
|switch|p1a: Hariyama|Hariyama, F|100/100
|move|p2a: Jirachi|Toxic|p1a: Hariyama
|-status|p1a: Hariyama|tox
|
|-weather|Sandstorm|[upkeep]
|-damage|p1a: Hariyama|94/100 tox|[from] Sandstorm
|-heal|p1a: Hariyama|100/100 tox|[from] item: Leftovers
|-damage|p1a: Hariyama|94/100 tox|[from] psn
|upkeep
|turn|23
|inactive|salmonlad has 270 seconds left.
|
|t:|1728576793
|-singleturn|p1a: Hariyama|move: Focus Punch
|move|p2a: Jirachi|Protect|p2a: Jirachi
|-singleturn|p2a: Jirachi|Protect
|move|p1a: Hariyama|Focus Punch|p2a: Jirachi
|-activate|p2a: Jirachi|Protect
|
|-weather|Sandstorm|[upkeep]
|-damage|p1a: Hariyama|88/100 tox|[from] Sandstorm
|-heal|p1a: Hariyama|94/100 tox|[from] item: Leftovers
|-damage|p1a: Hariyama|82/100 tox|[from] psn
|upkeep
|turn|24
|
|t:|1728576805
|switch|p1a: Blissey|Blissey, F|96/100
|move|p2a: Jirachi|Wish|p2a: Jirachi
|
|-weather|Sandstorm|[upkeep]
|-damage|p1a: Blissey|90/100|[from] Sandstorm
|-heal|p1a: Blissey|96/100|[from] item: Leftovers
|upkeep
|turn|25
|
|t:|1728576811
|move|p2a: Jirachi|Toxic|p1a: Blissey
|-status|p1a: Blissey|tox
|move|p1a: Blissey|Wish|p1a: Blissey
|
|-weather|Sandstorm|[upkeep]
|-damage|p1a: Blissey|90/100 tox|[from] Sandstorm
|-heal|p1a: Blissey|96/100 tox|[from] item: Leftovers
|-damage|p1a: Blissey|90/100 tox|[from] psn
|upkeep
|turn|26
|
|t:|1728576818
|switch|p2a: Salamence|Salamence, M|67/100 brn
|-ability|p2a: Salamence|Intimidate|boost
|-unboost|p1a: Blissey|atk|1
|-curestatus|p1a: Blissey|tox|[from] ability: Natural Cure
|switch|p1a: Hariyama|Hariyama, F|82/100 tox
|
|-heal|p1a: Hariyama|100/100 tox|[from] move: Wish|[wisher] Blissey
|-weather|Sandstorm|[upkeep]
|-damage|p2a: Salamence|61/100 brn|[from] Sandstorm
|-damage|p1a: Hariyama|94/100 tox|[from] Sandstorm
|-damage|p2a: Salamence|49/100 brn|[from] brn
|-heal|p1a: Hariyama|100/100 tox|[from] item: Leftovers
|-damage|p1a: Hariyama|94/100 tox|[from] psn
|upkeep
|turn|27
|inactive|Elisy has 270 seconds left.
|
|t:|1728576830
|switch|p1a: Blissey|Blissey, F|90/100
|move|p2a: Salamence|Dragon Claw|p1a: Blissey
|-damage|p1a: Blissey|75/100
|
|-weather|Sandstorm|[upkeep]
|-damage|p2a: Salamence|43/100 brn|[from] Sandstorm
|-damage|p1a: Blissey|69/100|[from] Sandstorm
|-damage|p2a: Salamence|31/100 brn|[from] brn
|-heal|p1a: Blissey|75/100|[from] item: Leftovers
|upkeep
|turn|28
|inactive|Elisy has 270 seconds left.
|
|t:|1728576841
|switch|p2a: Jirachi|Jirachi|100/100
|move|p1a: Blissey|Wish|p1a: Blissey
|
|-weather|Sandstorm|[upkeep]
|-damage|p1a: Blissey|69/100|[from] Sandstorm
|-heal|p1a: Blissey|75/100|[from] item: Leftovers
|upkeep
|turn|29
|
|t:|1728576850
|move|p2a: Jirachi|Toxic|p1a: Blissey
|-status|p1a: Blissey|tox
|move|p1a: Blissey|Seismic Toss|p2a: Jirachi
|-damage|p2a: Jirachi|76/100
|
|-heal|p1a: Blissey|100/100 tox|[from] move: Wish|[wisher] Blissey
|-weather|Sandstorm|[upkeep]
|-damage|p1a: Blissey|94/100 tox|[from] Sandstorm
|-heal|p2a: Jirachi|82/100|[from] item: Leftovers
|-heal|p1a: Blissey|100/100 tox|[from] item: Leftovers
|-damage|p1a: Blissey|94/100 tox|[from] psn
|upkeep
|turn|30
|
|t:|1728576859
|move|p2a: Jirachi|Fire Punch|p1a: Blissey
|-damage|p1a: Blissey|87/100 tox
|move|p1a: Blissey|Wish|p1a: Blissey
|
|-weather|Sandstorm|[upkeep]
|-damage|p1a: Blissey|81/100 tox|[from] Sandstorm
|-heal|p2a: Jirachi|88/100|[from] item: Leftovers
|-heal|p1a: Blissey|87/100 tox|[from] item: Leftovers
|-damage|p1a: Blissey|75/100 tox|[from] psn
|upkeep
|turn|31
|
|t:|1728576873
|switch|p2a: Salamence|Salamence, M|31/100 brn
|-ability|p2a: Salamence|Intimidate|boost
|-unboost|p1a: Blissey|atk|1
|-curestatus|p1a: Blissey|tox|[from] ability: Natural Cure
|switch|p1a: Hariyama|Hariyama, F|94/100 tox
|
|-heal|p1a: Hariyama|100/100 tox|[from] move: Wish|[wisher] Blissey
|-weather|Sandstorm|[upkeep]
|-damage|p2a: Salamence|25/100 brn|[from] Sandstorm
|-damage|p1a: Hariyama|94/100 tox|[from] Sandstorm
|-damage|p2a: Salamence|13/100 brn|[from] brn
|-heal|p1a: Hariyama|100/100 tox|[from] item: Leftovers
|-damage|p1a: Hariyama|94/100 tox|[from] psn
|upkeep
|turn|32
|
|t:|1728576885
|switch|p1a: Blissey|Blissey, F|75/100
|move|p2a: Salamence|Brick Break|p1a: Blissey
|-supereffective|p1a: Blissey
|-damage|p1a: Blissey|53/100
|
|-weather|Sandstorm|[upkeep]
|-damage|p2a: Salamence|7/100 brn|[from] Sandstorm
|-damage|p1a: Blissey|47/100|[from] Sandstorm
|-damage|p2a: Salamence|0 fnt|[from] brn
|faint|p2a: Salamence
|-heal|p1a: Blissey|53/100|[from] item: Leftovers
|upkeep
|
|t:|1728576904
|switch|p2a: Aerodactyl|Aerodactyl, M|100/100
|turn|33
|
|t:|1728576909
|switch|p1a: Forretress|Forretress, F|88/100
|move|p2a: Aerodactyl|Rock Slide|p1a: Forretress
|-damage|p1a: Forretress|50/100
|
|-weather|Sandstorm|[upkeep]
|-heal|p1a: Forretress|57/100|[from] item: Leftovers
|upkeep
|turn|34
|
|t:|1728576922
|switch|p2a: Jirachi|Jirachi|88/100
|move|p1a: Forretress|Counter|p2a: Jirachi
|
|-weather|Sandstorm|[upkeep]
|-heal|p2a: Jirachi|94/100|[from] item: Leftovers
|-heal|p1a: Forretress|63/100|[from] item: Leftovers
|upkeep
|turn|35
|
|t:|1728576937
|switch|p1a: Blissey|Blissey, F|53/100
|move|p2a: Jirachi|Toxic|p1a: Blissey
|-status|p1a: Blissey|tox
|
|-weather|Sandstorm|[upkeep]
|-damage|p1a: Blissey|47/100 tox|[from] Sandstorm
|-heal|p2a: Jirachi|100/100|[from] item: Leftovers
|-heal|p1a: Blissey|53/100 tox|[from] item: Leftovers
|-damage|p1a: Blissey|47/100 tox|[from] psn
|upkeep
|turn|36
|
|t:|1728576943
|switch|p2a: Forretress|Forretress, M|100/100
|move|p1a: Blissey|Soft-Boiled|p1a: Blissey
|-heal|p1a: Blissey|97/100 tox
|
|-weather|Sandstorm|[upkeep]
|-damage|p1a: Blissey|91/100 tox|[from] Sandstorm
|-heal|p1a: Blissey|97/100 tox|[from] item: Leftovers
|-damage|p1a: Blissey|85/100 tox|[from] psn
|upkeep
|turn|37
|
|t:|1728576948
|-curestatus|p1a: Blissey|tox|[from] ability: Natural Cure
|switch|p1a: Forretress|Forretress, F|63/100
|move|p2a: Forretress|Spikes|p1a: Forretress
|-sidestart|p1: Elisy|Spikes
|
|-weather|Sandstorm|[upkeep]
|-heal|p1a: Forretress|69/100|[from] item: Leftovers
|upkeep
|turn|38
|
|t:|1728576960
|switch|p2a: Jirachi|Jirachi|100/100
|move|p1a: Forretress|Rapid Spin|p2a: Jirachi
|-resisted|p2a: Jirachi
|-damage|p2a: Jirachi|99/100
|-sideend|p1: Elisy|Spikes|[from] move: Rapid Spin|[of] p1a: Forretress
|
|-weather|Sandstorm|[upkeep]
|-heal|p2a: Jirachi|100/100|[from] item: Leftovers
|-heal|p1a: Forretress|75/100|[from] item: Leftovers
|upkeep
|turn|39
|
|t:|1728576965
|switch|p1a: Blissey|Blissey, F|85/100
|move|p2a: Jirachi|Fire Punch|p1a: Blissey
|-damage|p1a: Blissey|78/100
|-status|p1a: Blissey|brn
|
|-weather|Sandstorm|[upkeep]
|-damage|p1a: Blissey|72/100 brn|[from] Sandstorm
|-heal|p1a: Blissey|78/100 brn|[from] item: Leftovers
|-damage|p1a: Blissey|66/100 brn|[from] brn
|upkeep
|turn|40
|
|t:|1728576975
|switch|p2a: Forretress|Forretress, M|100/100
|move|p1a: Blissey|Soft-Boiled|p1a: Blissey
|-heal|p1a: Blissey|100/100 brn
|
|-weather|Sandstorm|[upkeep]
|-damage|p1a: Blissey|94/100 brn|[from] Sandstorm
|-heal|p1a: Blissey|100/100 brn|[from] item: Leftovers
|-damage|p1a: Blissey|88/100 brn|[from] brn
|upkeep
|turn|41
|
|t:|1728576983
|-curestatus|p1a: Blissey|brn|[from] ability: Natural Cure
|switch|p1a: Forretress|Forretress, F|75/100
|move|p2a: Forretress|Spikes|p1a: Forretress
|-sidestart|p1: Elisy|Spikes
|
|-weather|Sandstorm|[upkeep]
|-heal|p1a: Forretress|82/100|[from] item: Leftovers
|upkeep
|turn|42
|
|t:|1728576990
|move|p2a: Forretress|Spikes|p1a: Forretress
|-sidestart|p1: Elisy|Spikes
|move|p1a: Forretress|Rapid Spin|p2a: Forretress
|-resisted|p2a: Forretress
|-damage|p2a: Forretress|99/100
|-sideend|p1: Elisy|Spikes|[from] move: Rapid Spin|[of] p1a: Forretress
|
|-weather|Sandstorm|[upkeep]
|-heal|p2a: Forretress|100/100|[from] item: Leftovers
|-heal|p1a: Forretress|88/100|[from] item: Leftovers
|upkeep
|turn|43
|
|t:|1728576993
|move|p2a: Forretress|Spikes|p1a: Forretress
|-sidestart|p1: Elisy|Spikes
|move|p1a: Forretress|Spikes|p2a: Forretress
|-sidestart|p2: salmonlad|Spikes
|
|-weather|Sandstorm|[upkeep]
|-heal|p1a: Forretress|94/100|[from] item: Leftovers
|upkeep
|turn|44
|
|t:|1728576996
|move|p2a: Forretress|Rapid Spin|p1a: Forretress
|-resisted|p1a: Forretress
|-damage|p1a: Forretress|93/100
|-sideend|p2: salmonlad|Spikes|[from] move: Rapid Spin|[of] p2a: Forretress
|move|p1a: Forretress|Rapid Spin|p2a: Forretress
|-resisted|p2a: Forretress
|-damage|p2a: Forretress|99/100
|-sideend|p1: Elisy|Spikes|[from] move: Rapid Spin|[of] p1a: Forretress
|
|-weather|Sandstorm|[upkeep]
|-heal|p2a: Forretress|100/100|[from] item: Leftovers
|-heal|p1a: Forretress|99/100|[from] item: Leftovers
|upkeep
|turn|45
|
|t:|1728577000
|move|p2a: Forretress|Spikes|p1a: Forretress
|-sidestart|p1: Elisy|Spikes
|move|p1a: Forretress|Spikes|p2a: Forretress
|-sidestart|p2: salmonlad|Spikes
|
|-weather|Sandstorm|[upkeep]
|-heal|p1a: Forretress|100/100|[from] item: Leftovers
|upkeep
|turn|46
|
|t:|1728577004
|move|p2a: Forretress|Rapid Spin|p1a: Forretress
|-resisted|p1a: Forretress
|-damage|p1a: Forretress|99/100
|-sideend|p2: salmonlad|Spikes|[from] move: Rapid Spin|[of] p2a: Forretress
|move|p1a: Forretress|Rapid Spin|p2a: Forretress
|-resisted|p2a: Forretress
|-damage|p2a: Forretress|99/100
|-sideend|p1: Elisy|Spikes|[from] move: Rapid Spin|[of] p1a: Forretress
|
|-weather|Sandstorm|[upkeep]
|-heal|p2a: Forretress|100/100|[from] item: Leftovers
|-heal|p1a: Forretress|100/100|[from] item: Leftovers
|upkeep
|turn|47
|
|t:|1728577007
|switch|p2a: Jirachi|Jirachi|100/100
|move|p1a: Forretress|Spikes|p2a: Jirachi
|-sidestart|p2: salmonlad|Spikes
|
|-weather|Sandstorm|[upkeep]
|upkeep
|turn|48
|
|t:|1728577015
|switch|p1a: Blissey|Blissey, F|88/100
|move|p2a: Jirachi|Toxic|p1a: Blissey
|-status|p1a: Blissey|tox
|
|-weather|Sandstorm|[upkeep]
|-damage|p1a: Blissey|82/100 tox|[from] Sandstorm
|-heal|p1a: Blissey|88/100 tox|[from] item: Leftovers
|-damage|p1a: Blissey|82/100 tox|[from] psn
|upkeep
|turn|49
|
|t:|1728577022
|move|p2a: Jirachi|Fire Punch|p1a: Blissey
|-damage|p1a: Blissey|75/100 tox
|move|p1a: Blissey|Wish|p1a: Blissey
|
|-weather|Sandstorm|[upkeep]
|-damage|p1a: Blissey|69/100 tox|[from] Sandstorm
|-heal|p1a: Blissey|75/100 tox|[from] item: Leftovers
|-damage|p1a: Blissey|63/100 tox|[from] psn
|upkeep
|turn|50
|
|t:|1728577028
|-curestatus|p1a: Blissey|tox|[from] ability: Natural Cure
|switch|p1a: Hariyama|Hariyama, F|94/100 tox
|move|p2a: Jirachi|Fire Punch|p1a: Hariyama
|-damage|p1a: Hariyama|72/100 tox
|
|-heal|p1a: Hariyama|100/100 tox|[from] move: Wish|[wisher] Blissey
|-weather|Sandstorm|[upkeep]
|-damage|p1a: Hariyama|94/100 tox|[from] Sandstorm
|-heal|p1a: Hariyama|100/100 tox|[from] item: Leftovers
|-damage|p1a: Hariyama|94/100 tox|[from] psn
|upkeep
|turn|51
|
|t:|1728577038
|move|p2a: Jirachi|Protect|p2a: Jirachi
|-singleturn|p2a: Jirachi|Protect
|move|p1a: Hariyama|Cross Chop|p2a: Jirachi
|-activate|p2a: Jirachi|Protect
|
|-weather|Sandstorm|[upkeep]
|-damage|p1a: Hariyama|88/100 tox|[from] Sandstorm
|-heal|p1a: Hariyama|94/100 tox|[from] item: Leftovers
|-damage|p1a: Hariyama|82/100 tox|[from] psn
|upkeep
|turn|52
|
|t:|1728577045
|move|p2a: Jirachi|Wish|p2a: Jirachi
|move|p1a: Hariyama|Cross Chop|p2a: Jirachi
|-damage|p2a: Jirachi|53/100
|
|-weather|Sandstorm|[upkeep]
|-damage|p1a: Hariyama|76/100 tox|[from] Sandstorm
|-heal|p2a: Jirachi|60/100|[from] item: Leftovers
|-heal|p1a: Hariyama|82/100 tox|[from] item: Leftovers
|-damage|p1a: Hariyama|64/100 tox|[from] psn
|upkeep
|turn|53
|
|t:|1728577052
|switch|p1a: Blissey|Blissey, F|63/100
|move|p2a: Jirachi|Fire Punch|p1a: Blissey
|-damage|p1a: Blissey|56/100
|-status|p1a: Blissey|brn
|
|-heal|p2a: Jirachi|100/100|[from] move: Wish|[wisher] Jirachi
|-weather|Sandstorm|[upkeep]
|-damage|p1a: Blissey|50/100 brn|[from] Sandstorm
|-heal|p1a: Blissey|56/100 brn|[from] item: Leftovers
|-damage|p1a: Blissey|44/100 brn|[from] brn
|upkeep
|turn|54
|inactive|salmonlad has 270 seconds left.
|
|t:|1728577083
|switch|p2a: Blissey|Blissey, F|100/100
|-damage|p2a: Blissey|88/100|[from] Spikes
|move|p1a: Blissey|Soft-Boiled|p1a: Blissey
|-heal|p1a: Blissey|94/100 brn
|
|-weather|Sandstorm|[upkeep]
|-damage|p1a: Blissey|88/100 brn|[from] Sandstorm
|-damage|p2a: Blissey|82/100|[from] Sandstorm
|-heal|p1a: Blissey|94/100 brn|[from] item: Leftovers
|-damage|p1a: Blissey|81/100 brn|[from] brn
|-heal|p2a: Blissey|88/100|[from] item: Leftovers
|upkeep
|turn|55
|
|t:|1728577087
|move|p1a: Blissey|Toxic|p2a: Blissey
|-status|p2a: Blissey|tox
|move|p2a: Blissey|Seismic Toss|p1a: Blissey
|-damage|p1a: Blissey|67/100 brn
|
|-weather|Sandstorm|[upkeep]
|-damage|p1a: Blissey|60/100 brn|[from] Sandstorm
|-damage|p2a: Blissey|82/100 tox|[from] Sandstorm
|-heal|p1a: Blissey|67/100 brn|[from] item: Leftovers
|-damage|p1a: Blissey|54/100 brn|[from] brn
|-heal|p2a: Blissey|88/100 tox|[from] item: Leftovers
|-damage|p2a: Blissey|82/100 tox|[from] psn
|upkeep
|turn|56
|
|t:|1728577093
|move|p1a: Blissey|Soft-Boiled|p1a: Blissey
|-heal|p1a: Blissey|100/100 brn
|move|p2a: Blissey|Seismic Toss|p1a: Blissey
|-damage|p1a: Blissey|86/100 brn
|
|-weather|Sandstorm|[upkeep]
|-damage|p1a: Blissey|79/100 brn|[from] Sandstorm
|-damage|p2a: Blissey|76/100 tox|[from] Sandstorm
|-heal|p1a: Blissey|86/100 brn|[from] item: Leftovers
|-damage|p1a: Blissey|73/100 brn|[from] brn
|-heal|p2a: Blissey|82/100 tox|[from] item: Leftovers
|-damage|p2a: Blissey|70/100 tox|[from] psn
|upkeep
|turn|57
|
|t:|1728577098
|-curestatus|p2a: Blissey|tox|[from] ability: Natural Cure
|switch|p2a: Aerodactyl|Aerodactyl, M|100/100
|move|p1a: Blissey|Wish|p1a: Blissey
|
|-weather|Sandstorm|[upkeep]
|-damage|p1a: Blissey|67/100 brn|[from] Sandstorm
|-heal|p1a: Blissey|73/100 brn|[from] item: Leftovers
|-damage|p1a: Blissey|61/100 brn|[from] brn
|upkeep
|turn|58
|
|t:|1728577107
|-curestatus|p1a: Blissey|brn|[from] ability: Natural Cure
|switch|p1a: Forretress|Forretress, F|100/100
|move|p2a: Aerodactyl|Rock Slide|p1a: Forretress
|-damage|p1a: Forretress|64/100
|
|-heal|p1a: Forretress|100/100|[from] move: Wish|[wisher] Blissey
|-weather|Sandstorm|[upkeep]
|upkeep
|turn|59
|
|t:|1728577118
|switch|p2a: Forretress|Forretress, M|100/100
|-damage|p2a: Forretress|88/100|[from] Spikes
|move|p1a: Forretress|Spikes|p2a: Forretress
|-sidestart|p2: salmonlad|Spikes
|
|-weather|Sandstorm|[upkeep]
|-heal|p2a: Forretress|94/100|[from] item: Leftovers
|upkeep
|turn|60
|inactive|salmonlad has 270 seconds left.
|
|t:|1728577157
|move|p2a: Forretress|Rapid Spin|p1a: Forretress
|-resisted|p1a: Forretress
|-damage|p1a: Forretress|99/100
|-sideend|p2: salmonlad|Spikes|[from] move: Rapid Spin|[of] p2a: Forretress
|move|p1a: Forretress|Spikes|p2a: Forretress
|-sidestart|p2: salmonlad|Spikes
|
|-weather|Sandstorm|[upkeep]
|-heal|p2a: Forretress|100/100|[from] item: Leftovers
|-heal|p1a: Forretress|100/100|[from] item: Leftovers
|upkeep
|turn|61
|
|t:|1728577161
|switch|p1a: Moltres|Moltres|76/100
|move|p2a: Forretress|Rapid Spin|p1a: Moltres
|-damage|p1a: Moltres|71/100
|-sideend|p2: salmonlad|Spikes|[from] move: Rapid Spin|[of] p2a: Forretress
|
|-weather|Sandstorm|[upkeep]
|-damage|p1a: Moltres|65/100|[from] Sandstorm
|-heal|p1a: Moltres|71/100|[from] item: Leftovers
|upkeep
|turn|62
|
|t:|1728577175
|switch|p2a: Blissey|Blissey, F|70/100
|move|p1a: Moltres|Will-O-Wisp|p2a: Blissey|[miss]
|-miss|p1a: Moltres|p2a: Blissey
|
|-weather|Sandstorm|[upkeep]
|-damage|p1a: Moltres|65/100|[from] Sandstorm
|-damage|p2a: Blissey|63/100|[from] Sandstorm
|-heal|p1a: Moltres|71/100|[from] item: Leftovers
|-heal|p2a: Blissey|70/100|[from] item: Leftovers
|upkeep
|turn|63
|
|t:|1728577183
|switch|p1a: Blissey|Blissey, F|61/100
|move|p2a: Blissey|Thunder Wave|p1a: Blissey
|-status|p1a: Blissey|par
|
|-weather|Sandstorm|[upkeep]
|-damage|p2a: Blissey|63/100|[from] Sandstorm
|-damage|p1a: Blissey|55/100 par|[from] Sandstorm
|-heal|p2a: Blissey|70/100|[from] item: Leftovers
|-heal|p1a: Blissey|61/100 par|[from] item: Leftovers
|upkeep
|turn|64
|
|t:|1728577201
|switch|p2a: Forretress|Forretress, M|100/100
|cant|p1a: Blissey|par
|
|-weather|Sandstorm|[upkeep]
|-damage|p1a: Blissey|55/100 par|[from] Sandstorm
|-heal|p1a: Blissey|61/100 par|[from] item: Leftovers
|upkeep
|turn|65
|
|t:|1728577206
|-curestatus|p1a: Blissey|par|[from] ability: Natural Cure
|switch|p1a: Forretress|Forretress, F|100/100
|move|p2a: Forretress|Spikes|p1a: Forretress
|-sidestart|p1: Elisy|Spikes
|
|-weather|Sandstorm|[upkeep]
|upkeep
|turn|66
|
|t:|1728577226
|switch|p2a: Jirachi|Jirachi|100/100
|move|p1a: Forretress|Rapid Spin|p2a: Jirachi
|-resisted|p2a: Jirachi
|-damage|p2a: Jirachi|99/100
|-sideend|p1: Elisy|Spikes|[from] move: Rapid Spin|[of] p1a: Forretress
|
|-weather|Sandstorm|[upkeep]
|-heal|p2a: Jirachi|100/100|[from] item: Leftovers
|upkeep
|turn|67
|
|t:|1728577230
|switch|p2a: Aerodactyl|Aerodactyl, M|100/100
|switch|p1a: Blissey|Blissey, F|61/100
|
|-weather|Sandstorm|[upkeep]
|-damage|p1a: Blissey|55/100|[from] Sandstorm
|-heal|p1a: Blissey|61/100|[from] item: Leftovers
|upkeep
|turn|68
|
|t:|1728577235
|switch|p1a: Forretress|Forretress, F|100/100
|move|p2a: Aerodactyl|Rock Slide|p1a: Forretress
|-crit|p1a: Forretress
|-damage|p1a: Forretress|31/100
|
|-weather|Sandstorm|[upkeep]
|-heal|p1a: Forretress|38/100|[from] item: Leftovers
|upkeep
|turn|69
|
|t:|1728577247
|move|p2a: Aerodactyl|Rock Slide|p1a: Forretress
|-damage|p1a: Forretress|0 fnt
|faint|p1a: Forretress
|
|t:|1728577257
|switch|p1a: Hariyama|Hariyama, F|64/100 tox
|
|-weather|Sandstorm|[upkeep]
|-damage|p1a: Hariyama|58/100 tox|[from] Sandstorm
|-heal|p1a: Hariyama|64/100 tox|[from] item: Leftovers
|-damage|p1a: Hariyama|58/100 tox|[from] psn
|upkeep
|turn|70
|
|t:|1728577269
|-singleturn|p1a: Hariyama|move: Focus Punch
|switch|p2a: Jirachi|Jirachi|100/100
|move|p1a: Hariyama|Focus Punch|p2a: Jirachi
|-damage|p2a: Jirachi|28/100
|
|-weather|Sandstorm|[upkeep]
|-damage|p1a: Hariyama|52/100 tox|[from] Sandstorm
|-heal|p2a: Jirachi|34/100|[from] item: Leftovers
|-heal|p1a: Hariyama|58/100 tox|[from] item: Leftovers
|-damage|p1a: Hariyama|46/100 tox|[from] psn
|upkeep
|turn|71
|
|t:|1728577276
|switch|p1a: Moltres|Moltres|71/100
|move|p2a: Jirachi|Protect||[still]
|-fail|p2a: Jirachi
|
|-weather|Sandstorm|[upkeep]
|-damage|p1a: Moltres|65/100|[from] Sandstorm
|-heal|p1a: Moltres|71/100|[from] item: Leftovers
|-heal|p2a: Jirachi|40/100|[from] item: Leftovers
|upkeep
|turn|72
|
|t:|1728577287
|move|p2a: Jirachi|Protect|p2a: Jirachi
|-singleturn|p2a: Jirachi|Protect
|move|p1a: Moltres|Flamethrower|p2a: Jirachi
|-activate|p2a: Jirachi|Protect
|
|-weather|Sandstorm|[upkeep]
|-damage|p1a: Moltres|65/100|[from] Sandstorm
|-heal|p1a: Moltres|71/100|[from] item: Leftovers
|-heal|p2a: Jirachi|46/100|[from] item: Leftovers
|upkeep
|turn|73
|
|t:|1728577291
|switch|p2a: Blissey|Blissey, F|70/100
|move|p1a: Moltres|Flamethrower|p2a: Blissey
|-damage|p2a: Blissey|50/100
|
|-weather|Sandstorm|[upkeep]
|-damage|p1a: Moltres|65/100|[from] Sandstorm
|-damage|p2a: Blissey|44/100|[from] Sandstorm
|-heal|p1a: Moltres|71/100|[from] item: Leftovers
|-heal|p2a: Blissey|50/100|[from] item: Leftovers
|upkeep
|turn|74
|
|t:|1728577295
|switch|p1a: Blissey|Blissey, F|61/100
|move|p2a: Blissey|Soft-Boiled|p2a: Blissey
|-heal|p2a: Blissey|99/100
|
|-weather|Sandstorm|[upkeep]
|-damage|p1a: Blissey|55/100|[from] Sandstorm
|-damage|p2a: Blissey|94/100|[from] Sandstorm
|-heal|p1a: Blissey|61/100|[from] item: Leftovers
|-heal|p2a: Blissey|99/100|[from] item: Leftovers
|upkeep
|turn|75
|
|t:|1728577300
|move|p1a: Blissey|Wish|p1a: Blissey
|move|p2a: Blissey|Thunder Wave|p1a: Blissey
|-status|p1a: Blissey|par
|
|-weather|Sandstorm|[upkeep]
|-damage|p2a: Blissey|94/100|[from] Sandstorm
|-damage|p1a: Blissey|55/100 par|[from] Sandstorm
|-heal|p2a: Blissey|99/100|[from] item: Leftovers
|-heal|p1a: Blissey|61/100 par|[from] item: Leftovers
|upkeep
|turn|76
|
|t:|1728577308
|switch|p2a: Forretress|Forretress, M|100/100
|-curestatus|p1a: Blissey|par|[from] ability: Natural Cure
|switch|p1a: Hariyama|Hariyama, F|46/100 tox
|
|-heal|p1a: Hariyama|96/100 tox|[from] move: Wish|[wisher] Blissey
|-weather|Sandstorm|[upkeep]
|-damage|p1a: Hariyama|90/100 tox|[from] Sandstorm
|-heal|p1a: Hariyama|96/100 tox|[from] item: Leftovers
|-damage|p1a: Hariyama|90/100 tox|[from] psn
|upkeep
|turn|77
|
|t:|1728577318
|switch|p1a: Tyranitar|Tyranitar, F|100/100
|move|p2a: Forretress|Spikes|p1a: Tyranitar
|-sidestart|p1: Elisy|Spikes
|
|-weather|Sandstorm|[upkeep]
|upkeep
|turn|78
|
|t:|1728577329
|move|p1a: Tyranitar|Fire Blast|p2a: Forretress
|-supereffective|p2a: Forretress
|-damage|p2a: Forretress|0 fnt
|faint|p2a: Forretress
|
|t:|1728577338
|switch|p2a: Blissey|Blissey, F|99/100
|
|-weather|Sandstorm|[upkeep]
|-damage|p2a: Blissey|94/100|[from] Sandstorm
|-heal|p2a: Blissey|99/100|[from] item: Leftovers
|upkeep
|turn|79
|
|t:|1728577348
|switch|p1a: Blissey|Blissey, F|61/100
|-damage|p1a: Blissey|48/100|[from] Spikes
|move|p2a: Blissey|Thunder Wave|p1a: Blissey
|-status|p1a: Blissey|par
|
|-weather|Sandstorm|[upkeep]
|-damage|p2a: Blissey|94/100|[from] Sandstorm
|-damage|p1a: Blissey|42/100 par|[from] Sandstorm
|-heal|p2a: Blissey|99/100|[from] item: Leftovers
|-heal|p1a: Blissey|48/100 par|[from] item: Leftovers
|upkeep
|turn|80
|
|t:|1728577368
|switch|p2a: Jirachi|Jirachi|46/100
|cant|p1a: Blissey|par
|
|-weather|Sandstorm|[upkeep]
|-damage|p1a: Blissey|42/100 par|[from] Sandstorm
|-heal|p2a: Jirachi|52/100|[from] item: Leftovers
|-heal|p1a: Blissey|48/100 par|[from] item: Leftovers
|upkeep
|turn|81
|
|t:|1728577393
|move|p2a: Jirachi|Wish|p2a: Jirachi
|move|p1a: Blissey|Soft-Boiled|p1a: Blissey
|-heal|p1a: Blissey|98/100 par
|
|-weather|Sandstorm|[upkeep]
|-damage|p1a: Blissey|92/100 par|[from] Sandstorm
|-heal|p2a: Jirachi|59/100|[from] item: Leftovers
|-heal|p1a: Blissey|98/100 par|[from] item: Leftovers
|upkeep
|turn|82
|
|t:|1728577401
|move|p2a: Jirachi|Fire Punch|p1a: Blissey
|-damage|p1a: Blissey|92/100 par
|cant|p1a: Blissey|par
|
|-heal|p2a: Jirachi|100/100|[from] move: Wish|[wisher] Jirachi
|-weather|Sandstorm|[upkeep]
|-damage|p1a: Blissey|86/100 par|[from] Sandstorm
|-heal|p1a: Blissey|92/100 par|[from] item: Leftovers
|upkeep
|turn|83
|inactive|salmonlad has 270 seconds left.
|
|t:|1728577425
|switch|p2a: Blissey|Blissey, F|99/100
|move|p1a: Blissey|Toxic|p2a: Blissey
|-status|p2a: Blissey|tox
|
|-weather|Sandstorm|[upkeep]
|-damage|p2a: Blissey|94/100 tox|[from] Sandstorm
|-damage|p1a: Blissey|86/100 par|[from] Sandstorm
|-heal|p2a: Blissey|99/100 tox|[from] item: Leftovers
|-damage|p2a: Blissey|94/100 tox|[from] psn
|-heal|p1a: Blissey|92/100 par|[from] item: Leftovers
|upkeep
|turn|84
|
|t:|1728577433
|move|p2a: Blissey|Seismic Toss|p1a: Blissey
|-damage|p1a: Blissey|77/100 par
|move|p1a: Blissey|Wish|p1a: Blissey
|
|-weather|Sandstorm|[upkeep]
|-damage|p2a: Blissey|88/100 tox|[from] Sandstorm
|-damage|p1a: Blissey|71/100 par|[from] Sandstorm
|-heal|p2a: Blissey|94/100 tox|[from] item: Leftovers
|-damage|p2a: Blissey|82/100 tox|[from] psn
|-heal|p1a: Blissey|77/100 par|[from] item: Leftovers
|upkeep
|turn|85
|
|t:|1728577442
|move|p2a: Blissey|Seismic Toss|p1a: Blissey
|-damage|p1a: Blissey|62/100 par
|move|p1a: Blissey|Toxic|p2a: Blissey
|-fail|p2a: Blissey|tox
|
|-heal|p1a: Blissey|100/100 par|[from] move: Wish|[wisher] Blissey
|-weather|Sandstorm|[upkeep]
|-damage|p2a: Blissey|76/100 tox|[from] Sandstorm
|-damage|p1a: Blissey|94/100 par|[from] Sandstorm
|-heal|p2a: Blissey|82/100 tox|[from] item: Leftovers
|-damage|p2a: Blissey|63/100 tox|[from] psn
|-heal|p1a: Blissey|100/100 par|[from] item: Leftovers
|upkeep
|turn|86
|
|t:|1728577453
|move|p2a: Blissey|Soft-Boiled|p2a: Blissey
|-heal|p2a: Blissey|100/100 tox
|move|p1a: Blissey|Toxic|p2a: Blissey
|-fail|p2a: Blissey|tox
|
|-weather|Sandstorm|[upkeep]
|-damage|p2a: Blissey|94/100 tox|[from] Sandstorm
|-damage|p1a: Blissey|94/100 par|[from] Sandstorm
|-heal|p2a: Blissey|100/100 tox|[from] item: Leftovers
|-damage|p2a: Blissey|76/100 tox|[from] psn
|-heal|p1a: Blissey|100/100 par|[from] item: Leftovers
|upkeep
|turn|87
|
|t:|1728577463
|-curestatus|p2a: Blissey|tox|[from] ability: Natural Cure
|switch|p2a: Jirachi|Jirachi|100/100
|move|p1a: Blissey|Wish|p1a: Blissey
|
|-weather|Sandstorm|[upkeep]
|-damage|p1a: Blissey|94/100 par|[from] Sandstorm
|-heal|p1a: Blissey|100/100 par|[from] item: Leftovers
|upkeep
|turn|88
|
|t:|1728577470
|switch|p2a: Blissey|Blissey, F|76/100
|-curestatus|p1a: Blissey|par|[from] ability: Natural Cure
|switch|p1a: Hariyama|Hariyama, F|90/100 tox
|-damage|p1a: Hariyama|77/100 tox|[from] Spikes
|
|-heal|p1a: Hariyama|100/100 tox|[from] move: Wish|[wisher] Blissey
|-weather|Sandstorm|[upkeep]
|-damage|p1a: Hariyama|94/100 tox|[from] Sandstorm
|-damage|p2a: Blissey|70/100|[from] Sandstorm
|-heal|p1a: Hariyama|100/100 tox|[from] item: Leftovers
|-damage|p1a: Hariyama|94/100 tox|[from] psn
|-heal|p2a: Blissey|76/100|[from] item: Leftovers
|upkeep
|turn|89
|
|t:|1728577482
|switch|p2a: Jirachi|Jirachi|100/100
|move|p1a: Hariyama|Cross Chop|p2a: Jirachi
|-damage|p2a: Jirachi|52/100
|
|-weather|Sandstorm|[upkeep]
|-damage|p1a: Hariyama|88/100 tox|[from] Sandstorm
|-heal|p2a: Jirachi|58/100|[from] item: Leftovers
|-heal|p1a: Hariyama|94/100 tox|[from] item: Leftovers
|-damage|p1a: Hariyama|82/100 tox|[from] psn
|upkeep
|turn|90
|
|t:|1728577494
|move|p2a: Jirachi|Fire Punch|p1a: Hariyama
|-damage|p1a: Hariyama|62/100 tox
|move|p1a: Hariyama|Knock Off|p2a: Jirachi
|-damage|p2a: Jirachi|56/100
|-enditem|p2a: Jirachi|Leftovers|[from] move: Knock Off|[of] p1a: Hariyama
|
|-weather|Sandstorm|[upkeep]
|-damage|p1a: Hariyama|56/100 tox|[from] Sandstorm
|-heal|p1a: Hariyama|62/100 tox|[from] item: Leftovers
|-damage|p1a: Hariyama|44/100 tox|[from] psn
|upkeep
|turn|91
|
|t:|1728577504
|switch|p1a: Blissey|Blissey, F|100/100
|-damage|p1a: Blissey|88/100|[from] Spikes
|move|p2a: Jirachi|Wish|p2a: Jirachi
|
|-weather|Sandstorm|[upkeep]
|-damage|p1a: Blissey|82/100|[from] Sandstorm
|-heal|p1a: Blissey|88/100|[from] item: Leftovers
|upkeep
|turn|92
|
|t:|1728577516
|move|p2a: Jirachi|Toxic|p1a: Blissey
|-status|p1a: Blissey|tox
|move|p1a: Blissey|Toxic|p2a: Jirachi
|-immune|p2a: Jirachi
|
|-heal|p2a: Jirachi|100/100|[from] move: Wish|[wisher] Jirachi
|-weather|Sandstorm|[upkeep]
|-damage|p1a: Blissey|82/100 tox|[from] Sandstorm
|-heal|p1a: Blissey|88/100 tox|[from] item: Leftovers
|-damage|p1a: Blissey|82/100 tox|[from] psn
|upkeep
|turn|93
|
|t:|1728577530
|switch|p2a: Blissey|Blissey, F|76/100
|move|p1a: Blissey|Wish|p1a: Blissey
|
|-weather|Sandstorm|[upkeep]
|-damage|p1a: Blissey|76/100 tox|[from] Sandstorm
|-damage|p2a: Blissey|70/100|[from] Sandstorm
|-heal|p1a: Blissey|82/100 tox|[from] item: Leftovers
|-damage|p1a: Blissey|70/100 tox|[from] psn
|-heal|p2a: Blissey|76/100|[from] item: Leftovers
|upkeep
|turn|94
|
|t:|1728577541
|switch|p2a: Jirachi|Jirachi|100/100
|move|p1a: Blissey|Toxic|p2a: Jirachi
|-immune|p2a: Jirachi
|
|-heal|p1a: Blissey|100/100 tox|[from] move: Wish|[wisher] Blissey
|-weather|Sandstorm|[upkeep]
|-damage|p1a: Blissey|94/100 tox|[from] Sandstorm
|-heal|p1a: Blissey|100/100 tox|[from] item: Leftovers
|-damage|p1a: Blissey|82/100 tox|[from] psn
|upkeep
|turn|95
|
|t:|1728577549
|switch|p2a: Aerodactyl|Aerodactyl, M|100/100
|-curestatus|p1a: Blissey|tox|[from] ability: Natural Cure
|switch|p1a: Moltres|Moltres|71/100
|
|-weather|Sandstorm|[upkeep]
|-damage|p1a: Moltres|65/100|[from] Sandstorm
|-heal|p1a: Moltres|71/100|[from] item: Leftovers
|upkeep
|turn|96
|
|t:|1728577572
|switch|p1a: Tyranitar|Tyranitar, F|100/100
|-damage|p1a: Tyranitar|88/100|[from] Spikes
|move|p2a: Aerodactyl|Rock Slide|p1a: Tyranitar|[miss]
|-miss|p2a: Aerodactyl|p1a: Tyranitar
|
|-weather|Sandstorm|[upkeep]
|-heal|p1a: Tyranitar|94/100|[from] item: Leftovers
|upkeep
|turn|97
|
|t:|1728577589
|switch|p2a: Blissey|Blissey, F|76/100
|move|p1a: Tyranitar|Crunch|p2a: Blissey
|-damage|p2a: Blissey|63/100
|
|-weather|Sandstorm|[upkeep]
|-damage|p2a: Blissey|57/100|[from] Sandstorm
|-heal|p1a: Tyranitar|100/100|[from] item: Leftovers
|-heal|p2a: Blissey|63/100|[from] item: Leftovers
|upkeep
|turn|98
|
|t:|1728577599
|switch|p1a: Blissey|Blissey, F|82/100
|-damage|p1a: Blissey|70/100|[from] Spikes
|move|p2a: Blissey|Soft-Boiled|p2a: Blissey
|-heal|p2a: Blissey|100/100
|
|-weather|Sandstorm|[upkeep]
|-damage|p1a: Blissey|64/100|[from] Sandstorm
|-damage|p2a: Blissey|94/100|[from] Sandstorm
|-heal|p1a: Blissey|70/100|[from] item: Leftovers
|-heal|p2a: Blissey|100/100|[from] item: Leftovers
|upkeep
|turn|99
|
|t:|1728577615
|switch|p2a: Jirachi|Jirachi|100/100
|move|p1a: Blissey|Wish|p1a: Blissey
|
|-weather|Sandstorm|[upkeep]
|-damage|p1a: Blissey|64/100|[from] Sandstorm
|-heal|p1a: Blissey|70/100|[from] item: Leftovers
|upkeep
|turn|100
|
|t:|1728577626
|switch|p1a: Hariyama|Hariyama, F|44/100 tox
|-damage|p1a: Hariyama|32/100 tox|[from] Spikes
|move|p2a: Jirachi|Toxic|p1a: Hariyama
|-fail|p1a: Hariyama|tox
|
|-heal|p1a: Hariyama|82/100 tox|[from] move: Wish|[wisher] Blissey
|-weather|Sandstorm|[upkeep]
|-damage|p1a: Hariyama|76/100 tox|[from] Sandstorm
|-heal|p1a: Hariyama|82/100 tox|[from] item: Leftovers
|-damage|p1a: Hariyama|76/100 tox|[from] psn
|upkeep
|turn|101
|
|t:|1728577646
|switch|p1a: Moltres|Moltres|71/100
|move|p2a: Jirachi|Protect||[still]
|-fail|p2a: Jirachi
|
|-weather|Sandstorm|[upkeep]
|-damage|p1a: Moltres|65/100|[from] Sandstorm
|-heal|p1a: Moltres|71/100|[from] item: Leftovers
|upkeep
|turn|102
|
|t:|1728577655
|switch|p2a: Blissey|Blissey, F|100/100
|move|p1a: Moltres|Flamethrower|p2a: Blissey
|-damage|p2a: Blissey|80/100
|
|-weather|Sandstorm|[upkeep]
|-damage|p1a: Moltres|65/100|[from] Sandstorm
|-damage|p2a: Blissey|74/100|[from] Sandstorm
|-heal|p1a: Moltres|71/100|[from] item: Leftovers
|-heal|p2a: Blissey|80/100|[from] item: Leftovers
|upkeep
|turn|103
|
|t:|1728577669
|switch|p1a: Blissey|Blissey, F|70/100
|-damage|p1a: Blissey|57/100|[from] Spikes
|move|p2a: Blissey|Thunder Wave|p1a: Blissey
|-status|p1a: Blissey|par
|
|-weather|Sandstorm|[upkeep]
|-damage|p2a: Blissey|74/100|[from] Sandstorm
|-damage|p1a: Blissey|51/100 par|[from] Sandstorm
|-heal|p2a: Blissey|80/100|[from] item: Leftovers
|-heal|p1a: Blissey|57/100 par|[from] item: Leftovers
|upkeep
|turn|104
|
|t:|1728577674
|switch|p2a: Jirachi|Jirachi|100/100
|cant|p1a: Blissey|par
|
|-weather|Sandstorm|[upkeep]
|-damage|p1a: Blissey|51/100 par|[from] Sandstorm
|-heal|p1a: Blissey|57/100 par|[from] item: Leftovers
|upkeep
|turn|105
|
|t:|1728577682
|switch|p2a: Blissey|Blissey, F|80/100
|move|p1a: Blissey|Soft-Boiled|p1a: Blissey
|-heal|p1a: Blissey|100/100 par
|
|-weather|Sandstorm|[upkeep]
|-damage|p2a: Blissey|74/100|[from] Sandstorm
|-damage|p1a: Blissey|94/100 par|[from] Sandstorm
|-heal|p2a: Blissey|80/100|[from] item: Leftovers
|-heal|p1a: Blissey|100/100 par|[from] item: Leftovers
|upkeep
|turn|106
|
|t:|1728577691
|switch|p2a: Jirachi|Jirachi|100/100
|move|p1a: Blissey|Toxic|p2a: Jirachi
|-immune|p2a: Jirachi
|
|-weather|Sandstorm|[upkeep]
|-damage|p1a: Blissey|94/100 par|[from] Sandstorm
|-heal|p1a: Blissey|100/100 par|[from] item: Leftovers
|upkeep
|turn|107
|
|t:|1728577695
|switch|p2a: Blissey|Blissey, F|80/100
|move|p1a: Blissey|Toxic|p2a: Blissey|[miss]
|-miss|p1a: Blissey|p2a: Blissey
|
|-weather|Sandstorm|[upkeep]
|-damage|p2a: Blissey|74/100|[from] Sandstorm
|-damage|p1a: Blissey|94/100 par|[from] Sandstorm
|-heal|p2a: Blissey|80/100|[from] item: Leftovers
|-heal|p1a: Blissey|100/100 par|[from] item: Leftovers
|upkeep
|turn|108
|
|t:|1728577702
|switch|p2a: Jirachi|Jirachi|100/100
|move|p1a: Blissey|Seismic Toss|p2a: Jirachi
|-damage|p2a: Jirachi|76/100
|
|-weather|Sandstorm|[upkeep]
|-damage|p1a: Blissey|94/100 par|[from] Sandstorm
|-heal|p1a: Blissey|100/100 par|[from] item: Leftovers
|upkeep
|turn|109
|
|t:|1728577715
|switch|p2a: Blissey|Blissey, F|80/100
|move|p1a: Blissey|Toxic|p2a: Blissey
|-status|p2a: Blissey|tox
|
|-weather|Sandstorm|[upkeep]
|-damage|p2a: Blissey|74/100 tox|[from] Sandstorm
|-damage|p1a: Blissey|94/100 par|[from] Sandstorm
|-heal|p2a: Blissey|80/100 tox|[from] item: Leftovers
|-damage|p2a: Blissey|74/100 tox|[from] psn
|-heal|p1a: Blissey|100/100 par|[from] item: Leftovers
|upkeep
|turn|110
|
|t:|1728577730
|-curestatus|p2a: Blissey|tox|[from] ability: Natural Cure
|switch|p2a: Jirachi|Jirachi|76/100
|move|p1a: Blissey|Seismic Toss|p2a: Jirachi
|-damage|p2a: Jirachi|51/100
|
|-weather|Sandstorm|[upkeep]
|-damage|p1a: Blissey|94/100 par|[from] Sandstorm
|-heal|p1a: Blissey|100/100 par|[from] item: Leftovers
|upkeep
|turn|111
|
|t:|1728577742
|-curestatus|p1a: Blissey|par|[from] ability: Natural Cure
|switch|p1a: Moltres|Moltres|71/100
|move|p2a: Jirachi|Wish|p2a: Jirachi
|
|-weather|Sandstorm|[upkeep]
|-damage|p1a: Moltres|65/100|[from] Sandstorm
|-heal|p1a: Moltres|71/100|[from] item: Leftovers
|upkeep
|turn|112
|
|t:|1728577750
|move|p2a: Jirachi|Protect|p2a: Jirachi
|-singleturn|p2a: Jirachi|Protect
|move|p1a: Moltres|Will-O-Wisp|p2a: Jirachi
|-activate|p2a: Jirachi|Protect
|
|-heal|p2a: Jirachi|100/100|[from] move: Wish|[wisher] Jirachi
|-weather|Sandstorm|[upkeep]
|-damage|p1a: Moltres|65/100|[from] Sandstorm
|-heal|p1a: Moltres|71/100|[from] item: Leftovers
|upkeep
|turn|113
|
|t:|1728577756
|switch|p2a: Blissey|Blissey, F|74/100
|move|p1a: Moltres|Flamethrower|p2a: Blissey
|-crit|p2a: Blissey
|-damage|p2a: Blissey|37/100
|
|-weather|Sandstorm|[upkeep]
|-damage|p1a: Moltres|65/100|[from] Sandstorm
|-damage|p2a: Blissey|31/100|[from] Sandstorm
|-heal|p1a: Moltres|71/100|[from] item: Leftovers
|-heal|p2a: Blissey|37/100|[from] item: Leftovers
|upkeep
|turn|114
|
|t:|1728577774
|switch|p1a: Hariyama|Hariyama, F|76/100 tox
|-damage|p1a: Hariyama|63/100 tox|[from] Spikes
|move|p2a: Blissey|Soft-Boiled|p2a: Blissey
|-heal|p2a: Blissey|87/100
|
|-weather|Sandstorm|[upkeep]
|-damage|p1a: Hariyama|57/100 tox|[from] Sandstorm
|-damage|p2a: Blissey|81/100|[from] Sandstorm
|-heal|p1a: Hariyama|63/100 tox|[from] item: Leftovers
|-damage|p1a: Hariyama|57/100 tox|[from] psn
|-heal|p2a: Blissey|87/100|[from] item: Leftovers
|upkeep
|turn|115
|
|t:|1728577779
|-singleturn|p1a: Hariyama|move: Focus Punch
|switch|p2a: Jirachi|Jirachi|100/100
|move|p1a: Hariyama|Focus Punch|p2a: Jirachi
|-damage|p2a: Jirachi|28/100
|
|-weather|Sandstorm|[upkeep]
|-damage|p1a: Hariyama|51/100 tox|[from] Sandstorm
|-heal|p1a: Hariyama|57/100 tox|[from] item: Leftovers
|-damage|p1a: Hariyama|45/100 tox|[from] psn
|upkeep
|turn|116
|
|t:|1728577787
|switch|p1a: Tyranitar|Tyranitar, F|100/100
|-damage|p1a: Tyranitar|88/100|[from] Spikes
|move|p2a: Jirachi|Wish|p2a: Jirachi
|
|-weather|Sandstorm|[upkeep]
|-heal|p1a: Tyranitar|94/100|[from] item: Leftovers
|upkeep
|turn|117
|
|t:|1728577804
|switch|p1a: Blissey|Blissey, F|100/100
|-damage|p1a: Blissey|88/100|[from] Spikes
|move|p2a: Jirachi|Protect||[still]
|-fail|p2a: Jirachi
|
|-heal|p2a: Jirachi|78/100|[from] move: Wish|[wisher] Jirachi
|-weather|Sandstorm|[upkeep]
|-damage|p1a: Blissey|82/100|[from] Sandstorm
|-heal|p1a: Blissey|88/100|[from] item: Leftovers
|upkeep
|turn|118
|
|t:|1728577811
|move|p2a: Jirachi|Toxic|p1a: Blissey
|-status|p1a: Blissey|tox
|move|p1a: Blissey|Wish|p1a: Blissey
|
|-weather|Sandstorm|[upkeep]
|-damage|p1a: Blissey|82/100 tox|[from] Sandstorm
|-heal|p1a: Blissey|88/100 tox|[from] item: Leftovers
|-damage|p1a: Blissey|82/100 tox|[from] psn
|upkeep
|turn|119
|
|t:|1728577822
|-curestatus|p1a: Blissey|tox|[from] ability: Natural Cure
|switch|p1a: Hariyama|Hariyama, F|45/100 tox
|-damage|p1a: Hariyama|33/100 tox|[from] Spikes
|move|p2a: Jirachi|Toxic|p1a: Hariyama
|-fail|p1a: Hariyama|tox
|
|-heal|p1a: Hariyama|83/100 tox|[from] move: Wish|[wisher] Blissey
|-weather|Sandstorm|[upkeep]
|-damage|p1a: Hariyama|76/100 tox|[from] Sandstorm
|-heal|p1a: Hariyama|83/100 tox|[from] item: Leftovers
|-damage|p1a: Hariyama|76/100 tox|[from] psn
|upkeep
|turn|120
|
|t:|1728577837
|move|p2a: Jirachi|Fire Punch|p1a: Hariyama
|-damage|p1a: Hariyama|56/100 tox
|move|p1a: Hariyama|Knock Off|p2a: Jirachi
|-damage|p2a: Jirachi|77/100
|
|-weather|Sandstorm|[upkeep]
|-damage|p1a: Hariyama|50/100 tox|[from] Sandstorm
|-heal|p1a: Hariyama|56/100 tox|[from] item: Leftovers
|-damage|p1a: Hariyama|44/100 tox|[from] psn
|upkeep
|turn|121
|
|t:|1728577844
|switch|p1a: Blissey|Blissey, F|82/100
|-damage|p1a: Blissey|70/100|[from] Spikes
|move|p2a: Jirachi|Fire Punch|p1a: Blissey
|-damage|p1a: Blissey|63/100
|
|-weather|Sandstorm|[upkeep]
|-damage|p1a: Blissey|57/100|[from] Sandstorm
|-heal|p1a: Blissey|63/100|[from] item: Leftovers
|upkeep
|turn|122
|
|t:|1728577855
|move|p2a: Jirachi|Toxic|p1a: Blissey
|-status|p1a: Blissey|tox
|move|p1a: Blissey|Soft-Boiled|p1a: Blissey
|-heal|p1a: Blissey|100/100 tox
|
|-weather|Sandstorm|[upkeep]
|-damage|p1a: Blissey|94/100 tox|[from] Sandstorm
|-heal|p1a: Blissey|100/100 tox|[from] item: Leftovers
|-damage|p1a: Blissey|94/100 tox|[from] psn
|upkeep
|turn|123
|
|t:|1728577861
|switch|p2a: Blissey|Blissey, F|87/100
|move|p1a: Blissey|Wish|p1a: Blissey
|
|-weather|Sandstorm|[upkeep]
|-damage|p1a: Blissey|88/100 tox|[from] Sandstorm
|-damage|p2a: Blissey|81/100|[from] Sandstorm
|-heal|p1a: Blissey|94/100 tox|[from] item: Leftovers
|-damage|p1a: Blissey|82/100 tox|[from] psn
|-heal|p2a: Blissey|87/100|[from] item: Leftovers
|upkeep
|turn|124
|
|t:|1728577865
|-curestatus|p1a: Blissey|tox|[from] ability: Natural Cure
|switch|p1a: Hariyama|Hariyama, F|44/100 tox
|-damage|p1a: Hariyama|32/100 tox|[from] Spikes
|move|p2a: Blissey|Seismic Toss|p1a: Hariyama
|-damage|p1a: Hariyama|9/100 tox
|
|-heal|p1a: Hariyama|59/100 tox|[from] move: Wish|[wisher] Blissey
|-weather|Sandstorm|[upkeep]
|-damage|p1a: Hariyama|52/100 tox|[from] Sandstorm
|-damage|p2a: Blissey|81/100|[from] Sandstorm
|-heal|p1a: Hariyama|59/100 tox|[from] item: Leftovers
|-damage|p1a: Hariyama|52/100 tox|[from] psn
|-heal|p2a: Blissey|87/100|[from] item: Leftovers
|upkeep
|turn|125
|inactive|salmonlad has 270 seconds left.
|c|☆Elisy|/log Elisy made the replay of this battle unlisted.
|inactive|salmonlad has 240 seconds left.
|
|t:|1728577938
|switch|p2a: Jirachi|Jirachi|77/100
|move|p1a: Hariyama|Cross Chop|p2a: Jirachi
|-damage|p2a: Jirachi|34/100
|
|-weather|Sandstorm|[upkeep]
|-damage|p1a: Hariyama|46/100 tox|[from] Sandstorm
|-heal|p1a: Hariyama|52/100 tox|[from] item: Leftovers
|-damage|p1a: Hariyama|40/100 tox|[from] psn
|upkeep
|turn|126
|
|t:|1728577945
|move|p2a: Jirachi|Protect|p2a: Jirachi
|-singleturn|p2a: Jirachi|Protect
|move|p1a: Hariyama|Cross Chop|p2a: Jirachi
|-activate|p2a: Jirachi|Protect
|
|-weather|Sandstorm|[upkeep]
|-damage|p1a: Hariyama|34/100 tox|[from] Sandstorm
|-heal|p1a: Hariyama|40/100 tox|[from] item: Leftovers
|-damage|p1a: Hariyama|22/100 tox|[from] psn
|upkeep
|turn|127
|
|t:|1728577957
|move|p2a: Jirachi|Wish|p2a: Jirachi
|move|p1a: Hariyama|Cross Chop|p2a: Jirachi|[miss]
|-miss|p1a: Hariyama|p2a: Jirachi
|
|-weather|Sandstorm|[upkeep]
|-damage|p1a: Hariyama|16/100 tox|[from] Sandstorm
|-heal|p1a: Hariyama|22/100 tox|[from] item: Leftovers
|-damage|p1a: Hariyama|0 fnt|[from] psn
|faint|p1a: Hariyama
|upkeep
|
|t:|1728577970
|switch|p1a: Moltres|Moltres|71/100
|turn|128
|
|t:|1728577981
|move|p2a: Jirachi|Protect|p2a: Jirachi
|-singleturn|p2a: Jirachi|Protect
|move|p1a: Moltres|Flamethrower|p2a: Jirachi
|-activate|p2a: Jirachi|Protect
|
|-heal|p2a: Jirachi|84/100|[from] move: Wish|[wisher] Jirachi
|-weather|Sandstorm|[upkeep]
|-damage|p1a: Moltres|65/100|[from] Sandstorm
|-heal|p1a: Moltres|71/100|[from] item: Leftovers
|upkeep
|turn|129
|
|t:|1728577991
|switch|p2a: Blissey|Blissey, F|87/100
|move|p1a: Moltres|Will-O-Wisp|p2a: Blissey
|-status|p2a: Blissey|brn
|
|-weather|Sandstorm|[upkeep]
|-damage|p1a: Moltres|65/100|[from] Sandstorm
|-damage|p2a: Blissey|81/100 brn|[from] Sandstorm
|-heal|p1a: Moltres|71/100|[from] item: Leftovers
|-heal|p2a: Blissey|87/100 brn|[from] item: Leftovers
|-damage|p2a: Blissey|75/100 brn|[from] brn
|upkeep
|turn|130
|inactive|salmonlad has 270 seconds left.
|
|t:|1728578005
|switch|p1a: Blissey|Blissey, F|82/100
|-damage|p1a: Blissey|70/100|[from] Spikes
|move|p2a: Blissey|Thunder Wave|p1a: Blissey
|-status|p1a: Blissey|par
|
|-weather|Sandstorm|[upkeep]
|-damage|p2a: Blissey|68/100 brn|[from] Sandstorm
|-damage|p1a: Blissey|64/100 par|[from] Sandstorm
|-heal|p2a: Blissey|75/100 brn|[from] item: Leftovers
|-damage|p2a: Blissey|62/100 brn|[from] brn
|-heal|p1a: Blissey|70/100 par|[from] item: Leftovers
|upkeep
|turn|131
|
|t:|1728578009
|move|p2a: Blissey|Soft-Boiled|p2a: Blissey
|-heal|p2a: Blissey|100/100 brn
|move|p1a: Blissey|Seismic Toss|p2a: Blissey
|-damage|p2a: Blissey|86/100 brn
|
|-weather|Sandstorm|[upkeep]
|-damage|p2a: Blissey|80/100 brn|[from] Sandstorm
|-damage|p1a: Blissey|64/100 par|[from] Sandstorm
|-heal|p2a: Blissey|86/100 brn|[from] item: Leftovers
|-damage|p2a: Blissey|74/100 brn|[from] brn
|-heal|p1a: Blissey|70/100 par|[from] item: Leftovers
|upkeep
|turn|132
|
|t:|1728578020
|-curestatus|p2a: Blissey|brn|[from] ability: Natural Cure
|switch|p2a: Jirachi|Jirachi|84/100
|move|p1a: Blissey|Seismic Toss|p2a: Jirachi
|-damage|p2a: Jirachi|59/100
|
|-weather|Sandstorm|[upkeep]
|-damage|p1a: Blissey|64/100 par|[from] Sandstorm
|-heal|p1a: Blissey|70/100 par|[from] item: Leftovers
|upkeep
|turn|133
|
|t:|1728578026
|move|p2a: Jirachi|Wish|p2a: Jirachi
|move|p1a: Blissey|Seismic Toss|p2a: Jirachi
|-damage|p2a: Jirachi|35/100
|
|-weather|Sandstorm|[upkeep]
|-damage|p1a: Blissey|64/100 par|[from] Sandstorm
|-heal|p1a: Blissey|70/100 par|[from] item: Leftovers
|upkeep
|turn|134
|
|t:|1728578031
|move|p2a: Jirachi|Fire Punch|p1a: Blissey
|-damage|p1a: Blissey|63/100 par
|move|p1a: Blissey|Soft-Boiled|p1a: Blissey
|-heal|p1a: Blissey|100/100 par
|
|-heal|p2a: Jirachi|85/100|[from] move: Wish|[wisher] Jirachi
|-weather|Sandstorm|[upkeep]
|-damage|p1a: Blissey|94/100 par|[from] Sandstorm
|-heal|p1a: Blissey|100/100 par|[from] item: Leftovers
|upkeep
|turn|135
|
|t:|1728578044
|switch|p2a: Blissey|Blissey, F|74/100
|move|p1a: Blissey|Toxic|p2a: Blissey
|-status|p2a: Blissey|tox
|
|-weather|Sandstorm|[upkeep]
|-damage|p2a: Blissey|68/100 tox|[from] Sandstorm
|-damage|p1a: Blissey|94/100 par|[from] Sandstorm
|-heal|p2a: Blissey|74/100 tox|[from] item: Leftovers
|-damage|p2a: Blissey|68/100 tox|[from] psn
|-heal|p1a: Blissey|100/100 par|[from] item: Leftovers
|upkeep
|turn|136
|
|t:|1728578048
|-curestatus|p2a: Blissey|tox|[from] ability: Natural Cure
|switch|p2a: Jirachi|Jirachi|85/100
|-curestatus|p1a: Blissey|par|[from] ability: Natural Cure
|switch|p1a: Tyranitar|Tyranitar, F|94/100
|-damage|p1a: Tyranitar|82/100|[from] Spikes
|
|-weather|Sandstorm|[upkeep]
|-heal|p1a: Tyranitar|88/100|[from] item: Leftovers
|upkeep
|turn|137
|
|t:|1728578054
|move|p2a: Jirachi|Toxic|p1a: Tyranitar
|-status|p1a: Tyranitar|tox
|move|p1a: Tyranitar|Fire Blast|p2a: Jirachi|[miss]
|-miss|p1a: Tyranitar|p2a: Jirachi
|
|-weather|Sandstorm|[upkeep]
|-heal|p1a: Tyranitar|94/100 tox|[from] item: Leftovers
|-damage|p1a: Tyranitar|88/100 tox|[from] psn
|upkeep
|turn|138
|
|t:|1728578063
|switch|p2a: Blissey|Blissey, F|68/100
|switch|p1a: Blissey|Blissey, F|100/100
|-damage|p1a: Blissey|88/100|[from] Spikes
|
|-weather|Sandstorm|[upkeep]
|-damage|p1a: Blissey|82/100|[from] Sandstorm
|-damage|p2a: Blissey|62/100|[from] Sandstorm
|-heal|p1a: Blissey|88/100|[from] item: Leftovers
|-heal|p2a: Blissey|68/100|[from] item: Leftovers
|upkeep
|turn|139
|
|t:|1728578067
|switch|p2a: Jirachi|Jirachi|85/100
|move|p1a: Blissey|Seismic Toss|p2a: Jirachi
|-damage|p2a: Jirachi|60/100
|
|-weather|Sandstorm|[upkeep]
|-damage|p1a: Blissey|82/100|[from] Sandstorm
|-heal|p1a: Blissey|88/100|[from] item: Leftovers
|upkeep
|turn|140
|
|t:|1728578070
|move|p2a: Jirachi|Wish|p2a: Jirachi
|move|p1a: Blissey|Seismic Toss|p2a: Jirachi
|-damage|p2a: Jirachi|35/100
|
|-weather|Sandstorm|[upkeep]
|-damage|p1a: Blissey|82/100|[from] Sandstorm
|-heal|p1a: Blissey|88/100|[from] item: Leftovers
|upkeep
|turn|141
|
|t:|1728578073
|switch|p1a: Moltres|Moltres|71/100
|move|p2a: Jirachi|Toxic|p1a: Moltres
|-status|p1a: Moltres|tox
|
|-heal|p2a: Jirachi|85/100|[from] move: Wish|[wisher] Jirachi
|-weather|Sandstorm|[upkeep]
|-damage|p1a: Moltres|65/100 tox|[from] Sandstorm
|-heal|p1a: Moltres|71/100 tox|[from] item: Leftovers
|-damage|p1a: Moltres|65/100 tox|[from] psn
|upkeep
|turn|142
|
|t:|1728578082
|switch|p1a: Blissey|Blissey, F|88/100
|-damage|p1a: Blissey|76/100|[from] Spikes
|switch|p2a: Blissey|Blissey, F|68/100
|
|-weather|Sandstorm|[upkeep]
|-damage|p1a: Blissey|70/100|[from] Sandstorm
|-damage|p2a: Blissey|62/100|[from] Sandstorm
|-heal|p1a: Blissey|76/100|[from] item: Leftovers
|-heal|p2a: Blissey|68/100|[from] item: Leftovers
|upkeep
|turn|143
|
|t:|1728578088
|switch|p2a: Jirachi|Jirachi|85/100
|move|p1a: Blissey|Toxic|p2a: Jirachi
|-immune|p2a: Jirachi
|
|-weather|Sandstorm|[upkeep]
|-damage|p1a: Blissey|70/100|[from] Sandstorm
|-heal|p1a: Blissey|76/100|[from] item: Leftovers
|upkeep
|turn|144
|
|t:|1728578090
|switch|p2a: Blissey|Blissey, F|68/100
|move|p1a: Blissey|Seismic Toss|p2a: Blissey
|-damage|p2a: Blissey|54/100
|
|-weather|Sandstorm|[upkeep]
|-damage|p1a: Blissey|70/100|[from] Sandstorm
|-damage|p2a: Blissey|48/100|[from] Sandstorm
|-heal|p1a: Blissey|76/100|[from] item: Leftovers
|-heal|p2a: Blissey|54/100|[from] item: Leftovers
|upkeep
|turn|145
|
|t:|1728578093
|move|p1a: Blissey|Seismic Toss|p2a: Blissey
|-damage|p2a: Blissey|40/100
|move|p2a: Blissey|Soft-Boiled|p2a: Blissey
|-heal|p2a: Blissey|90/100
|
|-weather|Sandstorm|[upkeep]
|-damage|p1a: Blissey|70/100|[from] Sandstorm
|-damage|p2a: Blissey|84/100|[from] Sandstorm
|-heal|p1a: Blissey|76/100|[from] item: Leftovers
|-heal|p2a: Blissey|90/100|[from] item: Leftovers
|upkeep
|turn|146
|
|t:|1728578096
|switch|p2a: Jirachi|Jirachi|85/100
|move|p1a: Blissey|Seismic Toss|p2a: Jirachi
|-damage|p2a: Jirachi|60/100
|
|-weather|Sandstorm|[upkeep]
|-damage|p1a: Blissey|70/100|[from] Sandstorm
|-heal|p1a: Blissey|76/100|[from] item: Leftovers
|upkeep
|turn|147
|
|t:|1728578099
|switch|p2a: Blissey|Blissey, F|90/100
|move|p1a: Blissey|Seismic Toss|p2a: Blissey
|-damage|p2a: Blissey|76/100
|
|-weather|Sandstorm|[upkeep]
|-damage|p1a: Blissey|70/100|[from] Sandstorm
|-damage|p2a: Blissey|70/100|[from] Sandstorm
|-heal|p1a: Blissey|76/100|[from] item: Leftovers
|-heal|p2a: Blissey|76/100|[from] item: Leftovers
|upkeep
|turn|148
|
|t:|1728578101
|switch|p2a: Jirachi|Jirachi|60/100
|move|p1a: Blissey|Seismic Toss|p2a: Jirachi
|-damage|p2a: Jirachi|36/100
|
|-weather|Sandstorm|[upkeep]
|-damage|p1a: Blissey|70/100|[from] Sandstorm
|-heal|p1a: Blissey|76/100|[from] item: Leftovers
|upkeep
|turn|149
|
|t:|1728578105
|switch|p1a: Moltres|Moltres|65/100 tox
|move|p2a: Jirachi|Wish|p2a: Jirachi
|
|-weather|Sandstorm|[upkeep]
|-damage|p1a: Moltres|59/100 tox|[from] Sandstorm
|-heal|p1a: Moltres|65/100 tox|[from] item: Leftovers
|-damage|p1a: Moltres|59/100 tox|[from] psn
|upkeep
|turn|150
|
|t:|1728578108
|switch|p1a: Blissey|Blissey, F|76/100
|-damage|p1a: Blissey|63/100|[from] Spikes
|move|p2a: Jirachi|Protect||[still]
|-fail|p2a: Jirachi
|
|-heal|p2a: Jirachi|86/100|[from] move: Wish|[wisher] Jirachi
|-weather|Sandstorm|[upkeep]
|-damage|p1a: Blissey|57/100|[from] Sandstorm
|-heal|p1a: Blissey|63/100|[from] item: Leftovers
|upkeep
|turn|151
|
|t:|1728578112
|switch|p2a: Blissey|Blissey, F|76/100
|move|p1a: Blissey|Soft-Boiled|p1a: Blissey
|-heal|p1a: Blissey|100/100
|
|-weather|Sandstorm|[upkeep]
|-damage|p1a: Blissey|94/100|[from] Sandstorm
|-damage|p2a: Blissey|70/100|[from] Sandstorm
|-heal|p1a: Blissey|100/100|[from] item: Leftovers
|-heal|p2a: Blissey|76/100|[from] item: Leftovers
|upkeep
|turn|152
|
|t:|1728578116
|switch|p2a: Jirachi|Jirachi|86/100
|move|p1a: Blissey|Toxic|p2a: Jirachi
|-immune|p2a: Jirachi
|
|-weather|Sandstorm|[upkeep]
|-damage|p1a: Blissey|94/100|[from] Sandstorm
|-heal|p1a: Blissey|100/100|[from] item: Leftovers
|upkeep
|turn|153
|
|t:|1728578121
|switch|p2a: Blissey|Blissey, F|76/100
|move|p1a: Blissey|Seismic Toss|p2a: Blissey
|-damage|p2a: Blissey|62/100
|
|-weather|Sandstorm|[upkeep]
|-damage|p1a: Blissey|94/100|[from] Sandstorm
|-damage|p2a: Blissey|56/100|[from] Sandstorm
|-heal|p1a: Blissey|100/100|[from] item: Leftovers
|-heal|p2a: Blissey|62/100|[from] item: Leftovers
|upkeep
|turn|154
|
|t:|1728578123
|switch|p2a: Jirachi|Jirachi|86/100
|move|p1a: Blissey|Seismic Toss|p2a: Jirachi
|-damage|p2a: Jirachi|61/100
|
|-weather|Sandstorm|[upkeep]
|-damage|p1a: Blissey|94/100|[from] Sandstorm
|-heal|p1a: Blissey|100/100|[from] item: Leftovers
|upkeep
|turn|155
|
|t:|1728578125
|move|p2a: Jirachi|Toxic|p1a: Blissey
|-status|p1a: Blissey|tox
|move|p1a: Blissey|Seismic Toss|p2a: Jirachi
|-damage|p2a: Jirachi|36/100
|
|-weather|Sandstorm|[upkeep]
|-damage|p1a: Blissey|94/100 tox|[from] Sandstorm
|-heal|p1a: Blissey|100/100 tox|[from] item: Leftovers
|-damage|p1a: Blissey|94/100 tox|[from] psn
|upkeep
|turn|156
|
|t:|1728578128
|move|p2a: Jirachi|Wish|p2a: Jirachi
|move|p1a: Blissey|Seismic Toss|p2a: Jirachi
|-damage|p2a: Jirachi|11/100
|
|-weather|Sandstorm|[upkeep]
|-damage|p1a: Blissey|88/100 tox|[from] Sandstorm
|-heal|p1a: Blissey|94/100 tox|[from] item: Leftovers
|-damage|p1a: Blissey|82/100 tox|[from] psn
|upkeep
|turn|157
|
|t:|1728578132
|-curestatus|p1a: Blissey|tox|[from] ability: Natural Cure
|switch|p1a: Moltres|Moltres|59/100 tox
|move|p2a: Jirachi|Protect||[still]
|-fail|p2a: Jirachi
|
|-heal|p2a: Jirachi|61/100|[from] move: Wish|[wisher] Jirachi
|-weather|Sandstorm|[upkeep]
|-damage|p1a: Moltres|52/100 tox|[from] Sandstorm
|-heal|p1a: Moltres|59/100 tox|[from] item: Leftovers
|-damage|p1a: Moltres|52/100 tox|[from] psn
|upkeep
|turn|158
|
|t:|1728578136
|switch|p1a: Blissey|Blissey, F|82/100
|-damage|p1a: Blissey|70/100|[from] Spikes
|switch|p2a: Blissey|Blissey, F|62/100
|
|-weather|Sandstorm|[upkeep]
|-damage|p1a: Blissey|64/100|[from] Sandstorm
|-damage|p2a: Blissey|56/100|[from] Sandstorm
|-heal|p1a: Blissey|70/100|[from] item: Leftovers
|-heal|p2a: Blissey|62/100|[from] item: Leftovers
|upkeep
|turn|159
|
|t:|1728578144
|move|p1a: Blissey|Wish|p1a: Blissey
|move|p2a: Blissey|Seismic Toss|p1a: Blissey
|-damage|p1a: Blissey|55/100
|
|-weather|Sandstorm|[upkeep]
|-damage|p1a: Blissey|49/100|[from] Sandstorm
|-damage|p2a: Blissey|56/100|[from] Sandstorm
|-heal|p1a: Blissey|55/100|[from] item: Leftovers
|-heal|p2a: Blissey|62/100|[from] item: Leftovers
|upkeep
|turn|160
|
|t:|1728578147
|move|p1a: Blissey|Toxic|p2a: Blissey
|-status|p2a: Blissey|tox
|move|p2a: Blissey|Thunder Wave|p1a: Blissey
|-status|p1a: Blissey|par
|
|-heal|p1a: Blissey|100/100 par|[from] move: Wish|[wisher] Blissey
|-weather|Sandstorm|[upkeep]
|-damage|p2a: Blissey|56/100 tox|[from] Sandstorm
|-damage|p1a: Blissey|94/100 par|[from] Sandstorm
|-heal|p2a: Blissey|62/100 tox|[from] item: Leftovers
|-damage|p2a: Blissey|56/100 tox|[from] psn
|-heal|p1a: Blissey|100/100 par|[from] item: Leftovers
|upkeep
|turn|161
|
|t:|1728578149
|-curestatus|p1a: Blissey|par|[from] ability: Natural Cure
|switch|p1a: Moltres|Moltres|52/100 tox
|move|p2a: Blissey|Soft-Boiled|p2a: Blissey
|-heal|p2a: Blissey|100/100 tox
|
|-weather|Sandstorm|[upkeep]
|-damage|p1a: Moltres|46/100 tox|[from] Sandstorm
|-damage|p2a: Blissey|94/100 tox|[from] Sandstorm
|-heal|p1a: Moltres|52/100 tox|[from] item: Leftovers
|-damage|p1a: Moltres|46/100 tox|[from] psn
|-heal|p2a: Blissey|100/100 tox|[from] item: Leftovers
|-damage|p2a: Blissey|88/100 tox|[from] psn
|upkeep
|turn|162
|
|t:|1728578153
|switch|p1a: Blissey|Blissey, F|100/100
|-damage|p1a: Blissey|88/100|[from] Spikes
|move|p2a: Blissey|Seismic Toss|p1a: Blissey
|-damage|p1a: Blissey|73/100
|
|-weather|Sandstorm|[upkeep]
|-damage|p1a: Blissey|67/100|[from] Sandstorm
|-damage|p2a: Blissey|82/100 tox|[from] Sandstorm
|-heal|p1a: Blissey|73/100|[from] item: Leftovers
|-heal|p2a: Blissey|88/100 tox|[from] item: Leftovers
|-damage|p2a: Blissey|70/100 tox|[from] psn
|upkeep
|turn|163
|
|t:|1728578156
|-curestatus|p2a: Blissey|tox|[from] ability: Natural Cure
|switch|p2a: Jirachi|Jirachi|61/100
|move|p1a: Blissey|Wish|p1a: Blissey
|
|-weather|Sandstorm|[upkeep]
|-damage|p1a: Blissey|67/100|[from] Sandstorm
|-heal|p1a: Blissey|73/100|[from] item: Leftovers
|upkeep
|turn|164
|
|t:|1728578160
|switch|p1a: Moltres|Moltres|46/100 tox
|move|p2a: Jirachi|Wish|p2a: Jirachi
|
|-heal|p1a: Moltres|96/100 tox|[from] move: Wish|[wisher] Blissey
|-weather|Sandstorm|[upkeep]
|-damage|p1a: Moltres|90/100 tox|[from] Sandstorm
|-heal|p1a: Moltres|96/100 tox|[from] item: Leftovers
|-damage|p1a: Moltres|90/100 tox|[from] psn
|upkeep
|turn|165
|
|t:|1728578163
|switch|p1a: Blissey|Blissey, F|73/100
|-damage|p1a: Blissey|61/100|[from] Spikes
|move|p2a: Jirachi|Protect||[still]
|-fail|p2a: Jirachi
|
|-heal|p2a: Jirachi|100/100|[from] move: Wish|[wisher] Jirachi
|-weather|Sandstorm|[upkeep]
|-damage|p1a: Blissey|55/100|[from] Sandstorm
|-heal|p1a: Blissey|61/100|[from] item: Leftovers
|upkeep
|turn|166
|
|t:|1728578167
|switch|p2a: Blissey|Blissey, F|70/100
|move|p1a: Blissey|Seismic Toss|p2a: Blissey
|-damage|p2a: Blissey|56/100
|
|-weather|Sandstorm|[upkeep]
|-damage|p1a: Blissey|55/100|[from] Sandstorm
|-damage|p2a: Blissey|50/100|[from] Sandstorm
|-heal|p1a: Blissey|61/100|[from] item: Leftovers
|-heal|p2a: Blissey|56/100|[from] item: Leftovers
|upkeep
|turn|167
|
|t:|1728578172
|switch|p2a: Jirachi|Jirachi|100/100
|move|p1a: Blissey|Seismic Toss|p2a: Jirachi
|-damage|p2a: Jirachi|76/100
|
|-weather|Sandstorm|[upkeep]
|-damage|p1a: Blissey|55/100|[from] Sandstorm
|-heal|p1a: Blissey|61/100|[from] item: Leftovers
|upkeep
|turn|168
|
|t:|1728578175
|switch|p2a: Blissey|Blissey, F|56/100
|switch|p1a: Tyranitar|Tyranitar, F|88/100 tox
|-damage|p1a: Tyranitar|76/100 tox|[from] Spikes
|
|-weather|Sandstorm|[upkeep]
|-damage|p2a: Blissey|50/100|[from] Sandstorm
|-heal|p1a: Tyranitar|82/100 tox|[from] item: Leftovers
|-damage|p1a: Tyranitar|76/100 tox|[from] psn
|-heal|p2a: Blissey|56/100|[from] item: Leftovers
|upkeep
|turn|169
|
|t:|1728578179
|move|p1a: Tyranitar|Brick Break|p2a: Blissey
|-supereffective|p2a: Blissey
|-damage|p2a: Blissey|19/100
|move|p2a: Blissey|Seismic Toss|p1a: Tyranitar
|-damage|p1a: Tyranitar|49/100 tox
|
|-weather|Sandstorm|[upkeep]
|-damage|p2a: Blissey|13/100|[from] Sandstorm
|-heal|p1a: Tyranitar|55/100 tox|[from] item: Leftovers
|-damage|p1a: Tyranitar|43/100 tox|[from] psn
|-heal|p2a: Blissey|19/100|[from] item: Leftovers
|upkeep
|turn|170
|
|t:|1728578186
|move|p1a: Tyranitar|Fire Blast|p2a: Blissey
|-crit|p2a: Blissey
|-damage|p2a: Blissey|0 fnt
|faint|p2a: Blissey
|
|t:|1728578196
|switch|p2a: Aerodactyl|Aerodactyl, M|100/100
|
|-weather|Sandstorm|[upkeep]
|-heal|p1a: Tyranitar|49/100 tox|[from] item: Leftovers
|-damage|p1a: Tyranitar|31/100 tox|[from] psn
|upkeep
|turn|171
|
|t:|1728578206
|move|p2a: Aerodactyl|Rock Slide|p1a: Tyranitar
|-damage|p1a: Tyranitar|0 fnt
|faint|p1a: Tyranitar
|
|t:|1728578219
|switch|p1a: Blissey|Blissey, F|61/100
|-damage|p1a: Blissey|48/100|[from] Spikes
|
|-weather|Sandstorm|[upkeep]
|-damage|p1a: Blissey|42/100|[from] Sandstorm
|-heal|p1a: Blissey|48/100|[from] item: Leftovers
|upkeep
|turn|172
|
|t:|1728578224
|move|p2a: Aerodactyl|Rock Slide|p1a: Blissey
|-damage|p1a: Blissey|6/100
|cant|p1a: Blissey|flinch
|
|-weather|Sandstorm|[upkeep]
|-damage|p1a: Blissey|0 fnt|[from] Sandstorm
|faint|p1a: Blissey
|upkeep
|
|t:|1728578227
|switch|p1a: Moltres|Moltres|90/100 tox
|turn|173
|
|t:|1728578230
|move|p2a: Aerodactyl|Rock Slide|p1a: Moltres
|-supereffective|p1a: Moltres
|-damage|p1a: Moltres|0 fnt
|faint|p1a: Moltres
|
|win|salmonlad
|c|☆Elisy|gg
|c|☆salmonlad|g
|c|☆salmonlad|gg

</script>
<script type="application/json" class="data" id="replaydata-smogtours-gen3ou-796906">
{"id":"smogtours-gen3ou-796906","format":"[Gen 3] OU","players":["Elisy","salmonlad"],"uploadtime":1728578230,"views":104,"formatid":"gen3ou","rating":null,"private":1,"password":null}
</script>

<script defer src="js/replays.js?9d40a366"></script>
