<!DOCTYPE html>
<meta charset="utf-8" />
<meta name="viewport" content="width=device-width" />

<title>[Gen 3] OU: Texas Cloverleaf vs. Ramberg Buckland - Replays - Pok&eacute;mon Showdown!</title>

<meta name="description" content="Watch a replay of a Pok&eacute;mon battle between Texas Cloverleaf and Ramberg Buckland! Format: [Gen 3] OU; Date: Oct 5, 2024" />
<!--

Hey, you! Looking in the source for the replay log?

You can find them in JSON format, just add `.json` at the end of a replay URL.

https://replay.pokemonshowdown.com/gen7randomdoublesbattle-865046831.json

Or, if you only need the log itself, add `.log` instead:

https://replay.pokemonshowdown.com/gen7randomdoublesbattle-865046831.log

-->

<link rel="stylesheet" href="//pokemonshowdown.com/style/global.css?0.767286132409787" />
<link rel="stylesheet" href="//play.pokemonshowdown.com/style/font-awesome.css?0.9266228007934947" />
<link rel="stylesheet" href="//play.pokemonshowdown.com/style/battle.css?0.7924700842790926" />
<link rel="stylesheet" href="//play.pokemonshowdown.com/style/utilichart.css?0.8777417872839479" />

<!-- Global site tag (gtag.js) - Google Analytics -->
<script async src="https://www.googletagmanager.com/gtag/js?id=UA-26211653-1"></script>
<script>
  window.dataLayer = window.dataLayer || [];
  function gtag(){dataLayer.push(arguments);}
  gtag('js', new Date());

  gtag('config', 'UA-26211653-1');
</script>
<!-- End Google Analytics -->
<!-- Venatus Ad Manager - Install in <HEAD> of page -->
	<script src="https://hb.vntsm.com/v3/live/ad-manager.min.js" type="text/javascript" data-site-id="642aba63ec9a7b11c3c9c1be" data-mode="scan" async></script>
<!-- / Venatus Ad Manager -->

<style>
	@media (max-width:820px) {
		.battle {
			margin: 0 auto;
		}
		.battle-log {
			margin: 7px auto 0;
			max-width: 640px;
			height: 300px;
			position: static;
		}
	}
	.optgroup {
		display: inline-block;
		line-height: 22px;
		font-size: 10pt;
	}
	.optgroup .button {
		height: 25px;
		padding-top: 0;
		padding-bottom: 0;
	}
	.optgroup button.button {
		padding-left: 12px;
		padding-right: 12px;
	}
	.linklist {
		list-style: none;
		margin: 0.5em 0;
		padding: 0;
	}
	.linklist li {
		padding: 2px 0;
	}
	.sidebar {
		float: left;
		width: 320px;
	}
	.bar-wrapper {
		max-width: 1100px;
		margin: 0 auto;
	}
	.bar-wrapper.has-sidebar {
		max-width: 1430px;
	}
	.mainbar {
		margin: 0;
		padding-right: 1px;
	}
	.mainbar.has-sidebar {
		margin-left: 330px;
	}
	@media (min-width: 1511px) {
		.sidebar {
			width: 400px;
		}
		.bar-wrapper.has-sidebar {
			max-width: 1510px;
		}
		.mainbar.has-sidebar {
			margin-left: 410px;
		}
	}
	.section.first-section {
		margin-top: 9px;
	}
	.blocklink small {
		white-space: normal;
	}
	.button {
		vertical-align: middle;
	}
	.replay-controls {
		padding-top: 10px;
	}
	.replay-controls h1 {
		font-size: 16pt;
		font-weight: normal;
		color: #CCC;
	}
	.pagelink {
		text-align: center;
	}
	.pagelink a {
		width: 150px;
	}
	.textbox, .button {
		font-size: 11pt;
		vertical-align: middle;
	}
	@media (max-width: 450px) {
		.button {
			font-size: 9pt;
		}
	}
</style>

<div>

	<header>
		<div class="nav-wrapper"><ul class="nav">
			<li><a class="button nav-first" href="//pokemonshowdown.com/"><img src="//pokemonshowdown.com/images/pokemonshowdownbeta.png" srcset="//pokemonshowdown.com/images/pokemonshowdownbeta.png 1x, //pokemonshowdown.com/images/pokemonshowdownbeta@2x.png 2x" alt="Pok&eacute;mon Showdown" width="146" height="44" /> Home</a></li>
			<li><a class="button" href="//pokemonshowdown.com/dex/">Pok&eacute;dex</a></li>
			<li><a class="button cur" href="/">Replays</a></li>
			<li><a class="button" href="//pokemonshowdown.com/ladder/">Ladder</a></li>
			<li><a class="button nav-last" href="//pokemonshowdown.com/forums/">Forum</a></li>
			<li><a class="button greenbutton nav-first nav-last" href="//play.pokemonshowdown.com/">Play</a></li>
		</ul></div>
	</header>

	<div class="main" id="main">

		<noscript><section class="section">You need to enable JavaScript to use this page; sorry!</section></noscript>

	</div>

</div>

<script defer nomodule src="//play.pokemonshowdown.com/js/lib/ps-polyfill.js"></script>
<script defer src="//play.pokemonshowdown.com/js/lib/preact.min.js"></script>

<script defer src="//play.pokemonshowdown.com/config/config.js?6dec07f6"></script>
<script defer src="//play.pokemonshowdown.com/js/lib/jquery-1.11.0.min.js"></script>
<script defer src="//play.pokemonshowdown.com/js/lib/html-sanitizer-minified.js"></script>
<script defer src="//play.pokemonshowdown.com/js/battle-sound.js"></script>
<script defer src="//play.pokemonshowdown.com/js/battledata.js?0.6315294753075389"></script>
<script defer src="//play.pokemonshowdown.com/data/pokedex-mini.js?0.7603743185311358"></script>
<script defer src="//play.pokemonshowdown.com/data/pokedex-mini-bw.js?0.030888842834281283"></script>
<script defer src="//play.pokemonshowdown.com/data/graphics.js?0.05593094747507488"></script>
<script defer src="//play.pokemonshowdown.com/data/pokedex.js?0.47064822249611904"></script>
<script defer src="//play.pokemonshowdown.com/data/moves.js?0.8583693120512459"></script>
<script defer src="//play.pokemonshowdown.com/data/abilities.js?0.16017181182386842"></script>
<script defer src="//play.pokemonshowdown.com/data/items.js?0.4163379185673943"></script>
<script defer src="//play.pokemonshowdown.com/data/teambuilder-tables.js?0.31075597372830477"></script>
<script defer src="//play.pokemonshowdown.com/js/battle-tooltips.js?0.6536193500708172"></script>
<script defer src="//play.pokemonshowdown.com/js/battle.js?0.1916591943277901"></script>

<script defer src="js/utils.js?e31f9a17"></script>
<script defer src="js/replays-battle.js?7008c182"></script>

<!-- don't scrape this data! just add .json or .log after the URL!
Full API docs: https://github.com/smogon/pokemon-showdown-client/blob/master/WEB-API.md -->
<script type="text/plain" class="log" id="replaylog-smogtours-gen3ou-795093">
|inactive|Battle timer is ON: inactive players will automatically lose when time's up.
|t:|1728153010
|gametype|singles
|player|p1|Texas Cloverleaf|#texascloverleaf|
|player|p2|Ramberg Buckland|2|
|teamsize|p1|6
|teamsize|p2|6
|gen|3
|tier|[Gen 3] OU
|rule|Sleep Clause Mod: Limit one foe put to sleep
|rule|Switch Priority Clause Mod: Faster Pokémon switch first
|rule|Species Clause: Limit one of each Pokémon
|rule|OHKO Clause: OHKO moves are banned
|rule|Evasion Items Clause: Evasion items are banned
|rule|Evasion Moves Clause: Evasion moves are banned
|rule|Endless Battle Clause: Forcing endless battles is banned
|rule|HP Percentage Mod: HP is shown in percentages
|rule|One Boost Passer Clause: Limit one Baton Passer that has a way to boost its stats
|rule|Freeze Clause Mod: Limit one foe frozen
|
|t:|1728153010
|start
|switch|p1a: Zapdos|Zapdos|100/100
|switch|p2a: Tyranitar|Tyranitar, M|100/100
|-weather|Sandstorm|[from] ability: Sand Stream|[of] p2a: Tyranitar
|turn|1
|
|t:|1728153027
|-singleturn|p2a: Tyranitar|move: Focus Punch
|move|p1a: Zapdos|Thunderbolt|p2a: Tyranitar
|-damage|p2a: Tyranitar|61/100
|move|p2a: Tyranitar|Focus Punch||[still]
|cant|p2a: Tyranitar|Focus Punch|Focus Punch
|
|-weather|Sandstorm|[upkeep]
|-damage|p1a: Zapdos|94/100|[from] Sandstorm
|-heal|p1a: Zapdos|100/100|[from] item: Leftovers
|-heal|p2a: Tyranitar|67/100|[from] item: Leftovers
|upkeep
|turn|2
|
|t:|1728153054
|move|p1a: Zapdos|Baton Pass|p1a: Zapdos
|
|t:|1728153059
|switch|p1a: Dugtrio|Dugtrio, M|100/100|[from] Baton Pass
|move|p2a: Tyranitar|Rock Slide|p1a: Dugtrio
|-resisted|p1a: Dugtrio
|-damage|p1a: Dugtrio|47/100
|
|-weather|Sandstorm|[upkeep]
|-heal|p2a: Tyranitar|73/100|[from] item: Leftovers
|upkeep
|turn|3
|
|t:|1728153066
|move|p1a: Dugtrio|Earthquake|p2a: Tyranitar
|-supereffective|p2a: Tyranitar
|-crit|p2a: Tyranitar
|-damage|p2a: Tyranitar|0 fnt
|faint|p2a: Tyranitar
|
|t:|1728153073
|switch|p2a: Skarmory|Skarmory, F|100/100
|
|-weather|Sandstorm|[upkeep]
|upkeep
|turn|4
|
|t:|1728153077
|switch|p1a: Zapdos|Zapdos|100/100
|move|p2a: Skarmory|Spikes|p1a: Zapdos
|-sidestart|p1: Texas Cloverleaf|Spikes
|
|-weather|Sandstorm|[upkeep]
|-damage|p1a: Zapdos|94/100|[from] Sandstorm
|-heal|p1a: Zapdos|100/100|[from] item: Leftovers
|upkeep
|turn|5
|
|t:|1728153090
|switch|p2a: Swampert|Swampert, F|100/100
|move|p1a: Zapdos|Thunderbolt|p2a: Swampert
|-immune|p2a: Swampert
|
|-weather|Sandstorm|[upkeep]
|-damage|p1a: Zapdos|94/100|[from] Sandstorm
|-heal|p1a: Zapdos|100/100|[from] item: Leftovers
|upkeep
|turn|6
|inactive|Ramberg Buckland has 270 seconds left.
|
|t:|1728153131
|switch|p2a: Skarmory|Skarmory, F|100/100
|move|p1a: Zapdos|Hidden Power|p2a: Skarmory
|-resisted|p2a: Skarmory
|-damage|p2a: Skarmory|95/100
|
|-weather|Sandstorm|[upkeep]
|-damage|p1a: Zapdos|94/100|[from] Sandstorm
|-heal|p1a: Zapdos|100/100|[from] item: Leftovers
|-heal|p2a: Skarmory|100/100|[from] item: Leftovers
|upkeep
|turn|7
|inactive|Ramberg Buckland has 240 seconds left.
|
|t:|1728153163
|switch|p2a: Blissey|Blissey, F|100/100
|move|p1a: Zapdos|Thunderbolt|p2a: Blissey
|-damage|p2a: Blissey|81/100
|
|-weather|Sandstorm|[upkeep]
|-damage|p1a: Zapdos|94/100|[from] Sandstorm
|-damage|p2a: Blissey|75/100|[from] Sandstorm
|-heal|p1a: Zapdos|100/100|[from] item: Leftovers
|-heal|p2a: Blissey|81/100|[from] item: Leftovers
|upkeep
|turn|8
|
|t:|1728153174
|move|p1a: Zapdos|Baton Pass|p1a: Zapdos
|
|t:|1728153175
|switch|p1a: Tyranitar|Tyranitar, M|100/100|[from] Baton Pass
|-damage|p1a: Tyranitar|88/100|[from] Spikes
|move|p2a: Blissey|Ice Beam|p1a: Tyranitar
|-damage|p1a: Tyranitar|68/100
|
|-weather|Sandstorm|[upkeep]
|-damage|p2a: Blissey|75/100|[from] Sandstorm
|-heal|p1a: Tyranitar|75/100|[from] item: Leftovers
|-heal|p2a: Blissey|81/100|[from] item: Leftovers
|upkeep
|turn|9
|
|t:|1728153186
|-singleturn|p1a: Tyranitar|move: Focus Punch
|switch|p2a: Skarmory|Skarmory, F|100/100
|move|p1a: Tyranitar|Focus Punch|p2a: Skarmory
|-damage|p2a: Skarmory|54/100
|
|-weather|Sandstorm|[upkeep]
|-heal|p2a: Skarmory|60/100|[from] item: Leftovers
|-heal|p1a: Tyranitar|81/100|[from] item: Leftovers
|upkeep
|turn|10
|
|t:|1728153191
|-singleturn|p1a: Tyranitar|move: Focus Punch
|move|p2a: Skarmory|Toxic|p1a: Tyranitar
|-status|p1a: Tyranitar|tox
|move|p1a: Tyranitar|Focus Punch|p2a: Skarmory
|-crit|p2a: Skarmory
|-damage|p2a: Skarmory|0 fnt
|faint|p2a: Skarmory
|
|t:|1728153200
|switch|p2a: Swampert|Swampert, F|100/100
|
|-weather|Sandstorm|[upkeep]
|-heal|p1a: Tyranitar|87/100 tox|[from] item: Leftovers
|-damage|p1a: Tyranitar|81/100 tox|[from] psn
|upkeep
|turn|11
|
|t:|1728153209
|switch|p1a: Celebi|Celebi|100/100
|-damage|p1a: Celebi|88/100|[from] Spikes
|move|p2a: Swampert|Ice Beam|p1a: Celebi
|-supereffective|p1a: Celebi
|-damage|p1a: Celebi|61/100
|
|-weather|Sandstorm|[upkeep]
|-damage|p1a: Celebi|55/100|[from] Sandstorm
|-heal|p1a: Celebi|61/100|[from] item: Leftovers
|upkeep
|turn|12
|inactive|Ramberg Buckland has 270 seconds left.
|
|t:|1728153222
|switch|p2a: Moltres|Moltres|100/100
|move|p1a: Celebi|Recover|p1a: Celebi
|-heal|p1a: Celebi|100/100
|
|-weather|Sandstorm|[upkeep]
|-damage|p2a: Moltres|94/100|[from] Sandstorm
|-damage|p1a: Celebi|94/100|[from] Sandstorm
|-heal|p2a: Moltres|100/100|[from] item: Leftovers
|-heal|p1a: Celebi|100/100|[from] item: Leftovers
|upkeep
|turn|13
|inactive|Ramberg Buckland has 270 seconds left.
|
|t:|1728153238
|move|p2a: Moltres|Flamethrower|p1a: Celebi
|-supereffective|p1a: Celebi
|-damage|p1a: Celebi|29/100
|move|p1a: Celebi|Leech Seed|p2a: Moltres
|-start|p2a: Moltres|move: Leech Seed
|
|-weather|Sandstorm|[upkeep]
|-damage|p2a: Moltres|94/100|[from] Sandstorm
|-damage|p1a: Celebi|23/100|[from] Sandstorm
|-heal|p2a: Moltres|100/100|[from] item: Leftovers
|-damage|p2a: Moltres|88/100|[from] Leech Seed|[of] p1a: Celebi
|-heal|p1a: Celebi|33/100|[silent]
|-heal|p1a: Celebi|39/100|[from] item: Leftovers
|upkeep
|turn|14
|inactive|Ramberg Buckland has 270 seconds left.
|inactive|Texas Cloverleaf has 270 seconds left.
|inactive|Ramberg Buckland has 240 seconds left.
|inactive|Texas Cloverleaf has 240 seconds left.
|inactive|Ramberg Buckland has 210 seconds left.
|
|t:|1728153354
|switch|p2a: Blissey|Blissey, F|81/100
|switch|p1a: Starmie|Starmie|100/100
|-damage|p1a: Starmie|88/100|[from] Spikes
|
|-weather|Sandstorm|[upkeep]
|-damage|p1a: Starmie|82/100|[from] Sandstorm
|-damage|p2a: Blissey|75/100|[from] Sandstorm
|-heal|p1a: Starmie|88/100|[from] item: Leftovers
|-heal|p2a: Blissey|81/100|[from] item: Leftovers
|upkeep
|turn|15
|
|t:|1728153366
|move|p1a: Starmie|Hydro Pump|p2a: Blissey
|-damage|p2a: Blissey|59/100
|move|p2a: Blissey|Seismic Toss|p1a: Starmie
|-damage|p1a: Starmie|50/100
|
|-weather|Sandstorm|[upkeep]
|-damage|p1a: Starmie|44/100|[from] Sandstorm
|-damage|p2a: Blissey|53/100|[from] Sandstorm
|-heal|p1a: Starmie|50/100|[from] item: Leftovers
|-heal|p2a: Blissey|59/100|[from] item: Leftovers
|upkeep
|turn|16
|
|t:|1728153379
|move|p1a: Starmie|Rapid Spin|p2a: Blissey
|-damage|p2a: Blissey|56/100
|-sideend|p1: Texas Cloverleaf|Spikes|[from] move: Rapid Spin|[of] p1a: Starmie
|move|p2a: Blissey|Soft-Boiled|p2a: Blissey
|-heal|p2a: Blissey|100/100
|
|-weather|Sandstorm|[upkeep]
|-damage|p1a: Starmie|44/100|[from] Sandstorm
|-damage|p2a: Blissey|94/100|[from] Sandstorm
|-heal|p1a: Starmie|50/100|[from] item: Leftovers
|-heal|p2a: Blissey|100/100|[from] item: Leftovers
|upkeep
|turn|17
|inactive|Texas Cloverleaf has 240 seconds left.
|
|t:|1728153402
|switch|p1a: Swampert|Swampert, F|100/100
|move|p2a: Blissey|Ice Beam|p1a: Swampert
|-damage|p1a: Swampert|79/100
|
|-weather|Sandstorm|[upkeep]
|-damage|p2a: Blissey|94/100|[from] Sandstorm
|-heal|p2a: Blissey|100/100|[from] item: Leftovers
|-heal|p1a: Swampert|86/100|[from] item: Leftovers
|upkeep
|turn|18
|inactive|Ramberg Buckland has 180 seconds left.
|
|t:|1728153432
|switch|p2a: Gengar|Gengar, F|100/100
|switch|p1a: Tyranitar|Tyranitar, M|81/100 tox
|
|-weather|Sandstorm|[upkeep]
|-damage|p2a: Gengar|94/100|[from] Sandstorm
|-heal|p2a: Gengar|100/100|[from] item: Leftovers
|-heal|p1a: Tyranitar|87/100 tox|[from] item: Leftovers
|-damage|p1a: Tyranitar|81/100 tox|[from] psn
|upkeep
|turn|19
|inactive|Texas Cloverleaf has 210 seconds left.
|
|t:|1728153453
|switch|p2a: Swampert|Swampert, F|100/100
|switch|p1a: Celebi|Celebi|39/100
|
|-weather|Sandstorm|[upkeep]
|-damage|p1a: Celebi|33/100|[from] Sandstorm
|-heal|p1a: Celebi|39/100|[from] item: Leftovers
|upkeep
|turn|20
|
|t:|1728153461
|switch|p2a: Moltres|Moltres|88/100
|move|p1a: Celebi|Leech Seed|p2a: Moltres
|-start|p2a: Moltres|move: Leech Seed
|
|-weather|Sandstorm|[upkeep]
|-damage|p2a: Moltres|82/100|[from] Sandstorm
|-damage|p1a: Celebi|33/100|[from] Sandstorm
|-heal|p2a: Moltres|88/100|[from] item: Leftovers
|-damage|p2a: Moltres|76/100|[from] Leech Seed|[of] p1a: Celebi
|-heal|p1a: Celebi|43/100|[silent]
|-heal|p1a: Celebi|49/100|[from] item: Leftovers
|upkeep
|turn|21
|inactive|Texas Cloverleaf has 210 seconds left.
|
|t:|1728153486
|switch|p1a: Zapdos|Zapdos|100/100
|move|p2a: Moltres|Hidden Power|p1a: Zapdos
|-resisted|p1a: Zapdos
|-damage|p1a: Zapdos|84/100
|
|-weather|Sandstorm|[upkeep]
|-damage|p1a: Zapdos|78/100|[from] Sandstorm
|-damage|p2a: Moltres|70/100|[from] Sandstorm
|-heal|p1a: Zapdos|84/100|[from] item: Leftovers
|-heal|p2a: Moltres|76/100|[from] item: Leftovers
|-damage|p2a: Moltres|63/100|[from] Leech Seed|[of] p1a: Zapdos
|-heal|p1a: Zapdos|97/100|[silent]
|upkeep
|turn|22
|
|t:|1728153497
|switch|p2a: Swampert|Swampert, F|100/100
|move|p1a: Zapdos|Baton Pass|p1a: Zapdos
|
|t:|1728153499
|switch|p1a: Celebi|Celebi|49/100|[from] Baton Pass
|
|-weather|Sandstorm|[upkeep]
|-damage|p1a: Celebi|43/100|[from] Sandstorm
|-heal|p1a: Celebi|49/100|[from] item: Leftovers
|upkeep
|turn|23
|
|t:|1728153502
|move|p1a: Celebi|Recover|p1a: Celebi
|-heal|p1a: Celebi|99/100
|move|p2a: Swampert|Ice Beam|p1a: Celebi
|-supereffective|p1a: Celebi
|-damage|p1a: Celebi|73/100
|
|-weather|Sandstorm|[upkeep]
|-damage|p1a: Celebi|67/100|[from] Sandstorm
|-heal|p1a: Celebi|73/100|[from] item: Leftovers
|upkeep
|turn|24
|
|t:|1728153514
|switch|p2a: Blissey|Blissey, F|100/100
|move|p1a: Celebi|Leech Seed|p2a: Blissey
|-start|p2a: Blissey|move: Leech Seed
|
|-weather|Sandstorm|[upkeep]
|-damage|p1a: Celebi|67/100|[from] Sandstorm
|-damage|p2a: Blissey|94/100|[from] Sandstorm
|-heal|p1a: Celebi|73/100|[from] item: Leftovers
|-heal|p2a: Blissey|100/100|[from] item: Leftovers
|-damage|p2a: Blissey|88/100|[from] Leech Seed|[of] p1a: Celebi
|-heal|p1a: Celebi|93/100|[silent]
|upkeep
|turn|25
|
|t:|1728153524
|switch|p2a: Moltres|Moltres|63/100
|move|p1a: Celebi|Psychic|p2a: Moltres
|-damage|p2a: Moltres|27/100
|
|-weather|Sandstorm|[upkeep]
|-damage|p2a: Moltres|21/100|[from] Sandstorm
|-damage|p1a: Celebi|87/100|[from] Sandstorm
|-heal|p2a: Moltres|27/100|[from] item: Leftovers
|-heal|p1a: Celebi|93/100|[from] item: Leftovers
|upkeep
|turn|26
|inactive|Texas Cloverleaf has 240 seconds left.
|
|t:|1728153544
|move|p2a: Moltres|Overheat|p1a: Celebi
|-supereffective|p1a: Celebi
|-damage|p1a: Celebi|0 fnt
|-unboost|p2a: Moltres|spa|2
|faint|p1a: Celebi
|
|t:|1728153553
|switch|p1a: Swampert|Swampert, F|86/100
|
|-weather|Sandstorm|[upkeep]
|-damage|p2a: Moltres|21/100|[from] Sandstorm
|-heal|p2a: Moltres|27/100|[from] item: Leftovers
|-heal|p1a: Swampert|92/100|[from] item: Leftovers
|upkeep
|turn|27
|
|t:|1728153559
|switch|p2a: Blissey|Blissey, F|88/100
|move|p1a: Swampert|Hydro Pump|p2a: Blissey
|-damage|p2a: Blissey|75/100
|
|-weather|Sandstorm|[upkeep]
|-damage|p2a: Blissey|68/100|[from] Sandstorm
|-heal|p2a: Blissey|75/100|[from] item: Leftovers
|-heal|p1a: Swampert|98/100|[from] item: Leftovers
|upkeep
|turn|28
|
|t:|1728153566
|move|p2a: Blissey|Soft-Boiled|p2a: Blissey
|-heal|p2a: Blissey|100/100
|move|p1a: Swampert|Earthquake|p2a: Blissey
|-damage|p2a: Blissey|63/100
|
|-weather|Sandstorm|[upkeep]
|-damage|p2a: Blissey|57/100|[from] Sandstorm
|-heal|p2a: Blissey|63/100|[from] item: Leftovers
|-heal|p1a: Swampert|100/100|[from] item: Leftovers
|upkeep
|turn|29
|
|t:|1728153577
|move|p2a: Blissey|Soft-Boiled|p2a: Blissey
|-heal|p2a: Blissey|100/100
|move|p1a: Swampert|Earthquake|p2a: Blissey
|-damage|p2a: Blissey|65/100
|
|-weather|Sandstorm|[upkeep]
|-damage|p2a: Blissey|59/100|[from] Sandstorm
|-heal|p2a: Blissey|65/100|[from] item: Leftovers
|upkeep
|turn|30
|
|t:|1728153581
|switch|p2a: Gengar|Gengar, F|100/100
|move|p1a: Swampert|Earthquake|p2a: Gengar
|-immune|p2a: Gengar
|
|-weather|Sandstorm|[upkeep]
|-damage|p2a: Gengar|94/100|[from] Sandstorm
|-heal|p2a: Gengar|100/100|[from] item: Leftovers
|upkeep
|turn|31
|inactive|Texas Cloverleaf has 270 seconds left.
|
|t:|1728153597
|move|p2a: Gengar|Will-O-Wisp|p1a: Swampert
|-status|p1a: Swampert|brn
|move|p1a: Swampert|Hydro Pump|p2a: Gengar
|-damage|p2a: Gengar|55/100
|
|-weather|Sandstorm|[upkeep]
|-damage|p2a: Gengar|48/100|[from] Sandstorm
|-heal|p2a: Gengar|55/100|[from] item: Leftovers
|-damage|p1a: Swampert|88/100 brn|[from] brn
|upkeep
|turn|32
|inactive|Texas Cloverleaf has 270 seconds left.
|inactive|Ramberg Buckland has 210 seconds left.
|
|t:|1728153627
|switch|p2a: Blissey|Blissey, F|65/100
|switch|p1a: Tyranitar|Tyranitar, M|81/100 tox
|
|-weather|Sandstorm|[upkeep]
|-damage|p2a: Blissey|59/100|[from] Sandstorm
|-heal|p1a: Tyranitar|87/100 tox|[from] item: Leftovers
|-damage|p1a: Tyranitar|81/100 tox|[from] psn
|-heal|p2a: Blissey|65/100|[from] item: Leftovers
|upkeep
|turn|33
|inactive|Texas Cloverleaf has 270 seconds left.
|inactive|Ramberg Buckland has 210 seconds left.
|
|t:|1728153639
|switch|p2a: Swampert|Swampert, F|100/100
|move|p1a: Tyranitar|Earthquake|p2a: Swampert
|-damage|p2a: Swampert|75/100
|
|-weather|Sandstorm|[upkeep]
|-heal|p1a: Tyranitar|87/100 tox|[from] item: Leftovers
|-damage|p1a: Tyranitar|75/100 tox|[from] psn
|-heal|p2a: Swampert|81/100|[from] item: Leftovers
|upkeep
|turn|34
|inactive|Texas Cloverleaf has 270 seconds left.
|inactive|Ramberg Buckland has 210 seconds left.
|
|t:|1728153659
|switch|p1a: Zapdos|Zapdos|97/100
|move|p2a: Swampert|Hydro Pump|p1a: Zapdos
|-damage|p1a: Zapdos|52/100
|
|-weather|Sandstorm|[upkeep]
|-damage|p1a: Zapdos|46/100|[from] Sandstorm
|-heal|p1a: Zapdos|52/100|[from] item: Leftovers
|-heal|p2a: Swampert|87/100|[from] item: Leftovers
|upkeep
|turn|35
|inactive|Texas Cloverleaf has 270 seconds left.
|inactive|Ramberg Buckland has 210 seconds left.
|
|t:|1728153691
|switch|p2a: Gengar|Gengar, F|55/100
|move|p1a: Zapdos|Baton Pass|p1a: Zapdos
|
|t:|1728153694
|switch|p1a: Starmie|Starmie|50/100|[from] Baton Pass
|
|-weather|Sandstorm|[upkeep]
|-damage|p1a: Starmie|44/100|[from] Sandstorm
|-damage|p2a: Gengar|48/100|[from] Sandstorm
|-heal|p1a: Starmie|50/100|[from] item: Leftovers
|-heal|p2a: Gengar|55/100|[from] item: Leftovers
|upkeep
|turn|36
|inactive|Ramberg Buckland has 180 seconds left.
|
|t:|1728153730
|switch|p2a: Blissey|Blissey, F|65/100
|move|p1a: Starmie|Hydro Pump|p2a: Blissey
|-damage|p2a: Blissey|45/100
|
|-weather|Sandstorm|[upkeep]
|-damage|p1a: Starmie|44/100|[from] Sandstorm
|-damage|p2a: Blissey|39/100|[from] Sandstorm
|-heal|p1a: Starmie|50/100|[from] item: Leftovers
|-heal|p2a: Blissey|45/100|[from] item: Leftovers
|upkeep
|turn|37
|
|t:|1728153751
|switch|p1a: Tyranitar|Tyranitar, M|75/100 tox
|move|p2a: Blissey|Soft-Boiled|p2a: Blissey
|-heal|p2a: Blissey|95/100
|
|-weather|Sandstorm|[upkeep]
|-damage|p2a: Blissey|89/100|[from] Sandstorm
|-heal|p1a: Tyranitar|81/100 tox|[from] item: Leftovers
|-damage|p1a: Tyranitar|75/100 tox|[from] psn
|-heal|p2a: Blissey|95/100|[from] item: Leftovers
|upkeep
|turn|38
|inactive|Ramberg Buckland has 180 seconds left.
|
|t:|1728153785
|-singleturn|p1a: Tyranitar|move: Focus Punch
|switch|p2a: Swampert|Swampert, F|87/100
|move|p1a: Tyranitar|Focus Punch|p2a: Swampert
|-damage|p2a: Swampert|49/100
|
|-weather|Sandstorm|[upkeep]
|-heal|p1a: Tyranitar|81/100 tox|[from] item: Leftovers
|-damage|p1a: Tyranitar|68/100 tox|[from] psn
|-heal|p2a: Swampert|56/100|[from] item: Leftovers
|upkeep
|turn|39
|
|t:|1728153796
|move|p1a: Tyranitar|Earthquake|p2a: Swampert
|-damage|p2a: Swampert|30/100
|move|p2a: Swampert|Earthquake|p1a: Tyranitar
|-supereffective|p1a: Tyranitar
|-damage|p1a: Tyranitar|4/100 tox
|
|-weather|Sandstorm|[upkeep]
|-heal|p1a: Tyranitar|11/100 tox|[from] item: Leftovers
|-damage|p1a: Tyranitar|0 fnt|[from] psn
|faint|p1a: Tyranitar
|-heal|p2a: Swampert|36/100|[from] item: Leftovers
|upkeep
|
|t:|1728153799
|switch|p1a: Zapdos|Zapdos|52/100
|turn|40
|
|t:|1728153814
|move|p1a: Zapdos|Hidden Power|p2a: Swampert
|-supereffective|p2a: Swampert
|-damage|p2a: Swampert|0 fnt
|faint|p2a: Swampert
|
|t:|1728153818
|switch|p2a: Blissey|Blissey, F|95/100
|
|-weather|Sandstorm|[upkeep]
|-damage|p1a: Zapdos|46/100|[from] Sandstorm
|-damage|p2a: Blissey|89/100|[from] Sandstorm
|-heal|p1a: Zapdos|52/100|[from] item: Leftovers
|-heal|p2a: Blissey|95/100|[from] item: Leftovers
|upkeep
|turn|41
|
|t:|1728153822
|move|p1a: Zapdos|Thunder Wave|p2a: Blissey
|-status|p2a: Blissey|par
|move|p2a: Blissey|Ice Beam|p1a: Zapdos
|-supereffective|p1a: Zapdos
|-damage|p1a: Zapdos|0 fnt
|faint|p1a: Zapdos
|
|t:|1728153825
|switch|p1a: Dugtrio|Dugtrio, M|47/100
|
|-weather|Sandstorm|[upkeep]
|-damage|p2a: Blissey|89/100 par|[from] Sandstorm
|-heal|p2a: Blissey|95/100 par|[from] item: Leftovers
|upkeep
|turn|42
|
|t:|1728153829
|move|p1a: Dugtrio|Earthquake|p2a: Blissey
|-damage|p2a: Blissey|39/100 par
|cant|p2a: Blissey|par
|
|-weather|Sandstorm|[upkeep]
|-damage|p2a: Blissey|33/100 par|[from] Sandstorm
|-heal|p2a: Blissey|39/100 par|[from] item: Leftovers
|upkeep
|turn|43
|
|t:|1728153835
|move|p1a: Dugtrio|Earthquake|p2a: Blissey
|-damage|p2a: Blissey|0 fnt
|faint|p2a: Blissey
|inactive|Ramberg Buckland has 180 seconds left.
|inactive|Ramberg Buckland has 150 seconds left.
|inactive|Ramberg Buckland has 120 seconds left.
|
|t:|1728153931
|switch|p2a: Moltres|Moltres|27/100
|
|-weather|Sandstorm|[upkeep]
|-damage|p2a: Moltres|21/100|[from] Sandstorm
|-heal|p2a: Moltres|27/100|[from] item: Leftovers
|upkeep
|turn|44
|
|t:|1728153937
|switch|p1a: Swampert|Swampert, F|88/100 brn
|move|p2a: Moltres|Hidden Power|p1a: Swampert
|-supereffective|p1a: Swampert
|-crit|p1a: Swampert
|-damage|p1a: Swampert|0 fnt
|faint|p1a: Swampert
|
|t:|1728153940
|switch|p1a: Dugtrio|Dugtrio, M|47/100
|
|-weather|Sandstorm|[upkeep]
|-damage|p2a: Moltres|21/100|[from] Sandstorm
|-heal|p2a: Moltres|27/100|[from] item: Leftovers
|upkeep
|turn|45
|inactive|Ramberg Buckland has 120 seconds left.
|
|t:|1728153965
|move|p1a: Dugtrio|Aerial Ace|p2a: Moltres
|-damage|p2a: Moltres|3/100
|move|p2a: Moltres|Hidden Power|p1a: Dugtrio
|-supereffective|p1a: Dugtrio
|-crit|p1a: Dugtrio
|-damage|p1a: Dugtrio|0 fnt
|faint|p1a: Dugtrio
|
|t:|1728153967
|switch|p1a: Starmie|Starmie|50/100
|
|-weather|Sandstorm|[upkeep]
|-damage|p1a: Starmie|44/100|[from] Sandstorm
|-damage|p2a: Moltres|0 fnt|[from] Sandstorm
|faint|p2a: Moltres
|-heal|p1a: Starmie|50/100|[from] item: Leftovers
|upkeep
|
|t:|1728153970
|switch|p2a: Gengar|Gengar, F|55/100
|turn|46
|
|t:|1728153974
|move|p1a: Starmie|Hydro Pump|p2a: Gengar
|-damage|p2a: Gengar|0 fnt
|faint|p2a: Gengar
|
|win|Texas Cloverleaf
|c|☆Texas Cloverleaf|ggs
|c|☆Ramberg Buckland|gg

</script>
<script type="application/json" class="data" id="replaydata-smogtours-gen3ou-795093">
{"id":"smogtours-gen3ou-795093","format":"[Gen 3] OU","players":["Texas Cloverleaf","Ramberg Buckland"],"uploadtime":1728153974,"views":104,"formatid":"gen3ou","rating":null,"private":0,"password":null}
</script>

<script defer src="js/replays.js?9d40a366"></script>
