<!DOCTYPE html>
<meta charset="utf-8" />
<meta name="viewport" content="width=device-width" />

<title>[Gen 3] OU: GoldThe1andOnly vs. james5k0 - Replays - Pok&eacute;mon Showdown!</title>

<meta name="description" content="Watch a replay of a Pok&eacute;mon battle between GoldThe1andOnly and james5k0! Format: [Gen 3] OU; Date: Oct 7, 2024" />
<!--

Hey, you! Looking in the source for the replay log?

You can find them in JSON format, just add `.json` at the end of a replay URL.

https://replay.pokemonshowdown.com/gen7randomdoublesbattle-865046831.json

Or, if you only need the log itself, add `.log` instead:

https://replay.pokemonshowdown.com/gen7randomdoublesbattle-865046831.log

-->

<link rel="stylesheet" href="//pokemonshowdown.com/style/global.css?0.767286132409787" />
<link rel="stylesheet" href="//play.pokemonshowdown.com/style/font-awesome.css?0.9266228007934947" />
<link rel="stylesheet" href="//play.pokemonshowdown.com/style/battle.css?0.7924700842790926" />
<link rel="stylesheet" href="//play.pokemonshowdown.com/style/utilichart.css?0.8777417872839479" />

<!-- Global site tag (gtag.js) - Google Analytics -->
<script async src="https://www.googletagmanager.com/gtag/js?id=UA-26211653-1"></script>
<script>
  window.dataLayer = window.dataLayer || [];
  function gtag(){dataLayer.push(arguments);}
  gtag('js', new Date());

  gtag('config', 'UA-26211653-1');
</script>
<!-- End Google Analytics -->
<!-- Venatus Ad Manager - Install in <HEAD> of page -->
	<script src="https://hb.vntsm.com/v3/live/ad-manager.min.js" type="text/javascript" data-site-id="642aba63ec9a7b11c3c9c1be" data-mode="scan" async></script>
<!-- / Venatus Ad Manager -->

<style>
	@media (max-width:820px) {
		.battle {
			margin: 0 auto;
		}
		.battle-log {
			margin: 7px auto 0;
			max-width: 640px;
			height: 300px;
			position: static;
		}
	}
	.optgroup {
		display: inline-block;
		line-height: 22px;
		font-size: 10pt;
	}
	.optgroup .button {
		height: 25px;
		padding-top: 0;
		padding-bottom: 0;
	}
	.optgroup button.button {
		padding-left: 12px;
		padding-right: 12px;
	}
	.linklist {
		list-style: none;
		margin: 0.5em 0;
		padding: 0;
	}
	.linklist li {
		padding: 2px 0;
	}
	.sidebar {
		float: left;
		width: 320px;
	}
	.bar-wrapper {
		max-width: 1100px;
		margin: 0 auto;
	}
	.bar-wrapper.has-sidebar {
		max-width: 1430px;
	}
	.mainbar {
		margin: 0;
		padding-right: 1px;
	}
	.mainbar.has-sidebar {
		margin-left: 330px;
	}
	@media (min-width: 1511px) {
		.sidebar {
			width: 400px;
		}
		.bar-wrapper.has-sidebar {
			max-width: 1510px;
		}
		.mainbar.has-sidebar {
			margin-left: 410px;
		}
	}
	.section.first-section {
		margin-top: 9px;
	}
	.blocklink small {
		white-space: normal;
	}
	.button {
		vertical-align: middle;
	}
	.replay-controls {
		padding-top: 10px;
	}
	.replay-controls h1 {
		font-size: 16pt;
		font-weight: normal;
		color: #CCC;
	}
	.pagelink {
		text-align: center;
	}
	.pagelink a {
		width: 150px;
	}
	.textbox, .button {
		font-size: 11pt;
		vertical-align: middle;
	}
	@media (max-width: 450px) {
		.button {
			font-size: 9pt;
		}
	}
</style>

<div>

	<header>
		<div class="nav-wrapper"><ul class="nav">
			<li><a class="button nav-first" href="//pokemonshowdown.com/"><img src="//pokemonshowdown.com/images/pokemonshowdownbeta.png" srcset="//pokemonshowdown.com/images/pokemonshowdownbeta.png 1x, //pokemonshowdown.com/images/pokemonshowdownbeta@2x.png 2x" alt="Pok&eacute;mon Showdown" width="146" height="44" /> Home</a></li>
			<li><a class="button" href="//pokemonshowdown.com/dex/">Pok&eacute;dex</a></li>
			<li><a class="button cur" href="/">Replays</a></li>
			<li><a class="button" href="//pokemonshowdown.com/ladder/">Ladder</a></li>
			<li><a class="button nav-last" href="//pokemonshowdown.com/forums/">Forum</a></li>
			<li><a class="button greenbutton nav-first nav-last" href="//play.pokemonshowdown.com/">Play</a></li>
		</ul></div>
	</header>

	<div class="main" id="main">

		<noscript><section class="section">You need to enable JavaScript to use this page; sorry!</section></noscript>

	</div>

</div>

<script defer nomodule src="//play.pokemonshowdown.com/js/lib/ps-polyfill.js"></script>
<script defer src="//play.pokemonshowdown.com/js/lib/preact.min.js"></script>

<script defer src="//play.pokemonshowdown.com/config/config.js?6dec07f6"></script>
<script defer src="//play.pokemonshowdown.com/js/lib/jquery-1.11.0.min.js"></script>
<script defer src="//play.pokemonshowdown.com/js/lib/html-sanitizer-minified.js"></script>
<script defer src="//play.pokemonshowdown.com/js/battle-sound.js"></script>
<script defer src="//play.pokemonshowdown.com/js/battledata.js?0.6315294753075389"></script>
<script defer src="//play.pokemonshowdown.com/data/pokedex-mini.js?0.7603743185311358"></script>
<script defer src="//play.pokemonshowdown.com/data/pokedex-mini-bw.js?0.030888842834281283"></script>
<script defer src="//play.pokemonshowdown.com/data/graphics.js?0.05593094747507488"></script>
<script defer src="//play.pokemonshowdown.com/data/pokedex.js?0.47064822249611904"></script>
<script defer src="//play.pokemonshowdown.com/data/moves.js?0.8583693120512459"></script>
<script defer src="//play.pokemonshowdown.com/data/abilities.js?0.16017181182386842"></script>
<script defer src="//play.pokemonshowdown.com/data/items.js?0.4163379185673943"></script>
<script defer src="//play.pokemonshowdown.com/data/teambuilder-tables.js?0.31075597372830477"></script>
<script defer src="//play.pokemonshowdown.com/js/battle-tooltips.js?0.6536193500708172"></script>
<script defer src="//play.pokemonshowdown.com/js/battle.js?0.1916591943277901"></script>

<script defer src="js/utils.js?e31f9a17"></script>
<script defer src="js/replays-battle.js?7008c182"></script>

<!-- don't scrape this data! just add .json or .log after the URL!
Full API docs: https://github.com/smogon/pokemon-showdown-client/blob/master/WEB-API.md -->
<script type="text/plain" class="log" id="replaylog-smogtours-gen3ou-796255">
|inactive|Battle timer is ON: inactive players will automatically lose when time's up.
|t:|1728337064
|gametype|singles
|player|p1|GoldThe1andOnly|elesa-masters|
|player|p2|james5k0|acetrainer-gen3jp|
|teamsize|p1|6
|teamsize|p2|6
|gen|3
|tier|[Gen 3] OU
|rule|Sleep Clause Mod: Limit one foe put to sleep
|rule|Switch Priority Clause Mod: Faster Pokémon switch first
|rule|Species Clause: Limit one of each Pokémon
|rule|OHKO Clause: OHKO moves are banned
|rule|Evasion Items Clause: Evasion items are banned
|rule|Evasion Moves Clause: Evasion moves are banned
|rule|Endless Battle Clause: Forcing endless battles is banned
|rule|HP Percentage Mod: HP is shown in percentages
|rule|One Boost Passer Clause: Limit one Baton Passer that has a way to boost its stats
|rule|Freeze Clause Mod: Limit one foe frozen
|
|t:|1728337064
|start
|switch|p1a: Gambling Chip|Salamence, F|100/100
|switch|p2a: Aerodactyl|Aerodactyl, M|100/100
|-ability|p1a: Gambling Chip|Intimidate|boost
|-unboost|p2a: Aerodactyl|atk|1
|turn|1
|inactive|GoldThe1andOnly has 270 seconds left.
|
|t:|1728337115
|switch|p2a: Swampert|Swampert, M|100/100
|switch|p1a: Tungsten Rod|Metagross|100/100
|
|upkeep
|turn|2
|inactive|GoldThe1andOnly has 270 seconds left.
|inactive|james5k0 has 270 seconds left.
|inactive|james5k0 has 240 seconds left.
|
|t:|1728337184
|switch|p1a: Calipers|Skarmory, F, shiny|100/100
|move|p2a: Swampert|Protect||[still]
|-fail|p2a: Swampert
|
|upkeep
|turn|3
|inactive|james5k0 has 240 seconds left.
|
|t:|1728337194
|switch|p2a: Skarmory|Skarmory, M|100/100
|move|p1a: Calipers|Roar|p2a: Skarmory
|drag|p2a: Celebi|Celebi|100/100
|
|upkeep
|turn|4
|inactive|james5k0 has 240 seconds left.
|
|t:|1728337206
|switch|p2a: Skarmory|Skarmory, M|100/100
|move|p1a: Calipers|Spikes|p2a: Skarmory
|-sidestart|p2: james5k0|Spikes
|
|upkeep
|turn|5
|
|t:|1728337212
|switch|p1a: Gambling Chip|Salamence, F|100/100
|-ability|p1a: Gambling Chip|Intimidate|boost
|-unboost|p2a: Skarmory|atk|1
|move|p2a: Skarmory|Spikes|p1a: Gambling Chip
|-sidestart|p1: GoldThe1andOnly|Spikes
|
|upkeep
|turn|6
|
|t:|1728337229
|move|p1a: Gambling Chip|Fire Blast|p2a: Skarmory
|-supereffective|p2a: Skarmory
|-damage|p2a: Skarmory|23/100
|move|p2a: Skarmory|Roar|p1a: Gambling Chip
|drag|p1a: Tungsten Rod|Metagross|100/100
|-damage|p1a: Tungsten Rod|88/100|[from] Spikes
|
|-heal|p2a: Skarmory|29/100|[from] item: Leftovers
|-heal|p1a: Tungsten Rod|94/100|[from] item: Leftovers
|upkeep
|turn|7
|inactive|GoldThe1andOnly has 270 seconds left.
|inactive|james5k0 has 240 seconds left.
|
|t:|1728337258
|switch|p2a: Gengar|Gengar, M|100/100
|move|p1a: Tungsten Rod|Meteor Mash|p2a: Gengar
|-damage|p2a: Gengar|28/100
|
|-heal|p2a: Gengar|35/100|[from] item: Leftovers
|-heal|p1a: Tungsten Rod|99/100|[from] item: Leftovers
|upkeep
|turn|8
|inactive|GoldThe1andOnly has 270 seconds left.
|
|t:|1728337274
|switch|p1a: Mango|Blissey, F|100/100
|-damage|p1a: Mango|88/100|[from] Spikes
|move|p2a: Gengar|Will-O-Wisp|p1a: Mango
|-status|p1a: Mango|brn
|
|-heal|p2a: Gengar|41/100|[from] item: Leftovers
|-heal|p1a: Mango|94/100 brn|[from] item: Leftovers
|-damage|p1a: Mango|82/100 brn|[from] brn
|upkeep
|turn|9
|inactive|james5k0 has 240 seconds left.
|
|t:|1728337290
|switch|p2a: Celebi|Celebi|100/100
|-damage|p2a: Celebi|88/100|[from] Spikes
|move|p1a: Mango|Ice Beam|p2a: Celebi
|-supereffective|p2a: Celebi
|-damage|p2a: Celebi|50/100
|
|-heal|p2a: Celebi|56/100|[from] item: Leftovers
|-heal|p1a: Mango|88/100 brn|[from] item: Leftovers
|-damage|p1a: Mango|75/100 brn|[from] brn
|upkeep
|turn|10
|
|t:|1728337298
|-curestatus|p1a: Mango|brn|[from] ability: Natural Cure
|switch|p1a: Gambling Chip|Salamence, F|100/100
|-ability|p1a: Gambling Chip|Intimidate|boost
|-unboost|p2a: Celebi|atk|1
|move|p2a: Celebi|Recover|p2a: Celebi
|-heal|p2a: Celebi|100/100
|
|upkeep
|turn|11
|inactive|GoldThe1andOnly has 270 seconds left.
|inactive|james5k0 has 240 seconds left.
|
|t:|1728337315
|switch|p2a: Aerodactyl|Aerodactyl, M|100/100
|move|p1a: Gambling Chip|Fire Blast|p2a: Aerodactyl
|-resisted|p2a: Aerodactyl
|-damage|p2a: Aerodactyl|70/100
|-status|p2a: Aerodactyl|brn
|
|-damage|p2a: Aerodactyl|58/100 brn|[from] brn
|upkeep
|turn|12
|inactive|james5k0 has 210 seconds left.
|
|t:|1728337352
|switch|p2a: Dugtrio|Dugtrio, M|100/100
|-damage|p2a: Dugtrio|88/100|[from] Spikes
|switch|p1a: Calipers|Skarmory, F, shiny|100/100
|
|upkeep
|turn|13
|inactive|GoldThe1andOnly has 270 seconds left.
|inactive|james5k0 has 210 seconds left.
|
|t:|1728337361
|switch|p2a: Gengar|Gengar, M|41/100
|move|p1a: Calipers|Spikes|p2a: Gengar
|-sidestart|p2: james5k0|Spikes
|
|-heal|p2a: Gengar|47/100|[from] item: Leftovers
|upkeep
|turn|14
|
|t:|1728337366
|move|p2a: Gengar|Will-O-Wisp|p1a: Calipers|[miss]
|-miss|p2a: Gengar|p1a: Calipers
|move|p1a: Calipers|Spikes|p2a: Gengar
|-sidestart|p2: james5k0|Spikes
|
|-heal|p2a: Gengar|53/100|[from] item: Leftovers
|upkeep
|turn|15
|
|t:|1728337373
|switch|p1a: Mango|Blissey, F|75/100
|-damage|p1a: Mango|63/100|[from] Spikes
|move|p2a: Gengar|Will-O-Wisp|p1a: Mango
|-status|p1a: Mango|brn
|
|-heal|p2a: Gengar|59/100|[from] item: Leftovers
|-heal|p1a: Mango|69/100 brn|[from] item: Leftovers
|-damage|p1a: Mango|57/100 brn|[from] brn
|upkeep
|turn|16
|
|t:|1728337393
|switch|p2a: Swampert|Swampert, M|100/100
|-damage|p2a: Swampert|76/100|[from] Spikes
|move|p1a: Mango|Soft-Boiled|p1a: Mango
|-heal|p1a: Mango|100/100 brn
|
|-damage|p1a: Mango|88/100 brn|[from] brn
|-heal|p2a: Swampert|82/100|[from] item: Leftovers
|upkeep
|turn|17
|
|t:|1728337416
|-curestatus|p1a: Mango|brn|[from] ability: Natural Cure
|switch|p1a: Calipers|Skarmory, F, shiny|100/100
|move|p2a: Swampert|Hydro Pump|p1a: Calipers|[miss]
|-miss|p2a: Swampert|p1a: Calipers
|
|-heal|p2a: Swampert|88/100|[from] item: Leftovers
|upkeep
|turn|18
|inactive|james5k0 has 210 seconds left.
|
|t:|1728337432
|move|p2a: Swampert|Protect|p2a: Swampert
|-singleturn|p2a: Swampert|Protect
|move|p1a: Calipers|Toxic|p2a: Swampert
|-activate|p2a: Swampert|Protect
|
|-heal|p2a: Swampert|94/100|[from] item: Leftovers
|upkeep
|turn|19
|
|t:|1728337440
|switch|p2a: Skarmory|Skarmory, M|29/100
|move|p1a: Calipers|Roar|p2a: Skarmory
|drag|p2a: Swampert|Swampert, M|94/100
|-damage|p2a: Swampert|69/100|[from] Spikes
|
|-heal|p2a: Swampert|76/100|[from] item: Leftovers
|upkeep
|turn|20
|
|t:|1728337448
|move|p2a: Swampert|Protect|p2a: Swampert
|-singleturn|p2a: Swampert|Protect
|move|p1a: Calipers|Toxic|p2a: Swampert
|-activate|p2a: Swampert|Protect
|
|-heal|p2a: Swampert|82/100|[from] item: Leftovers
|upkeep
|turn|21
|
|t:|1728337451
|switch|p2a: Skarmory|Skarmory, M|29/100
|move|p1a: Calipers|Roar|p2a: Skarmory
|drag|p2a: Celebi|Celebi|100/100
|-damage|p2a: Celebi|75/100|[from] Spikes
|
|-heal|p2a: Celebi|82/100|[from] item: Leftovers
|upkeep
|turn|22
|
|t:|1728337460
|move|p2a: Celebi|Leech Seed|p1a: Calipers|[miss]
|-miss|p2a: Celebi|p1a: Calipers
|move|p1a: Calipers|Toxic|p2a: Celebi
|-status|p2a: Celebi|tox
|
|-heal|p2a: Celebi|88/100 tox|[from] item: Leftovers
|-damage|p2a: Celebi|82/100 tox|[from] psn
|upkeep
|turn|23
|
|t:|1728337483
|switch|p1a: Gambling Chip|Salamence, F|100/100
|-ability|p1a: Gambling Chip|Intimidate|boost
|-unboost|p2a: Celebi|atk|1
|move|p2a: Celebi|Leech Seed|p1a: Gambling Chip
|-start|p1a: Gambling Chip|move: Leech Seed
|
|-damage|p1a: Gambling Chip|88/100|[from] Leech Seed|[of] p2a: Celebi
|-heal|p2a: Celebi|92/100 tox|[silent]
|-heal|p2a: Celebi|98/100 tox|[from] item: Leftovers
|-damage|p2a: Celebi|86/100 tox|[from] psn
|upkeep
|turn|24
|inactive|james5k0 has 240 seconds left.
|
|t:|1728337509
|-curestatus|p2a: Celebi|tox|[from] ability: Natural Cure
|switch|p2a: Aerodactyl|Aerodactyl, M|58/100 brn
|move|p1a: Gambling Chip|Hidden Power|p2a: Aerodactyl
|-damage|p2a: Aerodactyl|25/100 brn
|
|-damage|p2a: Aerodactyl|13/100 brn|[from] brn
|-heal|p1a: Gambling Chip|94/100|[from] item: Leftovers
|-damage|p1a: Gambling Chip|82/100|[from] Leech Seed|[of] p2a: Aerodactyl
|-heal|p2a: Aerodactyl|26/100 brn|[silent]
|upkeep
|turn|25
|
|t:|1728337524
|switch|p1a: Unceasing Top|Claydol|100/100
|move|p2a: Aerodactyl|Rock Slide|p1a: Unceasing Top
|-resisted|p1a: Unceasing Top
|-damage|p1a: Unceasing Top|89/100
|
|-damage|p2a: Aerodactyl|14/100 brn|[from] brn
|-heal|p1a: Unceasing Top|95/100|[from] item: Leftovers
|upkeep
|turn|26
|
|t:|1728337531
|switch|p2a: Gengar|Gengar, M|59/100
|move|p1a: Unceasing Top|Rapid Spin|p2a: Gengar
|-immune|p2a: Gengar
|
|-heal|p2a: Gengar|66/100|[from] item: Leftovers
|-heal|p1a: Unceasing Top|100/100|[from] item: Leftovers
|upkeep
|turn|27
|
|t:|1728337545
|switch|p2a: Skarmory|Skarmory, M|29/100
|move|p1a: Unceasing Top|Psychic|p2a: Skarmory
|-resisted|p2a: Skarmory
|-damage|p2a: Skarmory|18/100
|
|-heal|p2a: Skarmory|24/100|[from] item: Leftovers
|upkeep
|turn|28
|
|t:|1728337559
|switch|p1a: Gambling Chip|Salamence, F|82/100
|-ability|p1a: Gambling Chip|Intimidate|boost
|-unboost|p2a: Skarmory|atk|1
|move|p2a: Skarmory|Drill Peck|p1a: Gambling Chip
|-damage|p1a: Gambling Chip|62/100
|
|-heal|p1a: Gambling Chip|68/100|[from] item: Leftovers
|-heal|p2a: Skarmory|30/100|[from] item: Leftovers
|upkeep
|turn|29
|
|t:|1728337576
|switch|p2a: Aerodactyl|Aerodactyl, M|14/100 brn
|move|p1a: Gambling Chip|Fire Blast|p2a: Aerodactyl|[miss]
|-miss|p1a: Gambling Chip|p2a: Aerodactyl
|
|-damage|p2a: Aerodactyl|2/100 brn|[from] brn
|-heal|p1a: Gambling Chip|74/100|[from] item: Leftovers
|upkeep
|turn|30
|
|t:|1728337600
|switch|p1a: Calipers|Skarmory, F, shiny|100/100
|move|p2a: Aerodactyl|Double-Edge|p1a: Calipers
|-resisted|p1a: Calipers
|-damage|p1a: Calipers|90/100
|
|-damage|p2a: Aerodactyl|0 fnt|[from] brn
|faint|p2a: Aerodactyl
|-heal|p1a: Calipers|97/100|[from] item: Leftovers
|upkeep
|
|t:|1728337614
|switch|p2a: Skarmory|Skarmory, M|30/100
|turn|31
|
|t:|1728337625
|switch|p1a: Gambling Chip|Salamence, F|74/100
|-ability|p1a: Gambling Chip|Intimidate|boost
|-unboost|p2a: Skarmory|atk|1
|move|p2a: Skarmory|Spikes|p1a: Gambling Chip
|-sidestart|p1: GoldThe1andOnly|Spikes
|
|-heal|p1a: Gambling Chip|80/100|[from] item: Leftovers
|-heal|p2a: Skarmory|36/100|[from] item: Leftovers
|upkeep
|turn|32
|inactive|james5k0 has 240 seconds left.
|
|t:|1728337641
|move|p2a: Skarmory|Protect|p2a: Skarmory
|-singleturn|p2a: Skarmory|Protect
|move|p1a: Gambling Chip|Fire Blast|p2a: Skarmory
|-activate|p2a: Skarmory|Protect
|
|-heal|p1a: Gambling Chip|86/100|[from] item: Leftovers
|-heal|p2a: Skarmory|42/100|[from] item: Leftovers
|upkeep
|turn|33
|inactive|james5k0 has 240 seconds left.
|
|t:|1728337648
|switch|p2a: Dugtrio|Dugtrio, M|88/100
|-damage|p2a: Dugtrio|64/100|[from] Spikes
|move|p1a: Gambling Chip|Fire Blast|p2a: Dugtrio|[miss]
|-miss|p1a: Gambling Chip|p2a: Dugtrio
|
|-heal|p1a: Gambling Chip|92/100|[from] item: Leftovers
|upkeep
|turn|34
|
|t:|1728337653
|move|p2a: Dugtrio|Rock Slide|p1a: Gambling Chip
|-supereffective|p1a: Gambling Chip
|-damage|p1a: Gambling Chip|23/100
|move|p1a: Gambling Chip|Dragon Claw|p2a: Dugtrio
|-damage|p2a: Dugtrio|0 fnt
|faint|p2a: Dugtrio
|
|t:|1728337660
|switch|p2a: Gengar|Gengar, M|66/100
|
|-heal|p2a: Gengar|72/100|[from] item: Leftovers
|-heal|p1a: Gambling Chip|29/100|[from] item: Leftovers
|upkeep
|turn|35
|
|t:|1728337668
|switch|p1a: Mango|Blissey, F|88/100
|-damage|p1a: Mango|71/100|[from] Spikes
|move|p2a: Gengar|Will-O-Wisp|p1a: Mango
|-status|p1a: Mango|brn
|
|-heal|p2a: Gengar|78/100|[from] item: Leftovers
|-heal|p1a: Mango|78/100 brn|[from] item: Leftovers
|-damage|p1a: Mango|65/100 brn|[from] brn
|upkeep
|turn|36
|
|t:|1728337689
|switch|p2a: Swampert|Swampert, M|82/100
|-damage|p2a: Swampert|57/100|[from] Spikes
|move|p1a: Mango|Soft-Boiled|p1a: Mango
|-heal|p1a: Mango|100/100 brn
|
|-damage|p1a: Mango|88/100 brn|[from] brn
|-heal|p2a: Swampert|63/100|[from] item: Leftovers
|upkeep
|turn|37
|
|t:|1728337711
|-curestatus|p1a: Mango|brn|[from] ability: Natural Cure
|switch|p1a: Calipers|Skarmory, F, shiny|97/100
|move|p2a: Swampert|Hydro Pump|p1a: Calipers|[miss]
|-miss|p2a: Swampert|p1a: Calipers
|
|-heal|p1a: Calipers|100/100|[from] item: Leftovers
|-heal|p2a: Swampert|69/100|[from] item: Leftovers
|upkeep
|turn|38
|
|t:|1728337722
|move|p2a: Swampert|Protect|p2a: Swampert
|-singleturn|p2a: Swampert|Protect
|move|p1a: Calipers|Toxic|p2a: Swampert
|-activate|p2a: Swampert|Protect
|
|-heal|p2a: Swampert|76/100|[from] item: Leftovers
|upkeep
|turn|39
|
|t:|1728337728
|move|p2a: Swampert|Hydro Pump|p1a: Calipers
|-damage|p1a: Calipers|65/100
|move|p1a: Calipers|Roar|p2a: Swampert
|drag|p2a: Celebi|Celebi|86/100
|-damage|p2a: Celebi|61/100|[from] Spikes
|
|-heal|p2a: Celebi|67/100|[from] item: Leftovers
|-heal|p1a: Calipers|71/100|[from] item: Leftovers
|upkeep
|turn|40
|
|t:|1728337735
|move|p2a: Celebi|Leech Seed|p1a: Calipers
|-start|p1a: Calipers|move: Leech Seed
|move|p1a: Calipers|Toxic|p2a: Celebi
|-status|p2a: Celebi|tox
|
|-heal|p2a: Celebi|73/100 tox|[from] item: Leftovers
|-damage|p2a: Celebi|67/100 tox|[from] psn
|-heal|p1a: Calipers|77/100|[from] item: Leftovers
|-damage|p1a: Calipers|65/100|[from] Leech Seed|[of] p2a: Celebi
|-heal|p2a: Celebi|77/100 tox|[silent]
|upkeep
|turn|41
|inactive|james5k0 has 270 seconds left.
|
|t:|1728337746
|-curestatus|p2a: Celebi|tox|[from] ability: Natural Cure
|switch|p2a: Gengar|Gengar, M|78/100
|switch|p1a: Unceasing Top|Claydol|100/100
|
|-heal|p2a: Gengar|84/100|[from] item: Leftovers
|upkeep
|turn|42
|inactive|james5k0 has 270 seconds left.
|
|t:|1728337758
|move|p2a: Gengar|Will-O-Wisp|p1a: Unceasing Top
|-status|p1a: Unceasing Top|brn
|move|p1a: Unceasing Top|Psychic|p2a: Gengar
|-supereffective|p2a: Gengar
|-damage|p2a: Gengar|36/100
|
|-heal|p2a: Gengar|42/100|[from] item: Leftovers
|-damage|p1a: Unceasing Top|88/100 brn|[from] brn
|upkeep
|turn|43
|inactive|james5k0 has 270 seconds left.
|
|t:|1728337772
|switch|p2a: Skarmory|Skarmory, M|42/100
|move|p1a: Unceasing Top|Rapid Spin|p2a: Skarmory
|-resisted|p2a: Skarmory
|-crit|p2a: Skarmory
|-damage|p2a: Skarmory|40/100
|-sideend|p1: GoldThe1andOnly|Spikes|[from] move: Rapid Spin|[of] p1a: Unceasing Top
|
|-heal|p1a: Unceasing Top|94/100 brn|[from] item: Leftovers
|-damage|p1a: Unceasing Top|82/100 brn|[from] brn
|-heal|p2a: Skarmory|46/100|[from] item: Leftovers
|upkeep
|turn|44
|inactive|GoldThe1andOnly has 270 seconds left.
|
|t:|1728337804
|switch|p1a: Mango|Blissey, F|88/100
|switch|p2a: Gengar|Gengar, M|42/100
|
|-heal|p2a: Gengar|48/100|[from] item: Leftovers
|-heal|p1a: Mango|94/100|[from] item: Leftovers
|upkeep
|turn|45
|inactive|james5k0 has 270 seconds left.
|
|t:|1728337824
|switch|p2a: Celebi|Celebi|77/100
|-damage|p2a: Celebi|52/100|[from] Spikes
|move|p1a: Mango|Thunderbolt|p2a: Celebi
|-resisted|p2a: Celebi
|-damage|p2a: Celebi|42/100
|
|-heal|p2a: Celebi|48/100|[from] item: Leftovers
|-heal|p1a: Mango|99/100|[from] item: Leftovers
|upkeep
|turn|46
|inactive|james5k0 has 270 seconds left.
|
|t:|1728337841
|switch|p1a: Bird-Faced Urn|Tyranitar, F|100/100
|-weather|Sandstorm|[from] ability: Sand Stream|[of] p1a: Bird-Faced Urn
|move|p2a: Celebi|Recover|p2a: Celebi
|-heal|p2a: Celebi|98/100
|
|-weather|Sandstorm|[upkeep]
|-damage|p2a: Celebi|92/100|[from] Sandstorm
|-heal|p2a: Celebi|98/100|[from] item: Leftovers
|upkeep
|turn|47
|
|t:|1728337854
|move|p2a: Celebi|Leech Seed|p1a: Bird-Faced Urn
|-start|p1a: Bird-Faced Urn|move: Leech Seed
|move|p1a: Bird-Faced Urn|Dragon Dance|p1a: Bird-Faced Urn
|-boost|p1a: Bird-Faced Urn|atk|1
|-boost|p1a: Bird-Faced Urn|spe|1
|
|-weather|Sandstorm|[upkeep]
|-damage|p2a: Celebi|92/100|[from] Sandstorm
|-damage|p1a: Bird-Faced Urn|88/100|[from] Leech Seed|[of] p2a: Celebi
|-heal|p2a: Celebi|100/100|[silent]
|upkeep
|turn|48
|
|t:|1728337868
|switch|p2a: Skarmory|Skarmory, M|46/100
|move|p1a: Bird-Faced Urn|Rock Slide|p2a: Skarmory
|-damage|p2a: Skarmory|3/100
|
|-weather|Sandstorm|[upkeep]
|-heal|p1a: Bird-Faced Urn|94/100|[from] item: Leftovers
|-damage|p1a: Bird-Faced Urn|82/100|[from] Leech Seed|[of] p2a: Skarmory
|-heal|p2a: Skarmory|18/100|[silent]
|-heal|p2a: Skarmory|24/100|[from] item: Leftovers
|upkeep
|turn|49
|inactive|james5k0 has 270 seconds left.
|
|t:|1728337885
|move|p1a: Bird-Faced Urn|Rock Slide|p2a: Skarmory
|-damage|p2a: Skarmory|0 fnt
|faint|p2a: Skarmory
|
|t:|1728337892
|switch|p2a: Swampert|Swampert, M|76/100
|-damage|p2a: Swampert|51/100|[from] Spikes
|
|-weather|Sandstorm|[upkeep]
|-heal|p1a: Bird-Faced Urn|88/100|[from] item: Leftovers
|-damage|p1a: Bird-Faced Urn|76/100|[from] Leech Seed|[of] p2a: Swampert
|-heal|p2a: Swampert|63/100|[silent]
|-heal|p2a: Swampert|69/100|[from] item: Leftovers
|upkeep
|turn|50
|
|t:|1728337906
|switch|p1a: Mango|Blissey, F|99/100
|move|p2a: Swampert|Hydro Pump|p1a: Mango
|-damage|p1a: Mango|85/100
|
|-weather|Sandstorm|[upkeep]
|-damage|p1a: Mango|78/100|[from] Sandstorm
|-heal|p1a: Mango|85/100|[from] item: Leftovers
|-heal|p2a: Swampert|76/100|[from] item: Leftovers
|upkeep
|turn|51
|
|t:|1728337911
|move|p1a: Mango|Ice Beam|p2a: Swampert
|-damage|p2a: Swampert|54/100
|move|p2a: Swampert|Earthquake|p1a: Mango
|-damage|p1a: Mango|46/100
|
|-weather|Sandstorm|[upkeep]
|-damage|p1a: Mango|40/100|[from] Sandstorm
|-heal|p1a: Mango|46/100|[from] item: Leftovers
|-heal|p2a: Swampert|60/100|[from] item: Leftovers
|upkeep
|turn|52
|
|t:|1728337920
|switch|p1a: Calipers|Skarmory, F, shiny|65/100
|move|p2a: Swampert|Hydro Pump|p1a: Calipers
|-crit|p1a: Calipers
|-damage|p1a: Calipers|0 fnt
|faint|p1a: Calipers
|
|t:|1728337925
|switch|p1a: Gambling Chip|Salamence, F|29/100
|-ability|p1a: Gambling Chip|Intimidate|boost
|-unboost|p2a: Swampert|atk|1
|
|-weather|Sandstorm|[upkeep]
|-damage|p1a: Gambling Chip|23/100|[from] Sandstorm
|-heal|p1a: Gambling Chip|29/100|[from] item: Leftovers
|-heal|p2a: Swampert|66/100|[from] item: Leftovers
|upkeep
|turn|53
|
|t:|1728337931
|move|p2a: Swampert|Protect|p2a: Swampert
|-singleturn|p2a: Swampert|Protect
|move|p1a: Gambling Chip|Hidden Power|p2a: Swampert
|-activate|p2a: Swampert|Protect
|
|-weather|Sandstorm|[upkeep]
|-damage|p1a: Gambling Chip|23/100|[from] Sandstorm
|-heal|p1a: Gambling Chip|29/100|[from] item: Leftovers
|-heal|p2a: Swampert|72/100|[from] item: Leftovers
|upkeep
|turn|54
|
|t:|1728337943
|switch|p2a: Celebi|Celebi|100/100
|-damage|p2a: Celebi|75/100|[from] Spikes
|move|p1a: Gambling Chip|Hidden Power|p2a: Celebi
|-resisted|p2a: Celebi
|-damage|p2a: Celebi|66/100
|
|-weather|Sandstorm|[upkeep]
|-damage|p1a: Gambling Chip|23/100|[from] Sandstorm
|-damage|p2a: Celebi|59/100|[from] Sandstorm
|-heal|p1a: Gambling Chip|29/100|[from] item: Leftovers
|-heal|p2a: Celebi|66/100|[from] item: Leftovers
|upkeep
|turn|55
|
|t:|1728337953
|move|p1a: Gambling Chip|Fire Blast|p2a: Celebi|[miss]
|-miss|p1a: Gambling Chip|p2a: Celebi
|move|p2a: Celebi|Recover|p2a: Celebi
|-heal|p2a: Celebi|100/100
|
|-weather|Sandstorm|[upkeep]
|-damage|p1a: Gambling Chip|23/100|[from] Sandstorm
|-damage|p2a: Celebi|94/100|[from] Sandstorm
|-heal|p1a: Gambling Chip|29/100|[from] item: Leftovers
|-heal|p2a: Celebi|100/100|[from] item: Leftovers
|upkeep
|turn|56
|
|t:|1728337966
|switch|p1a: Mango|Blissey, F|46/100
|move|p2a: Celebi|Recover||[still]
|-fail|p2a: Celebi|heal
|
|-weather|Sandstorm|[upkeep]
|-damage|p2a: Celebi|94/100|[from] Sandstorm
|-damage|p1a: Mango|40/100|[from] Sandstorm
|-heal|p2a: Celebi|100/100|[from] item: Leftovers
|-heal|p1a: Mango|46/100|[from] item: Leftovers
|upkeep
|turn|57
|
|t:|1728337971
|move|p2a: Celebi|Leech Seed|p1a: Mango
|-start|p1a: Mango|move: Leech Seed
|move|p1a: Mango|Soft-Boiled|p1a: Mango
|-heal|p1a: Mango|96/100
|
|-weather|Sandstorm|[upkeep]
|-damage|p2a: Celebi|94/100|[from] Sandstorm
|-damage|p1a: Mango|90/100|[from] Sandstorm
|-heal|p2a: Celebi|100/100|[from] item: Leftovers
|-heal|p1a: Mango|96/100|[from] item: Leftovers
|-damage|p1a: Mango|83/100|[from] Leech Seed|[of] p2a: Celebi
|upkeep
|turn|58
|inactive|james5k0 has 270 seconds left.
|
|t:|1728338005
|switch|p1a: Tungsten Rod|Metagross|99/100
|move|p2a: Celebi|Leech Seed|p1a: Tungsten Rod
|-start|p1a: Tungsten Rod|move: Leech Seed
|
|-weather|Sandstorm|[upkeep]
|-damage|p2a: Celebi|94/100|[from] Sandstorm
|-heal|p2a: Celebi|100/100|[from] item: Leftovers
|-heal|p1a: Tungsten Rod|100/100|[from] item: Leftovers
|-damage|p1a: Tungsten Rod|88/100|[from] Leech Seed|[of] p2a: Celebi
|upkeep
|turn|59
|inactive|james5k0 has 270 seconds left.
|
|t:|1728338019
|switch|p1a: Mango|Blissey, F|83/100
|move|p2a: Celebi|Calm Mind|p2a: Celebi
|-boost|p2a: Celebi|spa|1
|-boost|p2a: Celebi|spd|1
|
|-weather|Sandstorm|[upkeep]
|-damage|p2a: Celebi|94/100|[from] Sandstorm
|-damage|p1a: Mango|77/100|[from] Sandstorm
|-heal|p2a: Celebi|100/100|[from] item: Leftovers
|-heal|p1a: Mango|83/100|[from] item: Leftovers
|upkeep
|turn|60
|
|t:|1728338025
|move|p2a: Celebi|Leech Seed|p1a: Mango
|-start|p1a: Mango|move: Leech Seed
|move|p1a: Mango|Sing|p2a: Celebi
|-status|p2a: Celebi|slp|[from] move: Sing
|
|-weather|Sandstorm|[upkeep]
|-damage|p2a: Celebi|94/100 slp|[from] Sandstorm
|-damage|p1a: Mango|77/100|[from] Sandstorm
|-heal|p2a: Celebi|100/100 slp|[from] item: Leftovers
|-heal|p1a: Mango|83/100|[from] item: Leftovers
|-damage|p1a: Mango|71/100|[from] Leech Seed|[of] p2a: Celebi
|upkeep
|turn|61
|
|t:|1728338040
|-curestatus|p2a: Celebi|slp|[from] ability: Natural Cure
|switch|p2a: Swampert|Swampert, M|72/100
|-damage|p2a: Swampert|47/100|[from] Spikes
|switch|p1a: Gambling Chip|Salamence, F|29/100
|-ability|p1a: Gambling Chip|Intimidate|boost
|-unboost|p2a: Swampert|atk|1
|
|-weather|Sandstorm|[upkeep]
|-damage|p1a: Gambling Chip|23/100|[from] Sandstorm
|-heal|p1a: Gambling Chip|29/100|[from] item: Leftovers
|-heal|p2a: Swampert|54/100|[from] item: Leftovers
|upkeep
|turn|62
|
|t:|1728338050
|move|p2a: Swampert|Protect|p2a: Swampert
|-singleturn|p2a: Swampert|Protect
|move|p1a: Gambling Chip|Hidden Power|p2a: Swampert
|-activate|p2a: Swampert|Protect
|
|-weather|Sandstorm|[upkeep]
|-damage|p1a: Gambling Chip|23/100|[from] Sandstorm
|-heal|p1a: Gambling Chip|29/100|[from] item: Leftovers
|-heal|p2a: Swampert|60/100|[from] item: Leftovers
|upkeep
|turn|63
|inactive|james5k0 has 270 seconds left.
|inactive|GoldThe1andOnly has 270 seconds left.
|
|t:|1728338107
|move|p1a: Gambling Chip|Fire Blast|p2a: Swampert|[miss]
|-miss|p1a: Gambling Chip|p2a: Swampert
|move|p2a: Swampert|Ice Beam|p1a: Gambling Chip
|-supereffective|p1a: Gambling Chip
|-damage|p1a: Gambling Chip|0 fnt
|faint|p1a: Gambling Chip
|
|t:|1728338110
|switch|p1a: Mango|Blissey, F|71/100
|
|-weather|Sandstorm|[upkeep]
|-damage|p1a: Mango|65/100|[from] Sandstorm
|-heal|p1a: Mango|71/100|[from] item: Leftovers
|-heal|p2a: Swampert|66/100|[from] item: Leftovers
|upkeep
|turn|64
|
|t:|1728338125
|move|p2a: Swampert|Protect|p2a: Swampert
|-singleturn|p2a: Swampert|Protect
|move|p1a: Mango|Sing|p2a: Swampert|[miss]
|-miss|p1a: Mango|p2a: Swampert
|
|-weather|Sandstorm|[upkeep]
|-damage|p1a: Mango|65/100|[from] Sandstorm
|-heal|p1a: Mango|71/100|[from] item: Leftovers
|-heal|p2a: Swampert|72/100|[from] item: Leftovers
|upkeep
|turn|65
|
|t:|1728338132
|switch|p1a: Unceasing Top|Claydol|82/100 brn
|switch|p2a: Celebi|Celebi|100/100
|-damage|p2a: Celebi|75/100|[from] Spikes
|
|-weather|Sandstorm|[upkeep]
|-damage|p2a: Celebi|69/100|[from] Sandstorm
|-heal|p2a: Celebi|75/100|[from] item: Leftovers
|-heal|p1a: Unceasing Top|88/100 brn|[from] item: Leftovers
|-damage|p1a: Unceasing Top|76/100 brn|[from] brn
|upkeep
|turn|66
|
|t:|1728338151
|move|p2a: Celebi|Recover|p2a: Celebi
|-heal|p2a: Celebi|100/100
|move|p1a: Unceasing Top|Explosion|p2a: Celebi
|-damage|p2a: Celebi|58/100
|faint|p1a: Unceasing Top
|inactive|GoldThe1andOnly has 270 seconds left.
|
|t:|1728338156
|switch|p1a: Tungsten Rod|Metagross|88/100
|
|-weather|Sandstorm|[upkeep]
|-damage|p2a: Celebi|51/100|[from] Sandstorm
|-heal|p2a: Celebi|58/100|[from] item: Leftovers
|-heal|p1a: Tungsten Rod|94/100|[from] item: Leftovers
|upkeep
|turn|67
|
|t:|1728338166
|move|p2a: Celebi|Leech Seed|p1a: Tungsten Rod
|-start|p1a: Tungsten Rod|move: Leech Seed
|move|p1a: Tungsten Rod|Meteor Mash|p2a: Celebi|[miss]
|-miss|p1a: Tungsten Rod|p2a: Celebi
|
|-weather|Sandstorm|[upkeep]
|-damage|p2a: Celebi|51/100|[from] Sandstorm
|-heal|p2a: Celebi|58/100|[from] item: Leftovers
|-heal|p1a: Tungsten Rod|99/100|[from] item: Leftovers
|-damage|p1a: Tungsten Rod|88/100|[from] Leech Seed|[of] p2a: Celebi
|-heal|p2a: Celebi|69/100|[silent]
|upkeep
|turn|68
|
|t:|1728338176
|switch|p1a: Mango|Blissey, F|71/100
|move|p2a: Celebi|Recover|p2a: Celebi
|-heal|p2a: Celebi|100/100
|
|-weather|Sandstorm|[upkeep]
|-damage|p2a: Celebi|94/100|[from] Sandstorm
|-damage|p1a: Mango|65/100|[from] Sandstorm
|-heal|p2a: Celebi|100/100|[from] item: Leftovers
|-heal|p1a: Mango|71/100|[from] item: Leftovers
|upkeep
|turn|69
|
|t:|1728338181
|move|p2a: Celebi|Calm Mind|p2a: Celebi
|-boost|p2a: Celebi|spa|1
|-boost|p2a: Celebi|spd|1
|move|p1a: Mango|Ice Beam|p2a: Celebi
|-supereffective|p2a: Celebi
|-damage|p2a: Celebi|74/100
|
|-weather|Sandstorm|[upkeep]
|-damage|p2a: Celebi|68/100|[from] Sandstorm
|-damage|p1a: Mango|65/100|[from] Sandstorm
|-heal|p2a: Celebi|74/100|[from] item: Leftovers
|-heal|p1a: Mango|71/100|[from] item: Leftovers
|upkeep
|turn|70
|
|t:|1728338185
|move|p2a: Celebi|Psychic|p1a: Mango
|-crit|p1a: Mango
|-damage|p1a: Mango|32/100
|move|p1a: Mango|Sing|p2a: Celebi
|-status|p2a: Celebi|slp|[from] move: Sing
|
|-weather|Sandstorm|[upkeep]
|-damage|p2a: Celebi|68/100 slp|[from] Sandstorm
|-damage|p1a: Mango|26/100|[from] Sandstorm
|-heal|p2a: Celebi|74/100 slp|[from] item: Leftovers
|-heal|p1a: Mango|32/100|[from] item: Leftovers
|upkeep
|turn|71
|
|t:|1728338195
|cant|p2a: Celebi|slp
|move|p1a: Mango|Soft-Boiled|p1a: Mango
|-heal|p1a: Mango|82/100
|
|-weather|Sandstorm|[upkeep]
|-damage|p2a: Celebi|68/100 slp|[from] Sandstorm
|-damage|p1a: Mango|75/100|[from] Sandstorm
|-heal|p2a: Celebi|74/100 slp|[from] item: Leftovers
|-heal|p1a: Mango|82/100|[from] item: Leftovers
|upkeep
|turn|72
|
|t:|1728338203
|switch|p1a: Tungsten Rod|Metagross|88/100
|cant|p2a: Celebi|slp
|
|-weather|Sandstorm|[upkeep]
|-damage|p2a: Celebi|68/100 slp|[from] Sandstorm
|-heal|p2a: Celebi|74/100 slp|[from] item: Leftovers
|-heal|p1a: Tungsten Rod|94/100|[from] item: Leftovers
|upkeep
|turn|73
|
|t:|1728338209
|cant|p2a: Celebi|slp
|move|p1a: Tungsten Rod|Meteor Mash|p2a: Celebi
|-damage|p2a: Celebi|39/100 slp
|
|-weather|Sandstorm|[upkeep]
|-damage|p2a: Celebi|32/100 slp|[from] Sandstorm
|-heal|p2a: Celebi|39/100 slp|[from] item: Leftovers
|-heal|p1a: Tungsten Rod|99/100|[from] item: Leftovers
|upkeep
|turn|74
|
|t:|1728338215
|-curestatus|p2a: Celebi|slp|[msg]
|move|p2a: Celebi|Recover|p2a: Celebi
|-heal|p2a: Celebi|89/100
|move|p1a: Tungsten Rod|Meteor Mash|p2a: Celebi|[miss]
|-miss|p1a: Tungsten Rod|p2a: Celebi
|
|-weather|Sandstorm|[upkeep]
|-damage|p2a: Celebi|82/100|[from] Sandstorm
|-heal|p2a: Celebi|89/100|[from] item: Leftovers
|-heal|p1a: Tungsten Rod|100/100|[from] item: Leftovers
|upkeep
|turn|75
|
|t:|1728338221
|move|p2a: Celebi|Leech Seed|p1a: Tungsten Rod
|-start|p1a: Tungsten Rod|move: Leech Seed
|move|p1a: Tungsten Rod|Meteor Mash|p2a: Celebi
|-damage|p2a: Celebi|56/100
|
|-weather|Sandstorm|[upkeep]
|-damage|p2a: Celebi|50/100|[from] Sandstorm
|-heal|p2a: Celebi|56/100|[from] item: Leftovers
|-damage|p1a: Tungsten Rod|88/100|[from] Leech Seed|[of] p2a: Celebi
|-heal|p2a: Celebi|68/100|[silent]
|upkeep
|turn|76
|
|t:|1728338230
|switch|p1a: Mango|Blissey, F|82/100
|move|p2a: Celebi|Recover|p2a: Celebi
|-heal|p2a: Celebi|100/100
|
|-weather|Sandstorm|[upkeep]
|-damage|p2a: Celebi|94/100|[from] Sandstorm
|-damage|p1a: Mango|75/100|[from] Sandstorm
|-heal|p2a: Celebi|100/100|[from] item: Leftovers
|-heal|p1a: Mango|82/100|[from] item: Leftovers
|upkeep
|turn|77
|
|t:|1728338243
|move|p2a: Celebi|Psychic|p1a: Mango
|-damage|p1a: Mango|59/100
|move|p1a: Mango|Sing|p2a: Celebi
|-status|p2a: Celebi|slp|[from] move: Sing
|
|-weather|Sandstorm|[upkeep]
|-damage|p2a: Celebi|94/100 slp|[from] Sandstorm
|-damage|p1a: Mango|53/100|[from] Sandstorm
|-heal|p2a: Celebi|100/100 slp|[from] item: Leftovers
|-heal|p1a: Mango|59/100|[from] item: Leftovers
|upkeep
|turn|78
|
|t:|1728338252
|switch|p1a: Bird-Faced Urn|Tyranitar, F|76/100
|cant|p2a: Celebi|slp
|
|-weather|Sandstorm|[upkeep]
|-damage|p2a: Celebi|94/100 slp|[from] Sandstorm
|-heal|p2a: Celebi|100/100 slp|[from] item: Leftovers
|-heal|p1a: Bird-Faced Urn|82/100|[from] item: Leftovers
|upkeep
|turn|79
|
|t:|1728338257
|-curestatus|p2a: Celebi|slp|[from] ability: Natural Cure
|switch|p2a: Swampert|Swampert, M|72/100
|-damage|p2a: Swampert|47/100|[from] Spikes
|move|p1a: Bird-Faced Urn|Dragon Dance|p1a: Bird-Faced Urn
|-boost|p1a: Bird-Faced Urn|atk|1
|-boost|p1a: Bird-Faced Urn|spe|1
|
|-weather|Sandstorm|[upkeep]
|-heal|p1a: Bird-Faced Urn|88/100|[from] item: Leftovers
|-heal|p2a: Swampert|54/100|[from] item: Leftovers
|upkeep
|turn|80
|inactive|GoldThe1andOnly has 270 seconds left.
|inactive|GoldThe1andOnly has 240 seconds left.
|
|t:|1728338337
|move|p1a: Bird-Faced Urn|Earthquake|p2a: Swampert
|-damage|p2a: Swampert|19/100
|move|p2a: Swampert|Hydro Pump|p1a: Bird-Faced Urn|[miss]
|-miss|p2a: Swampert|p1a: Bird-Faced Urn
|
|-weather|Sandstorm|[upkeep]
|-heal|p1a: Bird-Faced Urn|94/100|[from] item: Leftovers
|-heal|p2a: Swampert|25/100|[from] item: Leftovers
|upkeep
|turn|81
|
|t:|1728338349
|switch|p2a: Gengar|Gengar, M|48/100
|move|p1a: Bird-Faced Urn|Earthquake|p2a: Gengar
|-immune|p2a: Gengar
|
|-weather|Sandstorm|[upkeep]
|-damage|p2a: Gengar|42/100|[from] Sandstorm
|-heal|p2a: Gengar|48/100|[from] item: Leftovers
|-heal|p1a: Bird-Faced Urn|100/100|[from] item: Leftovers
|upkeep
|turn|82
|
|t:|1728338376
|move|p2a: Gengar|Will-O-Wisp|p1a: Bird-Faced Urn
|-status|p1a: Bird-Faced Urn|brn
|move|p1a: Bird-Faced Urn|Rock Slide|p2a: Gengar
|-damage|p2a: Gengar|4/100
|
|-weather|Sandstorm|[upkeep]
|-damage|p2a: Gengar|0 fnt|[from] Sandstorm
|faint|p2a: Gengar
|-damage|p1a: Bird-Faced Urn|88/100 brn|[from] brn
|upkeep
|
|t:|1728338393
|switch|p2a: Celebi|Celebi|100/100
|-damage|p2a: Celebi|75/100|[from] Spikes
|turn|83
|
|t:|1728338400
|move|p1a: Bird-Faced Urn|Dragon Dance|p1a: Bird-Faced Urn
|-boost|p1a: Bird-Faced Urn|atk|1
|-boost|p1a: Bird-Faced Urn|spe|1
|move|p2a: Celebi|Leech Seed|p1a: Bird-Faced Urn
|-start|p1a: Bird-Faced Urn|move: Leech Seed
|
|-weather|Sandstorm|[upkeep]
|-damage|p2a: Celebi|69/100|[from] Sandstorm
|-heal|p1a: Bird-Faced Urn|94/100 brn|[from] item: Leftovers
|-damage|p1a: Bird-Faced Urn|82/100 brn|[from] Leech Seed|[of] p2a: Celebi
|-heal|p2a: Celebi|82/100|[silent]
|-damage|p1a: Bird-Faced Urn|69/100 brn|[from] brn
|-heal|p2a: Celebi|88/100|[from] item: Leftovers
|upkeep
|turn|84
|
|t:|1728338423
|switch|p2a: Swampert|Swampert, M|25/100
|-damage|p2a: Swampert|0 fnt|[from] Spikes
|faint|p2a: Swampert
|
|t:|1728338428
|switch|p2a: Celebi|Celebi|88/100
|-damage|p2a: Celebi|63/100|[from] Spikes
|
|-weather|Sandstorm|[upkeep]
|-damage|p2a: Celebi|57/100|[from] Sandstorm
|-heal|p1a: Bird-Faced Urn|76/100 brn|[from] item: Leftovers
|-damage|p1a: Bird-Faced Urn|63/100 brn|[from] Leech Seed|[of] p2a: Celebi
|-heal|p2a: Celebi|69/100|[silent]
|-damage|p1a: Bird-Faced Urn|51/100 brn|[from] brn
|-heal|p2a: Celebi|75/100|[from] item: Leftovers
|upkeep
|turn|85
|
|t:|1728338438
|move|p1a: Bird-Faced Urn|Dragon Dance|p1a: Bird-Faced Urn
|-boost|p1a: Bird-Faced Urn|atk|1
|-boost|p1a: Bird-Faced Urn|spe|1
|move|p2a: Celebi|Recover|p2a: Celebi
|-heal|p2a: Celebi|100/100
|
|-weather|Sandstorm|[upkeep]
|-damage|p2a: Celebi|94/100|[from] Sandstorm
|-heal|p1a: Bird-Faced Urn|57/100 brn|[from] item: Leftovers
|-damage|p1a: Bird-Faced Urn|45/100 brn|[from] Leech Seed|[of] p2a: Celebi
|-heal|p2a: Celebi|100/100|[silent]
|-damage|p1a: Bird-Faced Urn|32/100 brn|[from] brn
|upkeep
|turn|86
|
|t:|1728338446
|move|p1a: Bird-Faced Urn|Dragon Dance|p1a: Bird-Faced Urn
|-boost|p1a: Bird-Faced Urn|atk|1
|-boost|p1a: Bird-Faced Urn|spe|1
|move|p2a: Celebi|Recover||[still]
|-fail|p2a: Celebi|heal
|
|-weather|Sandstorm|[upkeep]
|-damage|p2a: Celebi|94/100|[from] Sandstorm
|-heal|p1a: Bird-Faced Urn|38/100 brn|[from] item: Leftovers
|-damage|p1a: Bird-Faced Urn|26/100 brn|[from] Leech Seed|[of] p2a: Celebi
|-heal|p2a: Celebi|100/100|[silent]
|-damage|p1a: Bird-Faced Urn|14/100 brn|[from] brn
|upkeep
|turn|87
|
|t:|1728338450
|move|p1a: Bird-Faced Urn|Hidden Power|p2a: Celebi
|-supereffective|p2a: Celebi
|-damage|p2a: Celebi|8/100
|move|p2a: Celebi|Recover|p2a: Celebi
|-heal|p2a: Celebi|58/100
|
|-weather|Sandstorm|[upkeep]
|-damage|p2a: Celebi|51/100|[from] Sandstorm
|-heal|p1a: Bird-Faced Urn|20/100 brn|[from] item: Leftovers
|-damage|p1a: Bird-Faced Urn|7/100 brn|[from] Leech Seed|[of] p2a: Celebi
|-heal|p2a: Celebi|64/100|[silent]
|-damage|p1a: Bird-Faced Urn|0 fnt|[from] brn
|faint|p1a: Bird-Faced Urn
|-heal|p2a: Celebi|70/100|[from] item: Leftovers
|upkeep
|
|t:|1728338453
|switch|p1a: Tungsten Rod|Metagross|88/100
|turn|88
|
|t:|1728338465
|move|p2a: Celebi|Leech Seed|p1a: Tungsten Rod
|-start|p1a: Tungsten Rod|move: Leech Seed
|move|p1a: Tungsten Rod|Explosion|p2a: Celebi
|-damage|p2a: Celebi|0 fnt
|faint|p1a: Tungsten Rod
|faint|p2a: Celebi
|
|win|GoldThe1andOnly
|c|☆james5k0|gg
|c|☆GoldThe1andOnly|gg

</script>
<script type="application/json" class="data" id="replaydata-smogtours-gen3ou-796255">
{"id":"smogtours-gen3ou-796255","format":"[Gen 3] OU","players":["GoldThe1andOnly","james5k0"],"uploadtime":1728338465,"views":109,"formatid":"gen3ou","rating":null,"private":0,"password":null}
</script>

<script defer src="js/replays.js?9d40a366"></script>
