<!DOCTYPE html>
<meta charset="utf-8" />
<meta name="viewport" content="width=device-width" />

<title>[Gen 3] OU: Jnho vs. ADV Fella - Replays - Pok&eacute;mon Showdown!</title>

<meta name="description" content="Watch a replay of a Pok&eacute;mon battle between Jnho and ADV Fella! Format: [Gen 3] OU; Date: Nov 4, 2024" />
<!--

Hey, you! Looking in the source for the replay log?

You can find them in JSON format, just add `.json` at the end of a replay URL.

https://replay.pokemonshowdown.com/gen7randomdoublesbattle-865046831.json

Or, if you only need the log itself, add `.log` instead:

https://replay.pokemonshowdown.com/gen7randomdoublesbattle-865046831.log

-->

<link rel="stylesheet" href="//pokemonshowdown.com/style/global.css?0.023195364461161105" />
<link rel="stylesheet" href="//play.pokemonshowdown.com/style/font-awesome.css?0.13261647063804238" />
<link rel="stylesheet" href="//play.pokemonshowdown.com/style/battle.css?0.8753245789963631" />
<link rel="stylesheet" href="//play.pokemonshowdown.com/style/utilichart.css?0.8627959624976733" />

<!-- Global site tag (gtag.js) - Google Analytics -->
<script async src="https://www.googletagmanager.com/gtag/js?id=UA-26211653-1"></script>
<script>
  window.dataLayer = window.dataLayer || [];
  function gtag(){dataLayer.push(arguments);}
  gtag('js', new Date());

  gtag('config', 'UA-26211653-1');
</script>
<!-- End Google Analytics -->
<!-- Venatus Ad Manager - Install in <HEAD> of page -->
	<script src="https://hb.vntsm.com/v3/live/ad-manager.min.js" type="text/javascript" data-site-id="642aba63ec9a7b11c3c9c1be" data-mode="scan" async></script>
<!-- / Venatus Ad Manager -->

<style>
	@media (max-width:820px) {
		.battle {
			margin: 0 auto;
		}
		.battle-log {
			margin: 7px auto 0;
			max-width: 640px;
			height: 300px;
			position: static;
		}
	}
	.optgroup {
		display: inline-block;
		line-height: 22px;
		font-size: 10pt;
	}
	.optgroup .button {
		height: 25px;
		padding-top: 0;
		padding-bottom: 0;
	}
	.optgroup button.button {
		padding-left: 12px;
		padding-right: 12px;
	}
	.linklist {
		list-style: none;
		margin: 0.5em 0;
		padding: 0;
	}
	.linklist li {
		padding: 2px 0;
	}
	.sidebar {
		float: left;
		width: 320px;
	}
	.bar-wrapper {
		max-width: 1100px;
		margin: 0 auto;
	}
	.bar-wrapper.has-sidebar {
		max-width: 1430px;
	}
	.mainbar {
		margin: 0;
		padding-right: 1px;
	}
	.mainbar.has-sidebar {
		margin-left: 330px;
	}
	@media (min-width: 1511px) {
		.sidebar {
			width: 400px;
		}
		.bar-wrapper.has-sidebar {
			max-width: 1510px;
		}
		.mainbar.has-sidebar {
			margin-left: 410px;
		}
	}
	.section.first-section {
		margin-top: 9px;
	}
	.blocklink small {
		white-space: normal;
	}
	.button {
		vertical-align: middle;
	}
	.replay-controls {
		padding-top: 10px;
	}
	.replay-controls h1 {
		font-size: 16pt;
		font-weight: normal;
		color: #CCC;
	}
	.pagelink {
		text-align: center;
	}
	.pagelink a {
		width: 150px;
	}
	.textbox, .button {
		font-size: 11pt;
		vertical-align: middle;
	}
	@media (max-width: 450px) {
		.button {
			font-size: 9pt;
		}
	}
</style>

<div>

	<header>
		<div class="nav-wrapper"><ul class="nav">
			<li><a class="button nav-first" href="//pokemonshowdown.com/"><img src="//pokemonshowdown.com/images/pokemonshowdownbeta.png" srcset="//pokemonshowdown.com/images/pokemonshowdownbeta.png 1x, //pokemonshowdown.com/images/pokemonshowdownbeta@2x.png 2x" alt="Pok&eacute;mon Showdown" width="146" height="44" /> Home</a></li>
			<li><a class="button" href="//pokemonshowdown.com/dex/">Pok&eacute;dex</a></li>
			<li><a class="button cur" href="/">Replays</a></li>
			<li><a class="button" href="//pokemonshowdown.com/ladder/">Ladder</a></li>
			<li><a class="button nav-last" href="//pokemonshowdown.com/forums/">Forum</a></li>
			<li><a class="button greenbutton nav-first nav-last" href="//play.pokemonshowdown.com/">Play</a></li>
		</ul></div>
	</header>

	<div class="main" id="main">

		<noscript><section class="section">You need to enable JavaScript to use this page; sorry!</section></noscript>

	</div>

</div>

<script defer nomodule src="//play.pokemonshowdown.com/js/lib/ps-polyfill.js"></script>
<script defer src="//play.pokemonshowdown.com/js/lib/preact.min.js"></script>

<script defer src="//play.pokemonshowdown.com/config/config.js?2bddbc15"></script>
<script defer src="//play.pokemonshowdown.com/js/lib/jquery-1.11.0.min.js"></script>
<script defer src="//play.pokemonshowdown.com/js/lib/html-sanitizer-minified.js"></script>
<script defer src="//play.pokemonshowdown.com/js/battle-sound.js"></script>
<script defer src="//play.pokemonshowdown.com/js/battledata.js?0.7209276989879541"></script>
<script defer src="//play.pokemonshowdown.com/data/pokedex-mini.js?0.6111056340867951"></script>
<script defer src="//play.pokemonshowdown.com/data/pokedex-mini-bw.js?0.3532142036491459"></script>
<script defer src="//play.pokemonshowdown.com/data/graphics.js?0.24223875632456182"></script>
<script defer src="//play.pokemonshowdown.com/data/pokedex.js?0.38839984266356864"></script>
<script defer src="//play.pokemonshowdown.com/data/moves.js?0.21866028504024015"></script>
<script defer src="//play.pokemonshowdown.com/data/abilities.js?0.2005157953846628"></script>
<script defer src="//play.pokemonshowdown.com/data/items.js?0.9894211263848525"></script>
<script defer src="//play.pokemonshowdown.com/data/teambuilder-tables.js?0.6008791140282215"></script>
<script defer src="//play.pokemonshowdown.com/js/battle-tooltips.js?0.7580118955022959"></script>
<script defer src="//play.pokemonshowdown.com/js/battle.js?0.6057722274234274"></script>

<script defer src="js/utils.js?e31f9a17"></script>
<script defer src="js/replays-battle.js?7008c182"></script>

<!-- don't scrape this data! just add .json or .log after the URL!
Full API docs: https://github.com/smogon/pokemon-showdown-client/blob/master/WEB-API.md -->
<script type="text/plain" class="log" id="replaylog-smogtours-gen3ou-804793">
|inactive|Battle timer is ON: inactive players will automatically lose when time's up.
|t:|1730751161
|gametype|singles
|player|p1|Jnho|caitlin|
|player|p2|ADV Fella|blackbelt-gen4dp|
|teamsize|p1|6
|teamsize|p2|6
|gen|3
|tier|[Gen 3] OU
|rule|Sleep Clause Mod: Limit one foe put to sleep
|rule|Switch Priority Clause Mod: Faster Pokémon switch first
|rule|Species Clause: Limit one of each Pokémon
|rule|OHKO Clause: OHKO moves are banned
|rule|Evasion Items Clause: Evasion items are banned
|rule|Evasion Moves Clause: Evasion moves are banned
|rule|Endless Battle Clause: Forcing endless battles is banned
|rule|HP Percentage Mod: HP is shown in percentages
|rule|One Boost Passer Clause: Limit one Baton Passer that has a way to boost its stats
|rule|Freeze Clause Mod: Limit one foe frozen
|
|t:|1730751161
|start
|switch|p1a: Tyranitar|Tyranitar, F|100/100
|switch|p2a: Zapdos|Zapdos|100/100
|-weather|Sandstorm|[from] ability: Sand Stream|[of] p1a: Tyranitar
|turn|1
|c|☆Jnho|glhfd
|c|☆ADV Fella|thanks u2
|
|t:|1730751182
|move|p2a: Zapdos|Substitute|p2a: Zapdos
|-start|p2a: Zapdos|Substitute
|-damage|p2a: Zapdos|76/100
|move|p1a: Tyranitar|Toxic||[still]
|-fail|p1a: Tyranitar
|
|-weather|Sandstorm|[upkeep]
|-damage|p2a: Zapdos|69/100|[from] Sandstorm
|-heal|p2a: Zapdos|76/100|[from] item: Leftovers
|upkeep
|turn|2
|
|t:|1730751193
|move|p2a: Zapdos|Baton Pass|p2a: Zapdos
|
|t:|1730751215
|switch|p2a: Dugtrio|Dugtrio, M, shiny|100/100|[from] Baton Pass
|move|p1a: Tyranitar|Rock Slide|p2a: Dugtrio
|-resisted|p2a: Dugtrio
|-end|p2a: Dugtrio|Substitute
|
|-weather|Sandstorm|[upkeep]
|upkeep
|turn|3
|
|t:|1730751223
|move|p2a: Dugtrio|Earthquake|p1a: Tyranitar
|-supereffective|p1a: Tyranitar
|-damage|p1a: Tyranitar|19/100
|move|p1a: Tyranitar|Earthquake|p2a: Dugtrio
|-crit|p2a: Dugtrio
|-damage|p2a: Dugtrio|0 fnt
|faint|p2a: Dugtrio
|
|t:|1730751230
|switch|p2a: Zapdos|Zapdos|76/100
|
|-weather|Sandstorm|[upkeep]
|-damage|p2a: Zapdos|69/100|[from] Sandstorm
|-heal|p2a: Zapdos|76/100|[from] item: Leftovers
|-heal|p1a: Tyranitar|25/100|[from] item: Leftovers
|upkeep
|turn|4
|
|t:|1730751242
|switch|p1a: Blissey|Blissey, F|100/100
|move|p2a: Zapdos|Thunderbolt|p1a: Blissey
|-damage|p1a: Blissey|80/100
|
|-weather|Sandstorm|[upkeep]
|-damage|p2a: Zapdos|69/100|[from] Sandstorm
|-damage|p1a: Blissey|73/100|[from] Sandstorm
|-heal|p2a: Zapdos|76/100|[from] item: Leftovers
|-heal|p1a: Blissey|80/100|[from] item: Leftovers
|upkeep
|turn|5
|
|t:|1730751266
|move|p2a: Zapdos|Substitute|p2a: Zapdos
|-start|p2a: Zapdos|Substitute
|-damage|p2a: Zapdos|51/100
|move|p1a: Blissey|Ice Beam|p2a: Zapdos
|-supereffective|p2a: Zapdos
|-end|p2a: Zapdos|Substitute
|
|-weather|Sandstorm|[upkeep]
|-damage|p2a: Zapdos|44/100|[from] Sandstorm
|-damage|p1a: Blissey|73/100|[from] Sandstorm
|-heal|p2a: Zapdos|51/100|[from] item: Leftovers
|-heal|p1a: Blissey|80/100|[from] item: Leftovers
|upkeep
|turn|6
|
|t:|1730751269
|move|p2a: Zapdos|Baton Pass|p2a: Zapdos
|
|t:|1730751272
|switch|p2a: Hariyama|Hariyama, F, shiny|100/100|[from] Baton Pass
|move|p1a: Blissey|Toxic|p2a: Hariyama
|-status|p2a: Hariyama|tox
|
|-weather|Sandstorm|[upkeep]
|-damage|p2a: Hariyama|94/100 tox|[from] Sandstorm
|-damage|p1a: Blissey|73/100|[from] Sandstorm
|-heal|p1a: Blissey|80/100|[from] item: Leftovers
|-heal|p2a: Hariyama|100/100 tox|[from] item: Leftovers
|-damage|p2a: Hariyama|94/100 tox|[from] psn
|upkeep
|turn|7
|
|t:|1730751278
|switch|p1a: Gengar|Gengar, M|100/100
|move|p2a: Hariyama|Cross Chop|p1a: Gengar
|-immune|p1a: Gengar
|
|-weather|Sandstorm|[upkeep]
|-damage|p1a: Gengar|94/100|[from] Sandstorm
|-damage|p2a: Hariyama|88/100 tox|[from] Sandstorm
|-heal|p1a: Gengar|100/100|[from] item: Leftovers
|-heal|p2a: Hariyama|94/100 tox|[from] item: Leftovers
|-damage|p2a: Hariyama|82/100 tox|[from] psn
|upkeep
|turn|8
|
|t:|1730751292
|move|p1a: Gengar|Thunderbolt|p2a: Hariyama
|-damage|p2a: Hariyama|53/100 tox
|move|p2a: Hariyama|Hidden Power|p1a: Gengar
|-supereffective|p1a: Gengar
|-damage|p1a: Gengar|0 fnt
|faint|p1a: Gengar
|
|t:|1730751298
|switch|p1a: Swampert|Swampert, M|100/100
|
|-weather|Sandstorm|[upkeep]
|-damage|p2a: Hariyama|47/100 tox|[from] Sandstorm
|-heal|p2a: Hariyama|53/100 tox|[from] item: Leftovers
|-damage|p2a: Hariyama|35/100 tox|[from] psn
|upkeep
|turn|9
|
|t:|1730751303
|switch|p2a: Celebi|Celebi|100/100
|move|p1a: Swampert|Protect||[still]
|-fail|p1a: Swampert
|
|-weather|Sandstorm|[upkeep]
|-damage|p2a: Celebi|94/100|[from] Sandstorm
|-heal|p2a: Celebi|100/100|[from] item: Leftovers
|upkeep
|turn|10
|
|t:|1730751309
|switch|p2a: Jirachi|Jirachi|100/100
|switch|p1a: Moltres|Moltres|100/100
|
|-weather|Sandstorm|[upkeep]
|-damage|p1a: Moltres|94/100|[from] Sandstorm
|-heal|p1a: Moltres|100/100|[from] item: Leftovers
|upkeep
|turn|11
|inactive|ADV Fella disconnected and has 300 seconds to reconnect!
|player|p2|
|inactive|ADV Fella reconnected and has 275 seconds left.
|player|p2|ADV Fella|blackbelt-gen4dp|
|inactive|ADV Fella has 270 seconds left.
|
|t:|1730751348
|move|p1a: Moltres|Flamethrower|p2a: Jirachi
|-supereffective|p2a: Jirachi
|-damage|p2a: Jirachi|12/100
|move|p2a: Jirachi|Thunderbolt|p1a: Moltres
|-supereffective|p1a: Moltres
|-damage|p1a: Moltres|24/100
|
|-weather|Sandstorm|[upkeep]
|-damage|p1a: Moltres|18/100|[from] Sandstorm
|-heal|p1a: Moltres|24/100|[from] item: Leftovers
|-heal|p2a: Jirachi|19/100|[from] item: Leftovers
|upkeep
|turn|12
|
|t:|1730751356
|switch|p2a: Kingdra|Kingdra, M, shiny|100/100
|move|p1a: Moltres|Flamethrower|p2a: Kingdra
|-resisted|p2a: Kingdra
|-damage|p2a: Kingdra|87/100
|
|-weather|Sandstorm|[upkeep]
|-damage|p1a: Moltres|18/100|[from] Sandstorm
|-damage|p2a: Kingdra|81/100|[from] Sandstorm
|-heal|p1a: Moltres|24/100|[from] item: Leftovers
|-heal|p2a: Kingdra|87/100|[from] item: Leftovers
|upkeep
|turn|13
|
|t:|1730751360
|switch|p1a: Blissey|Blissey, F|80/100
|move|p2a: Kingdra|Rain Dance|p2a: Kingdra
|-weather|RainDance
|
|-weather|RainDance|[upkeep]
|-heal|p2a: Kingdra|93/100|[from] item: Leftovers
|-heal|p1a: Blissey|86/100|[from] item: Leftovers
|upkeep
|turn|14
|
|t:|1730751368
|switch|p2a: Celebi|Celebi|100/100
|move|p1a: Blissey|Seismic Toss|p2a: Celebi
|-damage|p2a: Celebi|76/100
|
|-weather|RainDance|[upkeep]
|-heal|p2a: Celebi|82/100|[from] item: Leftovers
|-heal|p1a: Blissey|92/100|[from] item: Leftovers
|upkeep
|turn|15
|
|t:|1730751372
|move|p2a: Celebi|Calm Mind|p2a: Celebi
|-boost|p2a: Celebi|spa|1
|-boost|p2a: Celebi|spd|1
|move|p1a: Blissey|Toxic|p2a: Celebi
|-status|p2a: Celebi|tox
|
|-weather|RainDance|[upkeep]
|-heal|p2a: Celebi|88/100 tox|[from] item: Leftovers
|-damage|p2a: Celebi|82/100 tox|[from] psn
|-heal|p1a: Blissey|98/100|[from] item: Leftovers
|upkeep
|turn|16
|
|t:|1730751379
|-curestatus|p2a: Celebi|tox|[from] ability: Natural Cure
|switch|p2a: Jirachi|Jirachi|19/100
|move|p1a: Blissey|Ice Beam|p2a: Jirachi
|-resisted|p2a: Jirachi
|-damage|p2a: Jirachi|8/100
|
|-weather|RainDance|[upkeep]
|-heal|p2a: Jirachi|14/100|[from] item: Leftovers
|-heal|p1a: Blissey|100/100|[from] item: Leftovers
|upkeep
|turn|17
|
|t:|1730751383
|move|p2a: Jirachi|Calm Mind|p2a: Jirachi
|-boost|p2a: Jirachi|spa|1
|-boost|p2a: Jirachi|spd|1
|move|p1a: Blissey|Seismic Toss|p2a: Jirachi
|-damage|p2a: Jirachi|0 fnt
|faint|p2a: Jirachi
|
|t:|1730751386
|switch|p2a: Hariyama|Hariyama, F, shiny|35/100 tox
|
|-weather|none
|-heal|p2a: Hariyama|41/100 tox|[from] item: Leftovers
|-damage|p2a: Hariyama|35/100 tox|[from] psn
|upkeep
|turn|18
|
|t:|1730751394
|switch|p1a: Tyranitar|Tyranitar, F|25/100
|-weather|Sandstorm|[from] ability: Sand Stream|[of] p1a: Tyranitar
|move|p2a: Hariyama|Cross Chop|p1a: Tyranitar
|-supereffective|p1a: Tyranitar
|-damage|p1a: Tyranitar|0 fnt
|faint|p1a: Tyranitar
|
|t:|1730751400
|switch|p1a: Moltres|Moltres|24/100
|
|-weather|Sandstorm|[upkeep]
|-damage|p1a: Moltres|18/100|[from] Sandstorm
|-damage|p2a: Hariyama|29/100 tox|[from] Sandstorm
|-heal|p1a: Moltres|24/100|[from] item: Leftovers
|-heal|p2a: Hariyama|35/100 tox|[from] item: Leftovers
|-damage|p2a: Hariyama|23/100 tox|[from] psn
|upkeep
|turn|19
|
|t:|1730751412
|switch|p2a: Kingdra|Kingdra, M, shiny|93/100
|move|p1a: Moltres|Flamethrower|p2a: Kingdra
|-resisted|p2a: Kingdra
|-damage|p2a: Kingdra|80/100
|
|-weather|Sandstorm|[upkeep]
|-damage|p1a: Moltres|18/100|[from] Sandstorm
|-damage|p2a: Kingdra|74/100|[from] Sandstorm
|-heal|p1a: Moltres|24/100|[from] item: Leftovers
|-heal|p2a: Kingdra|80/100|[from] item: Leftovers
|upkeep
|turn|20
|
|t:|1730751416
|move|p1a: Moltres|Will-O-Wisp|p2a: Kingdra
|-status|p2a: Kingdra|brn
|move|p2a: Kingdra|Rain Dance|p2a: Kingdra
|-weather|RainDance
|
|-weather|RainDance|[upkeep]
|-heal|p2a: Kingdra|86/100 brn|[from] item: Leftovers
|-damage|p2a: Kingdra|74/100 brn|[from] brn
|-heal|p1a: Moltres|30/100|[from] item: Leftovers
|upkeep
|turn|21
|
|t:|1730751423
|switch|p1a: Blissey|Blissey, F|100/100
|move|p2a: Kingdra|Surf|p1a: Blissey
|-damage|p1a: Blissey|73/100
|
|-weather|RainDance|[upkeep]
|-heal|p2a: Kingdra|80/100 brn|[from] item: Leftovers
|-damage|p2a: Kingdra|67/100 brn|[from] brn
|-heal|p1a: Blissey|79/100|[from] item: Leftovers
|upkeep
|turn|22
|
|t:|1730751432
|switch|p2a: Hariyama|Hariyama, F, shiny|23/100 tox
|move|p1a: Blissey|Toxic|p2a: Hariyama
|-fail|p2a: Hariyama|tox
|
|-weather|RainDance|[upkeep]
|-heal|p1a: Blissey|85/100|[from] item: Leftovers
|-heal|p2a: Hariyama|29/100 tox|[from] item: Leftovers
|-damage|p2a: Hariyama|23/100 tox|[from] psn
|upkeep
|turn|23
|
|t:|1730751438
|switch|p1a: Skarmory|Skarmory, M|100/100
|move|p2a: Hariyama|Cross Chop|p1a: Skarmory|[miss]
|-miss|p2a: Hariyama|p1a: Skarmory
|
|-weather|RainDance|[upkeep]
|-heal|p2a: Hariyama|29/100 tox|[from] item: Leftovers
|-damage|p2a: Hariyama|17/100 tox|[from] psn
|upkeep
|turn|24
|
|t:|1730751443
|move|p1a: Skarmory|Spikes|p2a: Hariyama
|-sidestart|p2: ADV Fella|Spikes
|move|p2a: Hariyama|Cross Chop|p1a: Skarmory|[miss]
|-miss|p2a: Hariyama|p1a: Skarmory
|
|-weather|none
|-heal|p2a: Hariyama|23/100 tox|[from] item: Leftovers
|-damage|p2a: Hariyama|5/100 tox|[from] psn
|upkeep
|turn|25
|
|t:|1730751452
|move|p1a: Skarmory|Spikes|p2a: Hariyama
|-sidestart|p2: ADV Fella|Spikes
|move|p2a: Hariyama|Cross Chop|p1a: Skarmory
|-crit|p1a: Skarmory
|-damage|p1a: Skarmory|0 fnt
|faint|p1a: Skarmory
|
|t:|1730751459
|switch|p1a: Moltres|Moltres|30/100
|
|-heal|p1a: Moltres|37/100|[from] item: Leftovers
|-heal|p2a: Hariyama|11/100 tox|[from] item: Leftovers
|-damage|p2a: Hariyama|0 fnt|[from] psn
|faint|p2a: Hariyama
|upkeep
|
|t:|1730751463
|switch|p2a: Zapdos|Zapdos|51/100
|turn|26
|
|t:|1730751468
|switch|p1a: Swampert|Swampert, M|100/100
|move|p2a: Zapdos|Substitute|p2a: Zapdos
|-start|p2a: Zapdos|Substitute
|-damage|p2a: Zapdos|26/100
|
|-heal|p2a: Zapdos|32/100|[from] item: Leftovers
|upkeep
|turn|27
|
|t:|1730751472
|move|p2a: Zapdos|Hidden Power|p1a: Swampert
|-supereffective|p1a: Swampert
|-damage|p1a: Swampert|5/100
|move|p1a: Swampert|Ice Beam|p2a: Zapdos
|-supereffective|p2a: Zapdos
|-end|p2a: Zapdos|Substitute
|
|-heal|p2a: Zapdos|38/100|[from] item: Leftovers
|-heal|p1a: Swampert|11/100|[from] item: Leftovers
|upkeep
|turn|28
|
|t:|1730751477
|move|p2a: Zapdos|Hidden Power|p1a: Swampert
|-supereffective|p1a: Swampert
|-damage|p1a: Swampert|0 fnt
|faint|p1a: Swampert
|
|t:|1730751479
|switch|p1a: Blissey|Blissey, F|85/100
|
|-heal|p2a: Zapdos|44/100|[from] item: Leftovers
|-heal|p1a: Blissey|91/100|[from] item: Leftovers
|upkeep
|turn|29
|
|t:|1730751483
|move|p2a: Zapdos|Substitute|p2a: Zapdos
|-start|p2a: Zapdos|Substitute
|-damage|p2a: Zapdos|20/100
|move|p1a: Blissey|Ice Beam|p2a: Zapdos
|-supereffective|p2a: Zapdos
|-end|p2a: Zapdos|Substitute
|
|-heal|p2a: Zapdos|26/100|[from] item: Leftovers
|-heal|p1a: Blissey|98/100|[from] item: Leftovers
|upkeep
|turn|30
|
|t:|1730751487
|move|p2a: Zapdos|Baton Pass|p2a: Zapdos
|
|t:|1730751488
|switch|p2a: Kingdra|Kingdra, M, shiny|67/100 brn|[from] Baton Pass
|-damage|p2a: Kingdra|51/100 brn|[from] Spikes
|move|p1a: Blissey|Ice Beam|p2a: Kingdra
|-damage|p2a: Kingdra|29/100 brn
|
|-heal|p2a: Kingdra|35/100 brn|[from] item: Leftovers
|-damage|p2a: Kingdra|22/100 brn|[from] brn
|-heal|p1a: Blissey|100/100|[from] item: Leftovers
|upkeep
|turn|31
|
|t:|1730751498
|move|p2a: Kingdra|Rain Dance|p2a: Kingdra
|-weather|RainDance
|move|p1a: Blissey|Ice Beam|p2a: Kingdra
|-damage|p2a: Kingdra|0 fnt
|faint|p2a: Kingdra
|
|t:|1730751501
|switch|p2a: Celebi|Celebi|82/100
|-damage|p2a: Celebi|65/100|[from] Spikes
|
|-weather|RainDance|[upkeep]
|-heal|p2a: Celebi|72/100|[from] item: Leftovers
|upkeep
|turn|32
|
|t:|1730751506
|move|p2a: Celebi|Calm Mind|p2a: Celebi
|-boost|p2a: Celebi|spa|1
|-boost|p2a: Celebi|spd|1
|move|p1a: Blissey|Ice Beam|p2a: Celebi
|-supereffective|p2a: Celebi
|-damage|p2a: Celebi|44/100
|-status|p2a: Celebi|frz
|
|-weather|RainDance|[upkeep]
|-heal|p2a: Celebi|50/100 frz|[from] item: Leftovers
|upkeep
|turn|33
|
|t:|1730751510
|cant|p2a: Celebi|frz
|move|p1a: Blissey|Seismic Toss|p2a: Celebi
|-damage|p2a: Celebi|26/100 frz
|
|-weather|RainDance|[upkeep]
|-heal|p2a: Celebi|32/100 frz|[from] item: Leftovers
|upkeep
|turn|34
|
|t:|1730751517
|cant|p2a: Celebi|frz
|move|p1a: Blissey|Seismic Toss|p2a: Celebi
|-damage|p2a: Celebi|7/100 frz
|
|-weather|RainDance|[upkeep]
|-heal|p2a: Celebi|13/100 frz|[from] item: Leftovers
|upkeep
|turn|35
|c|☆ADV Fella|gg
|
|t:|1730751523
|switch|p1a: Moltres|Moltres|37/100
|cant|p2a: Celebi|frz
|
|-weather|none
|-heal|p1a: Moltres|43/100|[from] item: Leftovers
|-heal|p2a: Celebi|20/100 frz|[from] item: Leftovers
|upkeep
|turn|36
|
|t:|1730751526
|move|p1a: Moltres|Flamethrower|p2a: Celebi
|-supereffective|p2a: Celebi
|-damage|p2a: Celebi|0 fnt
|faint|p2a: Celebi
|c|☆Jnho|srry
|c|☆Jnho|gg
|
|t:|1730751530
|switch|p2a: Zapdos|Zapdos|26/100
|
|-heal|p2a: Zapdos|32/100|[from] item: Leftovers
|-heal|p1a: Moltres|49/100|[from] item: Leftovers
|upkeep
|turn|37
|c|☆ADV Fella|all g
|
|t:|1730751544
|move|p2a: Zapdos|Thunderbolt|p1a: Moltres
|-supereffective|p1a: Moltres
|-damage|p1a: Moltres|0 fnt
|faint|p1a: Moltres
|
|t:|1730751547
|switch|p1a: Blissey|Blissey, F|100/100
|
|-heal|p2a: Zapdos|38/100|[from] item: Leftovers
|upkeep
|turn|38
|c|☆ADV Fella|good luck with the rest of the tournament
|
|t:|1730751550
|move|p2a: Zapdos|Thunderbolt|p1a: Blissey
|-damage|p1a: Blissey|80/100
|move|p1a: Blissey|Ice Beam|p2a: Zapdos
|-supereffective|p2a: Zapdos
|-damage|p2a: Zapdos|0 fnt
|faint|p2a: Zapdos
|
|win|Jnho
|c|☆Jnho|ty
|c|☆Jnho|you too
|player|p2|

</script>
<script type="application/json" class="data" id="replaydata-smogtours-gen3ou-804793">
{"id":"smogtours-gen3ou-804793","format":"[Gen 3] OU","players":["Jnho","ADV Fella"],"uploadtime":1730751550,"views":37,"formatid":"gen3ou","rating":null,"private":0,"password":null}
</script>

<script defer src="js/replays.js?9d40a366"></script>
