<!DOCTYPE html>
<meta charset="utf-8" />
<meta name="viewport" content="width=device-width" />

<title>[Gen 3] OU: UnzipsCrogre vs. Big Chungus irl - Replays - Pok&eacute;mon Showdown!</title>

<meta name="description" content="Watch a replay of a Pok&eacute;mon battle between UnzipsCrogre and Big Chungus irl! Format: [Gen 3] OU; Date: Oct 10, 2024" />
<!--

Hey, you! Looking in the source for the replay log?

You can find them in JSON format, just add `.json` at the end of a replay URL.

https://replay.pokemonshowdown.com/gen7randomdoublesbattle-865046831.json

Or, if you only need the log itself, add `.log` instead:

https://replay.pokemonshowdown.com/gen7randomdoublesbattle-865046831.log

-->

<link rel="stylesheet" href="//pokemonshowdown.com/style/global.css?0.023195364461161105" />
<link rel="stylesheet" href="//play.pokemonshowdown.com/style/font-awesome.css?0.13261647063804238" />
<link rel="stylesheet" href="//play.pokemonshowdown.com/style/battle.css?0.8753245789963631" />
<link rel="stylesheet" href="//play.pokemonshowdown.com/style/utilichart.css?0.8627959624976733" />

<!-- Global site tag (gtag.js) - Google Analytics -->
<script async src="https://www.googletagmanager.com/gtag/js?id=UA-26211653-1"></script>
<script>
  window.dataLayer = window.dataLayer || [];
  function gtag(){dataLayer.push(arguments);}
  gtag('js', new Date());

  gtag('config', 'UA-26211653-1');
</script>
<!-- End Google Analytics -->
<!-- Venatus Ad Manager - Install in <HEAD> of page -->
	<script src="https://hb.vntsm.com/v3/live/ad-manager.min.js" type="text/javascript" data-site-id="642aba63ec9a7b11c3c9c1be" data-mode="scan" async></script>
<!-- / Venatus Ad Manager -->

<style>
	@media (max-width:820px) {
		.battle {
			margin: 0 auto;
		}
		.battle-log {
			margin: 7px auto 0;
			max-width: 640px;
			height: 300px;
			position: static;
		}
	}
	.optgroup {
		display: inline-block;
		line-height: 22px;
		font-size: 10pt;
	}
	.optgroup .button {
		height: 25px;
		padding-top: 0;
		padding-bottom: 0;
	}
	.optgroup button.button {
		padding-left: 12px;
		padding-right: 12px;
	}
	.linklist {
		list-style: none;
		margin: 0.5em 0;
		padding: 0;
	}
	.linklist li {
		padding: 2px 0;
	}
	.sidebar {
		float: left;
		width: 320px;
	}
	.bar-wrapper {
		max-width: 1100px;
		margin: 0 auto;
	}
	.bar-wrapper.has-sidebar {
		max-width: 1430px;
	}
	.mainbar {
		margin: 0;
		padding-right: 1px;
	}
	.mainbar.has-sidebar {
		margin-left: 330px;
	}
	@media (min-width: 1511px) {
		.sidebar {
			width: 400px;
		}
		.bar-wrapper.has-sidebar {
			max-width: 1510px;
		}
		.mainbar.has-sidebar {
			margin-left: 410px;
		}
	}
	.section.first-section {
		margin-top: 9px;
	}
	.blocklink small {
		white-space: normal;
	}
	.button {
		vertical-align: middle;
	}
	.replay-controls {
		padding-top: 10px;
	}
	.replay-controls h1 {
		font-size: 16pt;
		font-weight: normal;
		color: #CCC;
	}
	.pagelink {
		text-align: center;
	}
	.pagelink a {
		width: 150px;
	}
	.textbox, .button {
		font-size: 11pt;
		vertical-align: middle;
	}
	@media (max-width: 450px) {
		.button {
			font-size: 9pt;
		}
	}
</style>

<div>

	<header>
		<div class="nav-wrapper"><ul class="nav">
			<li><a class="button nav-first" href="//pokemonshowdown.com/"><img src="//pokemonshowdown.com/images/pokemonshowdownbeta.png" srcset="//pokemonshowdown.com/images/pokemonshowdownbeta.png 1x, //pokemonshowdown.com/images/pokemonshowdownbeta@2x.png 2x" alt="Pok&eacute;mon Showdown" width="146" height="44" /> Home</a></li>
			<li><a class="button" href="//pokemonshowdown.com/dex/">Pok&eacute;dex</a></li>
			<li><a class="button cur" href="/">Replays</a></li>
			<li><a class="button" href="//pokemonshowdown.com/ladder/">Ladder</a></li>
			<li><a class="button nav-last" href="//pokemonshowdown.com/forums/">Forum</a></li>
			<li><a class="button greenbutton nav-first nav-last" href="//play.pokemonshowdown.com/">Play</a></li>
		</ul></div>
	</header>

	<div class="main" id="main">

		<noscript><section class="section">You need to enable JavaScript to use this page; sorry!</section></noscript>

	</div>

</div>

<script defer nomodule src="//play.pokemonshowdown.com/js/lib/ps-polyfill.js"></script>
<script defer src="//play.pokemonshowdown.com/js/lib/preact.min.js"></script>

<script defer src="//play.pokemonshowdown.com/config/config.js?2bddbc15"></script>
<script defer src="//play.pokemonshowdown.com/js/lib/jquery-1.11.0.min.js"></script>
<script defer src="//play.pokemonshowdown.com/js/lib/html-sanitizer-minified.js"></script>
<script defer src="//play.pokemonshowdown.com/js/battle-sound.js"></script>
<script defer src="//play.pokemonshowdown.com/js/battledata.js?0.7209276989879541"></script>
<script defer src="//play.pokemonshowdown.com/data/pokedex-mini.js?0.6111056340867951"></script>
<script defer src="//play.pokemonshowdown.com/data/pokedex-mini-bw.js?0.3532142036491459"></script>
<script defer src="//play.pokemonshowdown.com/data/graphics.js?0.24223875632456182"></script>
<script defer src="//play.pokemonshowdown.com/data/pokedex.js?0.38839984266356864"></script>
<script defer src="//play.pokemonshowdown.com/data/moves.js?0.21866028504024015"></script>
<script defer src="//play.pokemonshowdown.com/data/abilities.js?0.2005157953846628"></script>
<script defer src="//play.pokemonshowdown.com/data/items.js?0.9894211263848525"></script>
<script defer src="//play.pokemonshowdown.com/data/teambuilder-tables.js?0.6008791140282215"></script>
<script defer src="//play.pokemonshowdown.com/js/battle-tooltips.js?0.7580118955022959"></script>
<script defer src="//play.pokemonshowdown.com/js/battle.js?0.6057722274234274"></script>

<script defer src="js/utils.js?e31f9a17"></script>
<script defer src="js/replays-battle.js?7008c182"></script>

<!-- don't scrape this data! just add .json or .log after the URL!
Full API docs: https://github.com/smogon/pokemon-showdown-client/blob/master/WEB-API.md -->
<script type="text/plain" class="log" id="replaylog-smogtours-gen3ou-796947">
|inactive|Battle timer is ON: inactive players will automatically lose when time's up.
|t:|1728583799
|gametype|singles
|player|p1|UnzipsCrogre|unknown|
|player|p2|Big Chungus irl|firebreather|
|teamsize|p1|6
|teamsize|p2|6
|gen|3
|tier|[Gen 3] OU
|rule|Sleep Clause Mod: Limit one foe put to sleep
|rule|Switch Priority Clause Mod: Faster Pokémon switch first
|rule|Species Clause: Limit one of each Pokémon
|rule|OHKO Clause: OHKO moves are banned
|rule|Evasion Items Clause: Evasion items are banned
|rule|Evasion Moves Clause: Evasion moves are banned
|rule|Endless Battle Clause: Forcing endless battles is banned
|rule|HP Percentage Mod: HP is shown in percentages
|rule|One Boost Passer Clause: Limit one Baton Passer that has a way to boost its stats
|rule|Freeze Clause Mod: Limit one foe frozen
|
|t:|1728583799
|start
|switch|p1a: Suicune|Suicune|100/100
|switch|p2a: Metagross|Metagross|100/100
|turn|1
|inactive|UnzipsCrogre also wants the timer to be on.
|
|t:|1728583811
|switch|p2a: Snorlax|Snorlax, M|100/100
|move|p1a: Suicune|Hydro Pump|p2a: Snorlax
|-damage|p2a: Snorlax|68/100
|
|-heal|p2a: Snorlax|74/100|[from] item: Leftovers
|upkeep
|turn|2
|
|t:|1728583820
|move|p2a: Snorlax|Body Slam|p1a: Suicune
|-damage|p1a: Suicune|68/100
|move|p1a: Suicune|Roar|p2a: Snorlax
|drag|p2a: Gyarados|Gyarados, M|100/100
|-ability|p2a: Gyarados|Intimidate|boost
|-unboost|p1a: Suicune|atk|1
|
|-heal|p1a: Suicune|74/100|[from] item: Leftovers
|upkeep
|turn|3
|
|t:|1728583833
|switch|p1a: Salamence|Salamence, F|100/100
|-ability|p1a: Salamence|Intimidate|boost
|-unboost|p2a: Gyarados|atk|1
|move|p2a: Gyarados|Thunder Wave|p1a: Salamence
|-status|p1a: Salamence|par
|
|upkeep
|turn|4
|
|t:|1728583855
|switch|p2a: Metagross|Metagross|100/100
|cant|p1a: Salamence|par
|
|upkeep
|turn|5
|
|t:|1728583865
|move|p2a: Metagross|Meteor Mash|p1a: Salamence
|-damage|p1a: Salamence|26/100 par
|move|p1a: Salamence|Fire Blast|p2a: Metagross|[miss]
|-miss|p1a: Salamence|p2a: Metagross
|
|-heal|p1a: Salamence|32/100 par|[from] item: Leftovers
|upkeep
|turn|6
|
|t:|1728583873
|switch|p1a: Metagross|Metagross|100/100
|move|p2a: Metagross|Meteor Mash|p1a: Metagross
|-resisted|p1a: Metagross
|-damage|p1a: Metagross|77/100
|-boost|p2a: Metagross|atk|1
|
|upkeep
|turn|7
|
|t:|1728583880
|move|p1a: Metagross|Earthquake|p2a: Metagross
|-supereffective|p2a: Metagross
|-damage|p2a: Metagross|0 fnt
|faint|p2a: Metagross
|
|t:|1728583888
|switch|p2a: Flygon|Flygon, F|100/100
|
|upkeep
|turn|8
|
|t:|1728583893
|switch|p1a: Salamence|Salamence, F|32/100 par
|-ability|p1a: Salamence|Intimidate|boost
|-unboost|p2a: Flygon|atk|1
|move|p2a: Flygon|Substitute|p2a: Flygon
|-start|p2a: Flygon|Substitute
|-damage|p2a: Flygon|76/100
|
|-heal|p2a: Flygon|82/100|[from] item: Leftovers
|-heal|p1a: Salamence|38/100 par|[from] item: Leftovers
|upkeep
|turn|9
|
|t:|1728583895
|move|p2a: Flygon|Rock Slide|p1a: Salamence
|-supereffective|p1a: Salamence
|-damage|p1a: Salamence|0 fnt
|faint|p1a: Salamence
|
|t:|1728583907
|switch|p1a: Suicune|Suicune|74/100
|
|-heal|p2a: Flygon|88/100|[from] item: Leftovers
|-heal|p1a: Suicune|80/100|[from] item: Leftovers
|upkeep
|turn|10
|
|t:|1728583911
|move|p2a: Flygon|Toxic|p1a: Suicune|[miss]
|-miss|p2a: Flygon|p1a: Suicune
|move|p1a: Suicune|Roar|p2a: Flygon
|drag|p2a: Magneton|Magneton|100/100
|
|-heal|p1a: Suicune|86/100|[from] item: Leftovers
|upkeep
|turn|11
|
|t:|1728583923
|switch|p1a: Snorlax|Snorlax, F|100/100
|switch|p2a: Gyarados|Gyarados, M|100/100
|-ability|p2a: Gyarados|Intimidate|boost
|-unboost|p1a: Snorlax|atk|1
|
|upkeep
|turn|12
|
|t:|1728583939
|move|p2a: Gyarados|Hidden Power|p1a: Snorlax
|-damage|p1a: Snorlax|54/100
|move|p1a: Snorlax|Body Slam|p2a: Gyarados
|-damage|p2a: Gyarados|67/100
|-status|p2a: Gyarados|par
|
|-heal|p1a: Snorlax|60/100|[from] item: Leftovers
|upkeep
|turn|13
|
|t:|1728583960
|switch|p1a: Metagross|Metagross|77/100
|cant|p2a: Gyarados|par
|
|upkeep
|turn|14
|
|t:|1728583968
|move|p1a: Metagross|Meteor Mash|p2a: Gyarados
|-resisted|p2a: Gyarados
|-damage|p2a: Gyarados|16/100 par
|move|p2a: Gyarados|Hidden Power|p1a: Metagross
|-resisted|p1a: Metagross
|-damage|p1a: Metagross|55/100
|
|upkeep
|turn|15
|
|t:|1728583975
|move|p1a: Metagross|Meteor Mash|p2a: Gyarados
|-resisted|p2a: Gyarados
|-damage|p2a: Gyarados|0 fnt
|faint|p2a: Gyarados
|
|t:|1728583977
|switch|p2a: Magneton|Magneton|100/100
|
|upkeep
|turn|16
|
|t:|1728583979
|move|p2a: Magneton|Thunderbolt|p1a: Metagross
|-damage|p1a: Metagross|0 fnt
|faint|p1a: Metagross
|
|t:|1728583988
|switch|p1a: Snorlax|Snorlax, F|60/100
|
|-heal|p1a: Snorlax|67/100|[from] item: Leftovers
|upkeep
|turn|17
|
|t:|1728583994
|move|p2a: Magneton|Thunderbolt|p1a: Snorlax
|-damage|p1a: Snorlax|30/100
|move|p1a: Snorlax|Earthquake|p2a: Magneton
|-supereffective|p2a: Magneton
|-damage|p2a: Magneton|0 fnt
|faint|p2a: Magneton
|
|t:|1728584000
|switch|p2a: Heracross|Heracross, M|100/100
|
|-heal|p1a: Snorlax|36/100|[from] item: Leftovers
|upkeep
|turn|18
|
|t:|1728584008
|move|p2a: Heracross|Megahorn|p1a: Snorlax|[miss]
|-miss|p2a: Heracross|p1a: Snorlax
|move|p1a: Snorlax|Self-Destruct|p2a: Heracross
|-damage|p2a: Heracross|0 fnt
|faint|p1a: Snorlax
|faint|p2a: Heracross
|
|t:|1728584019
|switch|p2a: Snorlax|Snorlax, M|74/100
|switch|p1a: Magneton|Magneton|100/100
|
|-heal|p2a: Snorlax|80/100|[from] item: Leftovers
|upkeep
|turn|19
|
|t:|1728584026
|move|p1a: Magneton|Thunder Wave|p2a: Snorlax
|-status|p2a: Snorlax|par
|cant|p2a: Snorlax|par
|
|-heal|p2a: Snorlax|87/100 par|[from] item: Leftovers
|upkeep
|turn|20
|
|t:|1728584029
|move|p1a: Magneton|Thunderbolt|p2a: Snorlax
|-damage|p2a: Snorlax|57/100 par
|move|p2a: Snorlax|Curse|p2a: Snorlax
|-unboost|p2a: Snorlax|spe|1
|-boost|p2a: Snorlax|atk|1
|-boost|p2a: Snorlax|def|1
|
|-heal|p2a: Snorlax|63/100 par|[from] item: Leftovers
|upkeep
|turn|21
|
|t:|1728584034
|move|p1a: Magneton|Thunderbolt|p2a: Snorlax
|-damage|p2a: Snorlax|35/100 par
|cant|p2a: Snorlax|par
|
|-heal|p2a: Snorlax|41/100 par|[from] item: Leftovers
|upkeep
|turn|22
|
|t:|1728584037
|move|p1a: Magneton|Thunderbolt|p2a: Snorlax
|-damage|p2a: Snorlax|12/100 par
|move|p2a: Snorlax|Rest|p2a: Snorlax
|-status|p2a: Snorlax|slp|[from] move: Rest
|-heal|p2a: Snorlax|100/100 slp|[silent]
|
|upkeep
|turn|23
|c|☆Big Chungus irl|pretty unlucky game for me
|
|t:|1728584042
|switch|p1a: Suicune|Suicune|86/100
|cant|p2a: Snorlax|slp
|
|-heal|p1a: Suicune|92/100|[from] item: Leftovers
|upkeep
|turn|24
|
|t:|1728584045
|cant|p2a: Snorlax|slp
|move|p1a: Suicune|Roar|p2a: Snorlax
|drag|p2a: Flygon|Flygon, F|88/100
|
|-heal|p2a: Flygon|94/100|[from] item: Leftovers
|-heal|p1a: Suicune|98/100|[from] item: Leftovers
|upkeep
|turn|25
|
|t:|1728584049
|switch|p2a: Snorlax|Snorlax, M|100/100 slp
|move|p1a: Suicune|Ice Beam|p2a: Snorlax
|-damage|p2a: Snorlax|85/100 slp
|
|-heal|p1a: Suicune|100/100|[from] item: Leftovers
|-heal|p2a: Snorlax|91/100 slp|[from] item: Leftovers
|upkeep
|turn|26
|
|t:|1728584052
|-curestatus|p2a: Snorlax|slp|[msg]
|move|p2a: Snorlax|Body Slam|p1a: Suicune
|-damage|p1a: Suicune|66/100
|-status|p1a: Suicune|par
|move|p1a: Suicune|Roar|p2a: Snorlax
|drag|p2a: Flygon|Flygon, F|94/100
|
|-heal|p2a: Flygon|99/100|[from] item: Leftovers
|-heal|p1a: Suicune|72/100 par|[from] item: Leftovers
|upkeep
|turn|27
|
|t:|1728584058
|switch|p2a: Snorlax|Snorlax, M|91/100
|move|p1a: Suicune|Ice Beam|p2a: Snorlax
|-crit|p2a: Snorlax
|-damage|p2a: Snorlax|55/100
|
|-heal|p2a: Snorlax|61/100|[from] item: Leftovers
|-heal|p1a: Suicune|78/100 par|[from] item: Leftovers
|upkeep
|turn|28
|
|t:|1728584064
|move|p2a: Snorlax|Curse|p2a: Snorlax
|-unboost|p2a: Snorlax|spe|1
|-boost|p2a: Snorlax|atk|1
|-boost|p2a: Snorlax|def|1
|move|p1a: Suicune|Roar|p2a: Snorlax
|drag|p2a: Flygon|Flygon, F|99/100
|
|-heal|p2a: Flygon|100/100|[from] item: Leftovers
|-heal|p1a: Suicune|84/100 par|[from] item: Leftovers
|upkeep
|turn|29
|
|t:|1728584070
|move|p2a: Flygon|Substitute|p2a: Flygon
|-start|p2a: Flygon|Substitute
|-damage|p2a: Flygon|76/100
|cant|p1a: Suicune|par
|
|-heal|p2a: Flygon|82/100|[from] item: Leftovers
|-heal|p1a: Suicune|90/100 par|[from] item: Leftovers
|upkeep
|turn|30
|
|t:|1728584074
|move|p2a: Flygon|Earthquake|p1a: Suicune
|-damage|p1a: Suicune|52/100 par
|move|p1a: Suicune|Ice Beam|p2a: Flygon
|-supereffective|p2a: Flygon
|-end|p2a: Flygon|Substitute
|
|-heal|p2a: Flygon|88/100|[from] item: Leftovers
|-heal|p1a: Suicune|58/100 par|[from] item: Leftovers
|upkeep
|turn|31
|
|t:|1728584080
|move|p2a: Flygon|Substitute|p2a: Flygon
|-start|p2a: Flygon|Substitute
|-damage|p2a: Flygon|63/100
|move|p1a: Suicune|Ice Beam|p2a: Flygon
|-supereffective|p2a: Flygon
|-end|p2a: Flygon|Substitute
|
|-heal|p2a: Flygon|69/100|[from] item: Leftovers
|-heal|p1a: Suicune|64/100 par|[from] item: Leftovers
|upkeep
|turn|32
|
|t:|1728584084
|switch|p2a: Snorlax|Snorlax, M|61/100
|move|p1a: Suicune|Roar|p2a: Snorlax
|drag|p2a: Flygon|Flygon, F|69/100
|
|-heal|p2a: Flygon|75/100|[from] item: Leftovers
|-heal|p1a: Suicune|70/100 par|[from] item: Leftovers
|upkeep
|turn|33
|
|t:|1728584089
|switch|p2a: Snorlax|Snorlax, M|61/100
|move|p1a: Suicune|Ice Beam|p2a: Snorlax
|-damage|p2a: Snorlax|44/100
|
|-heal|p2a: Snorlax|50/100|[from] item: Leftovers
|-heal|p1a: Suicune|76/100 par|[from] item: Leftovers
|upkeep
|turn|34
|
|t:|1728584096
|move|p2a: Snorlax|Body Slam|p1a: Suicune
|-damage|p1a: Suicune|44/100 par
|move|p1a: Suicune|Roar|p2a: Snorlax
|drag|p2a: Flygon|Flygon, F|75/100
|
|-heal|p2a: Flygon|81/100|[from] item: Leftovers
|-heal|p1a: Suicune|50/100 par|[from] item: Leftovers
|upkeep
|turn|35
|
|t:|1728584110
|switch|p2a: Snorlax|Snorlax, M|50/100
|cant|p1a: Suicune|par
|
|-heal|p2a: Snorlax|56/100|[from] item: Leftovers
|-heal|p1a: Suicune|57/100 par|[from] item: Leftovers
|upkeep
|turn|36
|
|t:|1728584114
|switch|p1a: Magneton|Magneton|100/100
|move|p2a: Snorlax|Body Slam|p1a: Magneton
|-resisted|p1a: Magneton
|-damage|p1a: Magneton|73/100
|
|-heal|p2a: Snorlax|62/100|[from] item: Leftovers
|upkeep
|turn|37
|
|t:|1728584119
|move|p1a: Magneton|Rain Dance|p1a: Magneton
|-weather|RainDance
|move|p2a: Snorlax|Body Slam|p1a: Magneton
|-resisted|p1a: Magneton
|-damage|p1a: Magneton|45/100
|-status|p1a: Magneton|par
|
|-weather|RainDance|[upkeep]
|-heal|p2a: Snorlax|68/100|[from] item: Leftovers
|upkeep
|turn|38
|
|t:|1728584129
|switch|p2a: Flygon|Flygon, F|81/100
|cant|p1a: Magneton|par
|
|-weather|RainDance|[upkeep]
|-heal|p2a: Flygon|87/100|[from] item: Leftovers
|upkeep
|turn|39
|
|t:|1728584137
|switch|p1a: Heracross|Heracross, M|100/100
|move|p2a: Flygon|Substitute|p2a: Flygon
|-start|p2a: Flygon|Substitute
|-damage|p2a: Flygon|62/100
|
|-weather|RainDance|[upkeep]
|-heal|p2a: Flygon|68/100|[from] item: Leftovers
|upkeep
|turn|40
|
|t:|1728584142
|switch|p1a: Suicune|Suicune|57/100 par
|move|p2a: Flygon|Toxic|p1a: Suicune|[miss]
|-miss|p2a: Flygon|p1a: Suicune
|
|-weather|RainDance|[upkeep]
|-heal|p2a: Flygon|74/100|[from] item: Leftovers
|-heal|p1a: Suicune|63/100 par|[from] item: Leftovers
|upkeep
|turn|41
|
|t:|1728584145
|move|p2a: Flygon|Earthquake|p1a: Suicune
|-damage|p1a: Suicune|26/100 par
|move|p1a: Suicune|Roar|p2a: Flygon
|drag|p2a: Snorlax|Snorlax, M|68/100
|
|-weather|none
|-heal|p2a: Snorlax|75/100|[from] item: Leftovers
|-heal|p1a: Suicune|32/100 par|[from] item: Leftovers
|upkeep
|turn|42
|
|t:|1728584157
|move|p2a: Snorlax|Curse|p2a: Snorlax
|-unboost|p2a: Snorlax|spe|1
|-boost|p2a: Snorlax|atk|1
|-boost|p2a: Snorlax|def|1
|move|p1a: Suicune|Hydro Pump|p2a: Snorlax
|-damage|p2a: Snorlax|40/100
|
|-heal|p2a: Snorlax|47/100|[from] item: Leftovers
|-heal|p1a: Suicune|38/100 par|[from] item: Leftovers
|upkeep
|turn|43
|
|t:|1728584165
|move|p2a: Snorlax|Body Slam|p1a: Suicune
|-damage|p1a: Suicune|0 fnt
|faint|p1a: Suicune
|
|t:|1728584168
|switch|p1a: Heracross|Heracross, M|100/100
|
|-heal|p2a: Snorlax|53/100|[from] item: Leftovers
|upkeep
|turn|44
|
|t:|1728584183
|move|p1a: Heracross|Swords Dance|p1a: Heracross
|-boost|p1a: Heracross|atk|2
|move|p2a: Snorlax|Shadow Ball|p1a: Heracross
|-damage|p1a: Heracross|52/100
|-unboost|p1a: Heracross|spd|1
|
|-heal|p2a: Snorlax|59/100|[from] item: Leftovers
|upkeep
|turn|45
|
|t:|1728584192
|move|p1a: Heracross|Substitute|p1a: Heracross
|-start|p1a: Heracross|Substitute
|-damage|p1a: Heracross|27/100
|move|p2a: Snorlax|Body Slam|p1a: Heracross
|-end|p1a: Heracross|Substitute
|
|-heal|p2a: Snorlax|65/100|[from] item: Leftovers
|upkeep
|turn|46
|
|t:|1728584203
|move|p1a: Heracross|Substitute|p1a: Heracross
|-start|p1a: Heracross|Substitute
|-damage|p1a: Heracross|2/100
|move|p2a: Snorlax|Shadow Ball|p1a: Heracross
|-end|p1a: Heracross|Substitute
|
|-enditem|p1a: Heracross|Salac Berry|[eat]
|-boost|p1a: Heracross|spe|1|[from] item: Salac Berry
|-heal|p2a: Snorlax|71/100|[from] item: Leftovers
|upkeep
|turn|47
|
|t:|1728584209
|move|p1a: Heracross|Megahorn|p2a: Snorlax
|-damage|p2a: Snorlax|0 fnt
|faint|p2a: Snorlax
|
|t:|1728584211
|switch|p2a: Flygon|Flygon, F|74/100
|
|-heal|p2a: Flygon|80/100|[from] item: Leftovers
|upkeep
|turn|48
|
|t:|1728584215
|move|p1a: Heracross|Megahorn|p2a: Flygon|[miss]
|-miss|p1a: Heracross|p2a: Flygon
|move|p2a: Flygon|Earthquake|p1a: Heracross
|-resisted|p1a: Heracross
|-damage|p1a: Heracross|0 fnt
|faint|p1a: Heracross
|c|☆UnzipsCrogre|ggs
|
|t:|1728584221
|switch|p1a: Magneton|Magneton|45/100 par
|
|-heal|p2a: Flygon|86/100|[from] item: Leftovers
|upkeep
|turn|49
|c|☆Big Chungus irl|ggs
|
|t:|1728584227
|move|p2a: Flygon|Earthquake|p1a: Magneton
|-supereffective|p1a: Magneton
|-damage|p1a: Magneton|0 fnt
|faint|p1a: Magneton
|
|win|Big Chungus irl

</script>
<script type="application/json" class="data" id="replaydata-smogtours-gen3ou-796947">
{"id":"smogtours-gen3ou-796947","format":"[Gen 3] OU","players":["UnzipsCrogre","Big Chungus irl"],"uploadtime":1728584227,"views":92,"formatid":"gen3ou","rating":null,"private":0,"password":null}
</script>

<script defer src="js/replays.js?9d40a366"></script>
