<!DOCTYPE html>
<meta charset="utf-8" />
<meta name="viewport" content="width=device-width" />

<title>[Gen 3] OU: VIELZADA vs. yyyyyfyyyyy - Replays - Pok&eacute;mon Showdown!</title>

<meta name="description" content="Watch a replay of a Pok&eacute;mon battle between VIELZADA and yyyyyfyyyyy! Format: [Gen 3] OU; Date: Oct 3, 2024" />
<!--

Hey, you! Looking in the source for the replay log?

You can find them in JSON format, just add `.json` at the end of a replay URL.

https://replay.pokemonshowdown.com/gen7randomdoublesbattle-865046831.json

Or, if you only need the log itself, add `.log` instead:

https://replay.pokemonshowdown.com/gen7randomdoublesbattle-865046831.log

-->

<link rel="stylesheet" href="//pokemonshowdown.com/style/global.css?0.767286132409787" />
<link rel="stylesheet" href="//play.pokemonshowdown.com/style/font-awesome.css?0.9266228007934947" />
<link rel="stylesheet" href="//play.pokemonshowdown.com/style/battle.css?0.7924700842790926" />
<link rel="stylesheet" href="//play.pokemonshowdown.com/style/utilichart.css?0.8777417872839479" />

<!-- Global site tag (gtag.js) - Google Analytics -->
<script async src="https://www.googletagmanager.com/gtag/js?id=UA-26211653-1"></script>
<script>
  window.dataLayer = window.dataLayer || [];
  function gtag(){dataLayer.push(arguments);}
  gtag('js', new Date());

  gtag('config', 'UA-26211653-1');
</script>
<!-- End Google Analytics -->
<!-- Venatus Ad Manager - Install in <HEAD> of page -->
	<script src="https://hb.vntsm.com/v3/live/ad-manager.min.js" type="text/javascript" data-site-id="642aba63ec9a7b11c3c9c1be" data-mode="scan" async></script>
<!-- / Venatus Ad Manager -->

<style>
	@media (max-width:820px) {
		.battle {
			margin: 0 auto;
		}
		.battle-log {
			margin: 7px auto 0;
			max-width: 640px;
			height: 300px;
			position: static;
		}
	}
	.optgroup {
		display: inline-block;
		line-height: 22px;
		font-size: 10pt;
	}
	.optgroup .button {
		height: 25px;
		padding-top: 0;
		padding-bottom: 0;
	}
	.optgroup button.button {
		padding-left: 12px;
		padding-right: 12px;
	}
	.linklist {
		list-style: none;
		margin: 0.5em 0;
		padding: 0;
	}
	.linklist li {
		padding: 2px 0;
	}
	.sidebar {
		float: left;
		width: 320px;
	}
	.bar-wrapper {
		max-width: 1100px;
		margin: 0 auto;
	}
	.bar-wrapper.has-sidebar {
		max-width: 1430px;
	}
	.mainbar {
		margin: 0;
		padding-right: 1px;
	}
	.mainbar.has-sidebar {
		margin-left: 330px;
	}
	@media (min-width: 1511px) {
		.sidebar {
			width: 400px;
		}
		.bar-wrapper.has-sidebar {
			max-width: 1510px;
		}
		.mainbar.has-sidebar {
			margin-left: 410px;
		}
	}
	.section.first-section {
		margin-top: 9px;
	}
	.blocklink small {
		white-space: normal;
	}
	.button {
		vertical-align: middle;
	}
	.replay-controls {
		padding-top: 10px;
	}
	.replay-controls h1 {
		font-size: 16pt;
		font-weight: normal;
		color: #CCC;
	}
	.pagelink {
		text-align: center;
	}
	.pagelink a {
		width: 150px;
	}
	.textbox, .button {
		font-size: 11pt;
		vertical-align: middle;
	}
	@media (max-width: 450px) {
		.button {
			font-size: 9pt;
		}
	}
</style>

<div>

	<header>
		<div class="nav-wrapper"><ul class="nav">
			<li><a class="button nav-first" href="//pokemonshowdown.com/"><img src="//pokemonshowdown.com/images/pokemonshowdownbeta.png" srcset="//pokemonshowdown.com/images/pokemonshowdownbeta.png 1x, //pokemonshowdown.com/images/pokemonshowdownbeta@2x.png 2x" alt="Pok&eacute;mon Showdown" width="146" height="44" /> Home</a></li>
			<li><a class="button" href="//pokemonshowdown.com/dex/">Pok&eacute;dex</a></li>
			<li><a class="button cur" href="/">Replays</a></li>
			<li><a class="button" href="//pokemonshowdown.com/ladder/">Ladder</a></li>
			<li><a class="button nav-last" href="//pokemonshowdown.com/forums/">Forum</a></li>
			<li><a class="button greenbutton nav-first nav-last" href="//play.pokemonshowdown.com/">Play</a></li>
		</ul></div>
	</header>

	<div class="main" id="main">

		<noscript><section class="section">You need to enable JavaScript to use this page; sorry!</section></noscript>

	</div>

</div>

<script defer nomodule src="//play.pokemonshowdown.com/js/lib/ps-polyfill.js"></script>
<script defer src="//play.pokemonshowdown.com/js/lib/preact.min.js"></script>

<script defer src="//play.pokemonshowdown.com/config/config.js?6dec07f6"></script>
<script defer src="//play.pokemonshowdown.com/js/lib/jquery-1.11.0.min.js"></script>
<script defer src="//play.pokemonshowdown.com/js/lib/html-sanitizer-minified.js"></script>
<script defer src="//play.pokemonshowdown.com/js/battle-sound.js"></script>
<script defer src="//play.pokemonshowdown.com/js/battledata.js?0.6315294753075389"></script>
<script defer src="//play.pokemonshowdown.com/data/pokedex-mini.js?0.7603743185311358"></script>
<script defer src="//play.pokemonshowdown.com/data/pokedex-mini-bw.js?0.030888842834281283"></script>
<script defer src="//play.pokemonshowdown.com/data/graphics.js?0.05593094747507488"></script>
<script defer src="//play.pokemonshowdown.com/data/pokedex.js?0.47064822249611904"></script>
<script defer src="//play.pokemonshowdown.com/data/moves.js?0.8583693120512459"></script>
<script defer src="//play.pokemonshowdown.com/data/abilities.js?0.16017181182386842"></script>
<script defer src="//play.pokemonshowdown.com/data/items.js?0.4163379185673943"></script>
<script defer src="//play.pokemonshowdown.com/data/teambuilder-tables.js?0.31075597372830477"></script>
<script defer src="//play.pokemonshowdown.com/js/battle-tooltips.js?0.6536193500708172"></script>
<script defer src="//play.pokemonshowdown.com/js/battle.js?0.1916591943277901"></script>

<script defer src="js/utils.js?e31f9a17"></script>
<script defer src="js/replays-battle.js?7008c182"></script>

<!-- don't scrape this data! just add .json or .log after the URL!
Full API docs: https://github.com/smogon/pokemon-showdown-client/blob/master/WEB-API.md -->
<script type="text/plain" class="log" id="replaylog-smogtours-gen3ou-794136">
|inactive|Battle timer is ON: inactive players will automatically lose when time's up.
|t:|1727914461
|gametype|singles
|player|p1|VIELZADA|1|
|player|p2|yyyyyfyyyyy|102|
|teamsize|p1|6
|teamsize|p2|6
|gen|3
|tier|[Gen 3] OU
|rule|Sleep Clause Mod: Limit one foe put to sleep
|rule|Switch Priority Clause Mod: Faster Pokémon switch first
|rule|Species Clause: Limit one of each Pokémon
|rule|OHKO Clause: OHKO moves are banned
|rule|Evasion Items Clause: Evasion items are banned
|rule|Evasion Moves Clause: Evasion moves are banned
|rule|Endless Battle Clause: Forcing endless battles is banned
|rule|HP Percentage Mod: HP is shown in percentages
|rule|One Boost Passer Clause: Limit one Baton Passer that has a way to boost its stats
|rule|Freeze Clause Mod: Limit one foe frozen
|
|t:|1727914461
|start
|switch|p1a: Blaziken|Blaziken, F|100/100
|switch|p2a: Zapdos|Zapdos|100/100
|turn|1
|
|t:|1727914474
|move|p2a: Zapdos|Thunderbolt|p1a: Blaziken
|-damage|p1a: Blaziken|27/100
|move|p1a: Blaziken|Double-Edge|p2a: Zapdos
|-damage|p2a: Zapdos|50/100
|-damage|p1a: Blaziken|9/100|[from] Recoil|[of] p2a: Zapdos
|
|-heal|p2a: Zapdos|56/100|[from] item: Leftovers
|upkeep
|turn|2
|
|t:|1727914485
|switch|p1a: Blissey|Blissey, F|100/100
|move|p2a: Zapdos|Thunderbolt|p1a: Blissey
|-damage|p1a: Blissey|86/100
|-status|p1a: Blissey|par
|
|-heal|p2a: Zapdos|62/100|[from] item: Leftovers
|-heal|p1a: Blissey|92/100 par|[from] item: Leftovers
|upkeep
|turn|3
|
|t:|1727914498
|switch|p2a: Tyranitar|Tyranitar, F|100/100
|-weather|Sandstorm|[from] ability: Sand Stream|[of] p2a: Tyranitar
|move|p1a: Blissey|Seismic Toss|p2a: Tyranitar
|-damage|p2a: Tyranitar|74/100
|
|-weather|Sandstorm|[upkeep]
|-damage|p1a: Blissey|86/100 par|[from] Sandstorm
|-heal|p2a: Tyranitar|80/100|[from] item: Leftovers
|-heal|p1a: Blissey|92/100 par|[from] item: Leftovers
|upkeep
|turn|4
|
|t:|1727914511
|-singleturn|p2a: Tyranitar|move: Focus Punch
|-curestatus|p1a: Blissey|par|[from] ability: Natural Cure
|switch|p1a: Salamence|Salamence, M|100/100
|-ability|p1a: Salamence|Intimidate|boost
|-unboost|p2a: Tyranitar|atk|1
|move|p2a: Tyranitar|Focus Punch|p1a: Salamence
|-resisted|p1a: Salamence
|-damage|p1a: Salamence|77/100
|
|-weather|Sandstorm|[upkeep]
|-damage|p1a: Salamence|71/100|[from] Sandstorm
|-heal|p2a: Tyranitar|86/100|[from] item: Leftovers
|upkeep
|turn|5
|inactive|yyyyyfyyyyy has 270 seconds left.
|
|t:|1727914563
|switch|p2a: Zapdos|Zapdos|62/100
|move|p1a: Salamence|Dragon Dance|p1a: Salamence
|-boost|p1a: Salamence|atk|1
|-boost|p1a: Salamence|spe|1
|
|-weather|Sandstorm|[upkeep]
|-damage|p1a: Salamence|65/100|[from] Sandstorm
|-damage|p2a: Zapdos|56/100|[from] Sandstorm
|-heal|p2a: Zapdos|62/100|[from] item: Leftovers
|upkeep
|turn|6
|
|t:|1727914574
|switch|p2a: Swampert|Swampert, M|100/100
|move|p1a: Salamence|Rock Slide|p2a: Swampert
|-resisted|p2a: Swampert
|-damage|p2a: Swampert|86/100
|
|-weather|Sandstorm|[upkeep]
|-damage|p1a: Salamence|59/100|[from] Sandstorm
|-heal|p2a: Swampert|93/100|[from] item: Leftovers
|upkeep
|turn|7
|
|t:|1727914586
|switch|p1a: Blissey|Blissey, F|92/100
|move|p2a: Swampert|Ice Beam|p1a: Blissey
|-damage|p1a: Blissey|87/100
|
|-weather|Sandstorm|[upkeep]
|-damage|p1a: Blissey|81/100|[from] Sandstorm
|-heal|p1a: Blissey|87/100|[from] item: Leftovers
|-heal|p2a: Swampert|99/100|[from] item: Leftovers
|upkeep
|turn|8
|
|t:|1727914601
|switch|p1a: Skarmory|Skarmory, M|100/100
|switch|p2a: Skarmory|Skarmory, F|100/100
|
|-weather|Sandstorm|[upkeep]
|upkeep
|turn|9
|inactive|yyyyyfyyyyy has 270 seconds left.
|
|t:|1727914610
|move|p1a: Skarmory|Spikes|p2a: Skarmory
|-sidestart|p2: yyyyyfyyyyy|Spikes
|move|p2a: Skarmory|Spikes|p1a: Skarmory
|-sidestart|p1: VIELZADA|Spikes
|
|-weather|Sandstorm|[upkeep]
|upkeep
|turn|10
|
|t:|1727914619
|switch|p1a: Gengar|Gengar, F|100/100
|move|p2a: Skarmory|Spikes|p1a: Gengar
|-sidestart|p1: VIELZADA|Spikes
|
|-weather|Sandstorm|[upkeep]
|-damage|p1a: Gengar|94/100|[from] Sandstorm
|-heal|p1a: Gengar|100/100|[from] item: Leftovers
|upkeep
|turn|11
|
|t:|1727914627
|switch|p2a: Blissey|Blissey, F, shiny|100/100
|-damage|p2a: Blissey|88/100|[from] Spikes
|move|p1a: Gengar|Thunderbolt|p2a: Blissey
|-damage|p2a: Blissey|75/100
|-status|p2a: Blissey|par
|
|-weather|Sandstorm|[upkeep]
|-damage|p1a: Gengar|94/100|[from] Sandstorm
|-damage|p2a: Blissey|69/100 par|[from] Sandstorm
|-heal|p1a: Gengar|100/100|[from] item: Leftovers
|-heal|p2a: Blissey|75/100 par|[from] item: Leftovers
|upkeep
|turn|12
|
|t:|1727914656
|switch|p1a: Skarmory|Skarmory, M|100/100
|cant|p2a: Blissey|par
|
|-weather|Sandstorm|[upkeep]
|-damage|p2a: Blissey|69/100 par|[from] Sandstorm
|-heal|p2a: Blissey|75/100 par|[from] item: Leftovers
|upkeep
|turn|13
|
|t:|1727914668
|switch|p1a: Salamence|Salamence, M|59/100
|-ability|p1a: Salamence|Intimidate|boost
|-unboost|p2a: Blissey|atk|1
|-curestatus|p2a: Blissey|par|[from] ability: Natural Cure
|switch|p2a: Zapdos|Zapdos|62/100
|
|-weather|Sandstorm|[upkeep]
|-damage|p2a: Zapdos|56/100|[from] Sandstorm
|-damage|p1a: Salamence|53/100|[from] Sandstorm
|-heal|p2a: Zapdos|62/100|[from] item: Leftovers
|upkeep
|turn|14
|inactive|VIELZADA has 270 seconds left.
|
|t:|1727914685
|switch|p1a: Blissey|Blissey, F|87/100
|-damage|p1a: Blissey|70/100|[from] Spikes
|move|p2a: Zapdos|Thunderbolt|p1a: Blissey
|-damage|p1a: Blissey|57/100
|
|-weather|Sandstorm|[upkeep]
|-damage|p2a: Zapdos|56/100|[from] Sandstorm
|-damage|p1a: Blissey|51/100|[from] Sandstorm
|-heal|p2a: Zapdos|62/100|[from] item: Leftovers
|-heal|p1a: Blissey|57/100|[from] item: Leftovers
|upkeep
|turn|15
|inactive|VIELZADA has 270 seconds left.
|
|t:|1727914697
|switch|p2a: Blissey|Blissey, F, shiny|75/100
|-damage|p2a: Blissey|62/100|[from] Spikes
|move|p1a: Blissey|Soft-Boiled|p1a: Blissey
|-heal|p1a: Blissey|100/100
|
|-weather|Sandstorm|[upkeep]
|-damage|p2a: Blissey|56/100|[from] Sandstorm
|-damage|p1a: Blissey|94/100|[from] Sandstorm
|-heal|p2a: Blissey|62/100|[from] item: Leftovers
|-heal|p1a: Blissey|100/100|[from] item: Leftovers
|upkeep
|turn|16
|inactive|VIELZADA has 270 seconds left.
|
|t:|1727914733
|move|p2a: Blissey|Fire Blast|p1a: Blissey
|-damage|p1a: Blissey|93/100
|move|p1a: Blissey|Seismic Toss|p2a: Blissey
|-damage|p2a: Blissey|47/100
|
|-weather|Sandstorm|[upkeep]
|-damage|p2a: Blissey|41/100|[from] Sandstorm
|-damage|p1a: Blissey|87/100|[from] Sandstorm
|-heal|p2a: Blissey|47/100|[from] item: Leftovers
|-heal|p1a: Blissey|93/100|[from] item: Leftovers
|upkeep
|turn|17
|
|t:|1727914745
|move|p2a: Blissey|Soft-Boiled|p2a: Blissey
|-heal|p2a: Blissey|97/100
|move|p1a: Blissey|Seismic Toss|p2a: Blissey
|-damage|p2a: Blissey|82/100
|
|-weather|Sandstorm|[upkeep]
|-damage|p2a: Blissey|75/100|[from] Sandstorm
|-damage|p1a: Blissey|87/100|[from] Sandstorm
|-heal|p2a: Blissey|82/100|[from] item: Leftovers
|-heal|p1a: Blissey|93/100|[from] item: Leftovers
|upkeep
|turn|18
|inactive|VIELZADA has 240 seconds left.
|
|t:|1727914767
|move|p2a: Blissey|Toxic|p1a: Blissey
|-status|p1a: Blissey|tox
|move|p1a: Blissey|Seismic Toss|p2a: Blissey
|-damage|p2a: Blissey|66/100
|
|-weather|Sandstorm|[upkeep]
|-damage|p2a: Blissey|60/100|[from] Sandstorm
|-damage|p1a: Blissey|87/100 tox|[from] Sandstorm
|-heal|p2a: Blissey|66/100|[from] item: Leftovers
|-heal|p1a: Blissey|93/100 tox|[from] item: Leftovers
|-damage|p1a: Blissey|87/100 tox|[from] psn
|upkeep
|turn|19
|inactive|VIELZADA has 240 seconds left.
|
|t:|1727914781
|-curestatus|p1a: Blissey|tox|[from] ability: Natural Cure
|switch|p1a: Salamence|Salamence, M|53/100
|-ability|p1a: Salamence|Intimidate|boost
|-unboost|p2a: Blissey|atk|1
|move|p2a: Blissey|Soft-Boiled|p2a: Blissey
|-heal|p2a: Blissey|100/100
|
|-weather|Sandstorm|[upkeep]
|-damage|p1a: Salamence|47/100|[from] Sandstorm
|-damage|p2a: Blissey|94/100|[from] Sandstorm
|-heal|p2a: Blissey|100/100|[from] item: Leftovers
|upkeep
|turn|20
|inactive|VIELZADA has 240 seconds left.
|
|t:|1727914793
|move|p1a: Salamence|Dragon Dance|p1a: Salamence
|-boost|p1a: Salamence|atk|1
|-boost|p1a: Salamence|spe|1
|move|p2a: Blissey|Ice Beam|p1a: Salamence
|-supereffective|p1a: Salamence
|-crit|p1a: Salamence
|-damage|p1a: Salamence|0 fnt
|faint|p1a: Salamence
|
|t:|1727914807
|switch|p1a: Skarmory|Skarmory, M|100/100
|
|-weather|Sandstorm|[upkeep]
|-damage|p2a: Blissey|94/100|[from] Sandstorm
|-heal|p2a: Blissey|100/100|[from] item: Leftovers
|upkeep
|turn|21
|
|t:|1727914834
|move|p2a: Blissey|Fire Blast|p1a: Skarmory
|-supereffective|p1a: Skarmory
|-damage|p1a: Skarmory|21/100
|move|p1a: Skarmory|Spikes|p2a: Blissey
|-sidestart|p2: yyyyyfyyyyy|Spikes
|
|-weather|Sandstorm|[upkeep]
|-damage|p2a: Blissey|94/100|[from] Sandstorm
|-heal|p1a: Skarmory|27/100|[from] item: Leftovers
|-heal|p2a: Blissey|100/100|[from] item: Leftovers
|upkeep
|turn|22
|inactive|yyyyyfyyyyy has 270 seconds left.
|
|t:|1727914865
|move|p1a: Skarmory|Protect|p1a: Skarmory
|-singleturn|p1a: Skarmory|Protect
|move|p2a: Blissey|Ice Beam|p1a: Skarmory
|-activate|p1a: Skarmory|Protect
|
|-weather|Sandstorm|[upkeep]
|-damage|p2a: Blissey|94/100|[from] Sandstorm
|-heal|p1a: Skarmory|33/100|[from] item: Leftovers
|-heal|p2a: Blissey|100/100|[from] item: Leftovers
|upkeep
|turn|23
|
|t:|1727914878
|move|p1a: Skarmory|Toxic|p2a: Blissey
|-status|p2a: Blissey|tox
|move|p2a: Blissey|Ice Beam|p1a: Skarmory
|-damage|p1a: Skarmory|3/100
|
|-weather|Sandstorm|[upkeep]
|-damage|p2a: Blissey|94/100 tox|[from] Sandstorm
|-heal|p2a: Blissey|100/100 tox|[from] item: Leftovers
|-heal|p1a: Skarmory|9/100|[from] item: Leftovers
|-damage|p2a: Blissey|94/100 tox|[from] psn
|upkeep
|turn|24
|inactive|yyyyyfyyyyy has 270 seconds left.
|
|t:|1727914891
|-curestatus|p2a: Blissey|tox|[from] ability: Natural Cure
|switch|p2a: Zapdos|Zapdos|62/100
|move|p1a: Skarmory|Protect||[still]
|-fail|p1a: Skarmory
|
|-weather|Sandstorm|[upkeep]
|-damage|p2a: Zapdos|56/100|[from] Sandstorm
|-heal|p2a: Zapdos|62/100|[from] item: Leftovers
|-heal|p1a: Skarmory|15/100|[from] item: Leftovers
|upkeep
|turn|25
|
|t:|1727914904
|switch|p1a: Blissey|Blissey, F|87/100
|-damage|p1a: Blissey|70/100|[from] Spikes
|move|p2a: Zapdos|Thunderbolt|p1a: Blissey
|-crit|p1a: Blissey
|-damage|p1a: Blissey|44/100
|
|-weather|Sandstorm|[upkeep]
|-damage|p2a: Zapdos|56/100|[from] Sandstorm
|-damage|p1a: Blissey|38/100|[from] Sandstorm
|-heal|p2a: Zapdos|62/100|[from] item: Leftovers
|-heal|p1a: Blissey|44/100|[from] item: Leftovers
|upkeep
|turn|26
|
|t:|1727914916
|move|p1a: Blissey|Soft-Boiled|p1a: Blissey
|-heal|p1a: Blissey|94/100
|move|p2a: Zapdos|Roar|p1a: Blissey
|drag|p1a: Blaziken|Blaziken, F|9/100
|-damage|p1a: Blaziken|0 fnt|[from] Spikes
|faint|p1a: Blaziken
|inactive|VIELZADA has 210 seconds left.
|
|t:|1727914938
|switch|p1a: Gengar|Gengar, F|100/100
|
|-weather|Sandstorm|[upkeep]
|-damage|p1a: Gengar|94/100|[from] Sandstorm
|-damage|p2a: Zapdos|56/100|[from] Sandstorm
|-heal|p1a: Gengar|100/100|[from] item: Leftovers
|-heal|p2a: Zapdos|62/100|[from] item: Leftovers
|upkeep
|turn|27
|
|t:|1727914957
|move|p1a: Gengar|Thunderbolt|p2a: Zapdos
|-damage|p2a: Zapdos|26/100
|move|p2a: Zapdos|Thunderbolt|p1a: Gengar
|-damage|p1a: Gengar|17/100
|
|-weather|Sandstorm|[upkeep]
|-damage|p1a: Gengar|10/100|[from] Sandstorm
|-damage|p2a: Zapdos|20/100|[from] Sandstorm
|-heal|p1a: Gengar|17/100|[from] item: Leftovers
|-heal|p2a: Zapdos|26/100|[from] item: Leftovers
|upkeep
|turn|28
|
|t:|1727914970
|move|p1a: Gengar|Thunderbolt|p2a: Zapdos
|-damage|p2a: Zapdos|0 fnt
|faint|p2a: Zapdos
|
|t:|1727914974
|switch|p2a: Gengar|Gengar, F|100/100
|
|-weather|Sandstorm|[upkeep]
|-damage|p1a: Gengar|10/100|[from] Sandstorm
|-damage|p2a: Gengar|94/100|[from] Sandstorm
|-heal|p1a: Gengar|17/100|[from] item: Leftovers
|-heal|p2a: Gengar|100/100|[from] item: Leftovers
|upkeep
|turn|29
|
|t:|1727914982
|move|p1a: Gengar|Destiny Bond|p1a: Gengar
|-singlemove|p1a: Gengar|Destiny Bond
|move|p2a: Gengar|Thunderbolt|p1a: Gengar
|-damage|p1a: Gengar|0 fnt
|faint|p1a: Gengar
|-activate|p1a: Gengar|move: Destiny Bond
|faint|p2a: Gengar
|inactive|yyyyyfyyyyy has 270 seconds left.
|
|t:|1727915023
|switch|p1a: Alakazam|Alakazam, M|100/100
|switch|p2a: Tyranitar|Tyranitar, F|86/100
|-damage|p1a: Alakazam|84/100|[from] Spikes
|-damage|p2a: Tyranitar|69/100|[from] Spikes
|
|-weather|Sandstorm|[upkeep]
|-damage|p1a: Alakazam|78/100|[from] Sandstorm
|-heal|p2a: Tyranitar|76/100|[from] item: Leftovers
|upkeep
|turn|30
|
|t:|1727915038
|move|p1a: Alakazam|Ice Punch|p2a: Tyranitar
|-damage|p2a: Tyranitar|54/100
|-status|p2a: Tyranitar|frz
|cant|p2a: Tyranitar|frz
|
|-weather|Sandstorm|[upkeep]
|-damage|p1a: Alakazam|72/100|[from] Sandstorm
|-heal|p2a: Tyranitar|60/100 frz|[from] item: Leftovers
|upkeep
|turn|31
|
|t:|1727915059
|switch|p2a: Blissey|Blissey, F, shiny|94/100
|-damage|p2a: Blissey|78/100|[from] Spikes
|move|p1a: Alakazam|Calm Mind|p1a: Alakazam
|-boost|p1a: Alakazam|spa|1
|-boost|p1a: Alakazam|spd|1
|
|-weather|Sandstorm|[upkeep]
|-damage|p1a: Alakazam|66/100|[from] Sandstorm
|-damage|p2a: Blissey|72/100|[from] Sandstorm
|-heal|p2a: Blissey|78/100|[from] item: Leftovers
|upkeep
|turn|32
|
|t:|1727915071
|move|p1a: Alakazam|Calm Mind|p1a: Alakazam
|-boost|p1a: Alakazam|spa|1
|-boost|p1a: Alakazam|spd|1
|move|p2a: Blissey|Toxic|p1a: Alakazam|[miss]
|-miss|p2a: Blissey|p1a: Alakazam
|
|-weather|Sandstorm|[upkeep]
|-damage|p1a: Alakazam|60/100|[from] Sandstorm
|-damage|p2a: Blissey|72/100|[from] Sandstorm
|-heal|p2a: Blissey|78/100|[from] item: Leftovers
|upkeep
|turn|33
|
|t:|1727915082
|move|p1a: Alakazam|Calm Mind|p1a: Alakazam
|-boost|p1a: Alakazam|spa|1
|-boost|p1a: Alakazam|spd|1
|move|p2a: Blissey|Toxic|p1a: Alakazam
|-status|p1a: Alakazam|tox
|-status|p2a: Blissey|psn|[from] ability: Synchronize|[of] p1a: Alakazam
|
|-weather|Sandstorm|[upkeep]
|-damage|p1a: Alakazam|54/100 tox|[from] Sandstorm
|-damage|p2a: Blissey|72/100 psn|[from] Sandstorm
|-damage|p1a: Alakazam|48/100 tox|[from] psn
|-heal|p2a: Blissey|78/100 psn|[from] item: Leftovers
|-damage|p2a: Blissey|65/100 psn|[from] psn
|upkeep
|turn|34
|inactive|yyyyyfyyyyy has 270 seconds left.
|
|t:|1727915096
|move|p1a: Alakazam|Psychic|p2a: Blissey
|-damage|p2a: Blissey|14/100 psn
|move|p2a: Blissey|Soft-Boiled|p2a: Blissey
|-heal|p2a: Blissey|64/100 psn
|
|-weather|Sandstorm|[upkeep]
|-damage|p1a: Alakazam|42/100 tox|[from] Sandstorm
|-damage|p2a: Blissey|57/100 psn|[from] Sandstorm
|-damage|p1a: Alakazam|30/100 tox|[from] psn
|-heal|p2a: Blissey|64/100 psn|[from] item: Leftovers
|-damage|p2a: Blissey|51/100 psn|[from] psn
|upkeep
|turn|35
|
|t:|1727915108
|-curestatus|p2a: Blissey|psn|[from] ability: Natural Cure
|switch|p2a: Tyranitar|Tyranitar, F|60/100 frz
|-damage|p2a: Tyranitar|44/100 frz|[from] Spikes
|move|p1a: Alakazam|Psychic|p2a: Tyranitar
|-immune|p2a: Tyranitar
|
|-weather|Sandstorm|[upkeep]
|-damage|p1a: Alakazam|24/100 tox|[from] Sandstorm
|-damage|p1a: Alakazam|6/100 tox|[from] psn
|-heal|p2a: Tyranitar|50/100 frz|[from] item: Leftovers
|upkeep
|turn|36
|
|t:|1727915121
|move|p1a: Alakazam|Ice Punch|p2a: Tyranitar
|-damage|p2a: Tyranitar|0 fnt
|faint|p2a: Tyranitar
|
|t:|1727915129
|switch|p2a: Blissey|Blissey, F, shiny|51/100
|-damage|p2a: Blissey|35/100|[from] Spikes
|
|-weather|Sandstorm|[upkeep]
|-damage|p1a: Alakazam|0 fnt|[from] Sandstorm
|-damage|p2a: Blissey|28/100|[from] Sandstorm
|faint|p1a: Alakazam
|-heal|p2a: Blissey|35/100|[from] item: Leftovers
|upkeep
|
|t:|1727915139
|switch|p1a: Blissey|Blissey, F|94/100
|-damage|p1a: Blissey|78/100|[from] Spikes
|turn|37
|
|t:|1727915144
|move|p2a: Blissey|Soft-Boiled|p2a: Blissey
|-heal|p2a: Blissey|85/100
|move|p1a: Blissey|Seismic Toss|p2a: Blissey
|-damage|p2a: Blissey|69/100
|
|-weather|Sandstorm|[upkeep]
|-damage|p2a: Blissey|63/100|[from] Sandstorm
|-damage|p1a: Blissey|72/100|[from] Sandstorm
|-heal|p2a: Blissey|69/100|[from] item: Leftovers
|-heal|p1a: Blissey|78/100|[from] item: Leftovers
|upkeep
|turn|38
|inactive|VIELZADA has 240 seconds left.
|
|t:|1727915155
|move|p2a: Blissey|Toxic|p1a: Blissey
|-status|p1a: Blissey|tox
|move|p1a: Blissey|Seismic Toss|p2a: Blissey
|-damage|p2a: Blissey|54/100
|
|-weather|Sandstorm|[upkeep]
|-damage|p2a: Blissey|48/100|[from] Sandstorm
|-damage|p1a: Blissey|72/100 tox|[from] Sandstorm
|-heal|p2a: Blissey|54/100|[from] item: Leftovers
|-heal|p1a: Blissey|78/100 tox|[from] item: Leftovers
|-damage|p1a: Blissey|72/100 tox|[from] psn
|upkeep
|turn|39
|inactive|VIELZADA has 240 seconds left.
|
|t:|1727915168
|-curestatus|p1a: Blissey|tox|[from] ability: Natural Cure
|switch|p1a: Skarmory|Skarmory, M|15/100
|move|p2a: Blissey|Soft-Boiled|p2a: Blissey
|-heal|p2a: Blissey|100/100
|
|-weather|Sandstorm|[upkeep]
|-damage|p2a: Blissey|94/100|[from] Sandstorm
|-heal|p1a: Skarmory|21/100|[from] item: Leftovers
|-heal|p2a: Blissey|100/100|[from] item: Leftovers
|upkeep
|turn|40
|inactive|VIELZADA has 240 seconds left.
|
|t:|1727915180
|move|p1a: Skarmory|Protect|p1a: Skarmory
|-singleturn|p1a: Skarmory|Protect
|move|p2a: Blissey|Fire Blast|p1a: Skarmory
|-activate|p1a: Skarmory|Protect
|
|-weather|Sandstorm|[upkeep]
|-damage|p2a: Blissey|94/100|[from] Sandstorm
|-heal|p1a: Skarmory|27/100|[from] item: Leftovers
|-heal|p2a: Blissey|100/100|[from] item: Leftovers
|upkeep
|turn|41
|inactive|VIELZADA has 240 seconds left.
|
|t:|1727915193
|switch|p1a: Blissey|Blissey, F|72/100
|-damage|p1a: Blissey|55/100|[from] Spikes
|move|p2a: Blissey|Fire Blast|p1a: Blissey
|-damage|p1a: Blissey|48/100
|
|-weather|Sandstorm|[upkeep]
|-damage|p2a: Blissey|94/100|[from] Sandstorm
|-damage|p1a: Blissey|42/100|[from] Sandstorm
|-heal|p2a: Blissey|100/100|[from] item: Leftovers
|-heal|p1a: Blissey|48/100|[from] item: Leftovers
|upkeep
|turn|42
|inactive|VIELZADA has 240 seconds left.
|
|t:|1727915205
|move|p2a: Blissey|Toxic|p1a: Blissey|[miss]
|-miss|p2a: Blissey|p1a: Blissey
|move|p1a: Blissey|Soft-Boiled|p1a: Blissey
|-heal|p1a: Blissey|98/100
|
|-weather|Sandstorm|[upkeep]
|-damage|p2a: Blissey|94/100|[from] Sandstorm
|-damage|p1a: Blissey|92/100|[from] Sandstorm
|-heal|p2a: Blissey|100/100|[from] item: Leftovers
|-heal|p1a: Blissey|98/100|[from] item: Leftovers
|upkeep
|turn|43
|inactive|VIELZADA has 240 seconds left.
|
|t:|1727915219
|move|p2a: Blissey|Toxic|p1a: Blissey
|-status|p1a: Blissey|tox
|move|p1a: Blissey|Seismic Toss|p2a: Blissey
|-damage|p2a: Blissey|85/100
|
|-weather|Sandstorm|[upkeep]
|-damage|p2a: Blissey|79/100|[from] Sandstorm
|-damage|p1a: Blissey|92/100 tox|[from] Sandstorm
|-heal|p2a: Blissey|85/100|[from] item: Leftovers
|-heal|p1a: Blissey|98/100 tox|[from] item: Leftovers
|-damage|p1a: Blissey|92/100 tox|[from] psn
|upkeep
|turn|44
|inactive|VIELZADA has 240 seconds left.
|
|t:|1727915231
|move|p2a: Blissey|Ice Beam|p1a: Blissey
|-damage|p1a: Blissey|85/100 tox
|move|p1a: Blissey|Aromatherapy|p1a: Blissey
|-cureteam|p1a: Blissey|[from] move: Aromatherapy
|
|-weather|Sandstorm|[upkeep]
|-damage|p2a: Blissey|79/100|[from] Sandstorm
|-damage|p1a: Blissey|79/100|[from] Sandstorm
|-heal|p2a: Blissey|85/100|[from] item: Leftovers
|-heal|p1a: Blissey|85/100|[from] item: Leftovers
|upkeep
|turn|45
|inactive|VIELZADA has 240 seconds left.
|c|☆VIELZADA|Gg
|-message|VIELZADA forfeited.
|
|win|yyyyyfyyyyy
|player|p1|
|c|☆yyyyyfyyyyy|ggs

</script>
<script type="application/json" class="data" id="replaydata-smogtours-gen3ou-794136">
{"id":"smogtours-gen3ou-794136","format":"[Gen 3] OU","players":["VIELZADA","yyyyyfyyyyy"],"uploadtime":1727915255,"views":111,"formatid":"gen3ou","rating":null,"private":0,"password":null}
</script>

<script defer src="js/replays.js?9d40a366"></script>
