<!DOCTYPE html>
<meta charset="utf-8" />
<meta name="viewport" content="width=device-width" />

<title>[Gen 3] OU: kingofironfrisk vs. donk27 - Replays - Pok&eacute;mon Showdown!</title>

<meta name="description" content="Watch a replay of a Pok&eacute;mon battle between kingofironfrisk and donk27! Format: [Gen 3] OU; Date: Oct 26, 2024" />
<!--

Hey, you! Looking in the source for the replay log?

You can find them in JSON format, just add `.json` at the end of a replay URL.

https://replay.pokemonshowdown.com/gen7randomdoublesbattle-865046831.json

Or, if you only need the log itself, add `.log` instead:

https://replay.pokemonshowdown.com/gen7randomdoublesbattle-865046831.log

-->

<link rel="stylesheet" href="//pokemonshowdown.com/style/global.css?0.023195364461161105" />
<link rel="stylesheet" href="//play.pokemonshowdown.com/style/font-awesome.css?0.13261647063804238" />
<link rel="stylesheet" href="//play.pokemonshowdown.com/style/battle.css?0.8753245789963631" />
<link rel="stylesheet" href="//play.pokemonshowdown.com/style/utilichart.css?0.8627959624976733" />

<!-- Global site tag (gtag.js) - Google Analytics -->
<script async src="https://www.googletagmanager.com/gtag/js?id=UA-26211653-1"></script>
<script>
  window.dataLayer = window.dataLayer || [];
  function gtag(){dataLayer.push(arguments);}
  gtag('js', new Date());

  gtag('config', 'UA-26211653-1');
</script>
<!-- End Google Analytics -->
<!-- Venatus Ad Manager - Install in <HEAD> of page -->
	<script src="https://hb.vntsm.com/v3/live/ad-manager.min.js" type="text/javascript" data-site-id="642aba63ec9a7b11c3c9c1be" data-mode="scan" async></script>
<!-- / Venatus Ad Manager -->

<style>
	@media (max-width:820px) {
		.battle {
			margin: 0 auto;
		}
		.battle-log {
			margin: 7px auto 0;
			max-width: 640px;
			height: 300px;
			position: static;
		}
	}
	.optgroup {
		display: inline-block;
		line-height: 22px;
		font-size: 10pt;
	}
	.optgroup .button {
		height: 25px;
		padding-top: 0;
		padding-bottom: 0;
	}
	.optgroup button.button {
		padding-left: 12px;
		padding-right: 12px;
	}
	.linklist {
		list-style: none;
		margin: 0.5em 0;
		padding: 0;
	}
	.linklist li {
		padding: 2px 0;
	}
	.sidebar {
		float: left;
		width: 320px;
	}
	.bar-wrapper {
		max-width: 1100px;
		margin: 0 auto;
	}
	.bar-wrapper.has-sidebar {
		max-width: 1430px;
	}
	.mainbar {
		margin: 0;
		padding-right: 1px;
	}
	.mainbar.has-sidebar {
		margin-left: 330px;
	}
	@media (min-width: 1511px) {
		.sidebar {
			width: 400px;
		}
		.bar-wrapper.has-sidebar {
			max-width: 1510px;
		}
		.mainbar.has-sidebar {
			margin-left: 410px;
		}
	}
	.section.first-section {
		margin-top: 9px;
	}
	.blocklink small {
		white-space: normal;
	}
	.button {
		vertical-align: middle;
	}
	.replay-controls {
		padding-top: 10px;
	}
	.replay-controls h1 {
		font-size: 16pt;
		font-weight: normal;
		color: #CCC;
	}
	.pagelink {
		text-align: center;
	}
	.pagelink a {
		width: 150px;
	}
	.textbox, .button {
		font-size: 11pt;
		vertical-align: middle;
	}
	@media (max-width: 450px) {
		.button {
			font-size: 9pt;
		}
	}
</style>

<div>

	<header>
		<div class="nav-wrapper"><ul class="nav">
			<li><a class="button nav-first" href="//pokemonshowdown.com/"><img src="//pokemonshowdown.com/images/pokemonshowdownbeta.png" srcset="//pokemonshowdown.com/images/pokemonshowdownbeta.png 1x, //pokemonshowdown.com/images/pokemonshowdownbeta@2x.png 2x" alt="Pok&eacute;mon Showdown" width="146" height="44" /> Home</a></li>
			<li><a class="button" href="//pokemonshowdown.com/dex/">Pok&eacute;dex</a></li>
			<li><a class="button cur" href="/">Replays</a></li>
			<li><a class="button" href="//pokemonshowdown.com/ladder/">Ladder</a></li>
			<li><a class="button nav-last" href="//pokemonshowdown.com/forums/">Forum</a></li>
			<li><a class="button greenbutton nav-first nav-last" href="//play.pokemonshowdown.com/">Play</a></li>
		</ul></div>
	</header>

	<div class="main" id="main">

		<noscript><section class="section">You need to enable JavaScript to use this page; sorry!</section></noscript>

	</div>

</div>

<script defer nomodule src="//play.pokemonshowdown.com/js/lib/ps-polyfill.js"></script>
<script defer src="//play.pokemonshowdown.com/js/lib/preact.min.js"></script>

<script defer src="//play.pokemonshowdown.com/config/config.js?2bddbc15"></script>
<script defer src="//play.pokemonshowdown.com/js/lib/jquery-1.11.0.min.js"></script>
<script defer src="//play.pokemonshowdown.com/js/lib/html-sanitizer-minified.js"></script>
<script defer src="//play.pokemonshowdown.com/js/battle-sound.js"></script>
<script defer src="//play.pokemonshowdown.com/js/battledata.js?0.7209276989879541"></script>
<script defer src="//play.pokemonshowdown.com/data/pokedex-mini.js?0.6111056340867951"></script>
<script defer src="//play.pokemonshowdown.com/data/pokedex-mini-bw.js?0.3532142036491459"></script>
<script defer src="//play.pokemonshowdown.com/data/graphics.js?0.24223875632456182"></script>
<script defer src="//play.pokemonshowdown.com/data/pokedex.js?0.38839984266356864"></script>
<script defer src="//play.pokemonshowdown.com/data/moves.js?0.21866028504024015"></script>
<script defer src="//play.pokemonshowdown.com/data/abilities.js?0.2005157953846628"></script>
<script defer src="//play.pokemonshowdown.com/data/items.js?0.9894211263848525"></script>
<script defer src="//play.pokemonshowdown.com/data/teambuilder-tables.js?0.6008791140282215"></script>
<script defer src="//play.pokemonshowdown.com/js/battle-tooltips.js?0.7580118955022959"></script>
<script defer src="//play.pokemonshowdown.com/js/battle.js?0.6057722274234274"></script>

<script defer src="js/utils.js?e31f9a17"></script>
<script defer src="js/replays-battle.js?7008c182"></script>

<!-- don't scrape this data! just add .json or .log after the URL!
Full API docs: https://github.com/smogon/pokemon-showdown-client/blob/master/WEB-API.md -->
<script type="text/plain" class="log" id="replaylog-smogtours-gen3ou-802336">
|inactive|Battle timer is ON: inactive players will automatically lose when time's up.
|t:|1729981798
|gametype|singles
|player|p1|kingofironfrisk|tabitha-gen3|
|player|p2|donk27|jasmine|
|teamsize|p1|6
|teamsize|p2|6
|gen|3
|tier|[Gen 3] OU
|rule|Sleep Clause Mod: Limit one foe put to sleep
|rule|Switch Priority Clause Mod: Faster Pokémon switch first
|rule|Species Clause: Limit one of each Pokémon
|rule|OHKO Clause: OHKO moves are banned
|rule|Evasion Items Clause: Evasion items are banned
|rule|Evasion Moves Clause: Evasion moves are banned
|rule|Endless Battle Clause: Forcing endless battles is banned
|rule|HP Percentage Mod: HP is shown in percentages
|rule|One Boost Passer Clause: Limit one Baton Passer that has a way to boost its stats
|rule|Freeze Clause Mod: Limit one foe frozen
|
|t:|1729981798
|start
|switch|p1a: whole lotta bags|Metagross, shiny|100/100
|switch|p2a: Zapdos|Zapdos|100/100
|turn|1
|c|☆donk27|glhf
|
|t:|1729981820
|move|p2a: Zapdos|Substitute|p2a: Zapdos
|-start|p2a: Zapdos|Substitute
|-damage|p2a: Zapdos|76/100
|move|p1a: whole lotta bags|Double-Edge|p2a: Zapdos
|-end|p2a: Zapdos|Substitute
|-damage|p1a: whole lotta bags|93/100|[from] Recoil|[of] p2a: Zapdos
|
|-heal|p2a: Zapdos|82/100|[from] item: Leftovers
|upkeep
|turn|2
|
|t:|1729981825
|move|p2a: Zapdos|Substitute|p2a: Zapdos
|-start|p2a: Zapdos|Substitute
|-damage|p2a: Zapdos|57/100
|move|p1a: whole lotta bags|Double-Edge|p2a: Zapdos
|-end|p2a: Zapdos|Substitute
|-damage|p1a: whole lotta bags|85/100|[from] Recoil|[of] p2a: Zapdos
|
|-heal|p2a: Zapdos|63/100|[from] item: Leftovers
|upkeep
|turn|3
|
|t:|1729981843
|move|p2a: Zapdos|Baton Pass|p2a: Zapdos
|
|t:|1729981846
|switch|p2a: Tyranitar|Tyranitar, F|100/100|[from] Baton Pass
|-weather|Sandstorm|[from] ability: Sand Stream|[of] p2a: Tyranitar
|move|p1a: whole lotta bags|Double-Edge|p2a: Tyranitar
|-resisted|p2a: Tyranitar
|-damage|p2a: Tyranitar|71/100
|-damage|p1a: whole lotta bags|73/100|[from] Recoil|[of] p2a: Tyranitar
|
|-weather|Sandstorm|[upkeep]
|-heal|p2a: Tyranitar|77/100|[from] item: Leftovers
|upkeep
|turn|4
|
|t:|1729981851
|switch|p1a: whole lotta cash|Suicune, shiny|100/100
|move|p2a: Tyranitar|Rock Slide|p1a: whole lotta cash
|-damage|p1a: whole lotta cash|78/100
|
|-weather|Sandstorm|[upkeep]
|-damage|p1a: whole lotta cash|72/100|[from] Sandstorm
|-heal|p1a: whole lotta cash|78/100|[from] item: Leftovers
|-heal|p2a: Tyranitar|83/100|[from] item: Leftovers
|upkeep
|turn|5
|
|t:|1729981877
|switch|p2a: Celebi|Celebi|100/100
|move|p1a: whole lotta cash|Surf|p2a: Celebi
|-resisted|p2a: Celebi
|-damage|p2a: Celebi|88/100
|
|-weather|Sandstorm|[upkeep]
|-damage|p2a: Celebi|82/100|[from] Sandstorm
|-damage|p1a: whole lotta cash|72/100|[from] Sandstorm
|-heal|p2a: Celebi|88/100|[from] item: Leftovers
|-heal|p1a: whole lotta cash|78/100|[from] item: Leftovers
|upkeep
|turn|6
|
|t:|1729981884
|switch|p1a: iced out plaque|Celebi|100/100
|move|p2a: Celebi|Baton Pass|p2a: Celebi
|
|t:|1729981886
|switch|p2a: Dugtrio|Dugtrio, F|100/100|[from] Baton Pass
|
|-weather|Sandstorm|[upkeep]
|-damage|p1a: iced out plaque|94/100|[from] Sandstorm
|-heal|p1a: iced out plaque|100/100|[from] item: Leftovers
|upkeep
|turn|7
|
|t:|1729981888
|move|p2a: Dugtrio|Hidden Power|p1a: iced out plaque
|-supereffective|p1a: iced out plaque
|-damage|p1a: iced out plaque|0 fnt
|faint|p1a: iced out plaque
|
|t:|1729981894
|switch|p1a: whole lotta bags|Metagross, shiny|73/100
|
|-weather|Sandstorm|[upkeep]
|upkeep
|turn|8
|
|t:|1729981898
|switch|p2a: Zapdos|Zapdos|63/100
|move|p1a: whole lotta bags|Meteor Mash|p2a: Zapdos
|-resisted|p2a: Zapdos
|-damage|p2a: Zapdos|10/100
|
|-weather|Sandstorm|[upkeep]
|-damage|p2a: Zapdos|4/100|[from] Sandstorm
|-heal|p2a: Zapdos|10/100|[from] item: Leftovers
|upkeep
|turn|9
|
|t:|1729981904
|switch|p1a: whole lotta flex|Camerupt, M, shiny|100/100
|move|p2a: Zapdos|Thunderbolt|p1a: whole lotta flex
|-immune|p1a: whole lotta flex
|
|-weather|Sandstorm|[upkeep]
|-damage|p2a: Zapdos|4/100|[from] Sandstorm
|-heal|p2a: Zapdos|10/100|[from] item: Leftovers
|upkeep
|turn|10
|
|t:|1729981908
|switch|p2a: Kingdra|Kingdra, M|100/100
|move|p1a: whole lotta flex|Fire Blast|p2a: Kingdra
|-resisted|p2a: Kingdra
|-damage|p2a: Kingdra|84/100
|
|-weather|Sandstorm|[upkeep]
|-damage|p2a: Kingdra|78/100|[from] Sandstorm
|upkeep
|turn|11
|
|t:|1729981915
|switch|p2a: Celebi|Celebi|88/100
|move|p1a: whole lotta flex|Explosion|p2a: Celebi
|-damage|p2a: Celebi|0 fnt
|faint|p1a: whole lotta flex
|faint|p2a: Celebi
|
|t:|1729981920
|switch|p2a: Dugtrio|Dugtrio, F|100/100
|switch|p1a: bish in the back|Snorlax, F, shiny|100/100
|
|-weather|Sandstorm|[upkeep]
|-damage|p1a: bish in the back|94/100|[from] Sandstorm
|-heal|p1a: bish in the back|100/100|[from] item: Leftovers
|upkeep
|turn|12
|
|t:|1729981924
|move|p2a: Dugtrio|Earthquake|p1a: bish in the back
|-damage|p1a: bish in the back|46/100
|move|p1a: bish in the back|Body Slam|p2a: Dugtrio
|-damage|p2a: Dugtrio|0 fnt
|faint|p2a: Dugtrio
|
|t:|1729981933
|switch|p2a: Tyranitar|Tyranitar, F|83/100
|
|-weather|Sandstorm|[upkeep]
|-damage|p1a: bish in the back|40/100|[from] Sandstorm
|-heal|p2a: Tyranitar|90/100|[from] item: Leftovers
|-heal|p1a: bish in the back|46/100|[from] item: Leftovers
|upkeep
|turn|13
|
|t:|1729981937
|switch|p1a: whole lotta bags|Metagross, shiny|73/100
|move|p2a: Tyranitar|Dragon Dance|p2a: Tyranitar
|-boost|p2a: Tyranitar|atk|1
|-boost|p2a: Tyranitar|spe|1
|
|-weather|Sandstorm|[upkeep]
|-heal|p2a: Tyranitar|96/100|[from] item: Leftovers
|upkeep
|turn|14
|
|t:|1729981940
|switch|p1a: whole lotta cash|Suicune, shiny|78/100
|move|p2a: Tyranitar|Earthquake|p1a: whole lotta cash
|-damage|p1a: whole lotta cash|48/100
|
|-weather|Sandstorm|[upkeep]
|-damage|p1a: whole lotta cash|42/100|[from] Sandstorm
|-heal|p2a: Tyranitar|100/100|[from] item: Leftovers
|-heal|p1a: whole lotta cash|48/100|[from] item: Leftovers
|upkeep
|turn|15
|
|t:|1729981947
|move|p2a: Tyranitar|Rock Slide|p1a: whole lotta cash
|-damage|p1a: whole lotta cash|16/100
|cant|p1a: whole lotta cash|flinch
|
|-weather|Sandstorm|[upkeep]
|-damage|p1a: whole lotta cash|10/100|[from] Sandstorm
|-heal|p1a: whole lotta cash|16/100|[from] item: Leftovers
|upkeep
|turn|16
|
|t:|1729981949
|switch|p1a: bag fulla haze|Salamence, F, shiny|100/100
|-ability|p1a: bag fulla haze|Intimidate|boost
|-unboost|p2a: Tyranitar|atk|1
|move|p2a: Tyranitar|Earthquake|p1a: bag fulla haze
|-immune|p1a: bag fulla haze
|
|-weather|Sandstorm|[upkeep]
|-damage|p1a: bag fulla haze|94/100|[from] Sandstorm
|-heal|p1a: bag fulla haze|100/100|[from] item: Leftovers
|upkeep
|turn|17
|
|t:|1729981955
|switch|p1a: whole lotta cash|Suicune, shiny|16/100
|move|p2a: Tyranitar|Dragon Dance|p2a: Tyranitar
|-boost|p2a: Tyranitar|atk|1
|-boost|p2a: Tyranitar|spe|1
|
|-weather|Sandstorm|[upkeep]
|-damage|p1a: whole lotta cash|10/100|[from] Sandstorm
|-heal|p1a: whole lotta cash|16/100|[from] item: Leftovers
|upkeep
|turn|18
|
|t:|1729981957
|move|p2a: Tyranitar|Rock Slide|p1a: whole lotta cash
|-damage|p1a: whole lotta cash|0 fnt
|faint|p1a: whole lotta cash
|
|t:|1729981961
|switch|p1a: bag fulla haze|Salamence, F, shiny|100/100
|-ability|p1a: bag fulla haze|Intimidate|boost
|-unboost|p2a: Tyranitar|atk|1
|
|-weather|Sandstorm|[upkeep]
|-damage|p1a: bag fulla haze|94/100|[from] Sandstorm
|-heal|p1a: bag fulla haze|100/100|[from] item: Leftovers
|upkeep
|turn|19
|
|t:|1729981964
|move|p2a: Tyranitar|Rock Slide|p1a: bag fulla haze
|-supereffective|p1a: bag fulla haze
|-damage|p1a: bag fulla haze|11/100
|move|p1a: bag fulla haze|Earthquake|p2a: Tyranitar
|-supereffective|p2a: Tyranitar
|-damage|p2a: Tyranitar|38/100
|
|-weather|Sandstorm|[upkeep]
|-damage|p1a: bag fulla haze|5/100|[from] Sandstorm
|-heal|p2a: Tyranitar|44/100|[from] item: Leftovers
|-heal|p1a: bag fulla haze|11/100|[from] item: Leftovers
|upkeep
|turn|20
|
|t:|1729981971
|switch|p1a: whole lotta bags|Metagross, shiny|73/100
|move|p2a: Tyranitar|Rock Slide|p1a: whole lotta bags
|-resisted|p1a: whole lotta bags
|-damage|p1a: whole lotta bags|56/100
|
|-weather|Sandstorm|[upkeep]
|-heal|p2a: Tyranitar|50/100|[from] item: Leftovers
|upkeep
|turn|21
|
|t:|1729981973
|move|p2a: Tyranitar|Earthquake|p1a: whole lotta bags
|-supereffective|p1a: whole lotta bags
|-damage|p1a: whole lotta bags|0 fnt
|faint|p1a: whole lotta bags
|
|t:|1729981975
|switch|p1a: bag fulla haze|Salamence, F, shiny|11/100
|-ability|p1a: bag fulla haze|Intimidate|boost
|-unboost|p2a: Tyranitar|atk|1
|
|-weather|Sandstorm|[upkeep]
|-damage|p1a: bag fulla haze|5/100|[from] Sandstorm
|-heal|p2a: Tyranitar|56/100|[from] item: Leftovers
|-heal|p1a: bag fulla haze|11/100|[from] item: Leftovers
|upkeep
|turn|22
|
|t:|1729981978
|move|p2a: Tyranitar|Rock Slide|p1a: bag fulla haze
|-supereffective|p1a: bag fulla haze
|-damage|p1a: bag fulla haze|0 fnt
|faint|p1a: bag fulla haze
|c|☆kingofironfrisk|i misclicked when i went cune the first time lol
|
|t:|1729981989
|switch|p1a: bish in the back|Snorlax, F, shiny|46/100
|
|-weather|Sandstorm|[upkeep]
|-damage|p1a: bish in the back|40/100|[from] Sandstorm
|-heal|p2a: Tyranitar|63/100|[from] item: Leftovers
|-heal|p1a: bish in the back|46/100|[from] item: Leftovers
|upkeep
|turn|23
|c|☆donk27|ah rip
|c|☆kingofironfrisk|gg
|
|t:|1729981993
|move|p2a: Tyranitar|Rock Slide|p1a: bish in the back
|-damage|p1a: bish in the back|23/100
|move|p1a: bish in the back|Earthquake|p2a: Tyranitar
|-supereffective|p2a: Tyranitar
|-damage|p2a: Tyranitar|13/100
|
|-weather|Sandstorm|[upkeep]
|-damage|p1a: bish in the back|16/100|[from] Sandstorm
|-heal|p2a: Tyranitar|19/100|[from] item: Leftovers
|-heal|p1a: bish in the back|23/100|[from] item: Leftovers
|upkeep
|turn|24
|c|☆donk27|gg
|
|t:|1729981997
|move|p2a: Tyranitar|Rock Slide|p1a: bish in the back
|-damage|p1a: bish in the back|0 fnt
|faint|p1a: bish in the back
|
|win|donk27

</script>
<script type="application/json" class="data" id="replaydata-smogtours-gen3ou-802336">
{"id":"smogtours-gen3ou-802336","format":"[Gen 3] OU","players":["kingofironfrisk","donk27"],"uploadtime":1729981997,"views":111,"formatid":"gen3ou","rating":null,"private":0,"password":null}
</script>

<script defer src="js/replays.js?9d40a366"></script>
