<!DOCTYPE html>
<meta charset="utf-8" />
<meta name="viewport" content="width=device-width" />

<title>[Gen 3] OU: rajime(real) vs. GroundBack - Replays - Pok&eacute;mon Showdown!</title>

<meta name="description" content="Watch a replay of a Pok&eacute;mon battle between rajime(real) and GroundBack! Format: [Gen 3] OU; Date: Oct 12, 2024" />
<!--

Hey, you! Looking in the source for the replay log?

You can find them in JSON format, just add `.json` at the end of a replay URL.

https://replay.pokemonshowdown.com/gen7randomdoublesbattle-865046831.json

Or, if you only need the log itself, add `.log` instead:

https://replay.pokemonshowdown.com/gen7randomdoublesbattle-865046831.log

-->

<link rel="stylesheet" href="//pokemonshowdown.com/style/global.css?0.023195364461161105" />
<link rel="stylesheet" href="//play.pokemonshowdown.com/style/font-awesome.css?0.13261647063804238" />
<link rel="stylesheet" href="//play.pokemonshowdown.com/style/battle.css?0.8753245789963631" />
<link rel="stylesheet" href="//play.pokemonshowdown.com/style/utilichart.css?0.8627959624976733" />

<!-- Global site tag (gtag.js) - Google Analytics -->
<script async src="https://www.googletagmanager.com/gtag/js?id=UA-26211653-1"></script>
<script>
  window.dataLayer = window.dataLayer || [];
  function gtag(){dataLayer.push(arguments);}
  gtag('js', new Date());

  gtag('config', 'UA-26211653-1');
</script>
<!-- End Google Analytics -->
<!-- Venatus Ad Manager - Install in <HEAD> of page -->
	<script src="https://hb.vntsm.com/v3/live/ad-manager.min.js" type="text/javascript" data-site-id="642aba63ec9a7b11c3c9c1be" data-mode="scan" async></script>
<!-- / Venatus Ad Manager -->

<style>
	@media (max-width:820px) {
		.battle {
			margin: 0 auto;
		}
		.battle-log {
			margin: 7px auto 0;
			max-width: 640px;
			height: 300px;
			position: static;
		}
	}
	.optgroup {
		display: inline-block;
		line-height: 22px;
		font-size: 10pt;
	}
	.optgroup .button {
		height: 25px;
		padding-top: 0;
		padding-bottom: 0;
	}
	.optgroup button.button {
		padding-left: 12px;
		padding-right: 12px;
	}
	.linklist {
		list-style: none;
		margin: 0.5em 0;
		padding: 0;
	}
	.linklist li {
		padding: 2px 0;
	}
	.sidebar {
		float: left;
		width: 320px;
	}
	.bar-wrapper {
		max-width: 1100px;
		margin: 0 auto;
	}
	.bar-wrapper.has-sidebar {
		max-width: 1430px;
	}
	.mainbar {
		margin: 0;
		padding-right: 1px;
	}
	.mainbar.has-sidebar {
		margin-left: 330px;
	}
	@media (min-width: 1511px) {
		.sidebar {
			width: 400px;
		}
		.bar-wrapper.has-sidebar {
			max-width: 1510px;
		}
		.mainbar.has-sidebar {
			margin-left: 410px;
		}
	}
	.section.first-section {
		margin-top: 9px;
	}
	.blocklink small {
		white-space: normal;
	}
	.button {
		vertical-align: middle;
	}
	.replay-controls {
		padding-top: 10px;
	}
	.replay-controls h1 {
		font-size: 16pt;
		font-weight: normal;
		color: #CCC;
	}
	.pagelink {
		text-align: center;
	}
	.pagelink a {
		width: 150px;
	}
	.textbox, .button {
		font-size: 11pt;
		vertical-align: middle;
	}
	@media (max-width: 450px) {
		.button {
			font-size: 9pt;
		}
	}
</style>

<div>

	<header>
		<div class="nav-wrapper"><ul class="nav">
			<li><a class="button nav-first" href="//pokemonshowdown.com/"><img src="//pokemonshowdown.com/images/pokemonshowdownbeta.png" srcset="//pokemonshowdown.com/images/pokemonshowdownbeta.png 1x, //pokemonshowdown.com/images/pokemonshowdownbeta@2x.png 2x" alt="Pok&eacute;mon Showdown" width="146" height="44" /> Home</a></li>
			<li><a class="button" href="//pokemonshowdown.com/dex/">Pok&eacute;dex</a></li>
			<li><a class="button cur" href="/">Replays</a></li>
			<li><a class="button" href="//pokemonshowdown.com/ladder/">Ladder</a></li>
			<li><a class="button nav-last" href="//pokemonshowdown.com/forums/">Forum</a></li>
			<li><a class="button greenbutton nav-first nav-last" href="//play.pokemonshowdown.com/">Play</a></li>
		</ul></div>
	</header>

	<div class="main" id="main">

		<noscript><section class="section">You need to enable JavaScript to use this page; sorry!</section></noscript>

	</div>

</div>

<script defer nomodule src="//play.pokemonshowdown.com/js/lib/ps-polyfill.js"></script>
<script defer src="//play.pokemonshowdown.com/js/lib/preact.min.js"></script>

<script defer src="//play.pokemonshowdown.com/config/config.js?2bddbc15"></script>
<script defer src="//play.pokemonshowdown.com/js/lib/jquery-1.11.0.min.js"></script>
<script defer src="//play.pokemonshowdown.com/js/lib/html-sanitizer-minified.js"></script>
<script defer src="//play.pokemonshowdown.com/js/battle-sound.js"></script>
<script defer src="//play.pokemonshowdown.com/js/battledata.js?0.7209276989879541"></script>
<script defer src="//play.pokemonshowdown.com/data/pokedex-mini.js?0.6111056340867951"></script>
<script defer src="//play.pokemonshowdown.com/data/pokedex-mini-bw.js?0.3532142036491459"></script>
<script defer src="//play.pokemonshowdown.com/data/graphics.js?0.24223875632456182"></script>
<script defer src="//play.pokemonshowdown.com/data/pokedex.js?0.38839984266356864"></script>
<script defer src="//play.pokemonshowdown.com/data/moves.js?0.21866028504024015"></script>
<script defer src="//play.pokemonshowdown.com/data/abilities.js?0.2005157953846628"></script>
<script defer src="//play.pokemonshowdown.com/data/items.js?0.9894211263848525"></script>
<script defer src="//play.pokemonshowdown.com/data/teambuilder-tables.js?0.6008791140282215"></script>
<script defer src="//play.pokemonshowdown.com/js/battle-tooltips.js?0.7580118955022959"></script>
<script defer src="//play.pokemonshowdown.com/js/battle.js?0.6057722274234274"></script>

<script defer src="js/utils.js?e31f9a17"></script>
<script defer src="js/replays-battle.js?7008c182"></script>

<!-- don't scrape this data! just add .json or .log after the URL!
Full API docs: https://github.com/smogon/pokemon-showdown-client/blob/master/WEB-API.md -->
<script type="text/plain" class="log" id="replaylog-smogtours-gen3ou-797479">
|inactive|Battle timer is ON: inactive players will automatically lose when time's up.
|t:|1728747196
|gametype|singles
|player|p1|rajime(real)|265|
|player|p2|GroundBack|waiter-gen4dp|
|teamsize|p1|6
|teamsize|p2|6
|gen|3
|tier|[Gen 3] OU
|rule|Sleep Clause Mod: Limit one foe put to sleep
|rule|Switch Priority Clause Mod: Faster Pokémon switch first
|rule|Species Clause: Limit one of each Pokémon
|rule|OHKO Clause: OHKO moves are banned
|rule|Evasion Items Clause: Evasion items are banned
|rule|Evasion Moves Clause: Evasion moves are banned
|rule|Endless Battle Clause: Forcing endless battles is banned
|rule|HP Percentage Mod: HP is shown in percentages
|rule|One Boost Passer Clause: Limit one Baton Passer that has a way to boost its stats
|rule|Freeze Clause Mod: Limit one foe frozen
|
|t:|1728747196
|start
|switch|p1a: Charizard|Charizard, F|100/100
|switch|p2a: Vaporeon|Vaporeon, M|100/100
|turn|1
|c|☆GroundBack|glhf
|c|☆rajime(real)|glhf
|
|t:|1728747210
|switch|p1a: Zapdos|Zapdos|100/100
|move|p2a: Vaporeon|Hydro Pump|p1a: Zapdos
|-damage|p1a: Zapdos|46/100
|
|-heal|p1a: Zapdos|52/100|[from] item: Leftovers
|upkeep
|turn|2
|
|t:|1728747217
|move|p1a: Zapdos|Thunder Wave|p2a: Vaporeon
|-status|p2a: Vaporeon|par
|move|p2a: Vaporeon|Ice Beam|p1a: Zapdos
|-supereffective|p1a: Zapdos
|-damage|p1a: Zapdos|0 fnt
|faint|p1a: Zapdos
|
|t:|1728747233
|switch|p1a: Jirachi|Jirachi|100/100
|
|upkeep
|turn|3
|
|t:|1728747237
|move|p1a: Jirachi|Body Slam|p2a: Vaporeon
|-damage|p2a: Vaporeon|78/100 par
|move|p2a: Vaporeon|Baton Pass|p2a: Vaporeon
|
|t:|1728747242
|switch|p2a: Smeargle|Smeargle, M|100/100|[from] Baton Pass
|
|upkeep
|turn|4
|
|t:|1728747245
|move|p2a: Smeargle|Spore|p1a: Jirachi
|-status|p1a: Jirachi|slp|[from] move: Spore
|cant|p1a: Jirachi|slp
|
|upkeep
|turn|5
|
|t:|1728747250
|switch|p1a: Metagross|Metagross|100/100
|move|p2a: Smeargle|Spikes|p1a: Metagross
|-sidestart|p1: rajime(real)|Spikes
|
|upkeep
|turn|6
|
|t:|1728747253
|move|p2a: Smeargle|Thunder Wave|p1a: Metagross
|-status|p1a: Metagross|par
|-enditem|p1a: Metagross|Lum Berry|[eat]
|-curestatus|p1a: Metagross|par|[msg]
|move|p1a: Metagross|Agility|p1a: Metagross
|-boost|p1a: Metagross|spe|2
|
|upkeep
|turn|7
|
|t:|1728747264
|move|p1a: Metagross|Meteor Mash|p2a: Smeargle
|-damage|p2a: Smeargle|0 fnt
|faint|p2a: Smeargle
|
|t:|1728747270
|switch|p2a: Vaporeon|Vaporeon, M|78/100 par
|
|upkeep
|turn|8
|
|t:|1728747274
|move|p1a: Metagross|Earthquake|p2a: Vaporeon
|-damage|p2a: Vaporeon|31/100 par
|move|p2a: Vaporeon|Hydro Pump|p1a: Metagross
|-damage|p1a: Metagross|37/100
|
|upkeep
|turn|9
|
|t:|1728747282
|move|p1a: Metagross|Earthquake|p2a: Vaporeon
|-damage|p2a: Vaporeon|0 fnt
|faint|p2a: Vaporeon
|
|t:|1728747285
|switch|p2a: Gengar|Gengar, M|100/100
|
|upkeep
|turn|10
|
|t:|1728747289
|move|p1a: Metagross|Meteor Mash|p2a: Gengar
|-damage|p2a: Gengar|13/100
|move|p2a: Gengar|Fire Punch|p1a: Metagross
|-supereffective|p1a: Metagross
|-damage|p1a: Metagross|0 fnt
|faint|p1a: Metagross
|
|t:|1728747293
|switch|p1a: Gengar|Gengar, M|100/100
|
|-heal|p2a: Gengar|19/100|[from] item: Leftovers
|upkeep
|turn|11
|
|t:|1728747304
|move|p2a: Gengar|Ice Punch|p1a: Gengar
|-damage|p1a: Gengar|73/100
|move|p1a: Gengar|Thunderbolt|p2a: Gengar
|-damage|p2a: Gengar|0 fnt
|faint|p2a: Gengar
|
|t:|1728747309
|switch|p2a: Tyranitar|Tyranitar, F|100/100
|-weather|Sandstorm|[from] ability: Sand Stream|[of] p2a: Tyranitar
|
|-weather|Sandstorm|[upkeep]
|-damage|p1a: Gengar|67/100|[from] Sandstorm
|-heal|p1a: Gengar|73/100|[from] item: Leftovers
|upkeep
|turn|12
|
|t:|1728747312
|move|p1a: Gengar|Will-O-Wisp|p2a: Tyranitar
|-status|p2a: Tyranitar|brn
|-enditem|p2a: Tyranitar|Lum Berry|[eat]
|-curestatus|p2a: Tyranitar|brn|[msg]
|move|p2a: Tyranitar|Rock Slide|p1a: Gengar|[miss]
|-miss|p2a: Tyranitar|p1a: Gengar
|
|-weather|Sandstorm|[upkeep]
|-damage|p1a: Gengar|67/100|[from] Sandstorm
|-heal|p1a: Gengar|73/100|[from] item: Leftovers
|upkeep
|turn|13
|
|t:|1728747321
|move|p1a: Gengar|Will-O-Wisp|p2a: Tyranitar
|-status|p2a: Tyranitar|brn
|move|p2a: Tyranitar|Dragon Dance|p2a: Tyranitar
|-boost|p2a: Tyranitar|atk|1
|-boost|p2a: Tyranitar|spe|1
|
|-weather|Sandstorm|[upkeep]
|-damage|p1a: Gengar|67/100|[from] Sandstorm
|-heal|p1a: Gengar|73/100|[from] item: Leftovers
|-damage|p2a: Tyranitar|88/100 brn|[from] brn
|upkeep
|turn|14
|
|t:|1728747325
|switch|p1a: Swampert|Swampert, F|100/100
|-damage|p1a: Swampert|88/100|[from] Spikes
|move|p2a: Tyranitar|Rock Slide|p1a: Swampert
|-resisted|p1a: Swampert
|-damage|p1a: Swampert|78/100
|
|-weather|Sandstorm|[upkeep]
|-damage|p2a: Tyranitar|76/100 brn|[from] brn
|-heal|p1a: Swampert|84/100|[from] item: Leftovers
|upkeep
|turn|15
|
|t:|1728747336
|move|p2a: Tyranitar|Earthquake|p1a: Swampert
|-damage|p1a: Swampert|65/100
|move|p1a: Swampert|Earthquake|p2a: Tyranitar
|-supereffective|p2a: Tyranitar
|-damage|p2a: Tyranitar|19/100 brn
|
|-weather|Sandstorm|[upkeep]
|-damage|p2a: Tyranitar|7/100 brn|[from] brn
|-heal|p1a: Swampert|71/100|[from] item: Leftovers
|upkeep
|turn|16
|
|t:|1728747344
|move|p1a: Swampert|Protect|p1a: Swampert
|-singleturn|p1a: Swampert|Protect
|move|p2a: Tyranitar|Earthquake|p1a: Swampert
|-activate|p1a: Swampert|Protect
|
|-weather|Sandstorm|[upkeep]
|-damage|p2a: Tyranitar|0 fnt|[from] brn
|faint|p2a: Tyranitar
|-heal|p1a: Swampert|77/100|[from] item: Leftovers
|upkeep
|
|t:|1728747346
|switch|p2a: Metagross|Metagross|100/100
|turn|17
|
|t:|1728747351
|switch|p1a: Jirachi|Jirachi|100/100 slp
|-damage|p1a: Jirachi|88/100 slp|[from] Spikes
|move|p2a: Metagross|Hidden Power|p1a: Jirachi
|-resisted|p1a: Jirachi
|-damage|p1a: Jirachi|81/100 slp
|
|-weather|Sandstorm|[upkeep]
|-heal|p1a: Jirachi|87/100 slp|[from] item: Leftovers
|upkeep
|turn|18
|
|t:|1728747359
|switch|p1a: Charizard|Charizard, F|100/100
|move|p2a: Metagross|Earthquake|p1a: Charizard
|-immune|p1a: Charizard
|
|-weather|Sandstorm|[upkeep]
|-damage|p1a: Charizard|94/100|[from] Sandstorm
|-heal|p1a: Charizard|100/100|[from] item: Leftovers
|upkeep
|turn|19
|
|t:|1728747365
|switch|p2a: Aerodactyl|Aerodactyl, M|100/100
|move|p1a: Charizard|Substitute|p1a: Charizard
|-start|p1a: Charizard|Substitute
|-damage|p1a: Charizard|76/100
|
|-weather|Sandstorm|[upkeep]
|-damage|p1a: Charizard|70/100|[from] Sandstorm
|-heal|p1a: Charizard|76/100|[from] item: Leftovers
|upkeep
|turn|20
|
|t:|1728747368
|-singleturn|p1a: Charizard|move: Focus Punch
|move|p2a: Aerodactyl|Rock Slide|p1a: Charizard
|-supereffective|p1a: Charizard
|-end|p1a: Charizard|Substitute
|move|p1a: Charizard|Focus Punch|p2a: Aerodactyl
|-damage|p2a: Aerodactyl|48/100
|
|-weather|Sandstorm|[upkeep]
|-damage|p1a: Charizard|70/100|[from] Sandstorm
|-heal|p1a: Charizard|76/100|[from] item: Leftovers
|upkeep
|turn|21
|
|t:|1728747378
|switch|p2a: Metagross|Metagross|100/100
|switch|p1a: Swampert|Swampert, F|77/100
|-damage|p1a: Swampert|65/100|[from] Spikes
|
|-weather|Sandstorm|[upkeep]
|-heal|p1a: Swampert|71/100|[from] item: Leftovers
|upkeep
|turn|22
|
|t:|1728747386
|switch|p1a: Charizard|Charizard, F|76/100
|move|p2a: Metagross|Thunder Punch|p1a: Charizard
|-supereffective|p1a: Charizard
|-damage|p1a: Charizard|8/100
|-status|p1a: Charizard|par
|
|-weather|Sandstorm|[upkeep]
|-damage|p1a: Charizard|2/100 par|[from] Sandstorm
|-heal|p1a: Charizard|8/100 par|[from] item: Leftovers
|upkeep
|turn|23
|
|t:|1728747396
|move|p2a: Metagross|Thunder Punch|p1a: Charizard
|-supereffective|p1a: Charizard
|-damage|p1a: Charizard|0 fnt
|faint|p1a: Charizard
|
|t:|1728747398
|switch|p1a: Gengar|Gengar, M|73/100
|
|-weather|Sandstorm|[upkeep]
|-damage|p1a: Gengar|67/100|[from] Sandstorm
|-heal|p1a: Gengar|73/100|[from] item: Leftovers
|upkeep
|turn|24
|
|t:|1728747405
|move|p1a: Gengar|Will-O-Wisp|p2a: Metagross|[miss]
|-miss|p1a: Gengar|p2a: Metagross
|move|p2a: Metagross|Thunder Punch|p1a: Gengar
|-damage|p1a: Gengar|47/100
|
|-weather|Sandstorm|[upkeep]
|-damage|p1a: Gengar|41/100|[from] Sandstorm
|-heal|p1a: Gengar|47/100|[from] item: Leftovers
|upkeep
|turn|25
|
|t:|1728747411
|move|p1a: Gengar|Will-O-Wisp|p2a: Metagross|[miss]
|-miss|p1a: Gengar|p2a: Metagross
|move|p2a: Metagross|Thunder Punch|p1a: Gengar
|-damage|p1a: Gengar|21/100
|
|-weather|Sandstorm|[upkeep]
|-damage|p1a: Gengar|14/100|[from] Sandstorm
|-heal|p1a: Gengar|21/100|[from] item: Leftovers
|upkeep
|turn|26
|
|t:|1728747418
|move|p1a: Gengar|Will-O-Wisp|p2a: Metagross
|-status|p2a: Metagross|brn
|move|p2a: Metagross|Thunder Punch|p1a: Gengar
|-damage|p1a: Gengar|0 fnt
|faint|p1a: Gengar
|
|t:|1728747422
|switch|p1a: Jirachi|Jirachi|87/100 slp
|-damage|p1a: Jirachi|75/100 slp|[from] Spikes
|
|-weather|Sandstorm|[upkeep]
|-damage|p2a: Metagross|88/100 brn|[from] brn
|-heal|p1a: Jirachi|81/100 slp|[from] item: Leftovers
|upkeep
|turn|27
|
|t:|1728747424
|switch|p2a: Aerodactyl|Aerodactyl, M|48/100
|-curestatus|p1a: Jirachi|slp|[msg]
|move|p1a: Jirachi|Fire Punch|p2a: Aerodactyl
|-resisted|p2a: Aerodactyl
|-damage|p2a: Aerodactyl|36/100
|
|-weather|Sandstorm|[upkeep]
|-heal|p1a: Jirachi|87/100|[from] item: Leftovers
|upkeep
|turn|28
|
|t:|1728747431
|move|p1a: Jirachi|Protect|p1a: Jirachi
|-singleturn|p1a: Jirachi|Protect
|move|p2a: Aerodactyl|Earthquake|p1a: Jirachi
|-activate|p1a: Jirachi|Protect
|
|-weather|Sandstorm|[upkeep]
|-heal|p1a: Jirachi|93/100|[from] item: Leftovers
|upkeep
|turn|29
|
|t:|1728747436
|move|p2a: Aerodactyl|Earthquake|p1a: Jirachi
|-supereffective|p1a: Jirachi
|-damage|p1a: Jirachi|22/100
|move|p1a: Jirachi|Body Slam|p2a: Aerodactyl
|-resisted|p2a: Aerodactyl
|-damage|p2a: Aerodactyl|21/100
|-status|p2a: Aerodactyl|par
|
|-weather|Sandstorm|[upkeep]
|-heal|p1a: Jirachi|28/100|[from] item: Leftovers
|upkeep
|turn|30
|
|t:|1728747443
|move|p1a: Jirachi|Protect|p1a: Jirachi
|-singleturn|p1a: Jirachi|Protect
|cant|p2a: Aerodactyl|par
|
|-weather|Sandstorm|[upkeep]
|-heal|p1a: Jirachi|34/100|[from] item: Leftovers
|upkeep
|turn|31
|
|t:|1728747453
|switch|p1a: Swampert|Swampert, F|71/100
|-damage|p1a: Swampert|59/100|[from] Spikes
|move|p2a: Aerodactyl|Earthquake|p1a: Swampert
|-damage|p1a: Swampert|27/100
|
|-weather|Sandstorm|[upkeep]
|-heal|p1a: Swampert|34/100|[from] item: Leftovers
|upkeep
|turn|32
|
|t:|1728747462
|switch|p2a: Metagross|Metagross|88/100 brn
|move|p1a: Swampert|Ice Beam|p2a: Metagross
|-resisted|p2a: Metagross
|-damage|p2a: Metagross|75/100 brn
|
|-weather|Sandstorm|[upkeep]
|-heal|p2a: Metagross|81/100 brn|[from] item: Leftovers
|-damage|p2a: Metagross|69/100 brn|[from] brn
|-heal|p1a: Swampert|40/100|[from] item: Leftovers
|upkeep
|turn|33
|
|t:|1728747467
|move|p1a: Swampert|Protect|p1a: Swampert
|-singleturn|p1a: Swampert|Protect
|move|p2a: Metagross|Hidden Power|p1a: Swampert
|-activate|p1a: Swampert|Protect
|
|-weather|Sandstorm|[upkeep]
|-heal|p2a: Metagross|75/100 brn|[from] item: Leftovers
|-damage|p2a: Metagross|62/100 brn|[from] brn
|-heal|p1a: Swampert|46/100|[from] item: Leftovers
|upkeep
|turn|34
|
|t:|1728747474
|switch|p1a: Jirachi|Jirachi|34/100
|-damage|p1a: Jirachi|22/100|[from] Spikes
|move|p2a: Metagross|Hidden Power|p1a: Jirachi
|-resisted|p1a: Jirachi
|-damage|p1a: Jirachi|15/100
|
|-weather|Sandstorm|[upkeep]
|-heal|p2a: Metagross|68/100 brn|[from] item: Leftovers
|-damage|p2a: Metagross|56/100 brn|[from] brn
|-heal|p1a: Jirachi|21/100|[from] item: Leftovers
|upkeep
|turn|35
|
|t:|1728747485
|switch|p2a: Aerodactyl|Aerodactyl, M|21/100 par
|move|p1a: Jirachi|Fire Punch|p2a: Aerodactyl
|-resisted|p2a: Aerodactyl
|-damage|p2a: Aerodactyl|10/100 par
|
|-weather|Sandstorm|[upkeep]
|-heal|p1a: Jirachi|27/100|[from] item: Leftovers
|upkeep
|turn|36
|
|t:|1728747492
|move|p1a: Jirachi|Fire Punch|p2a: Aerodactyl
|-resisted|p2a: Aerodactyl
|-damage|p2a: Aerodactyl|0 fnt
|faint|p2a: Aerodactyl
|
|t:|1728747494
|switch|p2a: Metagross|Metagross|56/100 brn
|
|-weather|Sandstorm|[upkeep]
|-heal|p2a: Metagross|62/100 brn|[from] item: Leftovers
|-damage|p2a: Metagross|50/100 brn|[from] brn
|-heal|p1a: Jirachi|34/100|[from] item: Leftovers
|upkeep
|turn|37
|
|t:|1728747504
|move|p2a: Metagross|Earthquake|p1a: Jirachi
|-supereffective|p1a: Jirachi
|-damage|p1a: Jirachi|9/100
|move|p1a: Jirachi|Wish|p1a: Jirachi
|
|-weather|Sandstorm|[upkeep]
|-heal|p2a: Metagross|56/100 brn|[from] item: Leftovers
|-damage|p2a: Metagross|43/100 brn|[from] brn
|-heal|p1a: Jirachi|16/100|[from] item: Leftovers
|upkeep
|turn|38
|
|t:|1728747510
|move|p1a: Jirachi|Protect|p1a: Jirachi
|-singleturn|p1a: Jirachi|Protect
|move|p2a: Metagross|Earthquake|p1a: Jirachi
|-activate|p1a: Jirachi|Protect
|
|-heal|p1a: Jirachi|66/100|[from] move: Wish|[wisher] Jirachi
|-weather|Sandstorm|[upkeep]
|-heal|p2a: Metagross|49/100 brn|[from] item: Leftovers
|-damage|p2a: Metagross|37/100 brn|[from] brn
|-heal|p1a: Jirachi|72/100|[from] item: Leftovers
|upkeep
|turn|39
|
|t:|1728747514
|move|p2a: Metagross|Earthquake|p1a: Jirachi
|-supereffective|p1a: Jirachi
|-damage|p1a: Jirachi|47/100
|move|p1a: Jirachi|Fire Punch|p2a: Metagross
|-supereffective|p2a: Metagross
|-damage|p2a: Metagross|0 fnt
|faint|p2a: Metagross
|
|win|rajime(real)
|c|☆GroundBack|gg
|c|☆rajime(real)|gg
|c|☆GroundBack|I'm ready for round 2 when you are

</script>
<script type="application/json" class="data" id="replaydata-smogtours-gen3ou-797479">
{"id":"smogtours-gen3ou-797479","format":"[Gen 3] OU","players":["rajime(real)","GroundBack"],"uploadtime":1728747514,"views":77,"formatid":"gen3ou","rating":null,"private":0,"password":null}
</script>

<script defer src="js/replays.js?9d40a366"></script>
