<!DOCTYPE html>
<meta charset="utf-8" />
<meta name="viewport" content="width=device-width" />

<title>[Gen 3] OU: Zpanther vs. ojr - Replays - Pok&eacute;mon Showdown!</title>

<meta name="description" content="Watch a replay of a Pok&eacute;mon battle between Zpanther and ojr! Format: [Gen 3] OU; Date: Nov 13, 2024" />
<!--

Hey, you! Looking in the source for the replay log?

You can find them in JSON format, just add `.json` at the end of a replay URL.

https://replay.pokemonshowdown.com/gen7randomdoublesbattle-865046831.json

Or, if you only need the log itself, add `.log` instead:

https://replay.pokemonshowdown.com/gen7randomdoublesbattle-865046831.log

-->

<link rel="stylesheet" href="//pokemonshowdown.com/style/global.css?0.767286132409787" />
<link rel="stylesheet" href="//play.pokemonshowdown.com/style/font-awesome.css?0.9266228007934947" />
<link rel="stylesheet" href="//play.pokemonshowdown.com/style/battle.css?0.7924700842790926" />
<link rel="stylesheet" href="//play.pokemonshowdown.com/style/utilichart.css?0.8777417872839479" />

<!-- Global site tag (gtag.js) - Google Analytics -->
<script async src="https://www.googletagmanager.com/gtag/js?id=UA-26211653-1"></script>
<script>
  window.dataLayer = window.dataLayer || [];
  function gtag(){dataLayer.push(arguments);}
  gtag('js', new Date());

  gtag('config', 'UA-26211653-1');
</script>
<!-- End Google Analytics -->
<!-- Venatus Ad Manager - Install in <HEAD> of page -->
	<script src="https://hb.vntsm.com/v3/live/ad-manager.min.js" type="text/javascript" data-site-id="642aba63ec9a7b11c3c9c1be" data-mode="scan" async></script>
<!-- / Venatus Ad Manager -->

<style>
	@media (max-width:820px) {
		.battle {
			margin: 0 auto;
		}
		.battle-log {
			margin: 7px auto 0;
			max-width: 640px;
			height: 300px;
			position: static;
		}
	}
	.optgroup {
		display: inline-block;
		line-height: 22px;
		font-size: 10pt;
	}
	.optgroup .button {
		height: 25px;
		padding-top: 0;
		padding-bottom: 0;
	}
	.optgroup button.button {
		padding-left: 12px;
		padding-right: 12px;
	}
	.linklist {
		list-style: none;
		margin: 0.5em 0;
		padding: 0;
	}
	.linklist li {
		padding: 2px 0;
	}
	.sidebar {
		float: left;
		width: 320px;
	}
	.bar-wrapper {
		max-width: 1100px;
		margin: 0 auto;
	}
	.bar-wrapper.has-sidebar {
		max-width: 1430px;
	}
	.mainbar {
		margin: 0;
		padding-right: 1px;
	}
	.mainbar.has-sidebar {
		margin-left: 330px;
	}
	@media (min-width: 1511px) {
		.sidebar {
			width: 400px;
		}
		.bar-wrapper.has-sidebar {
			max-width: 1510px;
		}
		.mainbar.has-sidebar {
			margin-left: 410px;
		}
	}
	.section.first-section {
		margin-top: 9px;
	}
	.blocklink small {
		white-space: normal;
	}
	.button {
		vertical-align: middle;
	}
	.replay-controls {
		padding-top: 10px;
	}
	.replay-controls h1 {
		font-size: 16pt;
		font-weight: normal;
		color: #CCC;
	}
	.pagelink {
		text-align: center;
	}
	.pagelink a {
		width: 150px;
	}
	.textbox, .button {
		font-size: 11pt;
		vertical-align: middle;
	}
	@media (max-width: 450px) {
		.button {
			font-size: 9pt;
		}
	}
</style>

<div>

	<header>
		<div class="nav-wrapper"><ul class="nav">
			<li><a class="button nav-first" href="//pokemonshowdown.com/"><img src="//pokemonshowdown.com/images/pokemonshowdownbeta.png" srcset="//pokemonshowdown.com/images/pokemonshowdownbeta.png 1x, //pokemonshowdown.com/images/pokemonshowdownbeta@2x.png 2x" alt="Pok&eacute;mon Showdown" width="146" height="44" /> Home</a></li>
			<li><a class="button" href="//pokemonshowdown.com/dex/">Pok&eacute;dex</a></li>
			<li><a class="button cur" href="/">Replays</a></li>
			<li><a class="button" href="//pokemonshowdown.com/ladder/">Ladder</a></li>
			<li><a class="button nav-last" href="//pokemonshowdown.com/forums/">Forum</a></li>
			<li><a class="button greenbutton nav-first nav-last" href="//play.pokemonshowdown.com/">Play</a></li>
		</ul></div>
	</header>

	<div class="main" id="main">

		<noscript><section class="section">You need to enable JavaScript to use this page; sorry!</section></noscript>

	</div>

</div>

<script defer nomodule src="//play.pokemonshowdown.com/js/lib/ps-polyfill.js"></script>
<script defer src="//play.pokemonshowdown.com/js/lib/preact.min.js"></script>

<script defer src="//play.pokemonshowdown.com/config/config.js?6dec07f6"></script>
<script defer src="//play.pokemonshowdown.com/js/lib/jquery-1.11.0.min.js"></script>
<script defer src="//play.pokemonshowdown.com/js/lib/html-sanitizer-minified.js"></script>
<script defer src="//play.pokemonshowdown.com/js/battle-sound.js"></script>
<script defer src="//play.pokemonshowdown.com/js/battledata.js?0.6315294753075389"></script>
<script defer src="//play.pokemonshowdown.com/data/pokedex-mini.js?0.7603743185311358"></script>
<script defer src="//play.pokemonshowdown.com/data/pokedex-mini-bw.js?0.030888842834281283"></script>
<script defer src="//play.pokemonshowdown.com/data/graphics.js?0.05593094747507488"></script>
<script defer src="//play.pokemonshowdown.com/data/pokedex.js?0.47064822249611904"></script>
<script defer src="//play.pokemonshowdown.com/data/moves.js?0.8583693120512459"></script>
<script defer src="//play.pokemonshowdown.com/data/abilities.js?0.16017181182386842"></script>
<script defer src="//play.pokemonshowdown.com/data/items.js?0.4163379185673943"></script>
<script defer src="//play.pokemonshowdown.com/data/teambuilder-tables.js?0.31075597372830477"></script>
<script defer src="//play.pokemonshowdown.com/js/battle-tooltips.js?0.6536193500708172"></script>
<script defer src="//play.pokemonshowdown.com/js/battle.js?0.1916591943277901"></script>

<script defer src="js/utils.js?e31f9a17"></script>
<script defer src="js/replays-battle.js?7008c182"></script>

<!-- don't scrape this data! just add .json or .log after the URL!
Full API docs: https://github.com/smogon/pokemon-showdown-client/blob/master/WEB-API.md -->
<script type="text/plain" class="log" id="replaylog-smogtours-gen3ou-806139">
|inactive|Battle timer is ON: inactive players will automatically lose when time's up.
|t:|1731498364
|gametype|singles
|player|p1|Zpanther|rose-zerosuit|
|player|p2|ojr|#ptplvjirachis|
|teamsize|p1|6
|teamsize|p2|6
|gen|3
|tier|[Gen 3] OU
|rule|Sleep Clause Mod: Limit one foe put to sleep
|rule|Switch Priority Clause Mod: Faster Pokémon switch first
|rule|Species Clause: Limit one of each Pokémon
|rule|OHKO Clause: OHKO moves are banned
|rule|Evasion Items Clause: Evasion items are banned
|rule|Evasion Moves Clause: Evasion moves are banned
|rule|Endless Battle Clause: Forcing endless battles is banned
|rule|HP Percentage Mod: HP is shown in percentages
|rule|One Boost Passer Clause: Limit one Baton Passer that has a way to boost its stats
|rule|Freeze Clause Mod: Limit one foe frozen
|
|t:|1731498364
|start
|switch|p1a: Tyranitar|Tyranitar, F|100/100
|switch|p2a: Tyranitar|Tyranitar, M|100/100
|-weather|Sandstorm|[from] ability: Sand Stream|[of] p2a: Tyranitar
|turn|1
|c|☆ojr|hf
|c|☆Zpanther|hf
|
|t:|1731498377
|switch|p2a: Skarmory|Skarmory, M|100/100
|switch|p1a: Skarmory|Skarmory, M|100/100
|
|-weather|Sandstorm|[upkeep]
|upkeep
|turn|2
|
|t:|1731498382
|move|p1a: Skarmory|Taunt|p2a: Skarmory
|-start|p2a: Skarmory|move: Taunt
|cant|p2a: Skarmory|move: Taunt|Taunt
|
|-weather|Sandstorm|[upkeep]
|upkeep
|turn|3
|c|☆ojr|lmfao
|c|☆ojr|optimal gaming
|
|t:|1731498394
|switch|p2a: Gengar|Gengar, M|100/100
|move|p1a: Skarmory|Spikes|p2a: Gengar
|-sidestart|p2: ojr|Spikes
|
|-weather|Sandstorm|[upkeep]
|-damage|p2a: Gengar|95/100|[from] Sandstorm
|-heal|p2a: Gengar|100/100|[from] item: Leftovers
|upkeep
|turn|4
|
|t:|1731498422
|move|p2a: Gengar|Will-O-Wisp|p1a: Skarmory
|-status|p1a: Skarmory|brn
|move|p1a: Skarmory|Roar|p2a: Gengar
|drag|p2a: Skarmory|Skarmory, M|100/100
|
|-weather|Sandstorm|[upkeep]
|-damage|p1a: Skarmory|88/100 brn|[from] brn
|upkeep
|turn|5
|
|t:|1731498431
|switch|p2a: Gengar|Gengar, M|100/100
|move|p1a: Skarmory|Taunt|p2a: Gengar
|-start|p2a: Gengar|move: Taunt
|
|-weather|Sandstorm|[upkeep]
|-damage|p2a: Gengar|95/100|[from] Sandstorm
|-heal|p2a: Gengar|100/100|[from] item: Leftovers
|-heal|p1a: Skarmory|94/100 brn|[from] item: Leftovers
|-damage|p1a: Skarmory|82/100 brn|[from] brn
|upkeep
|turn|6
|
|t:|1731498435
|switch|p2a: Skarmory|Skarmory, M|100/100
|switch|p1a: Jolteon|Jolteon, M|100/100
|
|-weather|Sandstorm|[upkeep]
|-damage|p1a: Jolteon|95/100|[from] Sandstorm
|-heal|p1a: Jolteon|100/100|[from] item: Leftovers
|upkeep
|turn|7
|
|t:|1731498448
|move|p1a: Jolteon|Thunderbolt|p2a: Skarmory
|-supereffective|p2a: Skarmory
|-damage|p2a: Skarmory|9/100
|move|p2a: Skarmory|Spikes|p1a: Jolteon
|-sidestart|p1: Zpanther|Spikes
|
|-weather|Sandstorm|[upkeep]
|-damage|p1a: Jolteon|95/100|[from] Sandstorm
|-heal|p1a: Jolteon|100/100|[from] item: Leftovers
|-heal|p2a: Skarmory|15/100|[from] item: Leftovers
|upkeep
|turn|8
|
|t:|1731498455
|switch|p2a: Celebi|Celebi|100/100
|-damage|p2a: Celebi|88/100|[from] Spikes
|move|p1a: Jolteon|Baton Pass|p1a: Jolteon
|
|t:|1731498460
|switch|p1a: Charizard|Charizard, F|100/100|[from] Baton Pass
|
|-weather|Sandstorm|[upkeep]
|-damage|p1a: Charizard|94/100|[from] Sandstorm
|-damage|p2a: Celebi|82/100|[from] Sandstorm
|-heal|p1a: Charizard|100/100|[from] item: Leftovers
|-heal|p2a: Celebi|88/100|[from] item: Leftovers
|upkeep
|turn|9
|
|t:|1731498467
|-singleturn|p1a: Charizard|move: Focus Punch
|switch|p2a: Aerodactyl|Aerodactyl, M|100/100
|move|p1a: Charizard|Focus Punch|p2a: Aerodactyl
|-damage|p2a: Aerodactyl|51/100
|
|-weather|Sandstorm|[upkeep]
|-damage|p1a: Charizard|94/100|[from] Sandstorm
|-heal|p1a: Charizard|100/100|[from] item: Leftovers
|upkeep
|turn|10
|
|t:|1731498481
|switch|p1a: Skarmory|Skarmory, M|82/100 brn
|move|p2a: Aerodactyl|Double-Edge|p1a: Skarmory
|-resisted|p1a: Skarmory
|-damage|p1a: Skarmory|61/100 brn
|
|-weather|Sandstorm|[upkeep]
|-heal|p1a: Skarmory|67/100 brn|[from] item: Leftovers
|-damage|p1a: Skarmory|54/100 brn|[from] brn
|upkeep
|turn|11
|
|t:|1731498495
|switch|p2a: Gengar|Gengar, M|100/100
|move|p1a: Skarmory|Spikes|p2a: Gengar
|-sidestart|p2: ojr|Spikes
|
|-weather|Sandstorm|[upkeep]
|-damage|p2a: Gengar|95/100|[from] Sandstorm
|-heal|p2a: Gengar|100/100|[from] item: Leftovers
|-heal|p1a: Skarmory|60/100 brn|[from] item: Leftovers
|-damage|p1a: Skarmory|48/100 brn|[from] brn
|upkeep
|turn|12
|
|t:|1731498504
|move|p2a: Gengar|Will-O-Wisp|p1a: Skarmory
|-fail|p1a: Skarmory|brn
|move|p1a: Skarmory|Spikes|p2a: Gengar
|-sidestart|p2: ojr|Spikes
|
|-weather|Sandstorm|[upkeep]
|-damage|p2a: Gengar|95/100|[from] Sandstorm
|-heal|p2a: Gengar|100/100|[from] item: Leftovers
|-heal|p1a: Skarmory|54/100 brn|[from] item: Leftovers
|-damage|p1a: Skarmory|42/100 brn|[from] brn
|upkeep
|turn|13
|
|t:|1731498509
|switch|p1a: Jolteon|Jolteon, M|100/100
|-damage|p1a: Jolteon|88/100|[from] Spikes
|move|p2a: Gengar|Thunderbolt|p1a: Jolteon
|-heal|p1a: Jolteon|100/100|[from] ability: Volt Absorb|[of] p2a: Gengar
|
|-weather|Sandstorm|[upkeep]
|-damage|p1a: Jolteon|95/100|[from] Sandstorm
|-damage|p2a: Gengar|95/100|[from] Sandstorm
|-heal|p1a: Jolteon|100/100|[from] item: Leftovers
|-heal|p2a: Gengar|100/100|[from] item: Leftovers
|upkeep
|turn|14
|
|t:|1731498515
|move|p1a: Jolteon|Thunderbolt|p2a: Gengar
|-damage|p2a: Gengar|53/100
|move|p2a: Gengar|Explosion|p1a: Jolteon
|-damage|p1a: Jolteon|0 fnt
|faint|p2a: Gengar
|faint|p1a: Jolteon
|
|t:|1731498524
|switch|p1a: Skarmory|Skarmory, M|42/100 brn
|switch|p2a: Aerodactyl|Aerodactyl, M|51/100
|
|-weather|Sandstorm|[upkeep]
|-heal|p1a: Skarmory|48/100 brn|[from] item: Leftovers
|-damage|p1a: Skarmory|35/100 brn|[from] brn
|upkeep
|turn|15
|
|t:|1731498530
|move|p2a: Aerodactyl|Rock Slide|p1a: Skarmory
|-damage|p1a: Skarmory|0 fnt
|faint|p1a: Skarmory
|
|t:|1731498534
|switch|p1a: Swampert|Swampert, F|100/100
|-damage|p1a: Swampert|88/100|[from] Spikes
|
|-weather|Sandstorm|[upkeep]
|-heal|p1a: Swampert|94/100|[from] item: Leftovers
|upkeep
|turn|16
|
|t:|1731498541
|switch|p2a: Skarmory|Skarmory, M|15/100
|move|p1a: Swampert|Ice Beam|p2a: Skarmory
|-damage|p2a: Skarmory|0 fnt
|faint|p2a: Skarmory
|
|t:|1731498567
|switch|p2a: Celebi|Celebi|88/100
|-damage|p2a: Celebi|63/100|[from] Spikes
|
|-weather|Sandstorm|[upkeep]
|-damage|p2a: Celebi|57/100|[from] Sandstorm
|-heal|p2a: Celebi|63/100|[from] item: Leftovers
|-heal|p1a: Swampert|100/100|[from] item: Leftovers
|upkeep
|turn|17
|
|t:|1731498577
|switch|p1a: Charizard|Charizard, F|100/100
|move|p2a: Celebi|Psychic|p1a: Charizard
|-damage|p1a: Charizard|49/100
|
|-weather|Sandstorm|[upkeep]
|-damage|p1a: Charizard|43/100|[from] Sandstorm
|-damage|p2a: Celebi|57/100|[from] Sandstorm
|-heal|p1a: Charizard|49/100|[from] item: Leftovers
|-heal|p2a: Celebi|63/100|[from] item: Leftovers
|upkeep
|turn|18
|inactive|ojr has 270 seconds left.
|
|t:|1731498609
|move|p1a: Charizard|Hidden Power|p2a: Celebi
|-supereffective|p2a: Celebi
|-damage|p2a: Celebi|28/100
|move|p2a: Celebi|Psychic|p1a: Charizard
|-damage|p1a: Charizard|0 fnt
|faint|p1a: Charizard
|
|t:|1731498615
|switch|p1a: Tyranitar|Tyranitar, F|100/100
|-damage|p1a: Tyranitar|88/100|[from] Spikes
|
|-weather|Sandstorm|[upkeep]
|-damage|p2a: Celebi|22/100|[from] Sandstorm
|-heal|p2a: Celebi|28/100|[from] item: Leftovers
|-heal|p1a: Tyranitar|94/100|[from] item: Leftovers
|upkeep
|turn|19
|
|t:|1731498622
|move|p2a: Celebi|Giga Drain|p1a: Tyranitar
|-supereffective|p1a: Tyranitar
|-damage|p1a: Tyranitar|44/100
|-heal|p2a: Celebi|53/100|[from] drain|[of] p1a: Tyranitar
|move|p1a: Tyranitar|Hidden Power|p2a: Celebi
|-supereffective|p2a: Celebi
|-crit|p2a: Celebi
|-damage|p2a: Celebi|0 fnt
|faint|p2a: Celebi
|inactive|ojr has 240 seconds left.
|
|t:|1731498673
|switch|p2a: Tyranitar|Tyranitar, M|100/100
|-damage|p2a: Tyranitar|76/100|[from] Spikes
|
|-weather|Sandstorm|[upkeep]
|-heal|p2a: Tyranitar|82/100|[from] item: Leftovers
|-heal|p1a: Tyranitar|51/100|[from] item: Leftovers
|upkeep
|turn|20
|
|t:|1731498684
|-singleturn|p1a: Tyranitar|move: Focus Punch
|move|p2a: Tyranitar|Earthquake|p1a: Tyranitar
|-supereffective|p1a: Tyranitar
|-damage|p1a: Tyranitar|0 fnt
|faint|p1a: Tyranitar
|
|t:|1731498688
|switch|p1a: Swampert|Swampert, F|100/100
|-damage|p1a: Swampert|88/100|[from] Spikes
|
|-weather|Sandstorm|[upkeep]
|-heal|p2a: Tyranitar|88/100|[from] item: Leftovers
|-heal|p1a: Swampert|94/100|[from] item: Leftovers
|upkeep
|turn|21
|
|t:|1731498701
|move|p2a: Tyranitar|Earthquake|p1a: Swampert
|-damage|p1a: Swampert|61/100
|move|p1a: Swampert|Hydro Pump|p2a: Tyranitar
|-supereffective|p2a: Tyranitar
|-crit|p2a: Tyranitar
|-damage|p2a: Tyranitar|0 fnt
|faint|p2a: Tyranitar
|
|t:|1731498708
|switch|p2a: Swampert|Swampert, F|100/100
|-damage|p2a: Swampert|76/100|[from] Spikes
|
|-weather|Sandstorm|[upkeep]
|-heal|p1a: Swampert|67/100|[from] item: Leftovers
|-heal|p2a: Swampert|82/100|[from] item: Leftovers
|upkeep
|turn|22
|
|t:|1731498714
|switch|p1a: Gengar|Gengar, M|100/100
|move|p2a: Swampert|Hydro Pump|p1a: Gengar
|-damage|p1a: Gengar|55/100
|
|-weather|Sandstorm|[upkeep]
|-damage|p1a: Gengar|49/100|[from] Sandstorm
|-heal|p1a: Gengar|55/100|[from] item: Leftovers
|-heal|p2a: Swampert|88/100|[from] item: Leftovers
|upkeep
|turn|23
|inactive|ojr has 240 seconds left.
|
|t:|1731498728
|switch|p2a: Aerodactyl|Aerodactyl, M|51/100
|move|p1a: Gengar|Giga Drain|p2a: Aerodactyl
|-damage|p2a: Aerodactyl|25/100
|-heal|p1a: Gengar|68/100|[from] drain|[of] p2a: Aerodactyl
|
|-weather|Sandstorm|[upkeep]
|-damage|p1a: Gengar|62/100|[from] Sandstorm
|-heal|p1a: Gengar|68/100|[from] item: Leftovers
|upkeep
|turn|24
|inactive|ojr has 240 seconds left.
|
|t:|1731498758
|switch|p1a: Swampert|Swampert, F|67/100
|-damage|p1a: Swampert|54/100|[from] Spikes
|move|p2a: Aerodactyl|Rock Slide|p1a: Swampert
|-resisted|p1a: Swampert
|-damage|p1a: Swampert|33/100
|
|-weather|Sandstorm|[upkeep]
|-heal|p1a: Swampert|39/100|[from] item: Leftovers
|upkeep
|turn|25
|
|t:|1731498769
|switch|p2a: Swampert|Swampert, F|88/100
|-damage|p2a: Swampert|63/100|[from] Spikes
|move|p1a: Swampert|Hydro Pump|p2a: Swampert
|-damage|p2a: Swampert|15/100
|
|-weather|Sandstorm|[upkeep]
|-heal|p1a: Swampert|45/100|[from] item: Leftovers
|-heal|p2a: Swampert|21/100|[from] item: Leftovers
|upkeep
|turn|26
|
|t:|1731498780
|move|p1a: Swampert|Earthquake|p2a: Swampert
|-crit|p2a: Swampert
|-damage|p2a: Swampert|0 fnt
|faint|p2a: Swampert
|
|t:|1731498782
|switch|p2a: Aerodactyl|Aerodactyl, M|25/100
|
|-weather|Sandstorm|[upkeep]
|-heal|p1a: Swampert|52/100|[from] item: Leftovers
|upkeep
|turn|27
|
|t:|1731498784
|move|p2a: Aerodactyl|Rock Slide|p1a: Swampert
|-resisted|p1a: Swampert
|-damage|p1a: Swampert|29/100
|move|p1a: Swampert|Ice Beam|p2a: Aerodactyl
|-supereffective|p2a: Aerodactyl
|-damage|p2a: Aerodactyl|0 fnt
|faint|p2a: Aerodactyl
|
|win|Zpanther
|c|☆ojr|ggs
|c|☆Zpanther|ggs man

</script>
<script type="application/json" class="data" id="replaydata-smogtours-gen3ou-806139">
{"id":"smogtours-gen3ou-806139","format":"[Gen 3] OU","players":["Zpanther","ojr"],"uploadtime":1731498784,"views":38,"formatid":"gen3ou","rating":null,"private":0,"password":null}
</script>

<script defer src="js/replays.js?9d40a366"></script>
