<!DOCTYPE html>
<meta charset="utf-8" />
<meta name="viewport" content="width=device-width" />

<title>[Gen 3] OU: TefoShark vs. No8ull - Replays - Pok&eacute;mon Showdown!</title>

<meta name="description" content="Watch a replay of a Pok&eacute;mon battle between TefoShark and No8ull! Format: [Gen 3] OU; Date: Oct 2, 2024" />
<!--

Hey, you! Looking in the source for the replay log?

You can find them in JSON format, just add `.json` at the end of a replay URL.

https://replay.pokemonshowdown.com/gen7randomdoublesbattle-865046831.json

Or, if you only need the log itself, add `.log` instead:

https://replay.pokemonshowdown.com/gen7randomdoublesbattle-865046831.log

-->

<link rel="stylesheet" href="//pokemonshowdown.com/style/global.css?0.023195364461161105" />
<link rel="stylesheet" href="//play.pokemonshowdown.com/style/font-awesome.css?0.13261647063804238" />
<link rel="stylesheet" href="//play.pokemonshowdown.com/style/battle.css?0.8753245789963631" />
<link rel="stylesheet" href="//play.pokemonshowdown.com/style/utilichart.css?0.8627959624976733" />

<!-- Global site tag (gtag.js) - Google Analytics -->
<script async src="https://www.googletagmanager.com/gtag/js?id=UA-26211653-1"></script>
<script>
  window.dataLayer = window.dataLayer || [];
  function gtag(){dataLayer.push(arguments);}
  gtag('js', new Date());

  gtag('config', 'UA-26211653-1');
</script>
<!-- End Google Analytics -->
<!-- Venatus Ad Manager - Install in <HEAD> of page -->
	<script src="https://hb.vntsm.com/v3/live/ad-manager.min.js" type="text/javascript" data-site-id="642aba63ec9a7b11c3c9c1be" data-mode="scan" async></script>
<!-- / Venatus Ad Manager -->

<style>
	@media (max-width:820px) {
		.battle {
			margin: 0 auto;
		}
		.battle-log {
			margin: 7px auto 0;
			max-width: 640px;
			height: 300px;
			position: static;
		}
	}
	.optgroup {
		display: inline-block;
		line-height: 22px;
		font-size: 10pt;
	}
	.optgroup .button {
		height: 25px;
		padding-top: 0;
		padding-bottom: 0;
	}
	.optgroup button.button {
		padding-left: 12px;
		padding-right: 12px;
	}
	.linklist {
		list-style: none;
		margin: 0.5em 0;
		padding: 0;
	}
	.linklist li {
		padding: 2px 0;
	}
	.sidebar {
		float: left;
		width: 320px;
	}
	.bar-wrapper {
		max-width: 1100px;
		margin: 0 auto;
	}
	.bar-wrapper.has-sidebar {
		max-width: 1430px;
	}
	.mainbar {
		margin: 0;
		padding-right: 1px;
	}
	.mainbar.has-sidebar {
		margin-left: 330px;
	}
	@media (min-width: 1511px) {
		.sidebar {
			width: 400px;
		}
		.bar-wrapper.has-sidebar {
			max-width: 1510px;
		}
		.mainbar.has-sidebar {
			margin-left: 410px;
		}
	}
	.section.first-section {
		margin-top: 9px;
	}
	.blocklink small {
		white-space: normal;
	}
	.button {
		vertical-align: middle;
	}
	.replay-controls {
		padding-top: 10px;
	}
	.replay-controls h1 {
		font-size: 16pt;
		font-weight: normal;
		color: #CCC;
	}
	.pagelink {
		text-align: center;
	}
	.pagelink a {
		width: 150px;
	}
	.textbox, .button {
		font-size: 11pt;
		vertical-align: middle;
	}
	@media (max-width: 450px) {
		.button {
			font-size: 9pt;
		}
	}
</style>

<div>

	<header>
		<div class="nav-wrapper"><ul class="nav">
			<li><a class="button nav-first" href="//pokemonshowdown.com/"><img src="//pokemonshowdown.com/images/pokemonshowdownbeta.png" srcset="//pokemonshowdown.com/images/pokemonshowdownbeta.png 1x, //pokemonshowdown.com/images/pokemonshowdownbeta@2x.png 2x" alt="Pok&eacute;mon Showdown" width="146" height="44" /> Home</a></li>
			<li><a class="button" href="//pokemonshowdown.com/dex/">Pok&eacute;dex</a></li>
			<li><a class="button cur" href="/">Replays</a></li>
			<li><a class="button" href="//pokemonshowdown.com/ladder/">Ladder</a></li>
			<li><a class="button nav-last" href="//pokemonshowdown.com/forums/">Forum</a></li>
			<li><a class="button greenbutton nav-first nav-last" href="//play.pokemonshowdown.com/">Play</a></li>
		</ul></div>
	</header>

	<div class="main" id="main">

		<noscript><section class="section">You need to enable JavaScript to use this page; sorry!</section></noscript>

	</div>

</div>

<script defer nomodule src="//play.pokemonshowdown.com/js/lib/ps-polyfill.js"></script>
<script defer src="//play.pokemonshowdown.com/js/lib/preact.min.js"></script>

<script defer src="//play.pokemonshowdown.com/config/config.js?2bddbc15"></script>
<script defer src="//play.pokemonshowdown.com/js/lib/jquery-1.11.0.min.js"></script>
<script defer src="//play.pokemonshowdown.com/js/lib/html-sanitizer-minified.js"></script>
<script defer src="//play.pokemonshowdown.com/js/battle-sound.js"></script>
<script defer src="//play.pokemonshowdown.com/js/battledata.js?0.7209276989879541"></script>
<script defer src="//play.pokemonshowdown.com/data/pokedex-mini.js?0.6111056340867951"></script>
<script defer src="//play.pokemonshowdown.com/data/pokedex-mini-bw.js?0.3532142036491459"></script>
<script defer src="//play.pokemonshowdown.com/data/graphics.js?0.24223875632456182"></script>
<script defer src="//play.pokemonshowdown.com/data/pokedex.js?0.38839984266356864"></script>
<script defer src="//play.pokemonshowdown.com/data/moves.js?0.21866028504024015"></script>
<script defer src="//play.pokemonshowdown.com/data/abilities.js?0.2005157953846628"></script>
<script defer src="//play.pokemonshowdown.com/data/items.js?0.9894211263848525"></script>
<script defer src="//play.pokemonshowdown.com/data/teambuilder-tables.js?0.6008791140282215"></script>
<script defer src="//play.pokemonshowdown.com/js/battle-tooltips.js?0.7580118955022959"></script>
<script defer src="//play.pokemonshowdown.com/js/battle.js?0.6057722274234274"></script>

<script defer src="js/utils.js?e31f9a17"></script>
<script defer src="js/replays-battle.js?7008c182"></script>

<!-- don't scrape this data! just add .json or .log after the URL!
Full API docs: https://github.com/smogon/pokemon-showdown-client/blob/master/WEB-API.md -->
<script type="text/plain" class="log" id="replaylog-smogtours-gen3ou-793882">
|inactive|Battle timer is ON: inactive players will automatically lose when time's up.
|t:|1727831509
|gametype|singles
|player|p1|TefoShark|acetrainer|
|player|p2|No8ull|266|
|teamsize|p1|6
|teamsize|p2|6
|gen|3
|tier|[Gen 3] OU
|rule|Sleep Clause Mod: Limit one foe put to sleep
|rule|Switch Priority Clause Mod: Faster Pokémon switch first
|rule|Species Clause: Limit one of each Pokémon
|rule|OHKO Clause: OHKO moves are banned
|rule|Evasion Items Clause: Evasion items are banned
|rule|Evasion Moves Clause: Evasion moves are banned
|rule|Endless Battle Clause: Forcing endless battles is banned
|rule|HP Percentage Mod: HP is shown in percentages
|rule|One Boost Passer Clause: Limit one Baton Passer that has a way to boost its stats
|rule|Freeze Clause Mod: Limit one foe frozen
|
|t:|1727831509
|start
|switch|p1a: Skarmory|Skarmory, F|100/100
|switch|p2a: Metagross|Metagross|100/100
|turn|1
|
|t:|1727831517
|switch|p2a: Gengar|Gengar, F|100/100
|move|p1a: Skarmory|Spikes|p2a: Gengar
|-sidestart|p2: No8ull|Spikes
|
|upkeep
|turn|2
|
|t:|1727831521
|move|p1a: Skarmory|Protect|p1a: Skarmory
|-singleturn|p1a: Skarmory|Protect
|move|p2a: Gengar|Thunderbolt|p1a: Skarmory
|-activate|p1a: Skarmory|Protect
|
|upkeep
|turn|3
|
|t:|1727831526
|switch|p1a: Tyranitar|Tyranitar, F|100/100
|-weather|Sandstorm|[from] ability: Sand Stream|[of] p1a: Tyranitar
|move|p2a: Gengar|Thunderbolt|p1a: Tyranitar
|-damage|p1a: Tyranitar|74/100
|
|-weather|Sandstorm|[upkeep]
|-damage|p2a: Gengar|94/100|[from] Sandstorm
|-heal|p2a: Gengar|100/100|[from] item: Leftovers
|-heal|p1a: Tyranitar|80/100|[from] item: Leftovers
|upkeep
|turn|4
|
|t:|1727831531
|move|p2a: Gengar|Explosion|p1a: Tyranitar
|-resisted|p1a: Tyranitar
|-damage|p1a: Tyranitar|50/100
|faint|p2a: Gengar
|
|t:|1727831551
|switch|p2a: Metagross|Metagross|100/100
|-damage|p2a: Metagross|88/100|[from] Spikes
|
|-weather|Sandstorm|[upkeep]
|-heal|p1a: Tyranitar|56/100|[from] item: Leftovers
|upkeep
|turn|5
|
|t:|1727831557
|switch|p1a: Skarmory|Skarmory, F|100/100
|move|p2a: Metagross|Meteor Mash|p1a: Skarmory
|-resisted|p1a: Skarmory
|-damage|p1a: Skarmory|66/100
|-boost|p2a: Metagross|atk|1
|
|-weather|Sandstorm|[upkeep]
|-heal|p1a: Skarmory|72/100|[from] item: Leftovers
|upkeep
|turn|6
|
|t:|1727831565
|move|p2a: Metagross|Meteor Mash|p1a: Skarmory
|-resisted|p1a: Skarmory
|-damage|p1a: Skarmory|18/100
|move|p1a: Skarmory|Roar|p2a: Metagross
|drag|p2a: Blissey|Blissey, F|100/100
|-damage|p2a: Blissey|88/100|[from] Spikes
|
|-weather|Sandstorm|[upkeep]
|-damage|p2a: Blissey|82/100|[from] Sandstorm
|-heal|p1a: Skarmory|24/100|[from] item: Leftovers
|-heal|p2a: Blissey|88/100|[from] item: Leftovers
|upkeep
|turn|7
|
|t:|1727831572
|switch|p1a: Tyranitar|Tyranitar, F|56/100
|move|p2a: Blissey|Thunderbolt|p1a: Tyranitar
|-damage|p1a: Tyranitar|36/100
|
|-weather|Sandstorm|[upkeep]
|-damage|p2a: Blissey|82/100|[from] Sandstorm
|-heal|p1a: Tyranitar|42/100|[from] item: Leftovers
|-heal|p2a: Blissey|88/100|[from] item: Leftovers
|upkeep
|turn|8
|
|t:|1727831577
|switch|p2a: Swampert|Swampert, F|100/100
|-damage|p2a: Swampert|88/100|[from] Spikes
|move|p1a: Tyranitar|Rock Slide|p2a: Swampert
|-resisted|p2a: Swampert
|-damage|p2a: Swampert|72/100
|
|-weather|Sandstorm|[upkeep]
|-heal|p1a: Tyranitar|48/100|[from] item: Leftovers
|-heal|p2a: Swampert|79/100|[from] item: Leftovers
|upkeep
|turn|9
|
|t:|1727831586
|switch|p1a: Starmie|Starmie|100/100
|move|p2a: Swampert|Hydro Pump|p1a: Starmie
|-resisted|p1a: Starmie
|-damage|p1a: Starmie|73/100
|
|-weather|Sandstorm|[upkeep]
|-damage|p1a: Starmie|67/100|[from] Sandstorm
|-heal|p1a: Starmie|73/100|[from] item: Leftovers
|-heal|p2a: Swampert|85/100|[from] item: Leftovers
|upkeep
|turn|10
|
|t:|1727831603
|switch|p2a: Blissey|Blissey, F|88/100
|-damage|p2a: Blissey|76/100|[from] Spikes
|move|p1a: Starmie|Hydro Pump|p2a: Blissey
|-damage|p2a: Blissey|56/100
|
|-weather|Sandstorm|[upkeep]
|-damage|p1a: Starmie|67/100|[from] Sandstorm
|-damage|p2a: Blissey|50/100|[from] Sandstorm
|-heal|p1a: Starmie|73/100|[from] item: Leftovers
|-heal|p2a: Blissey|56/100|[from] item: Leftovers
|upkeep
|turn|11
|
|t:|1727831617
|switch|p1a: Tyranitar|Tyranitar, F|48/100
|move|p2a: Blissey|Soft-Boiled|p2a: Blissey
|-heal|p2a: Blissey|100/100
|
|-weather|Sandstorm|[upkeep]
|-damage|p2a: Blissey|94/100|[from] Sandstorm
|-heal|p1a: Tyranitar|54/100|[from] item: Leftovers
|-heal|p2a: Blissey|100/100|[from] item: Leftovers
|upkeep
|turn|12
|
|t:|1727831622
|-singleturn|p1a: Tyranitar|move: Focus Punch
|switch|p2a: Swampert|Swampert, F|85/100
|-damage|p2a: Swampert|72/100|[from] Spikes
|move|p1a: Tyranitar|Focus Punch|p2a: Swampert
|-crit|p2a: Swampert
|-damage|p2a: Swampert|0 fnt
|faint|p2a: Swampert
|
|t:|1727831629
|switch|p2a: Metagross|Metagross|88/100
|-damage|p2a: Metagross|76/100|[from] Spikes
|
|-weather|Sandstorm|[upkeep]
|-heal|p1a: Tyranitar|61/100|[from] item: Leftovers
|upkeep
|turn|13
|
|t:|1727831637
|switch|p1a: Skarmory|Skarmory, F|24/100
|move|p2a: Metagross|Meteor Mash|p1a: Skarmory
|-resisted|p1a: Skarmory
|-damage|p1a: Skarmory|0 fnt
|faint|p1a: Skarmory
|
|t:|1727831639
|switch|p1a: Metagross|Metagross|100/100
|
|-weather|Sandstorm|[upkeep]
|upkeep
|turn|14
|
|t:|1727831663
|switch|p2a: Blissey|Blissey, F|100/100
|-damage|p2a: Blissey|88/100|[from] Spikes
|move|p1a: Metagross|Earthquake|p2a: Blissey
|-damage|p2a: Blissey|27/100
|
|-weather|Sandstorm|[upkeep]
|-damage|p2a: Blissey|21/100|[from] Sandstorm
|-heal|p2a: Blissey|27/100|[from] item: Leftovers
|upkeep
|turn|15
|
|t:|1727831682
|switch|p2a: Metagross|Metagross|76/100
|-damage|p2a: Metagross|64/100|[from] Spikes
|move|p1a: Metagross|Earthquake|p2a: Metagross
|-supereffective|p2a: Metagross
|-crit|p2a: Metagross
|-damage|p2a: Metagross|0 fnt
|faint|p2a: Metagross
|
|t:|1727831687
|switch|p2a: Smeargle|Smeargle, M|100/100
|-damage|p2a: Smeargle|88/100|[from] Spikes
|
|-weather|Sandstorm|[upkeep]
|-damage|p2a: Smeargle|82/100|[from] Sandstorm
|-heal|p2a: Smeargle|88/100|[from] item: Leftovers
|upkeep
|turn|16
|
|t:|1727831695
|switch|p1a: Starmie|Starmie|73/100
|move|p2a: Smeargle|Spore|p1a: Starmie
|-status|p1a: Starmie|slp|[from] move: Spore
|
|-weather|Sandstorm|[upkeep]
|-damage|p1a: Starmie|67/100 slp|[from] Sandstorm
|-damage|p2a: Smeargle|82/100|[from] Sandstorm
|-heal|p1a: Starmie|73/100 slp|[from] item: Leftovers
|-heal|p2a: Smeargle|88/100|[from] item: Leftovers
|upkeep
|turn|17
|
|t:|1727831704
|-curestatus|p1a: Starmie|slp|[from] ability: Natural Cure
|switch|p1a: Jolteon|Jolteon, M|100/100
|move|p2a: Smeargle|Substitute|p2a: Smeargle
|-start|p2a: Smeargle|Substitute
|-damage|p2a: Smeargle|63/100
|
|-weather|Sandstorm|[upkeep]
|-damage|p1a: Jolteon|94/100|[from] Sandstorm
|-damage|p2a: Smeargle|57/100|[from] Sandstorm
|-heal|p1a: Jolteon|100/100|[from] item: Leftovers
|-heal|p2a: Smeargle|63/100|[from] item: Leftovers
|upkeep
|turn|18
|
|t:|1727831708
|move|p1a: Jolteon|Thunderbolt|p2a: Smeargle
|-end|p2a: Smeargle|Substitute
|move|p2a: Smeargle|Spore|p1a: Jolteon
|-status|p1a: Jolteon|slp|[from] move: Spore
|
|-weather|Sandstorm|[upkeep]
|-damage|p1a: Jolteon|94/100 slp|[from] Sandstorm
|-damage|p2a: Smeargle|57/100|[from] Sandstorm
|-heal|p1a: Jolteon|100/100 slp|[from] item: Leftovers
|-heal|p2a: Smeargle|63/100|[from] item: Leftovers
|upkeep
|turn|19
|
|t:|1727831720
|switch|p1a: Starmie|Starmie|73/100
|move|p2a: Smeargle|Substitute|p2a: Smeargle
|-start|p2a: Smeargle|Substitute
|-damage|p2a: Smeargle|38/100
|
|-weather|Sandstorm|[upkeep]
|-damage|p1a: Starmie|67/100|[from] Sandstorm
|-damage|p2a: Smeargle|32/100|[from] Sandstorm
|-heal|p1a: Starmie|73/100|[from] item: Leftovers
|-heal|p2a: Smeargle|38/100|[from] item: Leftovers
|upkeep
|turn|20
|
|t:|1727831724
|move|p1a: Starmie|Thunderbolt|p2a: Smeargle
|-end|p2a: Smeargle|Substitute
|move|p2a: Smeargle|Agility|p2a: Smeargle
|-boost|p2a: Smeargle|spe|2
|
|-weather|Sandstorm|[upkeep]
|-damage|p2a: Smeargle|32/100|[from] Sandstorm
|-damage|p1a: Starmie|67/100|[from] Sandstorm
|-heal|p2a: Smeargle|38/100|[from] item: Leftovers
|-heal|p1a: Starmie|73/100|[from] item: Leftovers
|upkeep
|turn|21
|
|t:|1727831738
|move|p2a: Smeargle|Baton Pass|p2a: Smeargle
|
|t:|1727831739
|switch|p2a: Marowak|Marowak, M|100/100|[from] Baton Pass
|-damage|p2a: Marowak|88/100|[from] Spikes
|move|p1a: Starmie|Hydro Pump|p2a: Marowak
|-supereffective|p2a: Marowak
|-damage|p2a: Marowak|0 fnt
|faint|p2a: Marowak
|
|t:|1727831745
|switch|p2a: Blissey|Blissey, F|27/100
|-damage|p2a: Blissey|15/100|[from] Spikes
|
|-weather|Sandstorm|[upkeep]
|-damage|p1a: Starmie|67/100|[from] Sandstorm
|-damage|p2a: Blissey|9/100|[from] Sandstorm
|-heal|p1a: Starmie|73/100|[from] item: Leftovers
|-heal|p2a: Blissey|15/100|[from] item: Leftovers
|upkeep
|turn|22
|
|t:|1727831759
|switch|p1a: Metagross|Metagross|100/100
|move|p2a: Blissey|Soft-Boiled|p2a: Blissey
|-heal|p2a: Blissey|65/100
|
|-weather|Sandstorm|[upkeep]
|-damage|p2a: Blissey|59/100|[from] Sandstorm
|-heal|p2a: Blissey|65/100|[from] item: Leftovers
|upkeep
|turn|23
|
|t:|1727831765
|switch|p2a: Smeargle|Smeargle, M|38/100
|-damage|p2a: Smeargle|26/100|[from] Spikes
|move|p1a: Metagross|Earthquake|p2a: Smeargle
|-damage|p2a: Smeargle|0 fnt
|faint|p2a: Smeargle
|
|t:|1727831769
|switch|p2a: Blissey|Blissey, F|65/100
|-damage|p2a: Blissey|52/100|[from] Spikes
|
|-weather|Sandstorm|[upkeep]
|-damage|p2a: Blissey|46/100|[from] Sandstorm
|-heal|p2a: Blissey|52/100|[from] item: Leftovers
|upkeep
|turn|24
|
|t:|1727831770
|move|p1a: Metagross|Earthquake|p2a: Blissey
|-damage|p2a: Blissey|0 fnt
|faint|p2a: Blissey
|
|win|TefoShark
|c|☆No8ull|gg
|c|☆TefoShark|gg
|c|☆TefoShark|i got lucky
|c|☆TefoShark|but gg wp non the less

</script>
<script type="application/json" class="data" id="replaydata-smogtours-gen3ou-793882">
{"id":"smogtours-gen3ou-793882","format":"[Gen 3] OU","players":["TefoShark","No8ull"],"uploadtime":1727831770,"views":102,"formatid":"gen3ou","rating":null,"private":0,"password":null}
</script>

<script defer src="js/replays.js?9d40a366"></script>
