<!DOCTYPE html>
<meta charset="utf-8" />
<meta name="viewport" content="width=device-width" />

<title>[Gen 3] OU: Eg0r vs. MasquerainGaming - Replays - Pok&eacute;mon Showdown!</title>

<meta name="description" content="Watch a replay of a Pok&eacute;mon battle between Eg0r and MasquerainGaming! Format: [Gen 3] OU; Date: Oct 7, 2024" />
<!--

Hey, you! Looking in the source for the replay log?

You can find them in JSON format, just add `.json` at the end of a replay URL.

https://replay.pokemonshowdown.com/gen7randomdoublesbattle-865046831.json

Or, if you only need the log itself, add `.log` instead:

https://replay.pokemonshowdown.com/gen7randomdoublesbattle-865046831.log

-->

<link rel="stylesheet" href="//pokemonshowdown.com/style/global.css?0.023195364461161105" />
<link rel="stylesheet" href="//play.pokemonshowdown.com/style/font-awesome.css?0.13261647063804238" />
<link rel="stylesheet" href="//play.pokemonshowdown.com/style/battle.css?0.8753245789963631" />
<link rel="stylesheet" href="//play.pokemonshowdown.com/style/utilichart.css?0.8627959624976733" />

<!-- Global site tag (gtag.js) - Google Analytics -->
<script async src="https://www.googletagmanager.com/gtag/js?id=UA-26211653-1"></script>
<script>
  window.dataLayer = window.dataLayer || [];
  function gtag(){dataLayer.push(arguments);}
  gtag('js', new Date());

  gtag('config', 'UA-26211653-1');
</script>
<!-- End Google Analytics -->
<!-- Venatus Ad Manager - Install in <HEAD> of page -->
	<script src="https://hb.vntsm.com/v3/live/ad-manager.min.js" type="text/javascript" data-site-id="642aba63ec9a7b11c3c9c1be" data-mode="scan" async></script>
<!-- / Venatus Ad Manager -->

<style>
	@media (max-width:820px) {
		.battle {
			margin: 0 auto;
		}
		.battle-log {
			margin: 7px auto 0;
			max-width: 640px;
			height: 300px;
			position: static;
		}
	}
	.optgroup {
		display: inline-block;
		line-height: 22px;
		font-size: 10pt;
	}
	.optgroup .button {
		height: 25px;
		padding-top: 0;
		padding-bottom: 0;
	}
	.optgroup button.button {
		padding-left: 12px;
		padding-right: 12px;
	}
	.linklist {
		list-style: none;
		margin: 0.5em 0;
		padding: 0;
	}
	.linklist li {
		padding: 2px 0;
	}
	.sidebar {
		float: left;
		width: 320px;
	}
	.bar-wrapper {
		max-width: 1100px;
		margin: 0 auto;
	}
	.bar-wrapper.has-sidebar {
		max-width: 1430px;
	}
	.mainbar {
		margin: 0;
		padding-right: 1px;
	}
	.mainbar.has-sidebar {
		margin-left: 330px;
	}
	@media (min-width: 1511px) {
		.sidebar {
			width: 400px;
		}
		.bar-wrapper.has-sidebar {
			max-width: 1510px;
		}
		.mainbar.has-sidebar {
			margin-left: 410px;
		}
	}
	.section.first-section {
		margin-top: 9px;
	}
	.blocklink small {
		white-space: normal;
	}
	.button {
		vertical-align: middle;
	}
	.replay-controls {
		padding-top: 10px;
	}
	.replay-controls h1 {
		font-size: 16pt;
		font-weight: normal;
		color: #CCC;
	}
	.pagelink {
		text-align: center;
	}
	.pagelink a {
		width: 150px;
	}
	.textbox, .button {
		font-size: 11pt;
		vertical-align: middle;
	}
	@media (max-width: 450px) {
		.button {
			font-size: 9pt;
		}
	}
</style>

<div>

	<header>
		<div class="nav-wrapper"><ul class="nav">
			<li><a class="button nav-first" href="//pokemonshowdown.com/"><img src="//pokemonshowdown.com/images/pokemonshowdownbeta.png" srcset="//pokemonshowdown.com/images/pokemonshowdownbeta.png 1x, //pokemonshowdown.com/images/pokemonshowdownbeta@2x.png 2x" alt="Pok&eacute;mon Showdown" width="146" height="44" /> Home</a></li>
			<li><a class="button" href="//pokemonshowdown.com/dex/">Pok&eacute;dex</a></li>
			<li><a class="button cur" href="/">Replays</a></li>
			<li><a class="button" href="//pokemonshowdown.com/ladder/">Ladder</a></li>
			<li><a class="button nav-last" href="//pokemonshowdown.com/forums/">Forum</a></li>
			<li><a class="button greenbutton nav-first nav-last" href="//play.pokemonshowdown.com/">Play</a></li>
		</ul></div>
	</header>

	<div class="main" id="main">

		<noscript><section class="section">You need to enable JavaScript to use this page; sorry!</section></noscript>

	</div>

</div>

<script defer nomodule src="//play.pokemonshowdown.com/js/lib/ps-polyfill.js"></script>
<script defer src="//play.pokemonshowdown.com/js/lib/preact.min.js"></script>

<script defer src="//play.pokemonshowdown.com/config/config.js?2bddbc15"></script>
<script defer src="//play.pokemonshowdown.com/js/lib/jquery-1.11.0.min.js"></script>
<script defer src="//play.pokemonshowdown.com/js/lib/html-sanitizer-minified.js"></script>
<script defer src="//play.pokemonshowdown.com/js/battle-sound.js"></script>
<script defer src="//play.pokemonshowdown.com/js/battledata.js?0.7209276989879541"></script>
<script defer src="//play.pokemonshowdown.com/data/pokedex-mini.js?0.6111056340867951"></script>
<script defer src="//play.pokemonshowdown.com/data/pokedex-mini-bw.js?0.3532142036491459"></script>
<script defer src="//play.pokemonshowdown.com/data/graphics.js?0.24223875632456182"></script>
<script defer src="//play.pokemonshowdown.com/data/pokedex.js?0.38839984266356864"></script>
<script defer src="//play.pokemonshowdown.com/data/moves.js?0.21866028504024015"></script>
<script defer src="//play.pokemonshowdown.com/data/abilities.js?0.2005157953846628"></script>
<script defer src="//play.pokemonshowdown.com/data/items.js?0.9894211263848525"></script>
<script defer src="//play.pokemonshowdown.com/data/teambuilder-tables.js?0.6008791140282215"></script>
<script defer src="//play.pokemonshowdown.com/js/battle-tooltips.js?0.7580118955022959"></script>
<script defer src="//play.pokemonshowdown.com/js/battle.js?0.6057722274234274"></script>

<script defer src="js/utils.js?e31f9a17"></script>
<script defer src="js/replays-battle.js?7008c182"></script>

<!-- don't scrape this data! just add .json or .log after the URL!
Full API docs: https://github.com/smogon/pokemon-showdown-client/blob/master/WEB-API.md -->
<script type="text/plain" class="log" id="replaylog-smogtours-gen3ou-796221">
|inactive|Battle timer is ON: inactive players will automatically lose when time's up.
|t:|1728330269
|gametype|singles
|player|p1|Eg0r|#ptpl3medicham|
|player|p2|MasquerainGaming|skierf|
|teamsize|p1|6
|teamsize|p2|6
|gen|3
|tier|[Gen 3] OU
|rule|Sleep Clause Mod: Limit one foe put to sleep
|rule|Switch Priority Clause Mod: Faster Pokémon switch first
|rule|Species Clause: Limit one of each Pokémon
|rule|OHKO Clause: OHKO moves are banned
|rule|Evasion Items Clause: Evasion items are banned
|rule|Evasion Moves Clause: Evasion moves are banned
|rule|Endless Battle Clause: Forcing endless battles is banned
|rule|HP Percentage Mod: HP is shown in percentages
|rule|One Boost Passer Clause: Limit one Baton Passer that has a way to boost its stats
|rule|Freeze Clause Mod: Limit one foe frozen
|
|t:|1728330269
|start
|switch|p1a: Tyranitar|Tyranitar, F|100/100
|switch|p2a: Tyranitar|Tyranitar, M|100/100
|-weather|Sandstorm|[from] ability: Sand Stream|[of] p1a: Tyranitar
|turn|1
|c|☆Eg0r|hf
|c|☆MasquerainGaming|glhf
|
|t:|1728330298
|switch|p1a: Skarmory|Skarmory, M|100/100
|switch|p2a: Skarmory|Skarmory, F|100/100
|
|-weather|Sandstorm|[upkeep]
|upkeep
|turn|2
|
|t:|1728330306
|move|p1a: Skarmory|Spikes|p2a: Skarmory
|-sidestart|p2: MasquerainGaming|Spikes
|move|p2a: Skarmory|Spikes|p1a: Skarmory
|-sidestart|p1: Eg0r|Spikes
|
|-weather|Sandstorm|[upkeep]
|upkeep
|turn|3
|
|t:|1728330313
|move|p1a: Skarmory|Spikes|p2a: Skarmory
|-sidestart|p2: MasquerainGaming|Spikes
|move|p2a: Skarmory|Spikes|p1a: Skarmory
|-sidestart|p1: Eg0r|Spikes
|
|-weather|Sandstorm|[upkeep]
|upkeep
|turn|4
|
|t:|1728330319
|move|p1a: Skarmory|Spikes|p2a: Skarmory
|-sidestart|p2: MasquerainGaming|Spikes
|move|p2a: Skarmory|Spikes|p1a: Skarmory
|-sidestart|p1: Eg0r|Spikes
|
|-weather|Sandstorm|[upkeep]
|upkeep
|turn|5
|
|t:|1728330326
|move|p1a: Skarmory|Roar|p2a: Skarmory
|drag|p2a: Tyranitar|Tyranitar, M|100/100
|-damage|p2a: Tyranitar|75/100|[from] Spikes
|
|-weather|Sandstorm|[upkeep]
|-heal|p2a: Tyranitar|82/100|[from] item: Leftovers
|upkeep
|turn|6
|
|t:|1728330347
|move|p1a: Skarmory|Protect|p1a: Skarmory
|-singleturn|p1a: Skarmory|Protect
|move|p2a: Tyranitar|Ice Beam|p1a: Skarmory
|-activate|p1a: Skarmory|Protect
|
|-weather|Sandstorm|[upkeep]
|-heal|p2a: Tyranitar|88/100|[from] item: Leftovers
|upkeep
|turn|7
|
|t:|1728330365
|switch|p2a: Jirachi|Jirachi|100/100
|-damage|p2a: Jirachi|76/100|[from] Spikes
|move|p1a: Skarmory|Roar|p2a: Jirachi
|drag|p2a: Flygon|Flygon, F|100/100
|
|-weather|Sandstorm|[upkeep]
|upkeep
|turn|8
|
|t:|1728330376
|move|p2a: Flygon|Protect|p2a: Flygon
|-singleturn|p2a: Flygon|Protect
|move|p1a: Skarmory|Roar|p2a: Flygon
|-activate|p2a: Flygon|Protect
|
|-weather|Sandstorm|[upkeep]
|upkeep
|turn|9
|inactive|MasquerainGaming has 270 seconds left.
|
|t:|1728330398
|move|p2a: Flygon|Rock Slide|p1a: Skarmory
|-damage|p1a: Skarmory|87/100
|move|p1a: Skarmory|Drill Peck|p2a: Flygon
|-damage|p2a: Flygon|83/100
|
|-weather|Sandstorm|[upkeep]
|-heal|p2a: Flygon|89/100|[from] item: Leftovers
|-heal|p1a: Skarmory|93/100|[from] item: Leftovers
|upkeep
|turn|10
|inactive|MasquerainGaming has 270 seconds left.
|
|t:|1728330414
|switch|p2a: Dragonite|Dragonite, M|100/100
|move|p1a: Skarmory|Roar|p2a: Dragonite
|drag|p2a: Flygon|Flygon, F|89/100
|
|-weather|Sandstorm|[upkeep]
|-heal|p2a: Flygon|95/100|[from] item: Leftovers
|-heal|p1a: Skarmory|99/100|[from] item: Leftovers
|upkeep
|turn|11
|inactive|MasquerainGaming has 270 seconds left.
|
|t:|1728330428
|move|p2a: Flygon|Rock Slide|p1a: Skarmory
|-damage|p1a: Skarmory|85/100
|move|p1a: Skarmory|Drill Peck|p2a: Flygon
|-damage|p2a: Flygon|77/100
|
|-weather|Sandstorm|[upkeep]
|-heal|p2a: Flygon|83/100|[from] item: Leftovers
|-heal|p1a: Skarmory|91/100|[from] item: Leftovers
|upkeep
|turn|12
|inactive|MasquerainGaming has 270 seconds left.
|
|t:|1728330442
|switch|p2a: Skarmory|Skarmory, F|100/100
|move|p1a: Skarmory|Drill Peck|p2a: Skarmory
|-resisted|p2a: Skarmory
|-damage|p2a: Skarmory|92/100
|
|-weather|Sandstorm|[upkeep]
|-heal|p1a: Skarmory|97/100|[from] item: Leftovers
|-heal|p2a: Skarmory|98/100|[from] item: Leftovers
|upkeep
|turn|13
|
|t:|1728330451
|move|p1a: Skarmory|Roar|p2a: Skarmory
|drag|p2a: Aerodactyl|Aerodactyl, M|100/100
|
|-weather|Sandstorm|[upkeep]
|-heal|p1a: Skarmory|100/100|[from] item: Leftovers
|upkeep
|turn|14
|
|t:|1728330469
|move|p1a: Skarmory|Protect|p1a: Skarmory
|-singleturn|p1a: Skarmory|Protect
|move|p2a: Aerodactyl|Rock Slide|p1a: Skarmory
|-activate|p1a: Skarmory|Protect
|
|-weather|Sandstorm|[upkeep]
|upkeep
|turn|15
|
|t:|1728330485
|switch|p1a: Flygon|Flygon, M|100/100
|move|p2a: Aerodactyl|Rock Slide|p1a: Flygon
|-resisted|p1a: Flygon
|-damage|p1a: Flygon|79/100
|
|-weather|Sandstorm|[upkeep]
|-heal|p1a: Flygon|85/100|[from] item: Leftovers
|upkeep
|turn|16
|inactive|MasquerainGaming has 270 seconds left.
|
|t:|1728330512
|switch|p2a: Skarmory|Skarmory, F|98/100
|switch|p1a: Zapdos|Zapdos|100/100
|
|-weather|Sandstorm|[upkeep]
|-damage|p1a: Zapdos|94/100|[from] Sandstorm
|-heal|p1a: Zapdos|100/100|[from] item: Leftovers
|-heal|p2a: Skarmory|100/100|[from] item: Leftovers
|upkeep
|turn|17
|inactive|MasquerainGaming has 270 seconds left.
|
|t:|1728330527
|move|p1a: Zapdos|Thunderbolt|p2a: Skarmory
|-supereffective|p2a: Skarmory
|-damage|p2a: Skarmory|22/100
|move|p2a: Skarmory|Toxic|p1a: Zapdos
|-status|p1a: Zapdos|tox
|
|-weather|Sandstorm|[upkeep]
|-damage|p1a: Zapdos|94/100 tox|[from] Sandstorm
|-heal|p1a: Zapdos|100/100 tox|[from] item: Leftovers
|-damage|p1a: Zapdos|94/100 tox|[from] psn
|-heal|p2a: Skarmory|28/100|[from] item: Leftovers
|upkeep
|turn|18
|
|t:|1728330541
|move|p2a: Skarmory|Protect|p2a: Skarmory
|-singleturn|p2a: Skarmory|Protect
|move|p1a: Zapdos|Thunderbolt|p2a: Skarmory
|-activate|p2a: Skarmory|Protect
|
|-weather|Sandstorm|[upkeep]
|-damage|p1a: Zapdos|88/100 tox|[from] Sandstorm
|-heal|p1a: Zapdos|94/100 tox|[from] item: Leftovers
|-damage|p1a: Zapdos|82/100 tox|[from] psn
|-heal|p2a: Skarmory|34/100|[from] item: Leftovers
|upkeep
|turn|19
|
|t:|1728330563
|switch|p2a: Flygon|Flygon, F|83/100
|move|p1a: Zapdos|Roar|p2a: Flygon
|drag|p2a: Tyranitar|Tyranitar, M|88/100
|-damage|p2a: Tyranitar|63/100|[from] Spikes
|
|-weather|Sandstorm|[upkeep]
|-damage|p1a: Zapdos|76/100 tox|[from] Sandstorm
|-heal|p1a: Zapdos|82/100 tox|[from] item: Leftovers
|-damage|p1a: Zapdos|64/100 tox|[from] psn
|-heal|p2a: Tyranitar|69/100|[from] item: Leftovers
|upkeep
|turn|20
|inactive|MasquerainGaming has 240 seconds left.
|
|t:|1728330591
|switch|p1a: Skarmory|Skarmory, M|100/100
|move|p2a: Tyranitar|Ice Beam|p1a: Skarmory
|-damage|p1a: Skarmory|71/100
|
|-weather|Sandstorm|[upkeep]
|-heal|p1a: Skarmory|77/100|[from] item: Leftovers
|-heal|p2a: Tyranitar|75/100|[from] item: Leftovers
|upkeep
|turn|21
|inactive|MasquerainGaming has 240 seconds left.
|
|t:|1728330599
|move|p2a: Tyranitar|Ice Beam|p1a: Skarmory
|-damage|p1a: Skarmory|51/100
|move|p1a: Skarmory|Roar|p2a: Tyranitar
|drag|p2a: Jirachi|Jirachi|76/100
|-damage|p2a: Jirachi|51/100|[from] Spikes
|
|-weather|Sandstorm|[upkeep]
|-heal|p2a: Jirachi|57/100|[from] item: Leftovers
|-heal|p1a: Skarmory|57/100|[from] item: Leftovers
|upkeep
|turn|22
|inactive|MasquerainGaming has 240 seconds left.
|
|t:|1728330622
|switch|p1a: Blissey|Blissey, F|100/100
|-damage|p1a: Blissey|75/100|[from] Spikes
|move|p2a: Jirachi|Fire Punch|p1a: Blissey
|-damage|p1a: Blissey|68/100
|
|-weather|Sandstorm|[upkeep]
|-damage|p1a: Blissey|62/100|[from] Sandstorm
|-heal|p2a: Jirachi|63/100|[from] item: Leftovers
|-heal|p1a: Blissey|68/100|[from] item: Leftovers
|upkeep
|turn|23
|
|t:|1728330644
|move|p2a: Jirachi|Wish|p2a: Jirachi
|move|p1a: Blissey|Wish|p1a: Blissey
|
|-weather|Sandstorm|[upkeep]
|-damage|p1a: Blissey|62/100|[from] Sandstorm
|-heal|p2a: Jirachi|69/100|[from] item: Leftovers
|-heal|p1a: Blissey|68/100|[from] item: Leftovers
|upkeep
|turn|24
|inactive|MasquerainGaming has 210 seconds left.
|
|t:|1728330678
|move|p2a: Jirachi|Fire Punch|p1a: Blissey
|-damage|p1a: Blissey|61/100
|-status|p1a: Blissey|brn
|move|p1a: Blissey|Seismic Toss|p2a: Jirachi
|-damage|p2a: Jirachi|45/100
|
|-heal|p1a: Blissey|100/100 brn|[from] move: Wish|[wisher] Blissey
|-heal|p2a: Jirachi|95/100|[from] move: Wish|[wisher] Jirachi
|-weather|Sandstorm|[upkeep]
|-damage|p1a: Blissey|94/100 brn|[from] Sandstorm
|-heal|p2a: Jirachi|100/100|[from] item: Leftovers
|-heal|p1a: Blissey|100/100 brn|[from] item: Leftovers
|-damage|p1a: Blissey|88/100 brn|[from] brn
|upkeep
|turn|25
|
|t:|1728330696
|move|p2a: Jirachi|Wish|p2a: Jirachi
|move|p1a: Blissey|Seismic Toss|p2a: Jirachi
|-damage|p2a: Jirachi|76/100
|
|-weather|Sandstorm|[upkeep]
|-damage|p1a: Blissey|82/100 brn|[from] Sandstorm
|-heal|p2a: Jirachi|82/100|[from] item: Leftovers
|-heal|p1a: Blissey|88/100 brn|[from] item: Leftovers
|-damage|p1a: Blissey|76/100 brn|[from] brn
|upkeep
|turn|26
|
|t:|1728330708
|switch|p2a: Skarmory|Skarmory, F|34/100
|move|p1a: Blissey|Soft-Boiled|p1a: Blissey
|-heal|p1a: Blissey|100/100 brn
|
|-heal|p2a: Skarmory|84/100|[from] move: Wish|[wisher] Jirachi
|-weather|Sandstorm|[upkeep]
|-damage|p1a: Blissey|94/100 brn|[from] Sandstorm
|-heal|p2a: Skarmory|90/100|[from] item: Leftovers
|-heal|p1a: Blissey|100/100 brn|[from] item: Leftovers
|-damage|p1a: Blissey|88/100 brn|[from] brn
|upkeep
|turn|27
|
|t:|1728330728
|move|p1a: Blissey|Ice Beam|p2a: Skarmory
|-damage|p2a: Skarmory|68/100
|move|p2a: Skarmory|Roar|p1a: Blissey
|-curestatus|p1a: Blissey|brn|[from] ability: Natural Cure
|drag|p1a: Skarmory|Skarmory, M|57/100
|
|-weather|Sandstorm|[upkeep]
|-heal|p1a: Skarmory|63/100|[from] item: Leftovers
|-heal|p2a: Skarmory|74/100|[from] item: Leftovers
|upkeep
|turn|28
|
|t:|1728330742
|move|p2a: Skarmory|Protect|p2a: Skarmory
|-singleturn|p2a: Skarmory|Protect
|move|p1a: Skarmory|Roar|p2a: Skarmory
|-activate|p2a: Skarmory|Protect
|
|-weather|Sandstorm|[upkeep]
|-heal|p1a: Skarmory|69/100|[from] item: Leftovers
|-heal|p2a: Skarmory|80/100|[from] item: Leftovers
|upkeep
|turn|29
|
|t:|1728330750
|move|p1a: Skarmory|Roar|p2a: Skarmory
|drag|p2a: Aerodactyl|Aerodactyl, M|100/100
|
|-weather|Sandstorm|[upkeep]
|-heal|p1a: Skarmory|75/100|[from] item: Leftovers
|upkeep
|turn|30
|
|t:|1728330766
|move|p1a: Skarmory|Protect|p1a: Skarmory
|-singleturn|p1a: Skarmory|Protect
|move|p2a: Aerodactyl|Double-Edge|p1a: Skarmory
|-activate|p1a: Skarmory|Protect
|
|-weather|Sandstorm|[upkeep]
|-heal|p1a: Skarmory|81/100|[from] item: Leftovers
|upkeep
|turn|31
|
|t:|1728330784
|move|p2a: Aerodactyl|Double-Edge|p1a: Skarmory
|-resisted|p1a: Skarmory
|-damage|p1a: Skarmory|62/100
|move|p1a: Skarmory|Drill Peck|p2a: Aerodactyl
|-resisted|p2a: Aerodactyl
|-damage|p2a: Aerodactyl|83/100
|
|-weather|Sandstorm|[upkeep]
|-heal|p1a: Skarmory|68/100|[from] item: Leftovers
|upkeep
|turn|32
|
|t:|1728330799
|switch|p2a: Dragonite|Dragonite, M|100/100
|move|p1a: Skarmory|Drill Peck|p2a: Dragonite
|-damage|p2a: Dragonite|77/100
|
|-weather|Sandstorm|[upkeep]
|-damage|p2a: Dragonite|70/100|[from] Sandstorm
|-heal|p2a: Dragonite|77/100|[from] item: Leftovers
|-heal|p1a: Skarmory|74/100|[from] item: Leftovers
|upkeep
|turn|33
|inactive|MasquerainGaming has 180 seconds left.
|
|t:|1728330820
|-singleturn|p2a: Dragonite|move: Focus Punch
|move|p1a: Skarmory|Protect|p1a: Skarmory
|-singleturn|p1a: Skarmory|Protect
|move|p2a: Dragonite|Focus Punch|p1a: Skarmory
|-activate|p1a: Skarmory|Protect
|
|-weather|Sandstorm|[upkeep]
|-damage|p2a: Dragonite|70/100|[from] Sandstorm
|-heal|p2a: Dragonite|77/100|[from] item: Leftovers
|-heal|p1a: Skarmory|80/100|[from] item: Leftovers
|upkeep
|turn|34
|inactive|MasquerainGaming has 180 seconds left.
|
|t:|1728330831
|move|p2a: Dragonite|Thunderbolt|p1a: Skarmory
|-supereffective|p1a: Skarmory
|-damage|p1a: Skarmory|28/100
|move|p1a: Skarmory|Drill Peck|p2a: Dragonite
|-damage|p2a: Dragonite|49/100
|
|-weather|Sandstorm|[upkeep]
|-damage|p2a: Dragonite|43/100|[from] Sandstorm
|-heal|p2a: Dragonite|49/100|[from] item: Leftovers
|-heal|p1a: Skarmory|34/100|[from] item: Leftovers
|upkeep
|turn|35
|inactive|MasquerainGaming has 180 seconds left.
|
|t:|1728330853
|move|p1a: Skarmory|Protect|p1a: Skarmory
|-singleturn|p1a: Skarmory|Protect
|move|p2a: Dragonite|Ice Beam|p1a: Skarmory
|-activate|p1a: Skarmory|Protect
|
|-weather|Sandstorm|[upkeep]
|-damage|p2a: Dragonite|43/100|[from] Sandstorm
|-heal|p2a: Dragonite|49/100|[from] item: Leftovers
|-heal|p1a: Skarmory|40/100|[from] item: Leftovers
|upkeep
|turn|36
|
|t:|1728330883
|-singleturn|p2a: Dragonite|move: Focus Punch
|switch|p1a: Zapdos|Zapdos|64/100 tox
|move|p2a: Dragonite|Focus Punch|p1a: Zapdos
|-resisted|p1a: Zapdos
|-damage|p1a: Zapdos|36/100 tox
|
|-weather|Sandstorm|[upkeep]
|-damage|p1a: Zapdos|30/100 tox|[from] Sandstorm
|-damage|p2a: Dragonite|43/100|[from] Sandstorm
|-heal|p1a: Zapdos|36/100 tox|[from] item: Leftovers
|-damage|p1a: Zapdos|30/100 tox|[from] psn
|-heal|p2a: Dragonite|49/100|[from] item: Leftovers
|upkeep
|turn|37
|inactive|MasquerainGaming has 150 seconds left.
|
|t:|1728330910
|move|p1a: Zapdos|Rest|p1a: Zapdos
|-status|p1a: Zapdos|slp|[from] move: Rest
|-heal|p1a: Zapdos|100/100 slp|[silent]
|move|p2a: Dragonite|Ice Beam|p1a: Zapdos
|-supereffective|p1a: Zapdos
|-damage|p1a: Zapdos|56/100 slp
|
|-weather|Sandstorm|[upkeep]
|-damage|p1a: Zapdos|50/100 slp|[from] Sandstorm
|-damage|p2a: Dragonite|43/100|[from] Sandstorm
|-heal|p1a: Zapdos|56/100 slp|[from] item: Leftovers
|-heal|p2a: Dragonite|49/100|[from] item: Leftovers
|upkeep
|turn|38
|inactive|MasquerainGaming has 150 seconds left.
|
|t:|1728330922
|switch|p1a: Tyranitar|Tyranitar, F|100/100
|-damage|p1a: Tyranitar|76/100|[from] Spikes
|move|p2a: Dragonite|Ice Beam|p1a: Tyranitar
|-damage|p1a: Tyranitar|51/100
|
|-weather|Sandstorm|[upkeep]
|-damage|p2a: Dragonite|43/100|[from] Sandstorm
|-heal|p1a: Tyranitar|57/100|[from] item: Leftovers
|-heal|p2a: Dragonite|49/100|[from] item: Leftovers
|upkeep
|turn|39
|inactive|MasquerainGaming has 150 seconds left.
|
|t:|1728330948
|-singleturn|p1a: Tyranitar|move: Focus Punch
|switch|p2a: Skarmory|Skarmory, F|80/100
|move|p1a: Tyranitar|Focus Punch|p2a: Skarmory
|-damage|p2a: Skarmory|39/100
|
|-weather|Sandstorm|[upkeep]
|-heal|p1a: Tyranitar|64/100|[from] item: Leftovers
|-heal|p2a: Skarmory|45/100|[from] item: Leftovers
|upkeep
|turn|40
|
|t:|1728330965
|switch|p1a: Zapdos|Zapdos|56/100 slp
|move|p2a: Skarmory|Roar|p1a: Zapdos
|drag|p1a: Blissey|Blissey, F|88/100
|-damage|p1a: Blissey|63/100|[from] Spikes
|
|-weather|Sandstorm|[upkeep]
|-damage|p1a: Blissey|57/100|[from] Sandstorm
|-heal|p2a: Skarmory|51/100|[from] item: Leftovers
|-heal|p1a: Blissey|63/100|[from] item: Leftovers
|upkeep
|turn|41
|inactive|MasquerainGaming has 120 seconds left.
|
|t:|1728330983
|move|p1a: Blissey|Wish|p1a: Blissey
|move|p2a: Skarmory|Roar|p1a: Blissey
|drag|p1a: Zapdos|Zapdos|56/100 slp
|
|-weather|Sandstorm|[upkeep]
|-damage|p1a: Zapdos|50/100 slp|[from] Sandstorm
|-heal|p1a: Zapdos|56/100 slp|[from] item: Leftovers
|-heal|p2a: Skarmory|57/100|[from] item: Leftovers
|upkeep
|turn|42
|inactive|MasquerainGaming has 120 seconds left.
|
|t:|1728330996
|cant|p1a: Zapdos|slp
|move|p2a: Skarmory|Roar|p1a: Zapdos
|drag|p1a: Blissey|Blissey, F|63/100
|-damage|p1a: Blissey|38/100|[from] Spikes
|
|-heal|p1a: Blissey|88/100|[from] move: Wish|[wisher] Blissey
|-weather|Sandstorm|[upkeep]
|-damage|p1a: Blissey|82/100|[from] Sandstorm
|-heal|p2a: Skarmory|63/100|[from] item: Leftovers
|-heal|p1a: Blissey|88/100|[from] item: Leftovers
|upkeep
|turn|43
|inactive|MasquerainGaming has 120 seconds left.
|
|t:|1728331017
|move|p2a: Skarmory|Toxic|p1a: Blissey|[miss]
|-miss|p2a: Skarmory|p1a: Blissey
|move|p1a: Blissey|Seismic Toss|p2a: Skarmory
|-damage|p2a: Skarmory|33/100
|
|-weather|Sandstorm|[upkeep]
|-damage|p1a: Blissey|82/100|[from] Sandstorm
|-heal|p2a: Skarmory|39/100|[from] item: Leftovers
|-heal|p1a: Blissey|88/100|[from] item: Leftovers
|upkeep
|turn|44
|
|t:|1728331027
|move|p2a: Skarmory|Protect|p2a: Skarmory
|-singleturn|p2a: Skarmory|Protect
|move|p1a: Blissey|Wish|p1a: Blissey
|
|-weather|Sandstorm|[upkeep]
|-damage|p1a: Blissey|82/100|[from] Sandstorm
|-heal|p2a: Skarmory|45/100|[from] item: Leftovers
|-heal|p1a: Blissey|88/100|[from] item: Leftovers
|upkeep
|turn|45
|
|t:|1728331046
|move|p1a: Blissey|Seismic Toss|p2a: Skarmory
|-damage|p2a: Skarmory|15/100
|move|p2a: Skarmory|Roar|p1a: Blissey
|drag|p1a: Tyranitar|Tyranitar, F|64/100
|-damage|p1a: Tyranitar|39/100|[from] Spikes
|
|-heal|p1a: Tyranitar|89/100|[from] move: Wish|[wisher] Blissey
|-weather|Sandstorm|[upkeep]
|-heal|p1a: Tyranitar|95/100|[from] item: Leftovers
|-heal|p2a: Skarmory|21/100|[from] item: Leftovers
|upkeep
|turn|46
|
|t:|1728331065
|move|p1a: Tyranitar|Rock Slide|p2a: Skarmory
|-damage|p2a: Skarmory|0 fnt
|faint|p2a: Skarmory
|
|t:|1728331072
|switch|p2a: Flygon|Flygon, F|83/100
|
|-weather|Sandstorm|[upkeep]
|-heal|p2a: Flygon|89/100|[from] item: Leftovers
|-heal|p1a: Tyranitar|100/100|[from] item: Leftovers
|upkeep
|turn|47
|
|t:|1728331093
|switch|p2a: Dragonite|Dragonite, M|49/100
|switch|p1a: Blissey|Blissey, F|88/100
|-damage|p1a: Blissey|63/100|[from] Spikes
|
|-weather|Sandstorm|[upkeep]
|-damage|p2a: Dragonite|43/100|[from] Sandstorm
|-damage|p1a: Blissey|57/100|[from] Sandstorm
|-heal|p2a: Dragonite|49/100|[from] item: Leftovers
|-heal|p1a: Blissey|63/100|[from] item: Leftovers
|upkeep
|turn|48
|inactive|Eg0r has 270 seconds left.
|
|t:|1728331114
|switch|p2a: Jirachi|Jirachi|82/100
|-damage|p2a: Jirachi|57/100|[from] Spikes
|move|p1a: Blissey|Soft-Boiled|p1a: Blissey
|-heal|p1a: Blissey|100/100
|
|-weather|Sandstorm|[upkeep]
|-damage|p1a: Blissey|94/100|[from] Sandstorm
|-heal|p2a: Jirachi|63/100|[from] item: Leftovers
|-heal|p1a: Blissey|100/100|[from] item: Leftovers
|upkeep
|turn|49
|
|t:|1728331128
|switch|p1a: Moltres|Moltres|100/100
|move|p2a: Jirachi|Wish|p2a: Jirachi
|
|-weather|Sandstorm|[upkeep]
|-damage|p1a: Moltres|94/100|[from] Sandstorm
|-heal|p1a: Moltres|100/100|[from] item: Leftovers
|-heal|p2a: Jirachi|69/100|[from] item: Leftovers
|upkeep
|turn|50
|
|t:|1728331142
|switch|p2a: Dragonite|Dragonite, M|49/100
|move|p1a: Moltres|Will-O-Wisp|p2a: Dragonite
|-status|p2a: Dragonite|brn
|
|-heal|p2a: Dragonite|99/100 brn|[from] move: Wish|[wisher] Jirachi
|-weather|Sandstorm|[upkeep]
|-damage|p1a: Moltres|94/100|[from] Sandstorm
|-damage|p2a: Dragonite|93/100 brn|[from] Sandstorm
|-heal|p1a: Moltres|100/100|[from] item: Leftovers
|-heal|p2a: Dragonite|99/100 brn|[from] item: Leftovers
|-damage|p2a: Dragonite|87/100 brn|[from] brn
|upkeep
|turn|51
|inactive|MasquerainGaming has 90 seconds left.
|
|t:|1728331161
|-singleturn|p2a: Dragonite|move: Focus Punch
|switch|p1a: Blissey|Blissey, F|100/100
|-damage|p1a: Blissey|75/100|[from] Spikes
|move|p2a: Dragonite|Focus Punch|p1a: Blissey
|-supereffective|p1a: Blissey
|-damage|p1a: Blissey|27/100
|
|-weather|Sandstorm|[upkeep]
|-damage|p2a: Dragonite|80/100 brn|[from] Sandstorm
|-damage|p1a: Blissey|20/100|[from] Sandstorm
|-heal|p2a: Dragonite|87/100 brn|[from] item: Leftovers
|-damage|p2a: Dragonite|74/100 brn|[from] brn
|-heal|p1a: Blissey|27/100|[from] item: Leftovers
|upkeep
|turn|52
|inactive|MasquerainGaming has 90 seconds left.
|
|t:|1728331186
|-singleturn|p2a: Dragonite|move: Focus Punch
|move|p1a: Blissey|Soft-Boiled|p1a: Blissey
|-heal|p1a: Blissey|77/100
|move|p2a: Dragonite|Focus Punch|p1a: Blissey
|-supereffective|p1a: Blissey
|-damage|p1a: Blissey|23/100
|
|-weather|Sandstorm|[upkeep]
|-damage|p2a: Dragonite|68/100 brn|[from] Sandstorm
|-damage|p1a: Blissey|17/100|[from] Sandstorm
|-heal|p2a: Dragonite|74/100 brn|[from] item: Leftovers
|-damage|p2a: Dragonite|62/100 brn|[from] brn
|-heal|p1a: Blissey|23/100|[from] item: Leftovers
|upkeep
|turn|53
|inactive|MasquerainGaming has 60 seconds left.
|
|t:|1728331220
|switch|p2a: Jirachi|Jirachi|69/100
|-damage|p2a: Jirachi|45/100|[from] Spikes
|move|p1a: Blissey|Soft-Boiled|p1a: Blissey
|-heal|p1a: Blissey|73/100
|
|-weather|Sandstorm|[upkeep]
|-damage|p1a: Blissey|67/100|[from] Sandstorm
|-heal|p2a: Jirachi|51/100|[from] item: Leftovers
|-heal|p1a: Blissey|73/100|[from] item: Leftovers
|upkeep
|turn|54
|inactive|MasquerainGaming has 60 seconds left.
|
|t:|1728331233
|move|p2a: Jirachi|Wish|p2a: Jirachi
|move|p1a: Blissey|Soft-Boiled|p1a: Blissey
|-heal|p1a: Blissey|100/100
|
|-weather|Sandstorm|[upkeep]
|-damage|p1a: Blissey|94/100|[from] Sandstorm
|-heal|p2a: Jirachi|57/100|[from] item: Leftovers
|-heal|p1a: Blissey|100/100|[from] item: Leftovers
|upkeep
|turn|55
|inactive|MasquerainGaming has 60 seconds left.
|
|t:|1728331251
|move|p2a: Jirachi|Body Slam|p1a: Blissey
|-damage|p1a: Blissey|81/100
|move|p1a: Blissey|Ice Beam|p2a: Jirachi
|-resisted|p2a: Jirachi
|-crit|p2a: Jirachi
|-damage|p2a: Jirachi|40/100
|
|-heal|p2a: Jirachi|90/100|[from] move: Wish|[wisher] Jirachi
|-weather|Sandstorm|[upkeep]
|-damage|p1a: Blissey|75/100|[from] Sandstorm
|-heal|p2a: Jirachi|96/100|[from] item: Leftovers
|-heal|p1a: Blissey|81/100|[from] item: Leftovers
|upkeep
|turn|56
|inactive|MasquerainGaming has 60 seconds left.
|
|t:|1728331270
|move|p2a: Jirachi|Fire Punch|p1a: Blissey
|-damage|p1a: Blissey|74/100
|-status|p1a: Blissey|brn
|move|p1a: Blissey|Wish|p1a: Blissey
|
|-weather|Sandstorm|[upkeep]
|-damage|p1a: Blissey|68/100 brn|[from] Sandstorm
|-heal|p2a: Jirachi|100/100|[from] item: Leftovers
|-heal|p1a: Blissey|74/100 brn|[from] item: Leftovers
|-damage|p1a: Blissey|61/100 brn|[from] brn
|upkeep
|turn|57
|
|t:|1728331285
|move|p2a: Jirachi|Fire Punch|p1a: Blissey
|-damage|p1a: Blissey|55/100 brn
|move|p1a: Blissey|Seismic Toss|p2a: Jirachi
|-damage|p2a: Jirachi|76/100
|
|-heal|p1a: Blissey|100/100 brn|[from] move: Wish|[wisher] Blissey
|-weather|Sandstorm|[upkeep]
|-damage|p1a: Blissey|94/100 brn|[from] Sandstorm
|-heal|p2a: Jirachi|82/100|[from] item: Leftovers
|-heal|p1a: Blissey|100/100 brn|[from] item: Leftovers
|-damage|p1a: Blissey|88/100 brn|[from] brn
|upkeep
|turn|58
|
|t:|1728331298
|move|p2a: Jirachi|Wish|p2a: Jirachi
|move|p1a: Blissey|Seismic Toss|p2a: Jirachi
|-damage|p2a: Jirachi|57/100
|
|-weather|Sandstorm|[upkeep]
|-damage|p1a: Blissey|82/100 brn|[from] Sandstorm
|-heal|p2a: Jirachi|63/100|[from] item: Leftovers
|-heal|p1a: Blissey|88/100 brn|[from] item: Leftovers
|-damage|p1a: Blissey|76/100 brn|[from] brn
|upkeep
|turn|59
|
|t:|1728331312
|move|p2a: Jirachi|Body Slam|p1a: Blissey
|-damage|p1a: Blissey|56/100 brn
|move|p1a: Blissey|Ice Beam|p2a: Jirachi
|-resisted|p2a: Jirachi
|-damage|p2a: Jirachi|55/100
|
|-heal|p2a: Jirachi|100/100|[from] move: Wish|[wisher] Jirachi
|-weather|Sandstorm|[upkeep]
|-damage|p1a: Blissey|50/100 brn|[from] Sandstorm
|-heal|p1a: Blissey|56/100 brn|[from] item: Leftovers
|-damage|p1a: Blissey|44/100 brn|[from] brn
|upkeep
|turn|60
|inactive|MasquerainGaming has 30 seconds left.
|
|t:|1728331343
|move|p2a: Jirachi|Wish|p2a: Jirachi
|move|p1a: Blissey|Soft-Boiled|p1a: Blissey
|-heal|p1a: Blissey|94/100 brn
|
|-weather|Sandstorm|[upkeep]
|-damage|p1a: Blissey|88/100 brn|[from] Sandstorm
|-heal|p1a: Blissey|94/100 brn|[from] item: Leftovers
|-damage|p1a: Blissey|81/100 brn|[from] brn
|upkeep
|turn|61
|inactive|MasquerainGaming has 30 seconds left.
|inactive|MasquerainGaming has 20 seconds left.
|inactive|MasquerainGaming has 15 seconds left.
|inactive|MasquerainGaming has 10 seconds left.
|
|t:|1728331375
|switch|p2a: Aerodactyl|Aerodactyl, M|83/100
|move|p1a: Blissey|Ice Beam|p2a: Aerodactyl
|-supereffective|p2a: Aerodactyl
|-damage|p2a: Aerodactyl|20/100
|
|-heal|p2a: Aerodactyl|70/100|[from] move: Wish|[wisher] Jirachi
|-weather|Sandstorm|[upkeep]
|-damage|p1a: Blissey|75/100 brn|[from] Sandstorm
|-heal|p1a: Blissey|81/100 brn|[from] item: Leftovers
|-damage|p1a: Blissey|69/100 brn|[from] brn
|upkeep
|turn|62
|inactive|MasquerainGaming has 20 seconds left this turn.
|inactive|MasquerainGaming has 15 seconds left.
|inactive|MasquerainGaming has 10 seconds left.
|
|t:|1728331389
|-curestatus|p1a: Blissey|brn|[from] ability: Natural Cure
|switch|p1a: Flygon|Flygon, M|85/100
|move|p2a: Aerodactyl|Rock Slide|p1a: Flygon
|-resisted|p1a: Flygon
|-damage|p1a: Flygon|62/100
|
|-weather|Sandstorm|[upkeep]
|-heal|p1a: Flygon|68/100|[from] item: Leftovers
|upkeep
|turn|63
|inactive|MasquerainGaming has 20 seconds left this turn.
|inactive|MasquerainGaming has 15 seconds left.
|inactive|MasquerainGaming has 10 seconds left.
|
|t:|1728331403
|switch|p2a: Flygon|Flygon, F|89/100
|move|p1a: Flygon|Toxic|p2a: Flygon
|-status|p2a: Flygon|tox
|
|-weather|Sandstorm|[upkeep]
|-heal|p1a: Flygon|74/100|[from] item: Leftovers
|-heal|p2a: Flygon|95/100 tox|[from] item: Leftovers
|-damage|p2a: Flygon|89/100 tox|[from] psn
|upkeep
|turn|64
|inactive|MasquerainGaming has 20 seconds left this turn.
|inactive|MasquerainGaming has 15 seconds left.
|inactive|MasquerainGaming has 10 seconds left.
|
|t:|1728331415
|switch|p2a: Jirachi|Jirachi|100/100
|-damage|p2a: Jirachi|76/100|[from] Spikes
|move|p1a: Flygon|Protect||[still]
|-fail|p1a: Flygon
|
|-weather|Sandstorm|[upkeep]
|-heal|p1a: Flygon|80/100|[from] item: Leftovers
|-heal|p2a: Jirachi|82/100|[from] item: Leftovers
|upkeep
|turn|65
|inactive|MasquerainGaming has 20 seconds left this turn.
|inactive|MasquerainGaming has 15 seconds left.
|inactive|MasquerainGaming has 10 seconds left.
|
|t:|1728331425
|move|p1a: Flygon|Earthquake|p2a: Jirachi
|-supereffective|p2a: Jirachi
|-damage|p2a: Jirachi|27/100
|move|p2a: Jirachi|Fire Punch|p1a: Flygon
|-resisted|p1a: Flygon
|-damage|p1a: Flygon|71/100
|
|-weather|Sandstorm|[upkeep]
|-heal|p1a: Flygon|77/100|[from] item: Leftovers
|-heal|p2a: Jirachi|34/100|[from] item: Leftovers
|upkeep
|turn|66
|inactive|MasquerainGaming has 20 seconds left this turn.
|inactive|MasquerainGaming has 15 seconds left.
|
|t:|1728331437
|move|p2a: Jirachi|Protect|p2a: Jirachi
|-singleturn|p2a: Jirachi|Protect
|move|p1a: Flygon|Earthquake|p2a: Jirachi
|-activate|p2a: Jirachi|Protect
|
|-weather|Sandstorm|[upkeep]
|-heal|p1a: Flygon|83/100|[from] item: Leftovers
|-heal|p2a: Jirachi|40/100|[from] item: Leftovers
|upkeep
|turn|67
|inactive|MasquerainGaming has 25 seconds left this turn.
|inactive|MasquerainGaming has 20 seconds left.
|inactive|MasquerainGaming has 15 seconds left.
|
|t:|1728331451
|switch|p2a: Aerodactyl|Aerodactyl, M|70/100
|move|p1a: Flygon|Earthquake|p2a: Aerodactyl
|-immune|p2a: Aerodactyl
|
|-weather|Sandstorm|[upkeep]
|-heal|p1a: Flygon|89/100|[from] item: Leftovers
|upkeep
|turn|68
|inactive|MasquerainGaming has 25 seconds left this turn.
|inactive|MasquerainGaming has 20 seconds left.
|
|t:|1728331460
|move|p1a: Flygon|Protect|p1a: Flygon
|-singleturn|p1a: Flygon|Protect
|move|p2a: Aerodactyl|Double-Edge|p1a: Flygon
|-activate|p1a: Flygon|Protect
|
|-weather|Sandstorm|[upkeep]
|-heal|p1a: Flygon|95/100|[from] item: Leftovers
|upkeep
|turn|69
|inactive|MasquerainGaming has 30 seconds left this turn.
|inactive|MasquerainGaming has 20 seconds left.
|
|t:|1728331471
|switch|p2a: Flygon|Flygon, F|89/100 tox
|move|p1a: Flygon|Toxic|p2a: Flygon
|-fail|p2a: Flygon|tox
|
|-weather|Sandstorm|[upkeep]
|-heal|p1a: Flygon|100/100|[from] item: Leftovers
|-heal|p2a: Flygon|95/100 tox|[from] item: Leftovers
|-damage|p2a: Flygon|89/100 tox|[from] psn
|upkeep
|turn|70
|inactive|MasquerainGaming has 30 seconds left this turn.
|inactive|MasquerainGaming has 20 seconds left.
|
|t:|1728331486
|switch|p2a: Dragonite|Dragonite, M|62/100 brn
|move|p1a: Flygon|Protect||[still]
|-fail|p1a: Flygon
|
|-weather|Sandstorm|[upkeep]
|-damage|p2a: Dragonite|56/100 brn|[from] Sandstorm
|-heal|p2a: Dragonite|62/100 brn|[from] item: Leftovers
|-damage|p2a: Dragonite|49/100 brn|[from] brn
|upkeep
|turn|71
|inactive|MasquerainGaming has 30 seconds left this turn.
|
|t:|1728331495
|move|p1a: Flygon|Protect|p1a: Flygon
|-singleturn|p1a: Flygon|Protect
|move|p2a: Dragonite|Ice Beam|p1a: Flygon
|-activate|p1a: Flygon|Protect
|
|-weather|Sandstorm|[upkeep]
|-damage|p2a: Dragonite|43/100 brn|[from] Sandstorm
|-heal|p2a: Dragonite|49/100 brn|[from] item: Leftovers
|-damage|p2a: Dragonite|37/100 brn|[from] brn
|upkeep
|turn|72
|inactive|MasquerainGaming has 30 seconds left.
|
|t:|1728331509
|-singleturn|p2a: Dragonite|move: Focus Punch
|move|p1a: Flygon|Rock Slide|p2a: Dragonite
|-supereffective|p2a: Dragonite
|-damage|p2a: Dragonite|0 fnt
|faint|p2a: Dragonite
|inactive|MasquerainGaming has 30 seconds left this turn.
|
|t:|1728331517
|switch|p2a: Aerodactyl|Aerodactyl, M|70/100
|
|-weather|Sandstorm|[upkeep]
|upkeep
|turn|73
|
|t:|1728331520
|move|p2a: Aerodactyl|Double-Edge|p1a: Flygon
|-damage|p1a: Flygon|57/100
|move|p1a: Flygon|Toxic|p2a: Aerodactyl
|-status|p2a: Aerodactyl|tox
|
|-weather|Sandstorm|[upkeep]
|-damage|p2a: Aerodactyl|64/100 tox|[from] psn
|-heal|p1a: Flygon|63/100|[from] item: Leftovers
|upkeep
|turn|74
|-message|MasquerainGaming forfeited.
|
|win|Eg0r
|player|p2|
|c|☆Eg0r|gg
|c|☆Eg0r|/log Eg0r made the replay of this battle unlisted.
|player|p1|
|player|p1|Eg0r|#ptpl3medicham|

</script>
<script type="application/json" class="data" id="replaydata-smogtours-gen3ou-796221">
{"id":"smogtours-gen3ou-796221","format":"[Gen 3] OU","players":["Eg0r","MasquerainGaming"],"uploadtime":1728331527,"views":101,"formatid":"gen3ou","rating":null,"private":1,"password":null}
</script>

<script defer src="js/replays.js?9d40a366"></script>
