<!DOCTYPE html>
<meta charset="utf-8" />
<meta name="viewport" content="width=device-width" />

<title>[Gen 3] OU: TreinerOrenge vs. Dusty_boy - Replays - Pok&eacute;mon Showdown!</title>

<meta name="description" content="Watch a replay of a Pok&eacute;mon battle between TreinerOrenge and Dusty_boy! Format: [Gen 3] OU; Date: Oct 14, 2024" />
<!--

Hey, you! Looking in the source for the replay log?

You can find them in JSON format, just add `.json` at the end of a replay URL.

https://replay.pokemonshowdown.com/gen7randomdoublesbattle-865046831.json

Or, if you only need the log itself, add `.log` instead:

https://replay.pokemonshowdown.com/gen7randomdoublesbattle-865046831.log

-->

<link rel="stylesheet" href="//pokemonshowdown.com/style/global.css?0.023195364461161105" />
<link rel="stylesheet" href="//play.pokemonshowdown.com/style/font-awesome.css?0.13261647063804238" />
<link rel="stylesheet" href="//play.pokemonshowdown.com/style/battle.css?0.8753245789963631" />
<link rel="stylesheet" href="//play.pokemonshowdown.com/style/utilichart.css?0.8627959624976733" />

<!-- Global site tag (gtag.js) - Google Analytics -->
<script async src="https://www.googletagmanager.com/gtag/js?id=UA-26211653-1"></script>
<script>
  window.dataLayer = window.dataLayer || [];
  function gtag(){dataLayer.push(arguments);}
  gtag('js', new Date());

  gtag('config', 'UA-26211653-1');
</script>
<!-- End Google Analytics -->
<!-- Venatus Ad Manager - Install in <HEAD> of page -->
	<script src="https://hb.vntsm.com/v3/live/ad-manager.min.js" type="text/javascript" data-site-id="642aba63ec9a7b11c3c9c1be" data-mode="scan" async></script>
<!-- / Venatus Ad Manager -->

<style>
	@media (max-width:820px) {
		.battle {
			margin: 0 auto;
		}
		.battle-log {
			margin: 7px auto 0;
			max-width: 640px;
			height: 300px;
			position: static;
		}
	}
	.optgroup {
		display: inline-block;
		line-height: 22px;
		font-size: 10pt;
	}
	.optgroup .button {
		height: 25px;
		padding-top: 0;
		padding-bottom: 0;
	}
	.optgroup button.button {
		padding-left: 12px;
		padding-right: 12px;
	}
	.linklist {
		list-style: none;
		margin: 0.5em 0;
		padding: 0;
	}
	.linklist li {
		padding: 2px 0;
	}
	.sidebar {
		float: left;
		width: 320px;
	}
	.bar-wrapper {
		max-width: 1100px;
		margin: 0 auto;
	}
	.bar-wrapper.has-sidebar {
		max-width: 1430px;
	}
	.mainbar {
		margin: 0;
		padding-right: 1px;
	}
	.mainbar.has-sidebar {
		margin-left: 330px;
	}
	@media (min-width: 1511px) {
		.sidebar {
			width: 400px;
		}
		.bar-wrapper.has-sidebar {
			max-width: 1510px;
		}
		.mainbar.has-sidebar {
			margin-left: 410px;
		}
	}
	.section.first-section {
		margin-top: 9px;
	}
	.blocklink small {
		white-space: normal;
	}
	.button {
		vertical-align: middle;
	}
	.replay-controls {
		padding-top: 10px;
	}
	.replay-controls h1 {
		font-size: 16pt;
		font-weight: normal;
		color: #CCC;
	}
	.pagelink {
		text-align: center;
	}
	.pagelink a {
		width: 150px;
	}
	.textbox, .button {
		font-size: 11pt;
		vertical-align: middle;
	}
	@media (max-width: 450px) {
		.button {
			font-size: 9pt;
		}
	}
</style>

<div>

	<header>
		<div class="nav-wrapper"><ul class="nav">
			<li><a class="button nav-first" href="//pokemonshowdown.com/"><img src="//pokemonshowdown.com/images/pokemonshowdownbeta.png" srcset="//pokemonshowdown.com/images/pokemonshowdownbeta.png 1x, //pokemonshowdown.com/images/pokemonshowdownbeta@2x.png 2x" alt="Pok&eacute;mon Showdown" width="146" height="44" /> Home</a></li>
			<li><a class="button" href="//pokemonshowdown.com/dex/">Pok&eacute;dex</a></li>
			<li><a class="button cur" href="/">Replays</a></li>
			<li><a class="button" href="//pokemonshowdown.com/ladder/">Ladder</a></li>
			<li><a class="button nav-last" href="//pokemonshowdown.com/forums/">Forum</a></li>
			<li><a class="button greenbutton nav-first nav-last" href="//play.pokemonshowdown.com/">Play</a></li>
		</ul></div>
	</header>

	<div class="main" id="main">

		<noscript><section class="section">You need to enable JavaScript to use this page; sorry!</section></noscript>

	</div>

</div>

<script defer nomodule src="//play.pokemonshowdown.com/js/lib/ps-polyfill.js"></script>
<script defer src="//play.pokemonshowdown.com/js/lib/preact.min.js"></script>

<script defer src="//play.pokemonshowdown.com/config/config.js?2bddbc15"></script>
<script defer src="//play.pokemonshowdown.com/js/lib/jquery-1.11.0.min.js"></script>
<script defer src="//play.pokemonshowdown.com/js/lib/html-sanitizer-minified.js"></script>
<script defer src="//play.pokemonshowdown.com/js/battle-sound.js"></script>
<script defer src="//play.pokemonshowdown.com/js/battledata.js?0.7209276989879541"></script>
<script defer src="//play.pokemonshowdown.com/data/pokedex-mini.js?0.6111056340867951"></script>
<script defer src="//play.pokemonshowdown.com/data/pokedex-mini-bw.js?0.3532142036491459"></script>
<script defer src="//play.pokemonshowdown.com/data/graphics.js?0.24223875632456182"></script>
<script defer src="//play.pokemonshowdown.com/data/pokedex.js?0.38839984266356864"></script>
<script defer src="//play.pokemonshowdown.com/data/moves.js?0.21866028504024015"></script>
<script defer src="//play.pokemonshowdown.com/data/abilities.js?0.2005157953846628"></script>
<script defer src="//play.pokemonshowdown.com/data/items.js?0.9894211263848525"></script>
<script defer src="//play.pokemonshowdown.com/data/teambuilder-tables.js?0.6008791140282215"></script>
<script defer src="//play.pokemonshowdown.com/js/battle-tooltips.js?0.7580118955022959"></script>
<script defer src="//play.pokemonshowdown.com/js/battle.js?0.6057722274234274"></script>

<script defer src="js/utils.js?e31f9a17"></script>
<script defer src="js/replays-battle.js?7008c182"></script>

<!-- don't scrape this data! just add .json or .log after the URL!
Full API docs: https://github.com/smogon/pokemon-showdown-client/blob/master/WEB-API.md -->
<script type="text/plain" class="log" id="replaylog-smogtours-gen3ou-798584">
|inactive|Battle timer is ON: inactive players will automatically lose when time's up.
|t:|1728871353
|gametype|singles
|player|p1|TreinerOrenge|#dpppliii|
|player|p2|Dusty_boy|harlequin|
|teamsize|p1|6
|teamsize|p2|6
|gen|3
|tier|[Gen 3] OU
|rule|Sleep Clause Mod: Limit one foe put to sleep
|rule|Switch Priority Clause Mod: Faster Pokémon switch first
|rule|Species Clause: Limit one of each Pokémon
|rule|OHKO Clause: OHKO moves are banned
|rule|Evasion Items Clause: Evasion items are banned
|rule|Evasion Moves Clause: Evasion moves are banned
|rule|Endless Battle Clause: Forcing endless battles is banned
|rule|HP Percentage Mod: HP is shown in percentages
|rule|One Boost Passer Clause: Limit one Baton Passer that has a way to boost its stats
|rule|Freeze Clause Mod: Limit one foe frozen
|
|t:|1728871353
|start
|switch|p1a: Tyranitar|Tyranitar, M|100/100
|switch|p2a: Slaking|Slaking, F|100/100
|-weather|Sandstorm|[from] ability: Sand Stream|[of] p1a: Tyranitar
|turn|1
|
|t:|1728871367
|switch|p1a: Skarmory|Skarmory, M|100/100
|move|p2a: Slaking|Earthquake|p1a: Skarmory
|-immune|p1a: Skarmory
|
|-weather|Sandstorm|[upkeep]
|-damage|p2a: Slaking|94/100|[from] Sandstorm
|upkeep
|turn|2
|
|t:|1728871374
|switch|p2a: Blastoise|Blastoise, M|100/100
|move|p1a: Skarmory|Spikes|p2a: Blastoise
|-sidestart|p2: Dusty_boy|Spikes
|
|-weather|Sandstorm|[upkeep]
|-damage|p2a: Blastoise|94/100|[from] Sandstorm
|-heal|p2a: Blastoise|100/100|[from] item: Leftovers
|upkeep
|turn|3
|
|t:|1728871381
|move|p2a: Blastoise|Surf|p1a: Skarmory
|-damage|p1a: Skarmory|65/100
|move|p1a: Skarmory|Toxic|p2a: Blastoise
|-status|p2a: Blastoise|tox
|
|-weather|Sandstorm|[upkeep]
|-damage|p2a: Blastoise|94/100 tox|[from] Sandstorm
|-heal|p2a: Blastoise|100/100 tox|[from] item: Leftovers
|-damage|p2a: Blastoise|94/100 tox|[from] psn
|-heal|p1a: Skarmory|71/100|[from] item: Leftovers
|upkeep
|turn|4
|
|t:|1728871388
|switch|p1a: Blissey|Blissey, F|100/100
|move|p2a: Blastoise|Surf|p1a: Blissey
|-damage|p1a: Blissey|84/100
|
|-weather|Sandstorm|[upkeep]
|-damage|p2a: Blastoise|88/100 tox|[from] Sandstorm
|-damage|p1a: Blissey|78/100|[from] Sandstorm
|-heal|p2a: Blastoise|94/100 tox|[from] item: Leftovers
|-damage|p2a: Blastoise|82/100 tox|[from] psn
|-heal|p1a: Blissey|84/100|[from] item: Leftovers
|upkeep
|turn|5
|
|t:|1728871391
|move|p2a: Blastoise|Rapid Spin|p1a: Blissey
|-damage|p1a: Blissey|81/100
|-sideend|p2: Dusty_boy|Spikes|[from] move: Rapid Spin|[of] p2a: Blastoise
|move|p1a: Blissey|Thunderbolt|p2a: Blastoise
|-supereffective|p2a: Blastoise
|-damage|p2a: Blastoise|40/100 tox
|
|-weather|Sandstorm|[upkeep]
|-damage|p2a: Blastoise|34/100 tox|[from] Sandstorm
|-damage|p1a: Blissey|75/100|[from] Sandstorm
|-heal|p2a: Blastoise|40/100 tox|[from] item: Leftovers
|-damage|p2a: Blastoise|22/100 tox|[from] psn
|-heal|p1a: Blissey|81/100|[from] item: Leftovers
|upkeep
|turn|6
|
|t:|1728871398
|switch|p2a: Jirachi|Jirachi|100/100
|move|p1a: Blissey|Thunderbolt|p2a: Jirachi
|-damage|p2a: Jirachi|84/100
|
|-weather|Sandstorm|[upkeep]
|-damage|p1a: Blissey|75/100|[from] Sandstorm
|-heal|p2a: Jirachi|90/100|[from] item: Leftovers
|-heal|p1a: Blissey|81/100|[from] item: Leftovers
|upkeep
|turn|7
|
|t:|1728871412
|switch|p2a: Slaking|Slaking, F|94/100
|move|p1a: Blissey|Thunder Wave|p2a: Slaking
|-status|p2a: Slaking|par
|
|-weather|Sandstorm|[upkeep]
|-damage|p1a: Blissey|75/100|[from] Sandstorm
|-damage|p2a: Slaking|88/100 par|[from] Sandstorm
|-heal|p1a: Blissey|81/100|[from] item: Leftovers
|upkeep
|turn|8
|
|t:|1728871420
|switch|p1a: Skarmory|Skarmory, M|71/100
|move|p2a: Slaking|Return|p1a: Skarmory
|-resisted|p1a: Skarmory
|-damage|p1a: Skarmory|31/100
|
|-weather|Sandstorm|[upkeep]
|-damage|p2a: Slaking|82/100 par|[from] Sandstorm
|-heal|p1a: Skarmory|37/100|[from] item: Leftovers
|upkeep
|turn|9
|
|t:|1728871436
|switch|p2a: Blissey|Blissey, F|100/100
|move|p1a: Skarmory|Spikes|p2a: Blissey
|-sidestart|p2: Dusty_boy|Spikes
|
|-weather|Sandstorm|[upkeep]
|-damage|p2a: Blissey|94/100|[from] Sandstorm
|-heal|p1a: Skarmory|43/100|[from] item: Leftovers
|-heal|p2a: Blissey|100/100|[from] item: Leftovers
|upkeep
|turn|10
|
|t:|1728871448
|switch|p1a: Tyranitar|Tyranitar, M|100/100
|move|p2a: Blissey|Thunderbolt|p1a: Tyranitar
|-damage|p1a: Tyranitar|86/100
|
|-weather|Sandstorm|[upkeep]
|-damage|p2a: Blissey|94/100|[from] Sandstorm
|-heal|p2a: Blissey|100/100|[from] item: Leftovers
|upkeep
|turn|11
|
|t:|1728871461
|move|p1a: Tyranitar|Dragon Dance|p1a: Tyranitar
|-boost|p1a: Tyranitar|atk|1
|-boost|p1a: Tyranitar|spe|1
|move|p2a: Blissey|Aromatherapy|p2a: Blissey
|-cureteam|p2a: Blissey|[from] move: Aromatherapy
|
|-weather|Sandstorm|[upkeep]
|-damage|p2a: Blissey|94/100|[from] Sandstorm
|-heal|p2a: Blissey|100/100|[from] item: Leftovers
|upkeep
|turn|12
|
|t:|1728871468
|switch|p2a: Skarmory|Skarmory, F|100/100
|move|p1a: Tyranitar|Rock Slide|p2a: Skarmory
|-damage|p2a: Skarmory|65/100
|
|-weather|Sandstorm|[upkeep]
|-heal|p2a: Skarmory|71/100|[from] item: Leftovers
|upkeep
|turn|13
|
|t:|1728871475
|move|p1a: Tyranitar|Rock Slide|p2a: Skarmory
|-damage|p2a: Skarmory|33/100
|move|p2a: Skarmory|Roar|p1a: Tyranitar
|drag|p1a: Charizard|Charizard, F|100/100
|
|-weather|Sandstorm|[upkeep]
|-damage|p1a: Charizard|94/100|[from] Sandstorm
|-heal|p1a: Charizard|100/100|[from] item: Leftovers
|-heal|p2a: Skarmory|39/100|[from] item: Leftovers
|upkeep
|turn|14
|
|t:|1728871486
|switch|p2a: Flygon|Flygon, F|100/100
|move|p1a: Charizard|Substitute|p1a: Charizard
|-start|p1a: Charizard|Substitute
|-damage|p1a: Charizard|76/100
|
|-weather|Sandstorm|[upkeep]
|-damage|p1a: Charizard|70/100|[from] Sandstorm
|-heal|p1a: Charizard|76/100|[from] item: Leftovers
|upkeep
|turn|15
|
|t:|1728871491
|move|p1a: Charizard|Flamethrower|p2a: Flygon
|-resisted|p2a: Flygon
|-damage|p2a: Flygon|82/100
|move|p2a: Flygon|Rock Slide|p1a: Charizard
|-supereffective|p1a: Charizard
|-end|p1a: Charizard|Substitute
|
|-weather|Sandstorm|[upkeep]
|-damage|p1a: Charizard|70/100|[from] Sandstorm
|-heal|p1a: Charizard|76/100|[from] item: Leftovers
|-heal|p2a: Flygon|88/100|[from] item: Leftovers
|upkeep
|turn|16
|
|t:|1728871499
|switch|p1a: Skarmory|Skarmory, M|43/100
|move|p2a: Flygon|Rock Slide|p1a: Skarmory
|-damage|p1a: Skarmory|31/100
|
|-weather|Sandstorm|[upkeep]
|-heal|p2a: Flygon|94/100|[from] item: Leftovers
|-heal|p1a: Skarmory|37/100|[from] item: Leftovers
|upkeep
|turn|17
|
|t:|1728871512
|switch|p2a: Jirachi|Jirachi|90/100
|-damage|p2a: Jirachi|78/100|[from] Spikes
|move|p1a: Skarmory|Spikes|p2a: Jirachi
|-sidestart|p2: Dusty_boy|Spikes
|
|-weather|Sandstorm|[upkeep]
|-heal|p2a: Jirachi|84/100|[from] item: Leftovers
|-heal|p1a: Skarmory|43/100|[from] item: Leftovers
|upkeep
|turn|18
|
|t:|1728871523
|move|p2a: Jirachi|Wish|p2a: Jirachi
|move|p1a: Skarmory|Roar|p2a: Jirachi
|drag|p2a: Flygon|Flygon, F|94/100
|
|-weather|Sandstorm|[upkeep]
|-heal|p2a: Flygon|99/100|[from] item: Leftovers
|-heal|p1a: Skarmory|49/100|[from] item: Leftovers
|upkeep
|turn|19
|
|t:|1728871536
|switch|p2a: Skarmory|Skarmory, F|39/100
|move|p1a: Skarmory|Roar|p2a: Skarmory
|drag|p2a: Blissey|Blissey, F|100/100
|-damage|p2a: Blissey|84/100|[from] Spikes
|
|-heal|p2a: Blissey|100/100|[from] move: Wish|[wisher] Jirachi
|-weather|Sandstorm|[upkeep]
|-damage|p2a: Blissey|94/100|[from] Sandstorm
|-heal|p1a: Skarmory|55/100|[from] item: Leftovers
|-heal|p2a: Blissey|100/100|[from] item: Leftovers
|upkeep
|turn|20
|
|t:|1728871545
|move|p1a: Skarmory|Spikes|p2a: Blissey
|-sidestart|p2: Dusty_boy|Spikes
|move|p2a: Blissey|Thunderbolt|p1a: Skarmory
|-supereffective|p1a: Skarmory
|-damage|p1a: Skarmory|19/100
|
|-weather|Sandstorm|[upkeep]
|-damage|p2a: Blissey|94/100|[from] Sandstorm
|-heal|p1a: Skarmory|25/100|[from] item: Leftovers
|-heal|p2a: Blissey|100/100|[from] item: Leftovers
|upkeep
|turn|21
|
|t:|1728871550
|move|p1a: Skarmory|Protect|p1a: Skarmory
|-singleturn|p1a: Skarmory|Protect
|move|p2a: Blissey|Seismic Toss|p1a: Skarmory
|-activate|p1a: Skarmory|Protect
|
|-weather|Sandstorm|[upkeep]
|-damage|p2a: Blissey|94/100|[from] Sandstorm
|-heal|p1a: Skarmory|31/100|[from] item: Leftovers
|-heal|p2a: Blissey|100/100|[from] item: Leftovers
|upkeep
|turn|22
|
|t:|1728871554
|switch|p1a: Metagross|Metagross|100/100
|move|p2a: Blissey|Seismic Toss|p1a: Metagross
|-damage|p1a: Metagross|72/100
|
|-weather|Sandstorm|[upkeep]
|-damage|p2a: Blissey|94/100|[from] Sandstorm
|-heal|p1a: Metagross|78/100|[from] item: Leftovers
|-heal|p2a: Blissey|100/100|[from] item: Leftovers
|upkeep
|turn|23
|
|t:|1728871566
|switch|p2a: Flygon|Flygon, F|99/100
|move|p1a: Metagross|Meteor Mash|p2a: Flygon
|-damage|p2a: Flygon|48/100
|
|-weather|Sandstorm|[upkeep]
|-heal|p1a: Metagross|84/100|[from] item: Leftovers
|-heal|p2a: Flygon|54/100|[from] item: Leftovers
|upkeep
|turn|24
|
|t:|1728871572
|switch|p1a: Skarmory|Skarmory, M|31/100
|move|p2a: Flygon|Protect||[still]
|-fail|p2a: Flygon
|
|-weather|Sandstorm|[upkeep]
|-heal|p2a: Flygon|60/100|[from] item: Leftovers
|-heal|p1a: Skarmory|37/100|[from] item: Leftovers
|upkeep
|turn|25
|
|t:|1728871579
|switch|p2a: Jirachi|Jirachi|84/100
|-damage|p2a: Jirachi|59/100|[from] Spikes
|move|p1a: Skarmory|Roar|p2a: Jirachi
|drag|p2a: Skarmory|Skarmory, F|39/100
|
|-weather|Sandstorm|[upkeep]
|-heal|p1a: Skarmory|43/100|[from] item: Leftovers
|-heal|p2a: Skarmory|45/100|[from] item: Leftovers
|upkeep
|turn|26
|
|t:|1728871585
|switch|p1a: Charizard|Charizard, F|76/100
|move|p2a: Skarmory|Spikes|p1a: Charizard
|-sidestart|p1: TreinerOrenge|Spikes
|
|-weather|Sandstorm|[upkeep]
|-damage|p1a: Charizard|70/100|[from] Sandstorm
|-heal|p1a: Charizard|76/100|[from] item: Leftovers
|-heal|p2a: Skarmory|51/100|[from] item: Leftovers
|upkeep
|turn|27
|
|t:|1728871589
|switch|p2a: Flygon|Flygon, F|60/100
|move|p1a: Charizard|Flamethrower|p2a: Flygon
|-resisted|p2a: Flygon
|-damage|p2a: Flygon|41/100
|
|-weather|Sandstorm|[upkeep]
|-damage|p1a: Charizard|70/100|[from] Sandstorm
|-heal|p1a: Charizard|76/100|[from] item: Leftovers
|-heal|p2a: Flygon|47/100|[from] item: Leftovers
|upkeep
|turn|28
|
|t:|1728871596
|switch|p1a: Skarmory|Skarmory, M|43/100
|move|p2a: Flygon|Rock Slide|p1a: Skarmory|[miss]
|-miss|p2a: Flygon|p1a: Skarmory
|
|-weather|Sandstorm|[upkeep]
|-heal|p2a: Flygon|53/100|[from] item: Leftovers
|-heal|p1a: Skarmory|49/100|[from] item: Leftovers
|upkeep
|turn|29
|
|t:|1728871602
|move|p2a: Flygon|Rock Slide|p1a: Skarmory
|-damage|p1a: Skarmory|34/100
|move|p1a: Skarmory|Toxic|p2a: Flygon
|-status|p2a: Flygon|tox
|
|-weather|Sandstorm|[upkeep]
|-heal|p2a: Flygon|59/100 tox|[from] item: Leftovers
|-damage|p2a: Flygon|53/100 tox|[from] psn
|-heal|p1a: Skarmory|40/100|[from] item: Leftovers
|upkeep
|turn|30
|
|t:|1728871607
|move|p1a: Skarmory|Protect|p1a: Skarmory
|-singleturn|p1a: Skarmory|Protect
|move|p2a: Flygon|Rock Slide|p1a: Skarmory
|-activate|p1a: Skarmory|Protect
|
|-weather|Sandstorm|[upkeep]
|-heal|p2a: Flygon|59/100 tox|[from] item: Leftovers
|-damage|p2a: Flygon|47/100 tox|[from] psn
|-heal|p1a: Skarmory|46/100|[from] item: Leftovers
|upkeep
|turn|31
|
|t:|1728871610
|move|p2a: Flygon|Rock Slide|p1a: Skarmory|[miss]
|-miss|p2a: Flygon|p1a: Skarmory
|move|p1a: Skarmory|Roar|p2a: Flygon
|drag|p2a: Jirachi|Jirachi|59/100
|-damage|p2a: Jirachi|34/100|[from] Spikes
|
|-weather|Sandstorm|[upkeep]
|-heal|p2a: Jirachi|40/100|[from] item: Leftovers
|-heal|p1a: Skarmory|52/100|[from] item: Leftovers
|upkeep
|turn|32
|
|t:|1728871619
|move|p2a: Jirachi|Wish|p2a: Jirachi
|move|p1a: Skarmory|Roar|p2a: Jirachi
|drag|p2a: Blastoise|Blastoise, M|22/100
|-damage|p2a: Blastoise|0 fnt|[from] Spikes
|faint|p2a: Blastoise
|
|t:|1728871635
|switch|p2a: Jirachi|Jirachi|40/100
|-damage|p2a: Jirachi|15/100|[from] Spikes
|
|-weather|Sandstorm|[upkeep]
|-heal|p2a: Jirachi|22/100|[from] item: Leftovers
|-heal|p1a: Skarmory|58/100|[from] item: Leftovers
|upkeep
|turn|33
|
|t:|1728871643
|switch|p1a: Charizard|Charizard, F|76/100
|move|p2a: Jirachi|Fire Punch|p1a: Charizard
|-resisted|p1a: Charizard
|-damage|p1a: Charizard|64/100
|
|-heal|p2a: Jirachi|72/100|[from] move: Wish|[wisher] Jirachi
|-weather|Sandstorm|[upkeep]
|-damage|p1a: Charizard|58/100|[from] Sandstorm
|-heal|p1a: Charizard|64/100|[from] item: Leftovers
|-heal|p2a: Jirachi|78/100|[from] item: Leftovers
|upkeep
|turn|34
|
|t:|1728871652
|move|p1a: Charizard|Substitute|p1a: Charizard
|-start|p1a: Charizard|Substitute
|-damage|p1a: Charizard|40/100
|move|p2a: Jirachi|Body Slam|p1a: Charizard
|-end|p1a: Charizard|Substitute
|
|-weather|Sandstorm|[upkeep]
|-damage|p1a: Charizard|33/100|[from] Sandstorm
|-heal|p1a: Charizard|40/100|[from] item: Leftovers
|-heal|p2a: Jirachi|84/100|[from] item: Leftovers
|upkeep
|turn|35
|
|t:|1728871658
|move|p2a: Jirachi|Protect|p2a: Jirachi
|-singleturn|p2a: Jirachi|Protect
|move|p1a: Charizard|Substitute|p1a: Charizard
|-start|p1a: Charizard|Substitute
|-damage|p1a: Charizard|15/100
|
|-weather|Sandstorm|[upkeep]
|-damage|p1a: Charizard|9/100|[from] Sandstorm
|-heal|p1a: Charizard|15/100|[from] item: Leftovers
|-heal|p2a: Jirachi|90/100|[from] item: Leftovers
|upkeep
|turn|36
|
|t:|1728871666
|switch|p2a: Blissey|Blissey, F|100/100
|-damage|p2a: Blissey|76/100|[from] Spikes
|move|p1a: Charizard|Flamethrower|p2a: Blissey
|-damage|p2a: Blissey|50/100
|
|-weather|Sandstorm|[upkeep]
|-damage|p1a: Charizard|9/100|[from] Sandstorm
|-damage|p2a: Blissey|44/100|[from] Sandstorm
|-heal|p1a: Charizard|15/100|[from] item: Leftovers
|-heal|p2a: Blissey|50/100|[from] item: Leftovers
|upkeep
|turn|37
|
|t:|1728871673
|-singleturn|p1a: Charizard|move: Focus Punch
|move|p2a: Blissey|Seismic Toss|p1a: Charizard
|-end|p1a: Charizard|Substitute
|move|p1a: Charizard|Focus Punch|p2a: Blissey
|-supereffective|p2a: Blissey
|-damage|p2a: Blissey|0 fnt
|faint|p2a: Blissey
|
|t:|1728871677
|switch|p2a: Slaking|Slaking, F|82/100
|-damage|p2a: Slaking|57/100|[from] Spikes
|
|-weather|Sandstorm|[upkeep]
|-damage|p2a: Slaking|51/100|[from] Sandstorm
|-damage|p1a: Charizard|9/100|[from] Sandstorm
|-heal|p1a: Charizard|15/100|[from] item: Leftovers
|upkeep
|turn|38
|
|t:|1728871684
|-singleturn|p2a: Slaking|move: Focus Punch
|switch|p1a: Skarmory|Skarmory, M|58/100
|move|p2a: Slaking|Focus Punch|p1a: Skarmory
|-damage|p1a: Skarmory|0 fnt
|faint|p1a: Skarmory
|
|t:|1728871693
|switch|p1a: Charizard|Charizard, F|15/100
|
|-weather|Sandstorm|[upkeep]
|-damage|p1a: Charizard|9/100|[from] Sandstorm
|-damage|p2a: Slaking|45/100|[from] Sandstorm
|-heal|p1a: Charizard|15/100|[from] item: Leftovers
|upkeep
|turn|39
|
|t:|1728871699
|switch|p2a: Flygon|Flygon, F|47/100 tox
|move|p1a: Charizard|Flamethrower|p2a: Flygon
|-resisted|p2a: Flygon
|-damage|p2a: Flygon|17/100 tox
|
|-weather|Sandstorm|[upkeep]
|-damage|p1a: Charizard|9/100|[from] Sandstorm
|-heal|p1a: Charizard|15/100|[from] item: Leftovers
|-heal|p2a: Flygon|23/100 tox|[from] item: Leftovers
|-damage|p2a: Flygon|17/100 tox|[from] psn
|upkeep
|turn|40
|
|t:|1728871706
|move|p1a: Charizard|Flamethrower|p2a: Flygon
|-resisted|p2a: Flygon
|-damage|p2a: Flygon|0 fnt
|faint|p2a: Flygon
|
|t:|1728871709
|switch|p2a: Slaking|Slaking, F|45/100
|-damage|p2a: Slaking|20/100|[from] Spikes
|
|-weather|Sandstorm|[upkeep]
|-damage|p1a: Charizard|9/100|[from] Sandstorm
|-damage|p2a: Slaking|14/100|[from] Sandstorm
|-heal|p1a: Charizard|15/100|[from] item: Leftovers
|upkeep
|turn|41
|
|t:|1728871716
|switch|p1a: Metagross|Metagross|84/100
|-damage|p1a: Metagross|72/100|[from] Spikes
|move|p2a: Slaking|Return|p1a: Metagross
|-resisted|p1a: Metagross
|-damage|p1a: Metagross|32/100
|
|-weather|Sandstorm|[upkeep]
|-damage|p2a: Slaking|8/100|[from] Sandstorm
|-heal|p1a: Metagross|38/100|[from] item: Leftovers
|upkeep
|turn|42
|
|t:|1728871723
|cant|p2a: Slaking|ability: Truant
|move|p1a: Metagross|Explosion|p2a: Slaking
|-damage|p2a: Slaking|0 fnt
|faint|p1a: Metagross
|faint|p2a: Slaking
|
|t:|1728871729
|switch|p2a: Jirachi|Jirachi|90/100
|switch|p1a: Charizard|Charizard, F|15/100
|-damage|p2a: Jirachi|65/100|[from] Spikes
|
|-weather|Sandstorm|[upkeep]
|-damage|p1a: Charizard|9/100|[from] Sandstorm
|-heal|p1a: Charizard|15/100|[from] item: Leftovers
|-heal|p2a: Jirachi|71/100|[from] item: Leftovers
|upkeep
|turn|43
|
|t:|1728871735
|move|p2a: Jirachi|Protect|p2a: Jirachi
|-singleturn|p2a: Jirachi|Protect
|move|p1a: Charizard|Flamethrower|p2a: Jirachi
|-activate|p2a: Jirachi|Protect
|
|-weather|Sandstorm|[upkeep]
|-damage|p1a: Charizard|9/100|[from] Sandstorm
|-heal|p1a: Charizard|15/100|[from] item: Leftovers
|-heal|p2a: Jirachi|77/100|[from] item: Leftovers
|upkeep
|turn|44
|
|t:|1728871740
|move|p1a: Charizard|Flamethrower|p2a: Jirachi
|-supereffective|p2a: Jirachi
|-damage|p2a: Jirachi|0 fnt
|faint|p2a: Jirachi
|
|t:|1728871744
|switch|p2a: Skarmory|Skarmory, F|51/100
|
|-weather|Sandstorm|[upkeep]
|-damage|p1a: Charizard|9/100|[from] Sandstorm
|-heal|p1a: Charizard|15/100|[from] item: Leftovers
|-heal|p2a: Skarmory|57/100|[from] item: Leftovers
|upkeep
|turn|45
|
|t:|1728871746
|move|p2a: Skarmory|Protect|p2a: Skarmory
|-singleturn|p2a: Skarmory|Protect
|move|p1a: Charizard|Flamethrower|p2a: Skarmory
|-activate|p2a: Skarmory|Protect
|
|-weather|Sandstorm|[upkeep]
|-damage|p1a: Charizard|9/100|[from] Sandstorm
|-heal|p1a: Charizard|15/100|[from] item: Leftovers
|-heal|p2a: Skarmory|63/100|[from] item: Leftovers
|upkeep
|turn|46
|
|t:|1728871754
|move|p1a: Charizard|Flamethrower|p2a: Skarmory
|-supereffective|p2a: Skarmory
|-damage|p2a: Skarmory|0 fnt
|faint|p2a: Skarmory
|
|win|TreinerOrenge
|c|☆TreinerOrenge|ggs

</script>
<script type="application/json" class="data" id="replaydata-smogtours-gen3ou-798584">
{"id":"smogtours-gen3ou-798584","format":"[Gen 3] OU","players":["TreinerOrenge","Dusty_boy"],"uploadtime":1728871754,"views":101,"formatid":"gen3ou","rating":null,"private":0,"password":null}
</script>

<script defer src="js/replays.js?9d40a366"></script>
