<!DOCTYPE html>
<meta charset="utf-8" />
<meta name="viewport" content="width=device-width" />

<title>[Gen 3] OU: AutumnMint vs. lax - Replays - Pok&eacute;mon Showdown!</title>

<meta name="description" content="Watch a replay of a Pok&eacute;mon battle between AutumnMint and lax! Format: [Gen 3] OU; Date: Oct 12, 2024" />
<!--

Hey, you! Looking in the source for the replay log?

You can find them in JSON format, just add `.json` at the end of a replay URL.

https://replay.pokemonshowdown.com/gen7randomdoublesbattle-865046831.json

Or, if you only need the log itself, add `.log` instead:

https://replay.pokemonshowdown.com/gen7randomdoublesbattle-865046831.log

-->

<link rel="stylesheet" href="//pokemonshowdown.com/style/global.css?0.767286132409787" />
<link rel="stylesheet" href="//play.pokemonshowdown.com/style/font-awesome.css?0.9266228007934947" />
<link rel="stylesheet" href="//play.pokemonshowdown.com/style/battle.css?0.7924700842790926" />
<link rel="stylesheet" href="//play.pokemonshowdown.com/style/utilichart.css?0.8777417872839479" />

<!-- Global site tag (gtag.js) - Google Analytics -->
<script async src="https://www.googletagmanager.com/gtag/js?id=UA-26211653-1"></script>
<script>
  window.dataLayer = window.dataLayer || [];
  function gtag(){dataLayer.push(arguments);}
  gtag('js', new Date());

  gtag('config', 'UA-26211653-1');
</script>
<!-- End Google Analytics -->
<!-- Venatus Ad Manager - Install in <HEAD> of page -->
	<script src="https://hb.vntsm.com/v3/live/ad-manager.min.js" type="text/javascript" data-site-id="642aba63ec9a7b11c3c9c1be" data-mode="scan" async></script>
<!-- / Venatus Ad Manager -->

<style>
	@media (max-width:820px) {
		.battle {
			margin: 0 auto;
		}
		.battle-log {
			margin: 7px auto 0;
			max-width: 640px;
			height: 300px;
			position: static;
		}
	}
	.optgroup {
		display: inline-block;
		line-height: 22px;
		font-size: 10pt;
	}
	.optgroup .button {
		height: 25px;
		padding-top: 0;
		padding-bottom: 0;
	}
	.optgroup button.button {
		padding-left: 12px;
		padding-right: 12px;
	}
	.linklist {
		list-style: none;
		margin: 0.5em 0;
		padding: 0;
	}
	.linklist li {
		padding: 2px 0;
	}
	.sidebar {
		float: left;
		width: 320px;
	}
	.bar-wrapper {
		max-width: 1100px;
		margin: 0 auto;
	}
	.bar-wrapper.has-sidebar {
		max-width: 1430px;
	}
	.mainbar {
		margin: 0;
		padding-right: 1px;
	}
	.mainbar.has-sidebar {
		margin-left: 330px;
	}
	@media (min-width: 1511px) {
		.sidebar {
			width: 400px;
		}
		.bar-wrapper.has-sidebar {
			max-width: 1510px;
		}
		.mainbar.has-sidebar {
			margin-left: 410px;
		}
	}
	.section.first-section {
		margin-top: 9px;
	}
	.blocklink small {
		white-space: normal;
	}
	.button {
		vertical-align: middle;
	}
	.replay-controls {
		padding-top: 10px;
	}
	.replay-controls h1 {
		font-size: 16pt;
		font-weight: normal;
		color: #CCC;
	}
	.pagelink {
		text-align: center;
	}
	.pagelink a {
		width: 150px;
	}
	.textbox, .button {
		font-size: 11pt;
		vertical-align: middle;
	}
	@media (max-width: 450px) {
		.button {
			font-size: 9pt;
		}
	}
</style>

<div>

	<header>
		<div class="nav-wrapper"><ul class="nav">
			<li><a class="button nav-first" href="//pokemonshowdown.com/"><img src="//pokemonshowdown.com/images/pokemonshowdownbeta.png" srcset="//pokemonshowdown.com/images/pokemonshowdownbeta.png 1x, //pokemonshowdown.com/images/pokemonshowdownbeta@2x.png 2x" alt="Pok&eacute;mon Showdown" width="146" height="44" /> Home</a></li>
			<li><a class="button" href="//pokemonshowdown.com/dex/">Pok&eacute;dex</a></li>
			<li><a class="button cur" href="/">Replays</a></li>
			<li><a class="button" href="//pokemonshowdown.com/ladder/">Ladder</a></li>
			<li><a class="button nav-last" href="//pokemonshowdown.com/forums/">Forum</a></li>
			<li><a class="button greenbutton nav-first nav-last" href="//play.pokemonshowdown.com/">Play</a></li>
		</ul></div>
	</header>

	<div class="main" id="main">

		<noscript><section class="section">You need to enable JavaScript to use this page; sorry!</section></noscript>

	</div>

</div>

<script defer nomodule src="//play.pokemonshowdown.com/js/lib/ps-polyfill.js"></script>
<script defer src="//play.pokemonshowdown.com/js/lib/preact.min.js"></script>

<script defer src="//play.pokemonshowdown.com/config/config.js?6dec07f6"></script>
<script defer src="//play.pokemonshowdown.com/js/lib/jquery-1.11.0.min.js"></script>
<script defer src="//play.pokemonshowdown.com/js/lib/html-sanitizer-minified.js"></script>
<script defer src="//play.pokemonshowdown.com/js/battle-sound.js"></script>
<script defer src="//play.pokemonshowdown.com/js/battledata.js?0.6315294753075389"></script>
<script defer src="//play.pokemonshowdown.com/data/pokedex-mini.js?0.7603743185311358"></script>
<script defer src="//play.pokemonshowdown.com/data/pokedex-mini-bw.js?0.030888842834281283"></script>
<script defer src="//play.pokemonshowdown.com/data/graphics.js?0.05593094747507488"></script>
<script defer src="//play.pokemonshowdown.com/data/pokedex.js?0.47064822249611904"></script>
<script defer src="//play.pokemonshowdown.com/data/moves.js?0.8583693120512459"></script>
<script defer src="//play.pokemonshowdown.com/data/abilities.js?0.16017181182386842"></script>
<script defer src="//play.pokemonshowdown.com/data/items.js?0.4163379185673943"></script>
<script defer src="//play.pokemonshowdown.com/data/teambuilder-tables.js?0.31075597372830477"></script>
<script defer src="//play.pokemonshowdown.com/js/battle-tooltips.js?0.6536193500708172"></script>
<script defer src="//play.pokemonshowdown.com/js/battle.js?0.1916591943277901"></script>

<script defer src="js/utils.js?e31f9a17"></script>
<script defer src="js/replays-battle.js?7008c182"></script>

<!-- don't scrape this data! just add .json or .log after the URL!
Full API docs: https://github.com/smogon/pokemon-showdown-client/blob/master/WEB-API.md -->
<script type="text/plain" class="log" id="replaylog-smogtours-gen3ou-797759">
|inactive|Battle timer is ON: inactive players will automatically lose when time's up.
|t:|1728764009
|gametype|singles
|player|p1|AutumnMint|riley|
|player|p2|lax|#lax|
|teamsize|p1|6
|teamsize|p2|6
|gen|3
|tier|[Gen 3] OU
|rule|Sleep Clause Mod: Limit one foe put to sleep
|rule|Switch Priority Clause Mod: Faster Pokémon switch first
|rule|Species Clause: Limit one of each Pokémon
|rule|OHKO Clause: OHKO moves are banned
|rule|Evasion Items Clause: Evasion items are banned
|rule|Evasion Moves Clause: Evasion moves are banned
|rule|Endless Battle Clause: Forcing endless battles is banned
|rule|HP Percentage Mod: HP is shown in percentages
|rule|One Boost Passer Clause: Limit one Baton Passer that has a way to boost its stats
|rule|Freeze Clause Mod: Limit one foe frozen
|
|t:|1728764009
|start
|switch|p1a: Zapdos|Zapdos|100/100
|switch|p2a: Skarmory|Skarmory, M|100/100
|turn|1
|c|☆AutumnMint|glhf
|c|☆lax|u2
|
|t:|1728764022
|move|p1a: Zapdos|Thunderbolt|p2a: Skarmory
|-supereffective|p2a: Skarmory
|-damage|p2a: Skarmory|13/100
|move|p2a: Skarmory|Spikes|p1a: Zapdos
|-sidestart|p1: AutumnMint|Spikes
|
|-heal|p2a: Skarmory|19/100|[from] item: Leftovers
|upkeep
|turn|2
|
|t:|1728764027
|move|p2a: Skarmory|Protect|p2a: Skarmory
|-singleturn|p2a: Skarmory|Protect
|move|p1a: Zapdos|Thunder Wave|p2a: Skarmory
|-activate|p2a: Skarmory|Protect
|
|-heal|p2a: Skarmory|25/100|[from] item: Leftovers
|upkeep
|turn|3
|
|t:|1728764032
|switch|p2a: Blissey|Blissey, F|100/100
|move|p1a: Zapdos|Thunderbolt|p2a: Blissey
|-damage|p2a: Blissey|83/100
|
|-heal|p2a: Blissey|89/100|[from] item: Leftovers
|upkeep
|turn|4
|
|t:|1728764038
|switch|p1a: Tyranitar|Tyranitar, M|100/100
|-damage|p1a: Tyranitar|88/100|[from] Spikes
|-weather|Sandstorm|[from] ability: Sand Stream|[of] p1a: Tyranitar
|move|p2a: Blissey|Thunder Wave|p1a: Tyranitar
|-status|p1a: Tyranitar|par
|-enditem|p1a: Tyranitar|Lum Berry|[eat]
|-curestatus|p1a: Tyranitar|par|[msg]
|
|-weather|Sandstorm|[upkeep]
|-damage|p2a: Blissey|83/100|[from] Sandstorm
|-heal|p2a: Blissey|89/100|[from] item: Leftovers
|upkeep
|turn|5
|
|t:|1728764047
|switch|p2a: Swampert|Swampert, M|100/100
|move|p1a: Tyranitar|Rock Slide|p2a: Swampert
|-resisted|p2a: Swampert
|-damage|p2a: Swampert|88/100
|
|-weather|Sandstorm|[upkeep]
|-heal|p2a: Swampert|95/100|[from] item: Leftovers
|upkeep
|turn|6
|
|t:|1728764058
|switch|p1a: Parallax|Snorlax, M|100/100
|-damage|p1a: Parallax|88/100|[from] Spikes
|move|p2a: Swampert|Ice Beam|p1a: Parallax
|-damage|p1a: Parallax|77/100
|
|-weather|Sandstorm|[upkeep]
|-damage|p1a: Parallax|71/100|[from] Sandstorm
|-heal|p2a: Swampert|100/100|[from] item: Leftovers
|-heal|p1a: Parallax|77/100|[from] item: Leftovers
|upkeep
|turn|7
|
|t:|1728764067
|-singleturn|p1a: Parallax|move: Focus Punch
|move|p2a: Swampert|Curse|p2a: Swampert
|-unboost|p2a: Swampert|spe|1
|-boost|p2a: Swampert|atk|1
|-boost|p2a: Swampert|def|1
|move|p1a: Parallax|Focus Punch|p2a: Swampert
|-damage|p2a: Swampert|78/100
|
|-weather|Sandstorm|[upkeep]
|-damage|p1a: Parallax|71/100|[from] Sandstorm
|-heal|p1a: Parallax|77/100|[from] item: Leftovers
|-heal|p2a: Swampert|84/100|[from] item: Leftovers
|upkeep
|turn|8
|
|t:|1728764072
|move|p1a: Parallax|Self-Destruct|p2a: Swampert
|-damage|p2a: Swampert|1/100
|faint|p1a: Parallax
|
|t:|1728764084
|switch|p1a: Salamence|Salamence, F|100/100
|-ability|p1a: Salamence|Intimidate|boost
|-unboost|p2a: Swampert|atk|1
|
|-weather|Sandstorm|[upkeep]
|-damage|p1a: Salamence|94/100|[from] Sandstorm
|-heal|p1a: Salamence|100/100|[from] item: Leftovers
|-heal|p2a: Swampert|8/100|[from] item: Leftovers
|upkeep
|turn|9
|
|t:|1728764090
|switch|p2a: Skarmory|Skarmory, M|25/100
|move|p1a: Salamence|Brick Break|p2a: Skarmory
|-damage|p2a: Skarmory|8/100
|
|-weather|Sandstorm|[upkeep]
|-damage|p1a: Salamence|94/100|[from] Sandstorm
|-heal|p1a: Salamence|100/100|[from] item: Leftovers
|-heal|p2a: Skarmory|14/100|[from] item: Leftovers
|upkeep
|turn|10
|
|t:|1728764095
|move|p2a: Skarmory|Protect|p2a: Skarmory
|-singleturn|p2a: Skarmory|Protect
|move|p1a: Salamence|Brick Break|p2a: Skarmory
|-activate|p2a: Skarmory|Protect
|
|-weather|Sandstorm|[upkeep]
|-damage|p1a: Salamence|94/100|[from] Sandstorm
|-heal|p1a: Salamence|100/100|[from] item: Leftovers
|-heal|p2a: Skarmory|20/100|[from] item: Leftovers
|upkeep
|turn|11
|
|t:|1728764098
|switch|p2a: Blissey|Blissey, F|89/100
|move|p1a: Salamence|Fire Blast|p2a: Blissey|[miss]
|-miss|p1a: Salamence|p2a: Blissey
|
|-weather|Sandstorm|[upkeep]
|-damage|p1a: Salamence|94/100|[from] Sandstorm
|-damage|p2a: Blissey|83/100|[from] Sandstorm
|-heal|p1a: Salamence|100/100|[from] item: Leftovers
|-heal|p2a: Blissey|89/100|[from] item: Leftovers
|upkeep
|turn|12
|
|t:|1728764102
|move|p1a: Salamence|Brick Break|p2a: Blissey
|-supereffective|p2a: Blissey
|-damage|p2a: Blissey|51/100
|move|p2a: Blissey|Thunder Wave|p1a: Salamence
|-status|p1a: Salamence|par
|
|-weather|Sandstorm|[upkeep]
|-damage|p2a: Blissey|45/100|[from] Sandstorm
|-damage|p1a: Salamence|94/100 par|[from] Sandstorm
|-heal|p2a: Blissey|51/100|[from] item: Leftovers
|-heal|p1a: Salamence|100/100 par|[from] item: Leftovers
|upkeep
|turn|13
|
|t:|1728764109
|switch|p1a: Metagross|Metagross, shiny|100/100
|-damage|p1a: Metagross|88/100|[from] Spikes
|move|p2a: Blissey|Soft-Boiled|p2a: Blissey
|-heal|p2a: Blissey|100/100
|
|-weather|Sandstorm|[upkeep]
|-damage|p2a: Blissey|94/100|[from] Sandstorm
|-heal|p1a: Metagross|94/100|[from] item: Leftovers
|-heal|p2a: Blissey|100/100|[from] item: Leftovers
|upkeep
|turn|14
|
|t:|1728764120
|switch|p2a: Celebi|Celebi|100/100
|move|p1a: Metagross|Meteor Mash|p2a: Celebi
|-damage|p2a: Celebi|71/100
|
|-weather|Sandstorm|[upkeep]
|-damage|p2a: Celebi|64/100|[from] Sandstorm
|-heal|p2a: Celebi|71/100|[from] item: Leftovers
|-heal|p1a: Metagross|99/100|[from] item: Leftovers
|upkeep
|turn|15
|
|t:|1728764145
|move|p2a: Celebi|Leech Seed|p1a: Metagross
|-start|p1a: Metagross|move: Leech Seed
|move|p1a: Metagross|Hidden Power|p2a: Celebi
|-supereffective|p2a: Celebi
|-damage|p2a: Celebi|37/100
|
|-weather|Sandstorm|[upkeep]
|-damage|p2a: Celebi|31/100|[from] Sandstorm
|-heal|p2a: Celebi|37/100|[from] item: Leftovers
|-heal|p1a: Metagross|100/100|[from] item: Leftovers
|-damage|p1a: Metagross|88/100|[from] Leech Seed|[of] p2a: Celebi
|-heal|p2a: Celebi|46/100|[silent]
|upkeep
|turn|16
|
|t:|1728764151
|move|p2a: Celebi|Recover|p2a: Celebi
|-heal|p2a: Celebi|96/100
|move|p1a: Metagross|Hidden Power|p2a: Celebi
|-supereffective|p2a: Celebi
|-damage|p2a: Celebi|60/100
|
|-weather|Sandstorm|[upkeep]
|-damage|p2a: Celebi|54/100|[from] Sandstorm
|-heal|p2a: Celebi|60/100|[from] item: Leftovers
|-heal|p1a: Metagross|94/100|[from] item: Leftovers
|-damage|p1a: Metagross|82/100|[from] Leech Seed|[of] p2a: Celebi
|-heal|p2a: Celebi|70/100|[silent]
|upkeep
|turn|17
|
|t:|1728764156
|switch|p1a: Zapdos|Zapdos|100/100
|move|p2a: Celebi|Recover|p2a: Celebi
|-heal|p2a: Celebi|100/100
|
|-weather|Sandstorm|[upkeep]
|-damage|p1a: Zapdos|94/100|[from] Sandstorm
|-damage|p2a: Celebi|94/100|[from] Sandstorm
|-heal|p1a: Zapdos|100/100|[from] item: Leftovers
|-heal|p2a: Celebi|100/100|[from] item: Leftovers
|upkeep
|turn|18
|
|t:|1728764161
|move|p1a: Zapdos|Thunder Wave|p2a: Celebi
|-status|p2a: Celebi|par
|move|p2a: Celebi|Leech Seed|p1a: Zapdos
|-start|p1a: Zapdos|move: Leech Seed
|
|-weather|Sandstorm|[upkeep]
|-damage|p1a: Zapdos|94/100|[from] Sandstorm
|-damage|p2a: Celebi|94/100 par|[from] Sandstorm
|-heal|p1a: Zapdos|100/100|[from] item: Leftovers
|-damage|p1a: Zapdos|88/100|[from] Leech Seed|[of] p2a: Celebi
|-heal|p2a: Celebi|100/100 par|[silent]
|upkeep
|turn|19
|
|t:|1728764167
|switch|p1a: Tyranitar|Tyranitar, M|88/100
|-damage|p1a: Tyranitar|76/100|[from] Spikes
|move|p2a: Celebi|Leech Seed|p1a: Tyranitar
|-start|p1a: Tyranitar|move: Leech Seed
|
|-weather|Sandstorm|[upkeep]
|-damage|p2a: Celebi|94/100 par|[from] Sandstorm
|-damage|p1a: Tyranitar|64/100|[from] Leech Seed|[of] p2a: Celebi
|-heal|p2a: Celebi|100/100 par|[silent]
|upkeep
|turn|20
|
|t:|1728764174
|move|p1a: Tyranitar|Dragon Dance|p1a: Tyranitar
|-boost|p1a: Tyranitar|atk|1
|-boost|p1a: Tyranitar|spe|1
|move|p2a: Celebi|Hidden Power|p1a: Tyranitar
|-supereffective|p1a: Tyranitar
|-damage|p1a: Tyranitar|19/100
|
|-weather|Sandstorm|[upkeep]
|-damage|p2a: Celebi|94/100 par|[from] Sandstorm
|-damage|p1a: Tyranitar|6/100|[from] Leech Seed|[of] p2a: Celebi
|-heal|p2a: Celebi|100/100 par|[silent]
|upkeep
|turn|21
|
|t:|1728764179
|-curestatus|p2a: Celebi|par|[from] ability: Natural Cure
|switch|p2a: Skarmory|Skarmory, M|20/100
|move|p1a: Tyranitar|Hidden Power|p2a: Skarmory
|-resisted|p2a: Skarmory
|-damage|p2a: Skarmory|13/100
|
|-weather|Sandstorm|[upkeep]
|-damage|p1a: Tyranitar|0 fnt|[from] Leech Seed|[of] p2a: Skarmory
|-heal|p2a: Skarmory|19/100|[silent]
|faint|p1a: Tyranitar
|-heal|p2a: Skarmory|25/100|[from] item: Leftovers
|upkeep
|
|t:|1728764189
|switch|p1a: Zapdos|Zapdos|88/100
|turn|22
|
|t:|1728764199
|move|p2a: Skarmory|Protect|p2a: Skarmory
|-singleturn|p2a: Skarmory|Protect
|move|p1a: Zapdos|Thunderbolt|p2a: Skarmory
|-activate|p2a: Skarmory|Protect
|
|-weather|Sandstorm|[upkeep]
|-damage|p1a: Zapdos|82/100|[from] Sandstorm
|-heal|p1a: Zapdos|88/100|[from] item: Leftovers
|-heal|p2a: Skarmory|31/100|[from] item: Leftovers
|upkeep
|turn|23
|
|t:|1728764206
|switch|p2a: Swampert|Swampert, M|8/100
|move|p1a: Zapdos|Thunderbolt|p2a: Swampert
|-immune|p2a: Swampert
|
|-weather|Sandstorm|[upkeep]
|-damage|p1a: Zapdos|82/100|[from] Sandstorm
|-heal|p1a: Zapdos|88/100|[from] item: Leftovers
|-heal|p2a: Swampert|14/100|[from] item: Leftovers
|upkeep
|turn|24
|
|t:|1728764212
|switch|p2a: Blissey|Blissey, F|100/100
|move|p1a: Zapdos|Hidden Power|p2a: Blissey
|-damage|p2a: Blissey|92/100
|
|-weather|Sandstorm|[upkeep]
|-damage|p1a: Zapdos|82/100|[from] Sandstorm
|-damage|p2a: Blissey|86/100|[from] Sandstorm
|-heal|p1a: Zapdos|88/100|[from] item: Leftovers
|-heal|p2a: Blissey|92/100|[from] item: Leftovers
|upkeep
|turn|25
|
|t:|1728764216
|move|p1a: Zapdos|Thunder Wave|p2a: Blissey
|-status|p2a: Blissey|par
|move|p2a: Blissey|Thunder Wave|p1a: Zapdos
|-status|p1a: Zapdos|par
|
|-weather|Sandstorm|[upkeep]
|-damage|p1a: Zapdos|82/100 par|[from] Sandstorm
|-damage|p2a: Blissey|86/100 par|[from] Sandstorm
|-heal|p1a: Zapdos|88/100 par|[from] item: Leftovers
|-heal|p2a: Blissey|92/100 par|[from] item: Leftovers
|upkeep
|turn|26
|
|t:|1728764224
|switch|p1a: Salamence|Salamence, F|100/100 par
|-ability|p1a: Salamence|Intimidate|boost
|-unboost|p2a: Blissey|atk|1
|move|p2a: Blissey|Seismic Toss|p1a: Salamence
|-damage|p1a: Salamence|70/100 par
|
|-weather|Sandstorm|[upkeep]
|-damage|p1a: Salamence|64/100 par|[from] Sandstorm
|-damage|p2a: Blissey|86/100 par|[from] Sandstorm
|-heal|p1a: Salamence|70/100 par|[from] item: Leftovers
|-heal|p2a: Blissey|92/100 par|[from] item: Leftovers
|upkeep
|turn|27
|
|t:|1728764233
|-curestatus|p2a: Blissey|par|[from] ability: Natural Cure
|switch|p2a: Skarmory|Skarmory, M|31/100
|move|p1a: Salamence|Brick Break|p2a: Skarmory
|-damage|p2a: Skarmory|13/100
|
|-weather|Sandstorm|[upkeep]
|-damage|p1a: Salamence|64/100 par|[from] Sandstorm
|-heal|p2a: Skarmory|19/100|[from] item: Leftovers
|-heal|p1a: Salamence|70/100 par|[from] item: Leftovers
|upkeep
|turn|28
|
|t:|1728764240
|move|p2a: Skarmory|Spikes|p1a: Salamence
|-sidestart|p1: AutumnMint|Spikes
|cant|p1a: Salamence|par
|
|-weather|Sandstorm|[upkeep]
|-damage|p1a: Salamence|64/100 par|[from] Sandstorm
|-heal|p2a: Skarmory|25/100|[from] item: Leftovers
|-heal|p1a: Salamence|70/100 par|[from] item: Leftovers
|upkeep
|turn|29
|
|t:|1728764247
|move|p2a: Skarmory|Drill Peck|p1a: Salamence
|-damage|p1a: Salamence|42/100 par
|cant|p1a: Salamence|par
|
|-weather|Sandstorm|[upkeep]
|-damage|p1a: Salamence|36/100 par|[from] Sandstorm
|-heal|p2a: Skarmory|31/100|[from] item: Leftovers
|-heal|p1a: Salamence|42/100 par|[from] item: Leftovers
|upkeep
|turn|30
|
|t:|1728764250
|move|p2a: Skarmory|Spikes|p1a: Salamence
|-sidestart|p1: AutumnMint|Spikes
|cant|p1a: Salamence|par
|
|-weather|Sandstorm|[upkeep]
|-damage|p1a: Salamence|36/100 par|[from] Sandstorm
|-heal|p2a: Skarmory|37/100|[from] item: Leftovers
|-heal|p1a: Salamence|42/100 par|[from] item: Leftovers
|upkeep
|turn|31
|
|t:|1728764254
|move|p2a: Skarmory|Drill Peck|p1a: Salamence
|-damage|p1a: Salamence|12/100 par
|move|p1a: Salamence|Fire Blast|p2a: Skarmory
|-supereffective|p2a: Skarmory
|-damage|p2a: Skarmory|0 fnt
|faint|p2a: Skarmory
|
|t:|1728764258
|switch|p2a: Magneton|Magneton|100/100
|
|-weather|Sandstorm|[upkeep]
|-damage|p1a: Salamence|6/100 par|[from] Sandstorm
|-heal|p1a: Salamence|12/100 par|[from] item: Leftovers
|upkeep
|turn|32
|
|t:|1728764261
|move|p2a: Magneton|Substitute|p2a: Magneton
|-start|p2a: Magneton|Substitute
|-damage|p2a: Magneton|76/100
|move|p1a: Salamence|Fire Blast|p2a: Magneton
|-supereffective|p2a: Magneton
|-end|p2a: Magneton|Substitute
|
|-weather|Sandstorm|[upkeep]
|-damage|p1a: Salamence|6/100 par|[from] Sandstorm
|-heal|p1a: Salamence|12/100 par|[from] item: Leftovers
|upkeep
|turn|33
|
|t:|1728764271
|move|p2a: Magneton|Substitute|p2a: Magneton
|-start|p2a: Magneton|Substitute
|-damage|p2a: Magneton|51/100
|move|p1a: Salamence|Brick Break|p2a: Magneton
|-supereffective|p2a: Magneton
|-end|p2a: Magneton|Substitute
|
|-weather|Sandstorm|[upkeep]
|-damage|p1a: Salamence|6/100 par|[from] Sandstorm
|-heal|p1a: Salamence|12/100 par|[from] item: Leftovers
|upkeep
|turn|34
|
|t:|1728764274
|move|p2a: Magneton|Substitute|p2a: Magneton
|-start|p2a: Magneton|Substitute
|-damage|p2a: Magneton|26/100
|cant|p1a: Salamence|par
|
|-weather|Sandstorm|[upkeep]
|-damage|p1a: Salamence|6/100 par|[from] Sandstorm
|-heal|p1a: Salamence|12/100 par|[from] item: Leftovers
|upkeep
|turn|35
|
|t:|1728764278
|move|p2a: Magneton|Thunderbolt|p1a: Salamence
|-damage|p1a: Salamence|0 fnt
|faint|p1a: Salamence
|
|t:|1728764281
|switch|p1a: Zapdos|Zapdos|88/100 par
|
|-weather|Sandstorm|[upkeep]
|-damage|p1a: Zapdos|82/100 par|[from] Sandstorm
|-heal|p1a: Zapdos|88/100 par|[from] item: Leftovers
|upkeep
|turn|36
|
|t:|1728764284
|switch|p1a: Swampert|Swampert, M|100/100
|-damage|p1a: Swampert|76/100|[from] Spikes
|move|p2a: Magneton|Thunderbolt|p1a: Swampert
|-immune|p1a: Swampert
|
|-weather|Sandstorm|[upkeep]
|-heal|p1a: Swampert|82/100|[from] item: Leftovers
|upkeep
|turn|37
|
|t:|1728764293
|move|p2a: Magneton|Toxic|p1a: Swampert|[miss]
|-miss|p2a: Magneton|p1a: Swampert
|move|p1a: Swampert|Earthquake|p2a: Magneton
|-supereffective|p2a: Magneton
|-end|p2a: Magneton|Substitute
|
|-weather|Sandstorm|[upkeep]
|-heal|p1a: Swampert|88/100|[from] item: Leftovers
|upkeep
|turn|38
|
|t:|1728764312
|switch|p2a: Celebi|Celebi|100/100
|move|p1a: Swampert|Earthquake|p2a: Celebi
|-resisted|p2a: Celebi
|-damage|p2a: Celebi|87/100
|
|-weather|Sandstorm|[upkeep]
|-damage|p2a: Celebi|81/100|[from] Sandstorm
|-heal|p2a: Celebi|87/100|[from] item: Leftovers
|-heal|p1a: Swampert|94/100|[from] item: Leftovers
|upkeep
|turn|39
|
|t:|1728764325
|move|p2a: Celebi|Leech Seed|p1a: Swampert
|-start|p1a: Swampert|move: Leech Seed
|move|p1a: Swampert|Ice Beam|p2a: Celebi
|-supereffective|p2a: Celebi
|-crit|p2a: Celebi
|-damage|p2a: Celebi|0 fnt
|faint|p2a: Celebi
|
|t:|1728764331
|switch|p2a: Swampert|Swampert, M|14/100
|
|-weather|Sandstorm|[upkeep]
|-heal|p1a: Swampert|99/100|[from] item: Leftovers
|-damage|p1a: Swampert|88/100|[from] Leech Seed|[of] p2a: Swampert
|-heal|p2a: Swampert|24/100|[silent]
|-heal|p2a: Swampert|30/100|[from] item: Leftovers
|upkeep
|turn|40
|
|t:|1728764340
|switch|p2a: Blissey|Blissey, F|92/100
|move|p1a: Swampert|Earthquake|p2a: Blissey
|-damage|p2a: Blissey|56/100
|
|-weather|Sandstorm|[upkeep]
|-damage|p2a: Blissey|50/100|[from] Sandstorm
|-heal|p1a: Swampert|94/100|[from] item: Leftovers
|-damage|p1a: Swampert|82/100|[from] Leech Seed|[of] p2a: Blissey
|-heal|p2a: Blissey|56/100|[silent]
|-heal|p2a: Blissey|62/100|[from] item: Leftovers
|upkeep
|turn|41
|
|t:|1728764346
|-singleturn|p1a: Swampert|move: Focus Punch
|move|p2a: Blissey|Soft-Boiled|p2a: Blissey
|-heal|p2a: Blissey|100/100
|move|p1a: Swampert|Focus Punch|p2a: Blissey
|-supereffective|p2a: Blissey
|-damage|p2a: Blissey|29/100
|
|-weather|Sandstorm|[upkeep]
|-damage|p2a: Blissey|22/100|[from] Sandstorm
|-heal|p1a: Swampert|88/100|[from] item: Leftovers
|-damage|p1a: Swampert|76/100|[from] Leech Seed|[of] p2a: Blissey
|-heal|p2a: Blissey|28/100|[silent]
|-heal|p2a: Blissey|34/100|[from] item: Leftovers
|upkeep
|turn|42
|
|t:|1728764353
|move|p1a: Swampert|Earthquake|p2a: Blissey
|-damage|p2a: Blissey|1/100
|move|p2a: Blissey|Soft-Boiled|p2a: Blissey
|-heal|p2a: Blissey|51/100
|
|-weather|Sandstorm|[upkeep]
|-damage|p2a: Blissey|45/100|[from] Sandstorm
|-heal|p1a: Swampert|82/100|[from] item: Leftovers
|-damage|p1a: Swampert|69/100|[from] Leech Seed|[of] p2a: Blissey
|-heal|p2a: Blissey|51/100|[silent]
|-heal|p2a: Blissey|57/100|[from] item: Leftovers
|upkeep
|turn|43
|
|t:|1728764365
|switch|p1a: Metagross|Metagross, shiny|82/100
|-damage|p1a: Metagross|57/100|[from] Spikes
|move|p2a: Blissey|Seismic Toss|p1a: Metagross
|-damage|p1a: Metagross|24/100
|
|-weather|Sandstorm|[upkeep]
|-damage|p2a: Blissey|51/100|[from] Sandstorm
|-heal|p1a: Metagross|30/100|[from] item: Leftovers
|-heal|p2a: Blissey|57/100|[from] item: Leftovers
|upkeep
|turn|44
|
|t:|1728764376
|move|p1a: Metagross|Meteor Mash|p2a: Blissey
|-damage|p2a: Blissey|19/100
|move|p2a: Blissey|Seismic Toss|p1a: Metagross
|-damage|p1a: Metagross|0 fnt
|faint|p1a: Metagross
|
|t:|1728764384
|switch|p1a: Swampert|Swampert, M|69/100
|-damage|p1a: Swampert|44/100|[from] Spikes
|
|-weather|Sandstorm|[upkeep]
|-damage|p2a: Blissey|13/100|[from] Sandstorm
|-heal|p1a: Swampert|51/100|[from] item: Leftovers
|-heal|p2a: Blissey|19/100|[from] item: Leftovers
|upkeep
|turn|45
|
|t:|1728764387
|move|p1a: Swampert|Earthquake|p2a: Blissey
|-damage|p2a: Blissey|0 fnt
|faint|p2a: Blissey
|
|t:|1728764390
|switch|p2a: Magneton|Magneton|26/100
|
|-weather|Sandstorm|[upkeep]
|-heal|p1a: Swampert|57/100|[from] item: Leftovers
|upkeep
|turn|46
|
|t:|1728764392
|move|p2a: Magneton|Toxic|p1a: Swampert|[miss]
|-miss|p2a: Magneton|p1a: Swampert
|move|p1a: Swampert|Earthquake|p2a: Magneton
|-supereffective|p2a: Magneton
|-damage|p2a: Magneton|0 fnt
|faint|p2a: Magneton
|
|t:|1728764395
|switch|p2a: Swampert|Swampert, M|30/100
|
|-weather|Sandstorm|[upkeep]
|-heal|p1a: Swampert|63/100|[from] item: Leftovers
|-heal|p2a: Swampert|37/100|[from] item: Leftovers
|upkeep
|turn|47
|
|t:|1728764397
|move|p1a: Swampert|Earthquake|p2a: Swampert
|-damage|p2a: Swampert|11/100
|move|p2a: Swampert|Rest|p2a: Swampert
|-status|p2a: Swampert|slp|[from] move: Rest
|-heal|p2a: Swampert|100/100 slp|[silent]
|
|-weather|Sandstorm|[upkeep]
|-heal|p1a: Swampert|69/100|[from] item: Leftovers
|upkeep
|turn|48
|
|t:|1728764402
|move|p1a: Swampert|Hydro Pump|p2a: Swampert|[miss]
|-miss|p1a: Swampert|p2a: Swampert
|cant|p2a: Swampert|slp
|
|-weather|Sandstorm|[upkeep]
|-heal|p1a: Swampert|75/100|[from] item: Leftovers
|upkeep
|turn|49
|
|t:|1728764405
|move|p1a: Swampert|Hydro Pump|p2a: Swampert
|-damage|p2a: Swampert|57/100 slp
|cant|p2a: Swampert|slp
|
|-weather|Sandstorm|[upkeep]
|-heal|p1a: Swampert|81/100|[from] item: Leftovers
|-heal|p2a: Swampert|63/100 slp|[from] item: Leftovers
|upkeep
|turn|50
|
|t:|1728764408
|-singleturn|p1a: Swampert|move: Focus Punch
|-curestatus|p2a: Swampert|slp|[msg]
|move|p2a: Swampert|Earthquake|p1a: Swampert
|-damage|p1a: Swampert|44/100
|move|p1a: Swampert|Focus Punch||[still]
|cant|p1a: Swampert|Focus Punch|Focus Punch
|
|-weather|Sandstorm|[upkeep]
|-heal|p1a: Swampert|50/100|[from] item: Leftovers
|-heal|p2a: Swampert|69/100|[from] item: Leftovers
|upkeep
|turn|51
|
|t:|1728764415
|move|p1a: Swampert|Earthquake|p2a: Swampert
|-damage|p2a: Swampert|44/100
|move|p2a: Swampert|Earthquake|p1a: Swampert
|-damage|p1a: Swampert|11/100
|
|-weather|Sandstorm|[upkeep]
|-heal|p1a: Swampert|18/100|[from] item: Leftovers
|-heal|p2a: Swampert|50/100|[from] item: Leftovers
|upkeep
|turn|52
|
|t:|1728764420
|move|p1a: Swampert|Hydro Pump|p2a: Swampert|[miss]
|-miss|p1a: Swampert|p2a: Swampert
|move|p2a: Swampert|Earthquake|p1a: Swampert
|-damage|p1a: Swampert|0 fnt
|faint|p1a: Swampert
|
|t:|1728764425
|switch|p1a: Zapdos|Zapdos|88/100 par
|
|-weather|Sandstorm|[upkeep]
|-damage|p1a: Zapdos|82/100 par|[from] Sandstorm
|-heal|p2a: Swampert|56/100|[from] item: Leftovers
|-heal|p1a: Zapdos|88/100 par|[from] item: Leftovers
|upkeep
|turn|53
|
|t:|1728764427
|move|p2a: Swampert|Ice Beam|p1a: Zapdos
|-supereffective|p1a: Zapdos
|-damage|p1a: Zapdos|47/100 par
|cant|p1a: Zapdos|par
|
|-weather|Sandstorm|[upkeep]
|-damage|p1a: Zapdos|41/100 par|[from] Sandstorm
|-heal|p2a: Swampert|62/100|[from] item: Leftovers
|-heal|p1a: Zapdos|47/100 par|[from] item: Leftovers
|upkeep
|turn|54
|c|☆AutumnMint|ggs
|c|☆lax|gg
|
|t:|1728764433
|move|p2a: Swampert|Ice Beam|p1a: Zapdos
|-supereffective|p1a: Zapdos
|-damage|p1a: Zapdos|3/100 par
|move|p1a: Zapdos|Hidden Power|p2a: Swampert
|-damage|p2a: Swampert|40/100
|
|-weather|Sandstorm|[upkeep]
|-damage|p1a: Zapdos|0 fnt|[from] Sandstorm
|faint|p1a: Zapdos
|
|win|lax
|upkeep

</script>
<script type="application/json" class="data" id="replaydata-smogtours-gen3ou-797759">
{"id":"smogtours-gen3ou-797759","format":"[Gen 3] OU","players":["AutumnMint","lax"],"uploadtime":1728764433,"views":107,"formatid":"gen3ou","rating":null,"private":1,"password":null}
</script>

<script defer src="js/replays.js?9d40a366"></script>
