<!DOCTYPE html>
<meta charset="utf-8" />
<meta name="viewport" content="width=device-width" />

<title>[Gen 3] OU: StyPur vs. DipMyBalls94 - Replays - Pok&eacute;mon Showdown!</title>

<meta name="description" content="Watch a replay of a Pok&eacute;mon battle between StyPur and DipMyBalls94! Format: [Gen 3] OU; Date: Oct 4, 2024" />
<!--

Hey, you! Looking in the source for the replay log?

You can find them in JSON format, just add `.json` at the end of a replay URL.

https://replay.pokemonshowdown.com/gen7randomdoublesbattle-865046831.json

Or, if you only need the log itself, add `.log` instead:

https://replay.pokemonshowdown.com/gen7randomdoublesbattle-865046831.log

-->

<link rel="stylesheet" href="//pokemonshowdown.com/style/global.css?0.023195364461161105" />
<link rel="stylesheet" href="//play.pokemonshowdown.com/style/font-awesome.css?0.13261647063804238" />
<link rel="stylesheet" href="//play.pokemonshowdown.com/style/battle.css?0.8753245789963631" />
<link rel="stylesheet" href="//play.pokemonshowdown.com/style/utilichart.css?0.8627959624976733" />

<!-- Global site tag (gtag.js) - Google Analytics -->
<script async src="https://www.googletagmanager.com/gtag/js?id=UA-26211653-1"></script>
<script>
  window.dataLayer = window.dataLayer || [];
  function gtag(){dataLayer.push(arguments);}
  gtag('js', new Date());

  gtag('config', 'UA-26211653-1');
</script>
<!-- End Google Analytics -->
<!-- Venatus Ad Manager - Install in <HEAD> of page -->
	<script src="https://hb.vntsm.com/v3/live/ad-manager.min.js" type="text/javascript" data-site-id="642aba63ec9a7b11c3c9c1be" data-mode="scan" async></script>
<!-- / Venatus Ad Manager -->

<style>
	@media (max-width:820px) {
		.battle {
			margin: 0 auto;
		}
		.battle-log {
			margin: 7px auto 0;
			max-width: 640px;
			height: 300px;
			position: static;
		}
	}
	.optgroup {
		display: inline-block;
		line-height: 22px;
		font-size: 10pt;
	}
	.optgroup .button {
		height: 25px;
		padding-top: 0;
		padding-bottom: 0;
	}
	.optgroup button.button {
		padding-left: 12px;
		padding-right: 12px;
	}
	.linklist {
		list-style: none;
		margin: 0.5em 0;
		padding: 0;
	}
	.linklist li {
		padding: 2px 0;
	}
	.sidebar {
		float: left;
		width: 320px;
	}
	.bar-wrapper {
		max-width: 1100px;
		margin: 0 auto;
	}
	.bar-wrapper.has-sidebar {
		max-width: 1430px;
	}
	.mainbar {
		margin: 0;
		padding-right: 1px;
	}
	.mainbar.has-sidebar {
		margin-left: 330px;
	}
	@media (min-width: 1511px) {
		.sidebar {
			width: 400px;
		}
		.bar-wrapper.has-sidebar {
			max-width: 1510px;
		}
		.mainbar.has-sidebar {
			margin-left: 410px;
		}
	}
	.section.first-section {
		margin-top: 9px;
	}
	.blocklink small {
		white-space: normal;
	}
	.button {
		vertical-align: middle;
	}
	.replay-controls {
		padding-top: 10px;
	}
	.replay-controls h1 {
		font-size: 16pt;
		font-weight: normal;
		color: #CCC;
	}
	.pagelink {
		text-align: center;
	}
	.pagelink a {
		width: 150px;
	}
	.textbox, .button {
		font-size: 11pt;
		vertical-align: middle;
	}
	@media (max-width: 450px) {
		.button {
			font-size: 9pt;
		}
	}
</style>

<div>

	<header>
		<div class="nav-wrapper"><ul class="nav">
			<li><a class="button nav-first" href="//pokemonshowdown.com/"><img src="//pokemonshowdown.com/images/pokemonshowdownbeta.png" srcset="//pokemonshowdown.com/images/pokemonshowdownbeta.png 1x, //pokemonshowdown.com/images/pokemonshowdownbeta@2x.png 2x" alt="Pok&eacute;mon Showdown" width="146" height="44" /> Home</a></li>
			<li><a class="button" href="//pokemonshowdown.com/dex/">Pok&eacute;dex</a></li>
			<li><a class="button cur" href="/">Replays</a></li>
			<li><a class="button" href="//pokemonshowdown.com/ladder/">Ladder</a></li>
			<li><a class="button nav-last" href="//pokemonshowdown.com/forums/">Forum</a></li>
			<li><a class="button greenbutton nav-first nav-last" href="//play.pokemonshowdown.com/">Play</a></li>
		</ul></div>
	</header>

	<div class="main" id="main">

		<noscript><section class="section">You need to enable JavaScript to use this page; sorry!</section></noscript>

	</div>

</div>

<script defer nomodule src="//play.pokemonshowdown.com/js/lib/ps-polyfill.js"></script>
<script defer src="//play.pokemonshowdown.com/js/lib/preact.min.js"></script>

<script defer src="//play.pokemonshowdown.com/config/config.js?2bddbc15"></script>
<script defer src="//play.pokemonshowdown.com/js/lib/jquery-1.11.0.min.js"></script>
<script defer src="//play.pokemonshowdown.com/js/lib/html-sanitizer-minified.js"></script>
<script defer src="//play.pokemonshowdown.com/js/battle-sound.js"></script>
<script defer src="//play.pokemonshowdown.com/js/battledata.js?0.7209276989879541"></script>
<script defer src="//play.pokemonshowdown.com/data/pokedex-mini.js?0.6111056340867951"></script>
<script defer src="//play.pokemonshowdown.com/data/pokedex-mini-bw.js?0.3532142036491459"></script>
<script defer src="//play.pokemonshowdown.com/data/graphics.js?0.24223875632456182"></script>
<script defer src="//play.pokemonshowdown.com/data/pokedex.js?0.38839984266356864"></script>
<script defer src="//play.pokemonshowdown.com/data/moves.js?0.21866028504024015"></script>
<script defer src="//play.pokemonshowdown.com/data/abilities.js?0.2005157953846628"></script>
<script defer src="//play.pokemonshowdown.com/data/items.js?0.9894211263848525"></script>
<script defer src="//play.pokemonshowdown.com/data/teambuilder-tables.js?0.6008791140282215"></script>
<script defer src="//play.pokemonshowdown.com/js/battle-tooltips.js?0.7580118955022959"></script>
<script defer src="//play.pokemonshowdown.com/js/battle.js?0.6057722274234274"></script>

<script defer src="js/utils.js?e31f9a17"></script>
<script defer src="js/replays-battle.js?7008c182"></script>

<!-- don't scrape this data! just add .json or .log after the URL!
Full API docs: https://github.com/smogon/pokemon-showdown-client/blob/master/WEB-API.md -->
<script type="text/plain" class="log" id="replaylog-smogtours-gen3ou-794649">
|inactive|Battle timer is ON: inactive players will automatically lose when time's up.
|t:|1728067838
|gametype|singles
|player|p1|StyPur|swimmerf|
|player|p2|DipMyBalls94|dawn-gen4pt|
|teamsize|p1|6
|teamsize|p2|6
|gen|3
|tier|[Gen 3] OU
|rule|Sleep Clause Mod: Limit one foe put to sleep
|rule|Switch Priority Clause Mod: Faster Pokémon switch first
|rule|Species Clause: Limit one of each Pokémon
|rule|OHKO Clause: OHKO moves are banned
|rule|Evasion Items Clause: Evasion items are banned
|rule|Evasion Moves Clause: Evasion moves are banned
|rule|Endless Battle Clause: Forcing endless battles is banned
|rule|HP Percentage Mod: HP is shown in percentages
|rule|One Boost Passer Clause: Limit one Baton Passer that has a way to boost its stats
|rule|Freeze Clause Mod: Limit one foe frozen
|
|t:|1728067838
|start
|switch|p1a: Regirock|Regirock|100/100
|switch|p2a: Hoe Smacker|Tyranitar, F|100/100
|-weather|Sandstorm|[from] ability: Sand Stream|[of] p2a: Hoe Smacker
|turn|1
|inactive|DipMyBalls94 also wants the timer to be on.
|c|☆DipMyBalls94|Hf
|c|☆StyPur|hf
|
|t:|1728067856
|switch|p2a: REAL BALLER|Swampert, M|100/100
|move|p1a: Regirock|Thunder Wave|p2a: REAL BALLER
|-immune|p2a: REAL BALLER
|
|-weather|Sandstorm|[upkeep]
|upkeep
|turn|2
|
|t:|1728067871
|switch|p1a: Suicune|Suicune|100/100
|move|p2a: REAL BALLER|Surf|p1a: Suicune
|-resisted|p1a: Suicune
|-damage|p1a: Suicune|89/100
|
|-weather|Sandstorm|[upkeep]
|-damage|p1a: Suicune|83/100|[from] Sandstorm
|-heal|p1a: Suicune|89/100|[from] item: Leftovers
|upkeep
|turn|3
|
|t:|1728067881
|move|p1a: Suicune|Calm Mind|p1a: Suicune
|-boost|p1a: Suicune|spa|1
|-boost|p1a: Suicune|spd|1
|move|p2a: REAL BALLER|Toxic|p1a: Suicune
|-status|p1a: Suicune|tox
|
|-weather|Sandstorm|[upkeep]
|-damage|p1a: Suicune|83/100 tox|[from] Sandstorm
|-heal|p1a: Suicune|89/100 tox|[from] item: Leftovers
|-damage|p1a: Suicune|83/100 tox|[from] psn
|upkeep
|turn|4
|
|t:|1728067888
|switch|p2a: Doctor Trisha|Blissey, F|100/100
|move|p1a: Suicune|Calm Mind|p1a: Suicune
|-boost|p1a: Suicune|spa|1
|-boost|p1a: Suicune|spd|1
|
|-weather|Sandstorm|[upkeep]
|-damage|p1a: Suicune|77/100 tox|[from] Sandstorm
|-damage|p2a: Doctor Trisha|94/100|[from] Sandstorm
|-heal|p1a: Suicune|83/100 tox|[from] item: Leftovers
|-damage|p1a: Suicune|71/100 tox|[from] psn
|-heal|p2a: Doctor Trisha|100/100|[from] item: Leftovers
|upkeep
|turn|5
|
|t:|1728067903
|move|p1a: Suicune|Rest|p1a: Suicune
|-status|p1a: Suicune|slp|[from] move: Rest
|-heal|p1a: Suicune|100/100 slp|[silent]
|move|p2a: Doctor Trisha|Fire Blast|p1a: Suicune
|-resisted|p1a: Suicune
|-damage|p1a: Suicune|95/100 slp
|
|-weather|Sandstorm|[upkeep]
|-damage|p1a: Suicune|89/100 slp|[from] Sandstorm
|-damage|p2a: Doctor Trisha|94/100|[from] Sandstorm
|-heal|p1a: Suicune|95/100 slp|[from] item: Leftovers
|-heal|p2a: Doctor Trisha|100/100|[from] item: Leftovers
|upkeep
|turn|6
|
|t:|1728067922
|switch|p2a: El Spiker|Skarmory, M|100/100
|cant|p1a: Suicune|slp
|move|p1a: Suicune|Sleep Talk|p1a: Suicune
|move|p1a: Suicune|Calm Mind|p1a: Suicune|[from]Sleep Talk
|-boost|p1a: Suicune|spa|1
|-boost|p1a: Suicune|spd|1
|
|-weather|Sandstorm|[upkeep]
|-damage|p1a: Suicune|89/100 slp|[from] Sandstorm
|-heal|p1a: Suicune|95/100 slp|[from] item: Leftovers
|upkeep
|turn|7
|
|t:|1728067933
|cant|p1a: Suicune|slp
|move|p1a: Suicune|Sleep Talk|p1a: Suicune
|move|p1a: Suicune|Rest|p1a: Suicune|[from]Sleep Talk
|move|p2a: El Spiker|Spikes|p1a: Suicune
|-sidestart|p1: StyPur|Spikes
|
|-weather|Sandstorm|[upkeep]
|-damage|p1a: Suicune|89/100 slp|[from] Sandstorm
|-heal|p1a: Suicune|95/100 slp|[from] item: Leftovers
|upkeep
|turn|8
|
|t:|1728067939
|switch|p2a: Doctor Trisha|Blissey, F|100/100
|-curestatus|p1a: Suicune|slp|[msg]
|move|p1a: Suicune|Surf|p2a: Doctor Trisha
|-damage|p2a: Doctor Trisha|63/100
|
|-weather|Sandstorm|[upkeep]
|-damage|p1a: Suicune|89/100|[from] Sandstorm
|-damage|p2a: Doctor Trisha|57/100|[from] Sandstorm
|-heal|p1a: Suicune|95/100|[from] item: Leftovers
|-heal|p2a: Doctor Trisha|63/100|[from] item: Leftovers
|upkeep
|turn|9
|
|t:|1728067943
|move|p1a: Suicune|Calm Mind|p1a: Suicune
|-boost|p1a: Suicune|spa|1
|-boost|p1a: Suicune|spd|1
|move|p2a: Doctor Trisha|Soft-Boiled|p2a: Doctor Trisha
|-heal|p2a: Doctor Trisha|100/100
|
|-weather|Sandstorm|[upkeep]
|-damage|p1a: Suicune|89/100|[from] Sandstorm
|-damage|p2a: Doctor Trisha|94/100|[from] Sandstorm
|-heal|p1a: Suicune|95/100|[from] item: Leftovers
|-heal|p2a: Doctor Trisha|100/100|[from] item: Leftovers
|upkeep
|turn|10
|
|t:|1728067946
|move|p1a: Suicune|Calm Mind|p1a: Suicune
|-boost|p1a: Suicune|spa|1
|-boost|p1a: Suicune|spd|1
|move|p2a: Doctor Trisha|Toxic|p1a: Suicune|[miss]
|-miss|p2a: Doctor Trisha|p1a: Suicune
|
|-weather|Sandstorm|[upkeep]
|-damage|p1a: Suicune|89/100|[from] Sandstorm
|-damage|p2a: Doctor Trisha|94/100|[from] Sandstorm
|-heal|p1a: Suicune|95/100|[from] item: Leftovers
|-heal|p2a: Doctor Trisha|100/100|[from] item: Leftovers
|upkeep
|turn|11
|
|t:|1728067948
|move|p1a: Suicune|Calm Mind|p1a: Suicune
|-boost|p1a: Suicune|spa|1
|-boost|p1a: Suicune|spd|1
|move|p2a: Doctor Trisha|Toxic|p1a: Suicune|[miss]
|-miss|p2a: Doctor Trisha|p1a: Suicune
|
|-weather|Sandstorm|[upkeep]
|-damage|p1a: Suicune|89/100|[from] Sandstorm
|-damage|p2a: Doctor Trisha|94/100|[from] Sandstorm
|-heal|p1a: Suicune|95/100|[from] item: Leftovers
|-heal|p2a: Doctor Trisha|100/100|[from] item: Leftovers
|upkeep
|turn|12
|
|t:|1728067954
|move|p1a: Suicune|Surf|p2a: Doctor Trisha
|-crit|p2a: Doctor Trisha
|-damage|p2a: Doctor Trisha|0 fnt
|faint|p2a: Doctor Trisha
|
|t:|1728067963
|switch|p2a: DipMyBalls|Starmie|100/100
|
|-weather|Sandstorm|[upkeep]
|-damage|p2a: DipMyBalls|94/100|[from] Sandstorm
|-damage|p1a: Suicune|89/100|[from] Sandstorm
|-heal|p2a: DipMyBalls|100/100|[from] item: Leftovers
|-heal|p1a: Suicune|95/100|[from] item: Leftovers
|upkeep
|turn|13
|
|t:|1728067965
|move|p2a: DipMyBalls|Thunderbolt|p1a: Suicune
|-supereffective|p1a: Suicune
|-damage|p1a: Suicune|85/100
|move|p1a: Suicune|Surf|p2a: DipMyBalls
|-resisted|p2a: DipMyBalls
|-damage|p2a: DipMyBalls|0 fnt
|faint|p2a: DipMyBalls
|
|t:|1728067970
|switch|p2a: Edging in the sky|Aerodactyl, F|100/100
|
|-weather|Sandstorm|[upkeep]
|-damage|p1a: Suicune|78/100|[from] Sandstorm
|-heal|p1a: Suicune|85/100|[from] item: Leftovers
|upkeep
|turn|14
|
|t:|1728067972
|move|p2a: Edging in the sky|Rock Slide|p1a: Suicune
|-damage|p1a: Suicune|47/100
|cant|p1a: Suicune|flinch
|
|-weather|Sandstorm|[upkeep]
|-damage|p1a: Suicune|41/100|[from] Sandstorm
|-heal|p1a: Suicune|47/100|[from] item: Leftovers
|upkeep
|turn|15
|
|t:|1728067975
|move|p2a: Edging in the sky|Rock Slide|p1a: Suicune
|-damage|p1a: Suicune|11/100
|cant|p1a: Suicune|flinch
|
|-weather|Sandstorm|[upkeep]
|-damage|p1a: Suicune|5/100|[from] Sandstorm
|-heal|p1a: Suicune|11/100|[from] item: Leftovers
|upkeep
|turn|16
|
|t:|1728067985
|switch|p1a: Metagross|Metagross|100/100
|-damage|p1a: Metagross|88/100|[from] Spikes
|move|p2a: Edging in the sky|Rock Slide|p1a: Metagross
|-resisted|p1a: Metagross
|-damage|p1a: Metagross|67/100
|
|-weather|Sandstorm|[upkeep]
|-heal|p1a: Metagross|73/100|[from] item: Leftovers
|upkeep
|turn|17
|
|t:|1728067992
|switch|p2a: El Spiker|Skarmory, M|100/100
|switch|p1a: Magneton|Magneton|100/100
|-damage|p1a: Magneton|88/100|[from] Spikes
|
|-weather|Sandstorm|[upkeep]
|upkeep
|turn|18
|
|t:|1728067995
|move|p1a: Magneton|Thunderbolt|p2a: El Spiker
|-supereffective|p2a: El Spiker
|-damage|p2a: El Spiker|0 fnt
|faint|p2a: El Spiker
|
|t:|1728068011
|switch|p2a: REAL BALLER|Swampert, M|100/100
|
|-weather|Sandstorm|[upkeep]
|upkeep
|turn|19
|
|t:|1728068039
|switch|p1a: Suicune|Suicune|11/100
|-damage|p1a: Suicune|0 fnt|[from] Spikes
|faint|p1a: Suicune
|
|t:|1728068041
|switch|p1a: Snorlax|Snorlax, M|100/100
|-damage|p1a: Snorlax|88/100|[from] Spikes
|
|-weather|Sandstorm|[upkeep]
|-damage|p1a: Snorlax|82/100|[from] Sandstorm
|-heal|p1a: Snorlax|88/100|[from] item: Leftovers
|upkeep
|turn|20
|inactive|DipMyBalls94 has 270 seconds left.
|
|t:|1728068089
|move|p2a: REAL BALLER|Surf|p1a: Snorlax
|-damage|p1a: Snorlax|72/100
|move|p1a: Snorlax|Curse|p1a: Snorlax
|-unboost|p1a: Snorlax|spe|1
|-boost|p1a: Snorlax|atk|1
|-boost|p1a: Snorlax|def|1
|
|-weather|Sandstorm|[upkeep]
|-damage|p1a: Snorlax|66/100|[from] Sandstorm
|-heal|p1a: Snorlax|72/100|[from] item: Leftovers
|upkeep
|turn|21
|inactive|DipMyBalls94 has 240 seconds left.
|
|t:|1728068121
|move|p2a: REAL BALLER|Surf|p1a: Snorlax
|-damage|p1a: Snorlax|55/100
|move|p1a: Snorlax|Curse|p1a: Snorlax
|-unboost|p1a: Snorlax|spe|1
|-boost|p1a: Snorlax|atk|1
|-boost|p1a: Snorlax|def|1
|
|-weather|Sandstorm|[upkeep]
|-damage|p1a: Snorlax|49/100|[from] Sandstorm
|-heal|p1a: Snorlax|55/100|[from] item: Leftovers
|upkeep
|turn|22
|inactive|DipMyBalls94 has 240 seconds left.
|
|t:|1728068152
|move|p2a: REAL BALLER|Surf|p1a: Snorlax
|-crit|p1a: Snorlax
|-damage|p1a: Snorlax|22/100
|move|p1a: Snorlax|Curse|p1a: Snorlax
|-unboost|p1a: Snorlax|spe|1
|-boost|p1a: Snorlax|atk|1
|-boost|p1a: Snorlax|def|1
|
|-weather|Sandstorm|[upkeep]
|-damage|p1a: Snorlax|16/100|[from] Sandstorm
|-heal|p1a: Snorlax|22/100|[from] item: Leftovers
|upkeep
|turn|23
|
|t:|1728068163
|move|p2a: REAL BALLER|Protect|p2a: REAL BALLER
|-singleturn|p2a: REAL BALLER|Protect
|move|p1a: Snorlax|Earthquake|p2a: REAL BALLER
|-activate|p2a: REAL BALLER|Protect
|
|-weather|Sandstorm|[upkeep]
|-damage|p1a: Snorlax|16/100|[from] Sandstorm
|-heal|p1a: Snorlax|22/100|[from] item: Leftovers
|upkeep
|turn|24
|inactive|DipMyBalls94 has 210 seconds left.
|
|t:|1728068199
|move|p2a: REAL BALLER|Protect|p2a: REAL BALLER
|-singleturn|p2a: REAL BALLER|Protect
|move|p1a: Snorlax|Self-Destruct|p2a: REAL BALLER
|-activate|p2a: REAL BALLER|Protect
|faint|p1a: Snorlax
|
|t:|1728068208
|switch|p1a: Metagross|Metagross|73/100
|-damage|p1a: Metagross|61/100|[from] Spikes
|
|-weather|Sandstorm|[upkeep]
|-heal|p1a: Metagross|67/100|[from] item: Leftovers
|upkeep
|turn|25
|inactive|DipMyBalls94 has 210 seconds left.
|
|t:|1728068238
|move|p1a: Metagross|Meteor Mash|p2a: REAL BALLER
|-resisted|p2a: REAL BALLER
|-damage|p2a: REAL BALLER|78/100
|move|p2a: REAL BALLER|Surf|p1a: Metagross
|-damage|p1a: Metagross|34/100
|
|-weather|Sandstorm|[upkeep]
|-heal|p1a: Metagross|40/100|[from] item: Leftovers
|-heal|p2a: REAL BALLER|84/100|[from] item: Leftovers
|upkeep
|turn|26
|
|t:|1728068248
|move|p2a: REAL BALLER|Protect|p2a: REAL BALLER
|-singleturn|p2a: REAL BALLER|Protect
|move|p1a: Metagross|Meteor Mash|p2a: REAL BALLER|[miss]
|-miss|p1a: Metagross|p2a: REAL BALLER
|
|-weather|Sandstorm|[upkeep]
|-heal|p1a: Metagross|46/100|[from] item: Leftovers
|-heal|p2a: REAL BALLER|91/100|[from] item: Leftovers
|upkeep
|turn|27
|
|t:|1728068263
|move|p1a: Metagross|Explosion|p2a: REAL BALLER
|-damage|p2a: REAL BALLER|0 fnt
|faint|p1a: Metagross
|faint|p2a: REAL BALLER
|inactive|DipMyBalls94 has 180 seconds left.
|inactive|StyPur has 270 seconds left.
|inactive|StyPur has 240 seconds left.
|inactive|StyPur has 210 seconds left.
|
|t:|1728068371
|switch|p1a: Magneton|Magneton|88/100
|switch|p2a: Hoe Smacker|Tyranitar, F|100/100
|-damage|p1a: Magneton|76/100|[from] Spikes
|
|-weather|Sandstorm|[upkeep]
|upkeep
|turn|28
|
|t:|1728068394
|move|p1a: Magneton|Thunder Wave|p2a: Hoe Smacker
|-status|p2a: Hoe Smacker|par
|move|p2a: Hoe Smacker|Dragon Dance|p2a: Hoe Smacker
|-boost|p2a: Hoe Smacker|atk|1
|-boost|p2a: Hoe Smacker|spe|1
|
|-weather|Sandstorm|[upkeep]
|upkeep
|turn|29
|
|t:|1728068402
|switch|p1a: Regirock|Regirock|100/100
|-damage|p1a: Regirock|88/100|[from] Spikes
|cant|p2a: Hoe Smacker|par
|
|-weather|Sandstorm|[upkeep]
|-heal|p1a: Regirock|94/100|[from] item: Leftovers
|upkeep
|turn|30
|
|t:|1728068408
|move|p1a: Regirock|Earthquake|p2a: Hoe Smacker
|-supereffective|p2a: Hoe Smacker
|-damage|p2a: Hoe Smacker|49/100 par
|cant|p2a: Hoe Smacker|par
|
|-weather|Sandstorm|[upkeep]
|-heal|p1a: Regirock|99/100|[from] item: Leftovers
|-heal|p2a: Hoe Smacker|55/100 par|[from] item: Leftovers
|upkeep
|turn|31
|
|t:|1728068411
|move|p1a: Regirock|Earthquake|p2a: Hoe Smacker
|-supereffective|p2a: Hoe Smacker
|-damage|p2a: Hoe Smacker|5/100 par
|move|p2a: Hoe Smacker|Earthquake|p1a: Regirock
|-supereffective|p1a: Regirock
|-damage|p1a: Regirock|44/100
|
|-weather|Sandstorm|[upkeep]
|-heal|p1a: Regirock|50/100|[from] item: Leftovers
|-heal|p2a: Hoe Smacker|12/100 par|[from] item: Leftovers
|upkeep
|turn|32
|
|t:|1728068416
|move|p1a: Regirock|Earthquake|p2a: Hoe Smacker
|-supereffective|p2a: Hoe Smacker
|-damage|p2a: Hoe Smacker|0 fnt
|faint|p2a: Hoe Smacker
|
|t:|1728068419
|switch|p2a: Edging in the sky|Aerodactyl, F|100/100
|
|-weather|Sandstorm|[upkeep]
|-heal|p1a: Regirock|55/100|[from] item: Leftovers
|upkeep
|turn|33
|
|t:|1728068440
|move|p2a: Edging in the sky|Earthquake|p1a: Regirock
|-supereffective|p1a: Regirock
|-damage|p1a: Regirock|8/100
|move|p1a: Regirock|Rock Slide|p2a: Edging in the sky
|-supereffective|p2a: Edging in the sky
|-damage|p2a: Edging in the sky|0 fnt
|faint|p2a: Edging in the sky
|
|win|StyPur
|c|☆StyPur|gg
|c|☆DipMyBalls94|Gg
|c|☆DipMyBalls94|/log DipMyBalls94 made the replay of this battle unlisted.
|player|p2|

</script>
<script type="application/json" class="data" id="replaydata-smogtours-gen3ou-794649">
{"id":"smogtours-gen3ou-794649","format":"[Gen 3] OU","players":["StyPur","DipMyBalls94"],"uploadtime":1728068440,"views":87,"formatid":"gen3ou","rating":null,"private":1,"password":null}
</script>

<script defer src="js/replays.js?9d40a366"></script>
