<!DOCTYPE html>
<meta charset="utf-8" />
<meta name="viewport" content="width=device-width" />

<title>[Gen 3] OU: Stockings vs. Figull400 - Replays - Pok&eacute;mon Showdown!</title>

<meta name="description" content="Watch a replay of a Pok&eacute;mon battle between Stockings and Figull400! Format: [Gen 3] OU; Date: Oct 30, 2024" />
<!--

Hey, you! Looking in the source for the replay log?

You can find them in JSON format, just add `.json` at the end of a replay URL.

https://replay.pokemonshowdown.com/gen7randomdoublesbattle-865046831.json

Or, if you only need the log itself, add `.log` instead:

https://replay.pokemonshowdown.com/gen7randomdoublesbattle-865046831.log

-->

<link rel="stylesheet" href="//pokemonshowdown.com/style/global.css?0.023195364461161105" />
<link rel="stylesheet" href="//play.pokemonshowdown.com/style/font-awesome.css?0.13261647063804238" />
<link rel="stylesheet" href="//play.pokemonshowdown.com/style/battle.css?0.8753245789963631" />
<link rel="stylesheet" href="//play.pokemonshowdown.com/style/utilichart.css?0.8627959624976733" />

<!-- Global site tag (gtag.js) - Google Analytics -->
<script async src="https://www.googletagmanager.com/gtag/js?id=UA-26211653-1"></script>
<script>
  window.dataLayer = window.dataLayer || [];
  function gtag(){dataLayer.push(arguments);}
  gtag('js', new Date());

  gtag('config', 'UA-26211653-1');
</script>
<!-- End Google Analytics -->
<!-- Venatus Ad Manager - Install in <HEAD> of page -->
	<script src="https://hb.vntsm.com/v3/live/ad-manager.min.js" type="text/javascript" data-site-id="642aba63ec9a7b11c3c9c1be" data-mode="scan" async></script>
<!-- / Venatus Ad Manager -->

<style>
	@media (max-width:820px) {
		.battle {
			margin: 0 auto;
		}
		.battle-log {
			margin: 7px auto 0;
			max-width: 640px;
			height: 300px;
			position: static;
		}
	}
	.optgroup {
		display: inline-block;
		line-height: 22px;
		font-size: 10pt;
	}
	.optgroup .button {
		height: 25px;
		padding-top: 0;
		padding-bottom: 0;
	}
	.optgroup button.button {
		padding-left: 12px;
		padding-right: 12px;
	}
	.linklist {
		list-style: none;
		margin: 0.5em 0;
		padding: 0;
	}
	.linklist li {
		padding: 2px 0;
	}
	.sidebar {
		float: left;
		width: 320px;
	}
	.bar-wrapper {
		max-width: 1100px;
		margin: 0 auto;
	}
	.bar-wrapper.has-sidebar {
		max-width: 1430px;
	}
	.mainbar {
		margin: 0;
		padding-right: 1px;
	}
	.mainbar.has-sidebar {
		margin-left: 330px;
	}
	@media (min-width: 1511px) {
		.sidebar {
			width: 400px;
		}
		.bar-wrapper.has-sidebar {
			max-width: 1510px;
		}
		.mainbar.has-sidebar {
			margin-left: 410px;
		}
	}
	.section.first-section {
		margin-top: 9px;
	}
	.blocklink small {
		white-space: normal;
	}
	.button {
		vertical-align: middle;
	}
	.replay-controls {
		padding-top: 10px;
	}
	.replay-controls h1 {
		font-size: 16pt;
		font-weight: normal;
		color: #CCC;
	}
	.pagelink {
		text-align: center;
	}
	.pagelink a {
		width: 150px;
	}
	.textbox, .button {
		font-size: 11pt;
		vertical-align: middle;
	}
	@media (max-width: 450px) {
		.button {
			font-size: 9pt;
		}
	}
</style>

<div>

	<header>
		<div class="nav-wrapper"><ul class="nav">
			<li><a class="button nav-first" href="//pokemonshowdown.com/"><img src="//pokemonshowdown.com/images/pokemonshowdownbeta.png" srcset="//pokemonshowdown.com/images/pokemonshowdownbeta.png 1x, //pokemonshowdown.com/images/pokemonshowdownbeta@2x.png 2x" alt="Pok&eacute;mon Showdown" width="146" height="44" /> Home</a></li>
			<li><a class="button" href="//pokemonshowdown.com/dex/">Pok&eacute;dex</a></li>
			<li><a class="button cur" href="/">Replays</a></li>
			<li><a class="button" href="//pokemonshowdown.com/ladder/">Ladder</a></li>
			<li><a class="button nav-last" href="//pokemonshowdown.com/forums/">Forum</a></li>
			<li><a class="button greenbutton nav-first nav-last" href="//play.pokemonshowdown.com/">Play</a></li>
		</ul></div>
	</header>

	<div class="main" id="main">

		<noscript><section class="section">You need to enable JavaScript to use this page; sorry!</section></noscript>

	</div>

</div>

<script defer nomodule src="//play.pokemonshowdown.com/js/lib/ps-polyfill.js"></script>
<script defer src="//play.pokemonshowdown.com/js/lib/preact.min.js"></script>

<script defer src="//play.pokemonshowdown.com/config/config.js?2bddbc15"></script>
<script defer src="//play.pokemonshowdown.com/js/lib/jquery-1.11.0.min.js"></script>
<script defer src="//play.pokemonshowdown.com/js/lib/html-sanitizer-minified.js"></script>
<script defer src="//play.pokemonshowdown.com/js/battle-sound.js"></script>
<script defer src="//play.pokemonshowdown.com/js/battledata.js?0.7209276989879541"></script>
<script defer src="//play.pokemonshowdown.com/data/pokedex-mini.js?0.6111056340867951"></script>
<script defer src="//play.pokemonshowdown.com/data/pokedex-mini-bw.js?0.3532142036491459"></script>
<script defer src="//play.pokemonshowdown.com/data/graphics.js?0.24223875632456182"></script>
<script defer src="//play.pokemonshowdown.com/data/pokedex.js?0.38839984266356864"></script>
<script defer src="//play.pokemonshowdown.com/data/moves.js?0.21866028504024015"></script>
<script defer src="//play.pokemonshowdown.com/data/abilities.js?0.2005157953846628"></script>
<script defer src="//play.pokemonshowdown.com/data/items.js?0.9894211263848525"></script>
<script defer src="//play.pokemonshowdown.com/data/teambuilder-tables.js?0.6008791140282215"></script>
<script defer src="//play.pokemonshowdown.com/js/battle-tooltips.js?0.7580118955022959"></script>
<script defer src="//play.pokemonshowdown.com/js/battle.js?0.6057722274234274"></script>

<script defer src="js/utils.js?e31f9a17"></script>
<script defer src="js/replays-battle.js?7008c182"></script>

<!-- don't scrape this data! just add .json or .log after the URL!
Full API docs: https://github.com/smogon/pokemon-showdown-client/blob/master/WEB-API.md -->
<script type="text/plain" class="log" id="replaylog-smogtours-gen3ou-803485">
|inactive|Battle timer is ON: inactive players will automatically lose when time's up.
|t:|1730323361
|gametype|singles
|player|p1|Stockings|#advpliii|
|player|p2|Figull400|gambler|
|teamsize|p1|6
|teamsize|p2|6
|gen|3
|tier|[Gen 3] OU
|rule|Sleep Clause Mod: Limit one foe put to sleep
|rule|Switch Priority Clause Mod: Faster Pokémon switch first
|rule|Species Clause: Limit one of each Pokémon
|rule|OHKO Clause: OHKO moves are banned
|rule|Evasion Items Clause: Evasion items are banned
|rule|Evasion Moves Clause: Evasion moves are banned
|rule|Endless Battle Clause: Forcing endless battles is banned
|rule|HP Percentage Mod: HP is shown in percentages
|rule|One Boost Passer Clause: Limit one Baton Passer that has a way to boost its stats
|rule|Freeze Clause Mod: Limit one foe frozen
|
|t:|1730323361
|start
|switch|p1a: stayinit|Zapdos|100/100
|switch|p2a: Tyranitar|Tyranitar, M|100/100
|-weather|Sandstorm|[from] ability: Sand Stream|[of] p2a: Tyranitar
|turn|1
|c|☆Figull400|hf
|c|☆Stockings|hfhf
|
|t:|1730323381
|switch|p1a: ItsNotREEAALLLLLLL|Swampert, F|100/100
|move|p2a: Tyranitar|Rock Slide|p1a: ItsNotREEAALLLLLLL|[miss]
|-miss|p2a: Tyranitar|p1a: ItsNotREEAALLLLLLL
|
|-weather|Sandstorm|[upkeep]
|upkeep
|turn|2
|
|t:|1730323387
|switch|p2a: Skarmory|Skarmory, M|100/100
|switch|p1a: stayinit|Zapdos|100/100
|
|-weather|Sandstorm|[upkeep]
|-damage|p1a: stayinit|94/100|[from] Sandstorm
|-heal|p1a: stayinit|100/100|[from] item: Leftovers
|upkeep
|turn|3
|inactive|Figull400 has 270 seconds left.
|
|t:|1730323418
|switch|p2a: Blissey|Blissey, F|100/100
|move|p1a: stayinit|Thunderbolt|p2a: Blissey
|-damage|p2a: Blissey|81/100
|
|-weather|Sandstorm|[upkeep]
|-damage|p1a: stayinit|94/100|[from] Sandstorm
|-damage|p2a: Blissey|75/100|[from] Sandstorm
|-heal|p1a: stayinit|100/100|[from] item: Leftovers
|-heal|p2a: Blissey|81/100|[from] item: Leftovers
|upkeep
|turn|4
|
|t:|1730323427
|switch|p1a: leavemealone|Metagross|100/100
|move|p2a: Blissey|Ice Beam|p1a: leavemealone
|-resisted|p1a: leavemealone
|-damage|p1a: leavemealone|84/100
|
|-weather|Sandstorm|[upkeep]
|-damage|p2a: Blissey|75/100|[from] Sandstorm
|-heal|p1a: leavemealone|91/100|[from] item: Leftovers
|-heal|p2a: Blissey|81/100|[from] item: Leftovers
|upkeep
|turn|5
|
|t:|1730323440
|switch|p1a: stayinit|Zapdos|100/100
|switch|p2a: Skarmory|Skarmory, M|100/100
|
|-weather|Sandstorm|[upkeep]
|-damage|p1a: stayinit|94/100|[from] Sandstorm
|-heal|p1a: stayinit|100/100|[from] item: Leftovers
|upkeep
|turn|6
|
|t:|1730323455
|switch|p2a: Blissey|Blissey, F|81/100
|move|p1a: stayinit|Thunderbolt|p2a: Blissey
|-damage|p2a: Blissey|61/100
|
|-weather|Sandstorm|[upkeep]
|-damage|p1a: stayinit|94/100|[from] Sandstorm
|-damage|p2a: Blissey|55/100|[from] Sandstorm
|-heal|p1a: stayinit|100/100|[from] item: Leftovers
|-heal|p2a: Blissey|61/100|[from] item: Leftovers
|upkeep
|turn|7
|
|t:|1730323462
|move|p1a: stayinit|Thunderbolt|p2a: Blissey
|-damage|p2a: Blissey|42/100
|move|p2a: Blissey|Soft-Boiled|p2a: Blissey
|-heal|p2a: Blissey|92/100
|
|-weather|Sandstorm|[upkeep]
|-damage|p1a: stayinit|94/100|[from] Sandstorm
|-damage|p2a: Blissey|86/100|[from] Sandstorm
|-heal|p1a: stayinit|100/100|[from] item: Leftovers
|-heal|p2a: Blissey|92/100|[from] item: Leftovers
|upkeep
|turn|8
|
|t:|1730323472
|switch|p1a: leavemealone|Metagross|91/100
|move|p2a: Blissey|Fire Blast|p1a: leavemealone|[miss]
|-miss|p2a: Blissey|p1a: leavemealone
|
|-weather|Sandstorm|[upkeep]
|-damage|p2a: Blissey|86/100|[from] Sandstorm
|-heal|p1a: leavemealone|97/100|[from] item: Leftovers
|-heal|p2a: Blissey|92/100|[from] item: Leftovers
|upkeep
|turn|9
|
|t:|1730323475
|switch|p2a: Skarmory|Skarmory, M|100/100
|move|p1a: leavemealone|Hidden Power|p2a: Skarmory
|-supereffective|p2a: Skarmory
|-damage|p2a: Skarmory|61/100
|
|-weather|Sandstorm|[upkeep]
|-heal|p1a: leavemealone|100/100|[from] item: Leftovers
|-heal|p2a: Skarmory|67/100|[from] item: Leftovers
|upkeep
|turn|10
|
|t:|1730323484
|move|p1a: leavemealone|Hidden Power|p2a: Skarmory
|-supereffective|p2a: Skarmory
|-damage|p2a: Skarmory|24/100
|move|p2a: Skarmory|Spikes|p1a: leavemealone
|-sidestart|p1: Stockings|Spikes
|
|-weather|Sandstorm|[upkeep]
|-heal|p2a: Skarmory|30/100|[from] item: Leftovers
|upkeep
|turn|11
|
|t:|1730323490
|move|p2a: Skarmory|Protect|p2a: Skarmory
|-singleturn|p2a: Skarmory|Protect
|move|p1a: leavemealone|Hidden Power|p2a: Skarmory
|-activate|p2a: Skarmory|Protect
|
|-weather|Sandstorm|[upkeep]
|-heal|p2a: Skarmory|36/100|[from] item: Leftovers
|upkeep
|turn|12
|
|t:|1730323494
|switch|p2a: Swampert|Swampert, M|100/100
|move|p1a: leavemealone|Hidden Power|p2a: Swampert
|-resisted|p2a: Swampert
|-damage|p2a: Swampert|91/100
|
|-weather|Sandstorm|[upkeep]
|-heal|p2a: Swampert|98/100|[from] item: Leftovers
|upkeep
|turn|13
|inactive|Stockings has 270 seconds left.
|
|t:|1730323535
|switch|p1a: stayinit|Zapdos|100/100
|move|p2a: Swampert|Hydro Pump|p1a: stayinit
|-damage|p1a: stayinit|57/100
|
|-weather|Sandstorm|[upkeep]
|-damage|p1a: stayinit|51/100|[from] Sandstorm
|-heal|p1a: stayinit|57/100|[from] item: Leftovers
|-heal|p2a: Swampert|100/100|[from] item: Leftovers
|upkeep
|turn|14
|
|t:|1730323545
|switch|p2a: Blissey|Blissey, F|92/100
|move|p1a: stayinit|Toxic|p2a: Blissey
|-status|p2a: Blissey|tox
|
|-weather|Sandstorm|[upkeep]
|-damage|p1a: stayinit|51/100|[from] Sandstorm
|-damage|p2a: Blissey|86/100 tox|[from] Sandstorm
|-heal|p1a: stayinit|57/100|[from] item: Leftovers
|-heal|p2a: Blissey|92/100 tox|[from] item: Leftovers
|-damage|p2a: Blissey|86/100 tox|[from] psn
|upkeep
|turn|15
|
|t:|1730323553
|switch|p1a: Jungle|Charizard, M|100/100
|move|p2a: Blissey|Ice Beam|p1a: Jungle
|-damage|p1a: Jungle|69/100
|
|-weather|Sandstorm|[upkeep]
|-damage|p1a: Jungle|63/100|[from] Sandstorm
|-damage|p2a: Blissey|80/100 tox|[from] Sandstorm
|-heal|p1a: Jungle|69/100|[from] item: Leftovers
|-heal|p2a: Blissey|86/100 tox|[from] item: Leftovers
|-damage|p2a: Blissey|74/100 tox|[from] psn
|upkeep
|turn|16
|inactive|Stockings has 270 seconds left.
|
|t:|1730323574
|-curestatus|p2a: Blissey|tox|[from] ability: Natural Cure
|switch|p2a: Gengar|Gengar, F|100/100
|move|p1a: Jungle|Beat Up|p2a: Gengar
|-damage|p2a: Gengar|97/100
|-crit|p2a: Gengar
|-damage|p2a: Gengar|87/100
|-damage|p2a: Gengar|82/100
|-damage|p2a: Gengar|75/100
|-damage|p2a: Gengar|69/100
|-damage|p2a: Gengar|66/100
|-hitcount|p2a: Gengar|6
|
|-weather|Sandstorm|[upkeep]
|-damage|p2a: Gengar|60/100|[from] Sandstorm
|-damage|p1a: Jungle|63/100|[from] Sandstorm
|-heal|p2a: Gengar|66/100|[from] item: Leftovers
|-heal|p1a: Jungle|69/100|[from] item: Leftovers
|upkeep
|turn|17
|
|t:|1730323585
|switch|p1a: Rumble|Tyranitar, M|100/100
|-damage|p1a: Rumble|88/100|[from] Spikes
|move|p2a: Gengar|Thunderbolt|p1a: Rumble
|-damage|p1a: Rumble|66/100
|
|-weather|Sandstorm|[upkeep]
|-damage|p2a: Gengar|60/100|[from] Sandstorm
|-heal|p2a: Gengar|66/100|[from] item: Leftovers
|-heal|p1a: Rumble|72/100|[from] item: Leftovers
|upkeep
|turn|18
|
|t:|1730323606
|move|p2a: Gengar|Will-O-Wisp|p1a: Rumble
|-status|p1a: Rumble|brn
|move|p1a: Rumble|Rock Slide|p2a: Gengar
|-damage|p2a: Gengar|30/100
|
|-weather|Sandstorm|[upkeep]
|-damage|p2a: Gengar|24/100|[from] Sandstorm
|-heal|p2a: Gengar|30/100|[from] item: Leftovers
|-heal|p1a: Rumble|78/100 brn|[from] item: Leftovers
|-damage|p1a: Rumble|66/100 brn|[from] brn
|upkeep
|turn|19
|
|t:|1730323620
|switch|p2a: Skarmory|Skarmory, M|36/100
|switch|p1a: Jungle|Charizard, M|69/100
|
|-weather|Sandstorm|[upkeep]
|-damage|p1a: Jungle|63/100|[from] Sandstorm
|-heal|p1a: Jungle|69/100|[from] item: Leftovers
|-heal|p2a: Skarmory|42/100|[from] item: Leftovers
|upkeep
|turn|20
|
|t:|1730323627
|switch|p2a: Tyranitar|Tyranitar, M|100/100
|move|p1a: Jungle|Flamethrower|p2a: Tyranitar
|-resisted|p2a: Tyranitar
|-damage|p2a: Tyranitar|82/100
|
|-weather|Sandstorm|[upkeep]
|-damage|p1a: Jungle|63/100|[from] Sandstorm
|-heal|p1a: Jungle|69/100|[from] item: Leftovers
|-heal|p2a: Tyranitar|88/100|[from] item: Leftovers
|upkeep
|turn|21
|
|t:|1730323636
|-singleturn|p2a: Tyranitar|move: Focus Punch
|switch|p1a: ItsNotREEAALLLLLLL|Swampert, F|100/100
|-damage|p1a: ItsNotREEAALLLLLLL|88/100|[from] Spikes
|move|p2a: Tyranitar|Focus Punch|p1a: ItsNotREEAALLLLLLL
|-damage|p1a: ItsNotREEAALLLLLLL|30/100
|
|-weather|Sandstorm|[upkeep]
|-heal|p2a: Tyranitar|94/100|[from] item: Leftovers
|-heal|p1a: ItsNotREEAALLLLLLL|36/100|[from] item: Leftovers
|upkeep
|turn|22
|inactive|Figull400 has 270 seconds left.
|
|t:|1730323668
|switch|p1a: Jungle|Charizard, M|69/100
|move|p2a: Tyranitar|Earthquake|p1a: Jungle
|-immune|p1a: Jungle
|
|-weather|Sandstorm|[upkeep]
|-damage|p1a: Jungle|63/100|[from] Sandstorm
|-heal|p1a: Jungle|69/100|[from] item: Leftovers
|-heal|p2a: Tyranitar|99/100|[from] item: Leftovers
|upkeep
|turn|23
|inactive|Stockings has 270 seconds left.
|
|t:|1730323682
|switch|p1a: ItsNotREEAALLLLLLL|Swampert, F|36/100
|-damage|p1a: ItsNotREEAALLLLLLL|24/100|[from] Spikes
|move|p2a: Tyranitar|Earthquake|p1a: ItsNotREEAALLLLLLL
|-damage|p1a: ItsNotREEAALLLLLLL|0 fnt
|faint|p1a: ItsNotREEAALLLLLLL
|
|t:|1730323686
|switch|p1a: leavemealone|Metagross|100/100
|-damage|p1a: leavemealone|88/100|[from] Spikes
|
|-weather|Sandstorm|[upkeep]
|-heal|p1a: leavemealone|94/100|[from] item: Leftovers
|-heal|p2a: Tyranitar|100/100|[from] item: Leftovers
|upkeep
|turn|24
|
|t:|1730323695
|switch|p2a: Swampert|Swampert, M|100/100
|move|p1a: leavemealone|Meteor Mash|p2a: Swampert
|-resisted|p2a: Swampert
|-damage|p2a: Swampert|84/100
|
|-weather|Sandstorm|[upkeep]
|-heal|p1a: leavemealone|100/100|[from] item: Leftovers
|-heal|p2a: Swampert|91/100|[from] item: Leftovers
|upkeep
|turn|25
|
|t:|1730323699
|move|p1a: leavemealone|Explosion|p2a: Swampert
|-damage|p2a: Swampert|0 fnt
|faint|p1a: leavemealone
|faint|p2a: Swampert
|
|t:|1730323707
|switch|p1a: stayinit|Zapdos|57/100
|switch|p2a: Tyranitar|Tyranitar, M|100/100
|
|-weather|Sandstorm|[upkeep]
|-damage|p1a: stayinit|51/100|[from] Sandstorm
|-heal|p1a: stayinit|57/100|[from] item: Leftovers
|upkeep
|turn|26
|
|t:|1730323722
|move|p1a: stayinit|Thunder Wave|p2a: Tyranitar
|-status|p2a: Tyranitar|par
|cant|p2a: Tyranitar|par
|
|-weather|Sandstorm|[upkeep]
|-damage|p1a: stayinit|51/100|[from] Sandstorm
|-heal|p1a: stayinit|57/100|[from] item: Leftovers
|upkeep
|turn|27
|
|t:|1730323727
|move|p1a: stayinit|Thunderbolt|p2a: Tyranitar
|-damage|p2a: Tyranitar|57/100 par
|cant|p2a: Tyranitar|par
|
|-weather|Sandstorm|[upkeep]
|-damage|p1a: stayinit|51/100|[from] Sandstorm
|-heal|p1a: stayinit|57/100|[from] item: Leftovers
|-heal|p2a: Tyranitar|63/100 par|[from] item: Leftovers
|upkeep
|turn|28
|
|t:|1730323736
|switch|p2a: Blissey|Blissey, F|74/100
|move|p1a: stayinit|Thunderbolt|p2a: Blissey
|-damage|p2a: Blissey|53/100
|
|-weather|Sandstorm|[upkeep]
|-damage|p1a: stayinit|51/100|[from] Sandstorm
|-damage|p2a: Blissey|47/100|[from] Sandstorm
|-heal|p1a: stayinit|57/100|[from] item: Leftovers
|-heal|p2a: Blissey|53/100|[from] item: Leftovers
|upkeep
|turn|29
|
|t:|1730323747
|switch|p1a: Jungle|Charizard, M|69/100
|move|p2a: Blissey|Soft-Boiled|p2a: Blissey
|-heal|p2a: Blissey|100/100
|
|-weather|Sandstorm|[upkeep]
|-damage|p1a: Jungle|63/100|[from] Sandstorm
|-damage|p2a: Blissey|94/100|[from] Sandstorm
|-heal|p1a: Jungle|69/100|[from] item: Leftovers
|-heal|p2a: Blissey|100/100|[from] item: Leftovers
|upkeep
|turn|30
|
|t:|1730323771
|move|p1a: Jungle|Beat Up|p2a: Blissey
|-damage|p2a: Blissey|91/100
|-damage|p2a: Blissey|80/100
|-damage|p2a: Blissey|66/100
|-hitcount|p2a: Blissey|3
|move|p2a: Blissey|Toxic|p1a: Jungle
|-status|p1a: Jungle|tox
|
|-weather|Sandstorm|[upkeep]
|-damage|p1a: Jungle|63/100 tox|[from] Sandstorm
|-damage|p2a: Blissey|60/100|[from] Sandstorm
|-heal|p1a: Jungle|69/100 tox|[from] item: Leftovers
|-damage|p1a: Jungle|63/100 tox|[from] psn
|-heal|p2a: Blissey|66/100|[from] item: Leftovers
|upkeep
|turn|31
|inactive|Stockings has 270 seconds left.
|
|t:|1730323801
|switch|p1a: Turn on the Lights|Heracross, F|100/100
|-damage|p1a: Turn on the Lights|88/100|[from] Spikes
|move|p2a: Blissey|Soft-Boiled|p2a: Blissey
|-heal|p2a: Blissey|100/100
|
|-weather|Sandstorm|[upkeep]
|-damage|p1a: Turn on the Lights|82/100|[from] Sandstorm
|-damage|p2a: Blissey|94/100|[from] Sandstorm
|-heal|p1a: Turn on the Lights|88/100|[from] item: Leftovers
|-heal|p2a: Blissey|100/100|[from] item: Leftovers
|upkeep
|turn|32
|inactive|Stockings has 270 seconds left.
|
|t:|1730323822
|switch|p2a: Skarmory|Skarmory, M|42/100
|move|p1a: Turn on the Lights|Substitute|p1a: Turn on the Lights
|-start|p1a: Turn on the Lights|Substitute
|-damage|p1a: Turn on the Lights|63/100
|
|-weather|Sandstorm|[upkeep]
|-damage|p1a: Turn on the Lights|57/100|[from] Sandstorm
|-heal|p1a: Turn on the Lights|63/100|[from] item: Leftovers
|-heal|p2a: Skarmory|48/100|[from] item: Leftovers
|upkeep
|turn|33
|
|t:|1730323827
|move|p1a: Turn on the Lights|Rock Slide|p2a: Skarmory
|-damage|p2a: Skarmory|28/100
|move|p2a: Skarmory|Roar|p1a: Turn on the Lights
|drag|p1a: Jungle|Charizard, M|63/100 tox
|
|-weather|Sandstorm|[upkeep]
|-damage|p1a: Jungle|57/100 tox|[from] Sandstorm
|-heal|p1a: Jungle|63/100 tox|[from] item: Leftovers
|-damage|p1a: Jungle|57/100 tox|[from] psn
|-heal|p2a: Skarmory|34/100|[from] item: Leftovers
|upkeep
|turn|34
|inactive|Stockings has 270 seconds left.
|
|t:|1730323845
|move|p2a: Skarmory|Protect|p2a: Skarmory
|-singleturn|p2a: Skarmory|Protect
|move|p1a: Jungle|Flamethrower|p2a: Skarmory
|-activate|p2a: Skarmory|Protect
|
|-weather|Sandstorm|[upkeep]
|-damage|p1a: Jungle|51/100 tox|[from] Sandstorm
|-heal|p1a: Jungle|57/100 tox|[from] item: Leftovers
|-damage|p1a: Jungle|45/100 tox|[from] psn
|-heal|p2a: Skarmory|40/100|[from] item: Leftovers
|upkeep
|turn|35
|
|t:|1730323853
|switch|p2a: Blissey|Blissey, F|100/100
|move|p1a: Jungle|Flamethrower|p2a: Blissey
|-crit|p2a: Blissey
|-damage|p2a: Blissey|62/100
|
|-weather|Sandstorm|[upkeep]
|-damage|p1a: Jungle|39/100 tox|[from] Sandstorm
|-damage|p2a: Blissey|56/100|[from] Sandstorm
|-heal|p1a: Jungle|45/100 tox|[from] item: Leftovers
|-damage|p1a: Jungle|27/100 tox|[from] psn
|-heal|p2a: Blissey|62/100|[from] item: Leftovers
|upkeep
|turn|36
|inactive|Stockings has 270 seconds left.
|
|t:|1730323867
|switch|p1a: Rumble|Tyranitar, M|66/100 brn
|-damage|p1a: Rumble|53/100 brn|[from] Spikes
|move|p2a: Blissey|Soft-Boiled|p2a: Blissey
|-heal|p2a: Blissey|100/100
|
|-weather|Sandstorm|[upkeep]
|-damage|p2a: Blissey|94/100|[from] Sandstorm
|-heal|p1a: Rumble|59/100 brn|[from] item: Leftovers
|-damage|p1a: Rumble|47/100 brn|[from] brn
|-heal|p2a: Blissey|100/100|[from] item: Leftovers
|upkeep
|turn|37
|inactive|Stockings has 270 seconds left.
|
|t:|1730323880
|switch|p2a: Tyranitar|Tyranitar, M|63/100 par
|move|p1a: Rumble|Dragon Dance|p1a: Rumble
|-boost|p1a: Rumble|atk|1
|-boost|p1a: Rumble|spe|1
|
|-weather|Sandstorm|[upkeep]
|-heal|p1a: Rumble|53/100 brn|[from] item: Leftovers
|-damage|p1a: Rumble|41/100 brn|[from] brn
|-heal|p2a: Tyranitar|69/100 par|[from] item: Leftovers
|upkeep
|turn|38
|inactive|Stockings has 270 seconds left.
|
|t:|1730323886
|move|p1a: Rumble|Earthquake|p2a: Tyranitar
|-supereffective|p2a: Tyranitar
|-damage|p2a: Tyranitar|29/100 par
|move|p2a: Tyranitar|Earthquake|p1a: Rumble
|-supereffective|p1a: Rumble
|-damage|p1a: Rumble|0 fnt
|faint|p1a: Rumble
|inactive|Stockings has 270 seconds left.
|
|t:|1730323897
|switch|p1a: stayinit|Zapdos|57/100
|
|-weather|Sandstorm|[upkeep]
|-damage|p1a: stayinit|51/100|[from] Sandstorm
|-heal|p1a: stayinit|57/100|[from] item: Leftovers
|-heal|p2a: Tyranitar|35/100 par|[from] item: Leftovers
|upkeep
|turn|39
|
|t:|1730323901
|switch|p2a: Blissey|Blissey, F|100/100
|move|p1a: stayinit|Thunderbolt|p2a: Blissey
|-damage|p2a: Blissey|80/100
|
|-weather|Sandstorm|[upkeep]
|-damage|p1a: stayinit|51/100|[from] Sandstorm
|-damage|p2a: Blissey|74/100|[from] Sandstorm
|-heal|p1a: stayinit|57/100|[from] item: Leftovers
|-heal|p2a: Blissey|80/100|[from] item: Leftovers
|upkeep
|turn|40
|
|t:|1730323903
|move|p1a: stayinit|Toxic|p2a: Blissey
|-status|p2a: Blissey|tox
|move|p2a: Blissey|Ice Beam|p1a: stayinit
|-supereffective|p1a: stayinit
|-damage|p1a: stayinit|4/100
|
|-weather|Sandstorm|[upkeep]
|-damage|p1a: stayinit|0 fnt|[from] Sandstorm
|-damage|p2a: Blissey|74/100 tox|[from] Sandstorm
|faint|p1a: stayinit
|-heal|p2a: Blissey|80/100 tox|[from] item: Leftovers
|-damage|p2a: Blissey|74/100 tox|[from] psn
|upkeep
|
|t:|1730323906
|switch|p1a: Turn on the Lights|Heracross, F|63/100
|-damage|p1a: Turn on the Lights|51/100|[from] Spikes
|turn|41
|
|t:|1730323913
|-curestatus|p2a: Blissey|tox|[from] ability: Natural Cure
|switch|p2a: Tyranitar|Tyranitar, M|35/100 par
|move|p1a: Turn on the Lights|Swords Dance|p1a: Turn on the Lights
|-boost|p1a: Turn on the Lights|atk|2
|
|-weather|Sandstorm|[upkeep]
|-damage|p1a: Turn on the Lights|45/100|[from] Sandstorm
|-heal|p1a: Turn on the Lights|51/100|[from] item: Leftovers
|-heal|p2a: Tyranitar|41/100 par|[from] item: Leftovers
|upkeep
|turn|42
|
|t:|1730323928
|move|p1a: Turn on the Lights|Substitute|p1a: Turn on the Lights
|-start|p1a: Turn on the Lights|Substitute
|-damage|p1a: Turn on the Lights|26/100
|move|p2a: Tyranitar|Rock Slide|p1a: Turn on the Lights|[miss]
|-miss|p2a: Tyranitar|p1a: Turn on the Lights
|
|-weather|Sandstorm|[upkeep]
|-damage|p1a: Turn on the Lights|20/100|[from] Sandstorm
|-heal|p1a: Turn on the Lights|26/100|[from] item: Leftovers
|-heal|p2a: Tyranitar|47/100 par|[from] item: Leftovers
|upkeep
|turn|43
|
|t:|1730323935
|move|p1a: Turn on the Lights|Megahorn|p2a: Tyranitar
|-supereffective|p2a: Tyranitar
|-damage|p2a: Tyranitar|0 fnt
|faint|p2a: Tyranitar
|
|t:|1730323963
|switch|p2a: Skarmory|Skarmory, M|40/100
|
|-weather|Sandstorm|[upkeep]
|-damage|p1a: Turn on the Lights|20/100|[from] Sandstorm
|-heal|p1a: Turn on the Lights|26/100|[from] item: Leftovers
|-heal|p2a: Skarmory|46/100|[from] item: Leftovers
|upkeep
|turn|44
|
|t:|1730323972
|move|p1a: Turn on the Lights|Rock Slide|p2a: Skarmory
|-crit|p2a: Skarmory
|-damage|p2a: Skarmory|0 fnt
|faint|p2a: Skarmory
|
|t:|1730323977
|switch|p2a: Jirachi|Jirachi|100/100
|
|-weather|Sandstorm|[upkeep]
|-damage|p1a: Turn on the Lights|20/100|[from] Sandstorm
|-heal|p1a: Turn on the Lights|26/100|[from] item: Leftovers
|upkeep
|turn|45
|
|t:|1730323982
|move|p1a: Turn on the Lights|Megahorn|p2a: Jirachi
|-damage|p2a: Jirachi|0 fnt
|faint|p2a: Jirachi
|
|t:|1730323991
|switch|p2a: Blissey|Blissey, F|74/100
|
|-weather|Sandstorm|[upkeep]
|-damage|p1a: Turn on the Lights|20/100|[from] Sandstorm
|-damage|p2a: Blissey|68/100|[from] Sandstorm
|-heal|p1a: Turn on the Lights|26/100|[from] item: Leftovers
|-heal|p2a: Blissey|74/100|[from] item: Leftovers
|upkeep
|turn|46
|
|t:|1730323994
|move|p1a: Turn on the Lights|Megahorn|p2a: Blissey
|-damage|p2a: Blissey|0 fnt
|faint|p2a: Blissey
|
|t:|1730323996
|switch|p2a: Gengar|Gengar, F|30/100
|
|-weather|Sandstorm|[upkeep]
|-damage|p2a: Gengar|24/100|[from] Sandstorm
|-damage|p1a: Turn on the Lights|20/100|[from] Sandstorm
|-heal|p2a: Gengar|30/100|[from] item: Leftovers
|-heal|p1a: Turn on the Lights|26/100|[from] item: Leftovers
|upkeep
|turn|47
|
|t:|1730324000
|move|p2a: Gengar|Thunderbolt|p1a: Turn on the Lights
|-end|p1a: Turn on the Lights|Substitute
|move|p1a: Turn on the Lights|Rock Slide|p2a: Gengar
|-crit|p2a: Gengar
|-damage|p2a: Gengar|0 fnt
|faint|p2a: Gengar
|
|win|Stockings
|c|☆Stockings|gg
|c|☆Stockings|ggs
|c|☆Figull400|ggs
|c|☆Stockings|sry
|c|☆Figull400|i'm kinda bummed out ngl
|c|☆Figull400|but it's mons
|c|☆Figull400|you played to your outs
|c|☆Figull400|happens
|c|☆Stockings|word
|player|p2|

</script>
<script type="application/json" class="data" id="replaydata-smogtours-gen3ou-803485">
{"id":"smogtours-gen3ou-803485","format":"[Gen 3] OU","players":["Stockings","Figull400"],"uploadtime":1730324000,"views":64,"formatid":"gen3ou","rating":null,"private":0,"password":null}
</script>

<script defer src="js/replays.js?9d40a366"></script>
