<!DOCTYPE html>
<meta charset="utf-8" />
<meta name="viewport" content="width=device-width" />

<title>[Gen 3] OU: GShed vs. tefoshark - Replays - Pok&eacute;mon Showdown!</title>

<meta name="description" content="Watch a replay of a Pok&eacute;mon battle between GShed and tefoshark! Format: [Gen 3] OU; Date: Oct 22, 2024" />
<!--

Hey, you! Looking in the source for the replay log?

You can find them in JSON format, just add `.json` at the end of a replay URL.

https://replay.pokemonshowdown.com/gen7randomdoublesbattle-865046831.json

Or, if you only need the log itself, add `.log` instead:

https://replay.pokemonshowdown.com/gen7randomdoublesbattle-865046831.log

-->

<link rel="stylesheet" href="//pokemonshowdown.com/style/global.css?0.023195364461161105" />
<link rel="stylesheet" href="//play.pokemonshowdown.com/style/font-awesome.css?0.13261647063804238" />
<link rel="stylesheet" href="//play.pokemonshowdown.com/style/battle.css?0.8753245789963631" />
<link rel="stylesheet" href="//play.pokemonshowdown.com/style/utilichart.css?0.8627959624976733" />

<!-- Global site tag (gtag.js) - Google Analytics -->
<script async src="https://www.googletagmanager.com/gtag/js?id=UA-26211653-1"></script>
<script>
  window.dataLayer = window.dataLayer || [];
  function gtag(){dataLayer.push(arguments);}
  gtag('js', new Date());

  gtag('config', 'UA-26211653-1');
</script>
<!-- End Google Analytics -->
<!-- Venatus Ad Manager - Install in <HEAD> of page -->
	<script src="https://hb.vntsm.com/v3/live/ad-manager.min.js" type="text/javascript" data-site-id="642aba63ec9a7b11c3c9c1be" data-mode="scan" async></script>
<!-- / Venatus Ad Manager -->

<style>
	@media (max-width:820px) {
		.battle {
			margin: 0 auto;
		}
		.battle-log {
			margin: 7px auto 0;
			max-width: 640px;
			height: 300px;
			position: static;
		}
	}
	.optgroup {
		display: inline-block;
		line-height: 22px;
		font-size: 10pt;
	}
	.optgroup .button {
		height: 25px;
		padding-top: 0;
		padding-bottom: 0;
	}
	.optgroup button.button {
		padding-left: 12px;
		padding-right: 12px;
	}
	.linklist {
		list-style: none;
		margin: 0.5em 0;
		padding: 0;
	}
	.linklist li {
		padding: 2px 0;
	}
	.sidebar {
		float: left;
		width: 320px;
	}
	.bar-wrapper {
		max-width: 1100px;
		margin: 0 auto;
	}
	.bar-wrapper.has-sidebar {
		max-width: 1430px;
	}
	.mainbar {
		margin: 0;
		padding-right: 1px;
	}
	.mainbar.has-sidebar {
		margin-left: 330px;
	}
	@media (min-width: 1511px) {
		.sidebar {
			width: 400px;
		}
		.bar-wrapper.has-sidebar {
			max-width: 1510px;
		}
		.mainbar.has-sidebar {
			margin-left: 410px;
		}
	}
	.section.first-section {
		margin-top: 9px;
	}
	.blocklink small {
		white-space: normal;
	}
	.button {
		vertical-align: middle;
	}
	.replay-controls {
		padding-top: 10px;
	}
	.replay-controls h1 {
		font-size: 16pt;
		font-weight: normal;
		color: #CCC;
	}
	.pagelink {
		text-align: center;
	}
	.pagelink a {
		width: 150px;
	}
	.textbox, .button {
		font-size: 11pt;
		vertical-align: middle;
	}
	@media (max-width: 450px) {
		.button {
			font-size: 9pt;
		}
	}
</style>

<div>

	<header>
		<div class="nav-wrapper"><ul class="nav">
			<li><a class="button nav-first" href="//pokemonshowdown.com/"><img src="//pokemonshowdown.com/images/pokemonshowdownbeta.png" srcset="//pokemonshowdown.com/images/pokemonshowdownbeta.png 1x, //pokemonshowdown.com/images/pokemonshowdownbeta@2x.png 2x" alt="Pok&eacute;mon Showdown" width="146" height="44" /> Home</a></li>
			<li><a class="button" href="//pokemonshowdown.com/dex/">Pok&eacute;dex</a></li>
			<li><a class="button cur" href="/">Replays</a></li>
			<li><a class="button" href="//pokemonshowdown.com/ladder/">Ladder</a></li>
			<li><a class="button nav-last" href="//pokemonshowdown.com/forums/">Forum</a></li>
			<li><a class="button greenbutton nav-first nav-last" href="//play.pokemonshowdown.com/">Play</a></li>
		</ul></div>
	</header>

	<div class="main" id="main">

		<noscript><section class="section">You need to enable JavaScript to use this page; sorry!</section></noscript>

	</div>

</div>

<script defer nomodule src="//play.pokemonshowdown.com/js/lib/ps-polyfill.js"></script>
<script defer src="//play.pokemonshowdown.com/js/lib/preact.min.js"></script>

<script defer src="//play.pokemonshowdown.com/config/config.js?2bddbc15"></script>
<script defer src="//play.pokemonshowdown.com/js/lib/jquery-1.11.0.min.js"></script>
<script defer src="//play.pokemonshowdown.com/js/lib/html-sanitizer-minified.js"></script>
<script defer src="//play.pokemonshowdown.com/js/battle-sound.js"></script>
<script defer src="//play.pokemonshowdown.com/js/battledata.js?0.7209276989879541"></script>
<script defer src="//play.pokemonshowdown.com/data/pokedex-mini.js?0.6111056340867951"></script>
<script defer src="//play.pokemonshowdown.com/data/pokedex-mini-bw.js?0.3532142036491459"></script>
<script defer src="//play.pokemonshowdown.com/data/graphics.js?0.24223875632456182"></script>
<script defer src="//play.pokemonshowdown.com/data/pokedex.js?0.38839984266356864"></script>
<script defer src="//play.pokemonshowdown.com/data/moves.js?0.21866028504024015"></script>
<script defer src="//play.pokemonshowdown.com/data/abilities.js?0.2005157953846628"></script>
<script defer src="//play.pokemonshowdown.com/data/items.js?0.9894211263848525"></script>
<script defer src="//play.pokemonshowdown.com/data/teambuilder-tables.js?0.6008791140282215"></script>
<script defer src="//play.pokemonshowdown.com/js/battle-tooltips.js?0.7580118955022959"></script>
<script defer src="//play.pokemonshowdown.com/js/battle.js?0.6057722274234274"></script>

<script defer src="js/utils.js?e31f9a17"></script>
<script defer src="js/replays-battle.js?7008c182"></script>

<!-- don't scrape this data! just add .json or .log after the URL!
Full API docs: https://github.com/smogon/pokemon-showdown-client/blob/master/WEB-API.md -->
<script type="text/plain" class="log" id="replaylog-smogtours-gen3ou-801175">
|inactive|Battle timer is ON: inactive players will automatically lose when time's up.
|t:|1729563898
|gametype|singles
|player|p1|GShed|170|
|player|p2|tefoshark|acetrainer|
|teamsize|p1|6
|teamsize|p2|6
|gen|3
|tier|[Gen 3] OU
|rule|Sleep Clause Mod: Limit one foe put to sleep
|rule|Switch Priority Clause Mod: Faster Pokémon switch first
|rule|Species Clause: Limit one of each Pokémon
|rule|OHKO Clause: OHKO moves are banned
|rule|Evasion Items Clause: Evasion items are banned
|rule|Evasion Moves Clause: Evasion moves are banned
|rule|Endless Battle Clause: Forcing endless battles is banned
|rule|HP Percentage Mod: HP is shown in percentages
|rule|One Boost Passer Clause: Limit one Baton Passer that has a way to boost its stats
|rule|Freeze Clause Mod: Limit one foe frozen
|
|t:|1729563898
|start
|switch|p1a: Salamence|Salamence, F|100/100
|switch|p2a: Zapdos|Zapdos|100/100
|-ability|p1a: Salamence|Intimidate|boost
|-unboost|p2a: Zapdos|atk|1
|turn|1
|
|t:|1729563907
|switch|p2a: Swampert|Swampert, M|100/100
|switch|p1a: Blissey|Blissey, F|100/100
|
|upkeep
|turn|2
|
|t:|1729563919
|switch|p1a: Salamence|Salamence, F|100/100
|-ability|p1a: Salamence|Intimidate|boost
|-unboost|p2a: Swampert|atk|1
|switch|p2a: Tyranitar|Tyranitar, M|100/100
|-weather|Sandstorm|[from] ability: Sand Stream|[of] p2a: Tyranitar
|
|-weather|Sandstorm|[upkeep]
|-damage|p1a: Salamence|95/100|[from] Sandstorm
|-heal|p1a: Salamence|100/100|[from] item: Leftovers
|upkeep
|turn|3
|
|t:|1729563931
|switch|p1a: Jirachi|Jirachi|100/100
|switch|p2a: Swampert|Swampert, M|100/100
|
|-weather|Sandstorm|[upkeep]
|upkeep
|turn|4
|
|t:|1729563934
|move|p1a: Jirachi|Toxic|p2a: Swampert
|-status|p2a: Swampert|tox
|move|p2a: Swampert|Earthquake|p1a: Jirachi
|-supereffective|p1a: Jirachi
|-damage|p1a: Jirachi|56/100
|
|-weather|Sandstorm|[upkeep]
|-heal|p1a: Jirachi|62/100|[from] item: Leftovers
|-damage|p2a: Swampert|94/100 tox|[from] psn
|upkeep
|turn|5
|
|t:|1729563943
|switch|p2a: Dugtrio|Dugtrio, M|100/100
|move|p1a: Jirachi|Wish|p1a: Jirachi
|
|-weather|Sandstorm|[upkeep]
|-heal|p1a: Jirachi|68/100|[from] item: Leftovers
|upkeep
|turn|6
|
|t:|1729563950
|move|p1a: Jirachi|Protect|p1a: Jirachi
|-singleturn|p1a: Jirachi|Protect
|move|p2a: Dugtrio|Earthquake|p1a: Jirachi
|-activate|p1a: Jirachi|Protect
|
|-heal|p1a: Jirachi|100/100|[from] move: Wish|[wisher] Jirachi
|-weather|Sandstorm|[upkeep]
|upkeep
|turn|7
|
|t:|1729563957
|move|p2a: Dugtrio|Earthquake|p1a: Jirachi
|-supereffective|p1a: Jirachi
|-damage|p1a: Jirachi|25/100
|move|p1a: Jirachi|Fire Punch|p2a: Dugtrio
|-damage|p2a: Dugtrio|67/100
|-status|p2a: Dugtrio|brn
|
|-weather|Sandstorm|[upkeep]
|-damage|p2a: Dugtrio|55/100 brn|[from] brn
|-heal|p1a: Jirachi|31/100|[from] item: Leftovers
|upkeep
|turn|8
|
|t:|1729563967
|move|p1a: Jirachi|Protect|p1a: Jirachi
|-singleturn|p1a: Jirachi|Protect
|move|p2a: Dugtrio|Earthquake|p1a: Jirachi
|-activate|p1a: Jirachi|Protect
|
|-weather|Sandstorm|[upkeep]
|-damage|p2a: Dugtrio|43/100 brn|[from] brn
|-heal|p1a: Jirachi|38/100|[from] item: Leftovers
|upkeep
|turn|9
|
|t:|1729563979
|move|p2a: Dugtrio|Earthquake|p1a: Jirachi
|-supereffective|p1a: Jirachi
|-damage|p1a: Jirachi|3/100
|move|p1a: Jirachi|Fire Punch|p2a: Dugtrio
|-damage|p2a: Dugtrio|14/100 brn
|
|-weather|Sandstorm|[upkeep]
|-damage|p2a: Dugtrio|1/100 brn|[from] brn
|-heal|p1a: Jirachi|10/100|[from] item: Leftovers
|upkeep
|turn|10
|
|t:|1729563987
|move|p1a: Jirachi|Protect|p1a: Jirachi
|-singleturn|p1a: Jirachi|Protect
|move|p2a: Dugtrio|Earthquake|p1a: Jirachi
|-activate|p1a: Jirachi|Protect
|
|-weather|Sandstorm|[upkeep]
|-damage|p2a: Dugtrio|0 fnt|[from] brn
|faint|p2a: Dugtrio
|-heal|p1a: Jirachi|16/100|[from] item: Leftovers
|upkeep
|
|t:|1729563990
|switch|p2a: Starmie|Starmie|100/100
|turn|11
|
|t:|1729564004
|switch|p1a: Blissey|Blissey, F|100/100
|move|p2a: Starmie|Thunderbolt|p1a: Blissey
|-damage|p1a: Blissey|90/100
|
|-weather|Sandstorm|[upkeep]
|-damage|p2a: Starmie|94/100|[from] Sandstorm
|-damage|p1a: Blissey|83/100|[from] Sandstorm
|-heal|p2a: Starmie|100/100|[from] item: Leftovers
|-heal|p1a: Blissey|90/100|[from] item: Leftovers
|upkeep
|turn|12
|
|t:|1729564013
|switch|p2a: Celebi|Celebi|100/100
|move|p1a: Blissey|Thunder Wave|p2a: Celebi
|-status|p2a: Celebi|par
|
|-weather|Sandstorm|[upkeep]
|-damage|p1a: Blissey|83/100|[from] Sandstorm
|-damage|p2a: Celebi|94/100 par|[from] Sandstorm
|-heal|p1a: Blissey|90/100|[from] item: Leftovers
|-heal|p2a: Celebi|100/100 par|[from] item: Leftovers
|upkeep
|turn|13
|
|t:|1729564027
|move|p1a: Blissey|Seismic Toss|p2a: Celebi
|-damage|p2a: Celebi|76/100 par
|move|p2a: Celebi|Leech Seed|p1a: Blissey
|-start|p1a: Blissey|move: Leech Seed
|
|-weather|Sandstorm|[upkeep]
|-damage|p1a: Blissey|83/100|[from] Sandstorm
|-damage|p2a: Celebi|70/100 par|[from] Sandstorm
|-heal|p1a: Blissey|90/100|[from] item: Leftovers
|-damage|p1a: Blissey|77/100|[from] Leech Seed|[of] p2a: Celebi
|-heal|p2a: Celebi|92/100 par|[silent]
|-heal|p2a: Celebi|98/100 par|[from] item: Leftovers
|upkeep
|turn|14
|
|t:|1729564043
|switch|p1a: Salamence|Salamence, F|100/100
|-ability|p1a: Salamence|Intimidate|boost
|-unboost|p2a: Celebi|atk|1
|-curestatus|p2a: Celebi|par|[from] ability: Natural Cure
|switch|p2a: Starmie|Starmie|100/100
|
|-weather|Sandstorm|[upkeep]
|-damage|p2a: Starmie|94/100|[from] Sandstorm
|-damage|p1a: Salamence|95/100|[from] Sandstorm
|-heal|p2a: Starmie|100/100|[from] item: Leftovers
|-heal|p1a: Salamence|100/100|[from] item: Leftovers
|upkeep
|turn|15
|
|t:|1729564055
|switch|p2a: Tyranitar|Tyranitar, M|100/100
|switch|p1a: Blissey|Blissey, F|77/100
|
|-weather|Sandstorm|[upkeep]
|-damage|p1a: Blissey|71/100|[from] Sandstorm
|-heal|p1a: Blissey|77/100|[from] item: Leftovers
|upkeep
|turn|16
|
|t:|1729564069
|switch|p1a: Forretress|Forretress, M|100/100
|move|p2a: Tyranitar|Rock Slide|p1a: Forretress
|-damage|p1a: Forretress|69/100
|
|-weather|Sandstorm|[upkeep]
|-heal|p1a: Forretress|75/100|[from] item: Leftovers
|upkeep
|turn|17
|
|t:|1729564093
|move|p2a: Tyranitar|Rock Slide|p1a: Forretress
|-crit|p1a: Forretress
|-damage|p1a: Forretress|11/100
|cant|p1a: Forretress|flinch
|
|-weather|Sandstorm|[upkeep]
|-heal|p1a: Forretress|17/100|[from] item: Leftovers
|upkeep
|turn|18
|inactive|GShed has 270 seconds left.
|
|t:|1729564112
|move|p2a: Tyranitar|Earthquake|p1a: Forretress
|-damage|p1a: Forretress|0 fnt
|faint|p1a: Forretress
|inactive|GShed has 270 seconds left.
|
|t:|1729564123
|switch|p1a: Salamence|Salamence, F|100/100
|-ability|p1a: Salamence|Intimidate|boost
|-unboost|p2a: Tyranitar|atk|1
|
|-weather|Sandstorm|[upkeep]
|-damage|p1a: Salamence|95/100|[from] Sandstorm
|-heal|p1a: Salamence|100/100|[from] item: Leftovers
|upkeep
|turn|19
|inactive|GShed has 270 seconds left.
|
|t:|1729564130
|switch|p2a: Starmie|Starmie|100/100
|move|p1a: Salamence|Brick Break|p2a: Starmie
|-resisted|p2a: Starmie
|-damage|p2a: Starmie|84/100
|
|-weather|Sandstorm|[upkeep]
|-damage|p2a: Starmie|78/100|[from] Sandstorm
|-damage|p1a: Salamence|95/100|[from] Sandstorm
|-heal|p2a: Starmie|84/100|[from] item: Leftovers
|-heal|p1a: Salamence|100/100|[from] item: Leftovers
|upkeep
|turn|20
|inactive|GShed has 270 seconds left.
|
|t:|1729564144
|switch|p1a: Blissey|Blissey, F|77/100
|move|p2a: Starmie|Ice Beam|p1a: Blissey
|-damage|p1a: Blissey|67/100
|
|-weather|Sandstorm|[upkeep]
|-damage|p2a: Starmie|78/100|[from] Sandstorm
|-damage|p1a: Blissey|60/100|[from] Sandstorm
|-heal|p2a: Starmie|84/100|[from] item: Leftovers
|-heal|p1a: Blissey|67/100|[from] item: Leftovers
|upkeep
|turn|21
|inactive|GShed has 270 seconds left.
|
|t:|1729564161
|switch|p2a: Celebi|Celebi|98/100
|switch|p1a: Salamence|Salamence, F|100/100
|-ability|p1a: Salamence|Intimidate|boost
|-unboost|p2a: Celebi|atk|1
|
|-weather|Sandstorm|[upkeep]
|-damage|p1a: Salamence|95/100|[from] Sandstorm
|-damage|p2a: Celebi|92/100|[from] Sandstorm
|-heal|p1a: Salamence|100/100|[from] item: Leftovers
|-heal|p2a: Celebi|98/100|[from] item: Leftovers
|upkeep
|turn|22
|inactive|GShed has 270 seconds left.
|
|t:|1729564172
|switch|p2a: Swampert|Swampert, M|94/100 tox
|move|p1a: Salamence|Fire Blast|p2a: Swampert
|-resisted|p2a: Swampert
|-damage|p2a: Swampert|77/100 tox
|
|-weather|Sandstorm|[upkeep]
|-damage|p1a: Salamence|95/100|[from] Sandstorm
|-heal|p1a: Salamence|100/100|[from] item: Leftovers
|-heal|p2a: Swampert|83/100 tox|[from] item: Leftovers
|-damage|p2a: Swampert|77/100 tox|[from] psn
|upkeep
|turn|23
|inactive|GShed has 270 seconds left.
|
|t:|1729564184
|switch|p2a: Celebi|Celebi|98/100
|move|p1a: Salamence|Hidden Power|p2a: Celebi
|-resisted|p2a: Celebi
|-damage|p2a: Celebi|90/100
|
|-weather|Sandstorm|[upkeep]
|-damage|p1a: Salamence|95/100|[from] Sandstorm
|-damage|p2a: Celebi|84/100|[from] Sandstorm
|-heal|p1a: Salamence|100/100|[from] item: Leftovers
|-heal|p2a: Celebi|90/100|[from] item: Leftovers
|upkeep
|turn|24
|inactive|GShed has 270 seconds left.
|
|t:|1729564196
|move|p1a: Salamence|Dragon Claw|p2a: Celebi
|-damage|p2a: Celebi|66/100
|move|p2a: Celebi|Leech Seed|p1a: Salamence
|-start|p1a: Salamence|move: Leech Seed
|
|-weather|Sandstorm|[upkeep]
|-damage|p1a: Salamence|95/100|[from] Sandstorm
|-damage|p2a: Celebi|60/100|[from] Sandstorm
|-heal|p1a: Salamence|100/100|[from] item: Leftovers
|-damage|p1a: Salamence|88/100|[from] Leech Seed|[of] p2a: Celebi
|-heal|p2a: Celebi|70/100|[silent]
|-heal|p2a: Celebi|76/100|[from] item: Leftovers
|upkeep
|turn|25
|inactive|GShed has 270 seconds left.
|inactive|tefoshark has 270 seconds left.
|
|t:|1729564253
|switch|p1a: Blissey|Blissey, F|67/100
|move|p2a: Celebi|Recover|p2a: Celebi
|-heal|p2a: Celebi|100/100
|
|-weather|Sandstorm|[upkeep]
|-damage|p2a: Celebi|94/100|[from] Sandstorm
|-damage|p1a: Blissey|60/100|[from] Sandstorm
|-heal|p2a: Celebi|100/100|[from] item: Leftovers
|-heal|p1a: Blissey|67/100|[from] item: Leftovers
|upkeep
|turn|26
|inactive|GShed has 270 seconds left.
|
|t:|1729564267
|switch|p2a: Tyranitar|Tyranitar, M|100/100
|move|p1a: Blissey|Soft-Boiled|p1a: Blissey
|-heal|p1a: Blissey|100/100
|
|-weather|Sandstorm|[upkeep]
|-damage|p1a: Blissey|94/100|[from] Sandstorm
|-heal|p1a: Blissey|100/100|[from] item: Leftovers
|upkeep
|turn|27
|inactive|GShed has 270 seconds left.
|
|t:|1729564281
|move|p2a: Tyranitar|Rock Slide|p1a: Blissey
|-damage|p1a: Blissey|65/100
|move|p1a: Blissey|Counter|p2a: Tyranitar
|-damage|p2a: Tyranitar|0 fnt
|faint|p2a: Tyranitar
|inactive|tefoshark has 240 seconds left.
|
|t:|1729564308
|switch|p2a: Celebi|Celebi|100/100
|
|-weather|Sandstorm|[upkeep]
|-damage|p2a: Celebi|94/100|[from] Sandstorm
|-damage|p1a: Blissey|59/100|[from] Sandstorm
|-heal|p2a: Celebi|100/100|[from] item: Leftovers
|-heal|p1a: Blissey|65/100|[from] item: Leftovers
|upkeep
|turn|28
|inactive|GShed has 270 seconds left.
|
|t:|1729564326
|move|p2a: Celebi|Psychic|p1a: Blissey
|-damage|p1a: Blissey|55/100
|-unboost|p1a: Blissey|spd|1
|move|p1a: Blissey|Thunder Wave|p2a: Celebi
|-status|p2a: Celebi|par
|
|-weather|Sandstorm|[upkeep]
|-damage|p1a: Blissey|48/100|[from] Sandstorm
|-damage|p2a: Celebi|94/100 par|[from] Sandstorm
|-heal|p1a: Blissey|55/100|[from] item: Leftovers
|-heal|p2a: Celebi|100/100 par|[from] item: Leftovers
|upkeep
|turn|29
|inactive|GShed has 270 seconds left.
|
|t:|1729564336
|-curestatus|p2a: Celebi|par|[from] ability: Natural Cure
|switch|p2a: Starmie|Starmie|84/100
|move|p1a: Blissey|Soft-Boiled|p1a: Blissey
|-heal|p1a: Blissey|100/100
|
|-weather|Sandstorm|[upkeep]
|-damage|p2a: Starmie|78/100|[from] Sandstorm
|-damage|p1a: Blissey|94/100|[from] Sandstorm
|-heal|p2a: Starmie|84/100|[from] item: Leftovers
|-heal|p1a: Blissey|100/100|[from] item: Leftovers
|upkeep
|turn|30
|inactive|GShed has 270 seconds left.
|
|t:|1729564361
|move|p2a: Starmie|Thunderbolt|p1a: Blissey
|-damage|p1a: Blissey|86/100
|move|p1a: Blissey|Thunder Wave|p2a: Starmie
|-status|p2a: Starmie|par
|
|-weather|Sandstorm|[upkeep]
|-damage|p1a: Blissey|79/100|[from] Sandstorm
|-damage|p2a: Starmie|78/100 par|[from] Sandstorm
|-heal|p1a: Blissey|86/100|[from] item: Leftovers
|-heal|p2a: Starmie|84/100 par|[from] item: Leftovers
|upkeep
|turn|31
|
|t:|1729564371
|-curestatus|p2a: Starmie|par|[from] ability: Natural Cure
|switch|p2a: Celebi|Celebi|100/100
|move|p1a: Blissey|Seismic Toss|p2a: Celebi
|-damage|p2a: Celebi|76/100
|
|-weather|Sandstorm|[upkeep]
|-damage|p2a: Celebi|70/100|[from] Sandstorm
|-damage|p1a: Blissey|79/100|[from] Sandstorm
|-heal|p2a: Celebi|76/100|[from] item: Leftovers
|-heal|p1a: Blissey|86/100|[from] item: Leftovers
|upkeep
|turn|32
|
|t:|1729564382
|move|p2a: Celebi|Leech Seed|p1a: Blissey|[miss]
|-miss|p2a: Celebi|p1a: Blissey
|move|p1a: Blissey|Thunder Wave|p2a: Celebi
|-status|p2a: Celebi|par
|
|-weather|Sandstorm|[upkeep]
|-damage|p1a: Blissey|79/100|[from] Sandstorm
|-damage|p2a: Celebi|70/100 par|[from] Sandstorm
|-heal|p1a: Blissey|86/100|[from] item: Leftovers
|-heal|p2a: Celebi|76/100 par|[from] item: Leftovers
|upkeep
|turn|33
|
|t:|1729564401
|switch|p1a: Tyranitar|Tyranitar, F|100/100
|move|p2a: Celebi|Psychic|p1a: Tyranitar
|-immune|p1a: Tyranitar
|
|-weather|Sandstorm|[upkeep]
|-damage|p2a: Celebi|70/100 par|[from] Sandstorm
|-heal|p2a: Celebi|76/100 par|[from] item: Leftovers
|upkeep
|turn|34
|
|t:|1729564410
|-activate|p2a: Celebi|move: Pursuit
|move|p1a: Tyranitar|Pursuit|p2a: Celebi|[from]Pursuit
|-supereffective|p2a: Celebi
|-damage|p2a: Celebi|30/100 par
|-curestatus|p2a: Celebi|par|[from] ability: Natural Cure
|switch|p2a: Zapdos|Zapdos|100/100
|
|-weather|Sandstorm|[upkeep]
|-damage|p2a: Zapdos|94/100|[from] Sandstorm
|-heal|p2a: Zapdos|100/100|[from] item: Leftovers
|upkeep
|turn|35
|inactive|GShed has 240 seconds left.
|
|t:|1729564459
|move|p2a: Zapdos|Thunder Wave|p1a: Tyranitar
|-status|p1a: Tyranitar|par
|move|p1a: Tyranitar|Crunch|p2a: Zapdos
|-damage|p2a: Zapdos|59/100
|
|-weather|Sandstorm|[upkeep]
|-damage|p2a: Zapdos|53/100|[from] Sandstorm
|-heal|p2a: Zapdos|59/100|[from] item: Leftovers
|upkeep
|turn|36
|inactive|GShed has 210 seconds left.
|
|t:|1729564479
|move|p2a: Zapdos|Thunderbolt|p1a: Tyranitar
|-damage|p1a: Tyranitar|63/100 par
|move|p1a: Tyranitar|Crunch|p2a: Zapdos
|-damage|p2a: Zapdos|17/100
|-unboost|p2a: Zapdos|spd|1
|
|-weather|Sandstorm|[upkeep]
|-damage|p2a: Zapdos|10/100|[from] Sandstorm
|-heal|p2a: Zapdos|17/100|[from] item: Leftovers
|-heal|p1a: Tyranitar|69/100 par|[from] item: Leftovers
|upkeep
|turn|37
|inactive|GShed has 210 seconds left.
|
|t:|1729564493
|switch|p1a: Blissey|Blissey, F|86/100
|move|p2a: Zapdos|Thunderbolt|p1a: Blissey
|-damage|p1a: Blissey|66/100
|
|-weather|Sandstorm|[upkeep]
|-damage|p2a: Zapdos|10/100|[from] Sandstorm
|-damage|p1a: Blissey|60/100|[from] Sandstorm
|-heal|p2a: Zapdos|17/100|[from] item: Leftovers
|-heal|p1a: Blissey|66/100|[from] item: Leftovers
|upkeep
|turn|38
|inactive|GShed has 210 seconds left.
|
|t:|1729564504
|move|p2a: Zapdos|Thunder Wave|p1a: Blissey
|-status|p1a: Blissey|par
|move|p1a: Blissey|Seismic Toss|p2a: Zapdos
|-damage|p2a: Zapdos|0 fnt
|faint|p2a: Zapdos
|
|t:|1729564506
|switch|p2a: Celebi|Celebi|30/100
|
|-weather|Sandstorm|[upkeep]
|-damage|p2a: Celebi|24/100|[from] Sandstorm
|-damage|p1a: Blissey|60/100 par|[from] Sandstorm
|-heal|p2a: Celebi|30/100|[from] item: Leftovers
|-heal|p1a: Blissey|66/100 par|[from] item: Leftovers
|upkeep
|turn|39
|inactive|GShed has 210 seconds left.
|
|t:|1729564526
|-curestatus|p1a: Blissey|par|[from] ability: Natural Cure
|switch|p1a: Salamence|Salamence, F|88/100
|-ability|p1a: Salamence|Intimidate|boost
|-unboost|p2a: Celebi|atk|1
|move|p2a: Celebi|Recover|p2a: Celebi
|-heal|p2a: Celebi|80/100
|
|-weather|Sandstorm|[upkeep]
|-damage|p1a: Salamence|82/100|[from] Sandstorm
|-damage|p2a: Celebi|74/100|[from] Sandstorm
|-heal|p1a: Salamence|88/100|[from] item: Leftovers
|-heal|p2a: Celebi|80/100|[from] item: Leftovers
|upkeep
|turn|40
|
|t:|1729564539
|move|p1a: Salamence|Dragon Claw|p2a: Celebi
|-damage|p2a: Celebi|51/100
|move|p2a: Celebi|Leech Seed|p1a: Salamence
|-start|p1a: Salamence|move: Leech Seed
|
|-weather|Sandstorm|[upkeep]
|-damage|p1a: Salamence|82/100|[from] Sandstorm
|-damage|p2a: Celebi|45/100|[from] Sandstorm
|-heal|p1a: Salamence|88/100|[from] item: Leftovers
|-damage|p1a: Salamence|76/100|[from] Leech Seed|[of] p2a: Celebi
|-heal|p2a: Celebi|55/100|[silent]
|-heal|p2a: Celebi|61/100|[from] item: Leftovers
|upkeep
|turn|41
|
|t:|1729564553
|switch|p1a: Blissey|Blissey, F|66/100
|switch|p2a: Swampert|Swampert, M|77/100 tox
|
|-weather|Sandstorm|[upkeep]
|-damage|p1a: Blissey|60/100|[from] Sandstorm
|-heal|p1a: Blissey|66/100|[from] item: Leftovers
|-heal|p2a: Swampert|83/100 tox|[from] item: Leftovers
|-damage|p2a: Swampert|77/100 tox|[from] psn
|upkeep
|turn|42
|
|t:|1729564566
|move|p1a: Blissey|Soft-Boiled|p1a: Blissey
|-heal|p1a: Blissey|100/100
|move|p2a: Swampert|Earthquake|p1a: Blissey
|-damage|p1a: Blissey|67/100
|
|-weather|Sandstorm|[upkeep]
|-damage|p1a: Blissey|60/100|[from] Sandstorm
|-heal|p1a: Blissey|67/100|[from] item: Leftovers
|-heal|p2a: Swampert|83/100 tox|[from] item: Leftovers
|-damage|p2a: Swampert|71/100 tox|[from] psn
|upkeep
|turn|43
|
|t:|1729564586
|switch|p1a: Salamence|Salamence, F|76/100
|-ability|p1a: Salamence|Intimidate|boost
|-unboost|p2a: Swampert|atk|1
|switch|p2a: Starmie|Starmie|84/100
|
|-weather|Sandstorm|[upkeep]
|-damage|p2a: Starmie|78/100|[from] Sandstorm
|-damage|p1a: Salamence|70/100|[from] Sandstorm
|-heal|p2a: Starmie|84/100|[from] item: Leftovers
|-heal|p1a: Salamence|76/100|[from] item: Leftovers
|upkeep
|turn|44
|
|t:|1729564602
|switch|p1a: Blissey|Blissey, F|67/100
|move|p2a: Starmie|Ice Beam|p1a: Blissey
|-damage|p1a: Blissey|57/100
|
|-weather|Sandstorm|[upkeep]
|-damage|p2a: Starmie|78/100|[from] Sandstorm
|-damage|p1a: Blissey|50/100|[from] Sandstorm
|-heal|p2a: Starmie|84/100|[from] item: Leftovers
|-heal|p1a: Blissey|57/100|[from] item: Leftovers
|upkeep
|turn|45
|
|t:|1729564613
|move|p2a: Starmie|Ice Beam|p1a: Blissey
|-damage|p1a: Blissey|47/100
|move|p1a: Blissey|Soft-Boiled|p1a: Blissey
|-heal|p1a: Blissey|97/100
|
|-weather|Sandstorm|[upkeep]
|-damage|p2a: Starmie|78/100|[from] Sandstorm
|-damage|p1a: Blissey|91/100|[from] Sandstorm
|-heal|p2a: Starmie|84/100|[from] item: Leftovers
|-heal|p1a: Blissey|97/100|[from] item: Leftovers
|upkeep
|turn|46
|
|t:|1729564624
|move|p2a: Starmie|Ice Beam|p1a: Blissey
|-damage|p1a: Blissey|86/100
|move|p1a: Blissey|Thunder Wave|p2a: Starmie
|-status|p2a: Starmie|par
|
|-weather|Sandstorm|[upkeep]
|-damage|p1a: Blissey|80/100|[from] Sandstorm
|-damage|p2a: Starmie|78/100 par|[from] Sandstorm
|-heal|p1a: Blissey|86/100|[from] item: Leftovers
|-heal|p2a: Starmie|84/100 par|[from] item: Leftovers
|upkeep
|turn|47
|inactive|GShed has 180 seconds left.
|
|t:|1729564644
|switch|p1a: Aerodactyl|Aerodactyl, M|100/100
|cant|p2a: Starmie|par
|
|-weather|Sandstorm|[upkeep]
|-damage|p2a: Starmie|78/100 par|[from] Sandstorm
|-heal|p2a: Starmie|84/100 par|[from] item: Leftovers
|upkeep
|turn|48
|inactive|GShed has 180 seconds left.
|inactive|GShed has 150 seconds left.
|
|t:|1729564690
|move|p1a: Aerodactyl|Hidden Power|p2a: Starmie
|-supereffective|p2a: Starmie
|-damage|p2a: Starmie|0 fnt
|faint|p2a: Starmie
|
|t:|1729564694
|switch|p2a: Swampert|Swampert, M|71/100 tox
|
|-weather|Sandstorm|[upkeep]
|-heal|p2a: Swampert|77/100 tox|[from] item: Leftovers
|-damage|p2a: Swampert|71/100 tox|[from] psn
|upkeep
|turn|49
|
|t:|1729564703
|switch|p1a: Jirachi|Jirachi|16/100
|move|p2a: Swampert|Ice Beam|p1a: Jirachi
|-resisted|p1a: Jirachi
|-damage|p1a: Jirachi|8/100
|
|-weather|Sandstorm|[upkeep]
|-heal|p1a: Jirachi|14/100|[from] item: Leftovers
|-heal|p2a: Swampert|77/100 tox|[from] item: Leftovers
|-damage|p2a: Swampert|65/100 tox|[from] psn
|upkeep
|turn|50
|
|t:|1729564712
|move|p1a: Jirachi|Protect|p1a: Jirachi
|-singleturn|p1a: Jirachi|Protect
|move|p2a: Swampert|Earthquake|p1a: Jirachi
|-activate|p1a: Jirachi|Protect
|
|-weather|Sandstorm|[upkeep]
|-heal|p1a: Jirachi|20/100|[from] item: Leftovers
|-heal|p2a: Swampert|71/100 tox|[from] item: Leftovers
|-damage|p2a: Swampert|52/100 tox|[from] psn
|upkeep
|turn|51
|
|t:|1729564721
|move|p1a: Jirachi|Wish|p1a: Jirachi
|move|p2a: Swampert|Hydro Pump|p1a: Jirachi|[miss]
|-miss|p2a: Swampert|p1a: Jirachi
|
|-weather|Sandstorm|[upkeep]
|-heal|p1a: Jirachi|26/100|[from] item: Leftovers
|-heal|p2a: Swampert|58/100 tox|[from] item: Leftovers
|-damage|p2a: Swampert|34/100 tox|[from] psn
|upkeep
|turn|52
|-message|tefoshark forfeited.
|
|win|GShed
|c|☆tefoshark|gg
|c|☆GShed|gg
|player|p2|

</script>
<script type="application/json" class="data" id="replaydata-smogtours-gen3ou-801175">
{"id":"smogtours-gen3ou-801175","format":"[Gen 3] OU","players":["GShed","tefoshark"],"uploadtime":1729564728,"views":97,"formatid":"gen3ou","rating":null,"private":0,"password":null}
</script>

<script defer src="js/replays.js?9d40a366"></script>
