<!DOCTYPE html>
<meta charset="utf-8" />
<meta name="viewport" content="width=device-width" />

<title>[Gen 3] OU: strictsceptile1 vs. LoDart210 - Replays - Pok&eacute;mon Showdown!</title>

<meta name="description" content="Watch a replay of a Pok&eacute;mon battle between strictsceptile1 and LoDart210! Format: [Gen 3] OU; Date: Oct 2, 2024" />
<!--

Hey, you! Looking in the source for the replay log?

You can find them in JSON format, just add `.json` at the end of a replay URL.

https://replay.pokemonshowdown.com/gen7randomdoublesbattle-865046831.json

Or, if you only need the log itself, add `.log` instead:

https://replay.pokemonshowdown.com/gen7randomdoublesbattle-865046831.log

-->

<link rel="stylesheet" href="//pokemonshowdown.com/style/global.css?0.767286132409787" />
<link rel="stylesheet" href="//play.pokemonshowdown.com/style/font-awesome.css?0.9266228007934947" />
<link rel="stylesheet" href="//play.pokemonshowdown.com/style/battle.css?0.7924700842790926" />
<link rel="stylesheet" href="//play.pokemonshowdown.com/style/utilichart.css?0.8777417872839479" />

<!-- Global site tag (gtag.js) - Google Analytics -->
<script async src="https://www.googletagmanager.com/gtag/js?id=UA-26211653-1"></script>
<script>
  window.dataLayer = window.dataLayer || [];
  function gtag(){dataLayer.push(arguments);}
  gtag('js', new Date());

  gtag('config', 'UA-26211653-1');
</script>
<!-- End Google Analytics -->
<!-- Venatus Ad Manager - Install in <HEAD> of page -->
	<script src="https://hb.vntsm.com/v3/live/ad-manager.min.js" type="text/javascript" data-site-id="642aba63ec9a7b11c3c9c1be" data-mode="scan" async></script>
<!-- / Venatus Ad Manager -->

<style>
	@media (max-width:820px) {
		.battle {
			margin: 0 auto;
		}
		.battle-log {
			margin: 7px auto 0;
			max-width: 640px;
			height: 300px;
			position: static;
		}
	}
	.optgroup {
		display: inline-block;
		line-height: 22px;
		font-size: 10pt;
	}
	.optgroup .button {
		height: 25px;
		padding-top: 0;
		padding-bottom: 0;
	}
	.optgroup button.button {
		padding-left: 12px;
		padding-right: 12px;
	}
	.linklist {
		list-style: none;
		margin: 0.5em 0;
		padding: 0;
	}
	.linklist li {
		padding: 2px 0;
	}
	.sidebar {
		float: left;
		width: 320px;
	}
	.bar-wrapper {
		max-width: 1100px;
		margin: 0 auto;
	}
	.bar-wrapper.has-sidebar {
		max-width: 1430px;
	}
	.mainbar {
		margin: 0;
		padding-right: 1px;
	}
	.mainbar.has-sidebar {
		margin-left: 330px;
	}
	@media (min-width: 1511px) {
		.sidebar {
			width: 400px;
		}
		.bar-wrapper.has-sidebar {
			max-width: 1510px;
		}
		.mainbar.has-sidebar {
			margin-left: 410px;
		}
	}
	.section.first-section {
		margin-top: 9px;
	}
	.blocklink small {
		white-space: normal;
	}
	.button {
		vertical-align: middle;
	}
	.replay-controls {
		padding-top: 10px;
	}
	.replay-controls h1 {
		font-size: 16pt;
		font-weight: normal;
		color: #CCC;
	}
	.pagelink {
		text-align: center;
	}
	.pagelink a {
		width: 150px;
	}
	.textbox, .button {
		font-size: 11pt;
		vertical-align: middle;
	}
	@media (max-width: 450px) {
		.button {
			font-size: 9pt;
		}
	}
</style>

<div>

	<header>
		<div class="nav-wrapper"><ul class="nav">
			<li><a class="button nav-first" href="//pokemonshowdown.com/"><img src="//pokemonshowdown.com/images/pokemonshowdownbeta.png" srcset="//pokemonshowdown.com/images/pokemonshowdownbeta.png 1x, //pokemonshowdown.com/images/pokemonshowdownbeta@2x.png 2x" alt="Pok&eacute;mon Showdown" width="146" height="44" /> Home</a></li>
			<li><a class="button" href="//pokemonshowdown.com/dex/">Pok&eacute;dex</a></li>
			<li><a class="button cur" href="/">Replays</a></li>
			<li><a class="button" href="//pokemonshowdown.com/ladder/">Ladder</a></li>
			<li><a class="button nav-last" href="//pokemonshowdown.com/forums/">Forum</a></li>
			<li><a class="button greenbutton nav-first nav-last" href="//play.pokemonshowdown.com/">Play</a></li>
		</ul></div>
	</header>

	<div class="main" id="main">

		<noscript><section class="section">You need to enable JavaScript to use this page; sorry!</section></noscript>

	</div>

</div>

<script defer nomodule src="//play.pokemonshowdown.com/js/lib/ps-polyfill.js"></script>
<script defer src="//play.pokemonshowdown.com/js/lib/preact.min.js"></script>

<script defer src="//play.pokemonshowdown.com/config/config.js?6dec07f6"></script>
<script defer src="//play.pokemonshowdown.com/js/lib/jquery-1.11.0.min.js"></script>
<script defer src="//play.pokemonshowdown.com/js/lib/html-sanitizer-minified.js"></script>
<script defer src="//play.pokemonshowdown.com/js/battle-sound.js"></script>
<script defer src="//play.pokemonshowdown.com/js/battledata.js?0.6315294753075389"></script>
<script defer src="//play.pokemonshowdown.com/data/pokedex-mini.js?0.7603743185311358"></script>
<script defer src="//play.pokemonshowdown.com/data/pokedex-mini-bw.js?0.030888842834281283"></script>
<script defer src="//play.pokemonshowdown.com/data/graphics.js?0.05593094747507488"></script>
<script defer src="//play.pokemonshowdown.com/data/pokedex.js?0.47064822249611904"></script>
<script defer src="//play.pokemonshowdown.com/data/moves.js?0.8583693120512459"></script>
<script defer src="//play.pokemonshowdown.com/data/abilities.js?0.16017181182386842"></script>
<script defer src="//play.pokemonshowdown.com/data/items.js?0.4163379185673943"></script>
<script defer src="//play.pokemonshowdown.com/data/teambuilder-tables.js?0.31075597372830477"></script>
<script defer src="//play.pokemonshowdown.com/js/battle-tooltips.js?0.6536193500708172"></script>
<script defer src="//play.pokemonshowdown.com/js/battle.js?0.1916591943277901"></script>

<script defer src="js/utils.js?e31f9a17"></script>
<script defer src="js/replays-battle.js?7008c182"></script>

<!-- don't scrape this data! just add .json or .log after the URL!
Full API docs: https://github.com/smogon/pokemon-showdown-client/blob/master/WEB-API.md -->
<script type="text/plain" class="log" id="replaylog-smogtours-gen3ou-793991">
|inactive|Battle timer is ON: inactive players will automatically lose when time's up.
|t:|1727891910
|gametype|singles
|player|p1|strictsceptile1|bellepa|
|player|p2|LoDart210|volkner|
|teamsize|p1|6
|teamsize|p2|6
|gen|3
|tier|[Gen 3] OU
|rule|Sleep Clause Mod: Limit one foe put to sleep
|rule|Switch Priority Clause Mod: Faster Pokémon switch first
|rule|Species Clause: Limit one of each Pokémon
|rule|OHKO Clause: OHKO moves are banned
|rule|Evasion Items Clause: Evasion items are banned
|rule|Evasion Moves Clause: Evasion moves are banned
|rule|Endless Battle Clause: Forcing endless battles is banned
|rule|HP Percentage Mod: HP is shown in percentages
|rule|One Boost Passer Clause: Limit one Baton Passer that has a way to boost its stats
|rule|Freeze Clause Mod: Limit one foe frozen
|
|t:|1727891910
|start
|switch|p1a: Suicune|Suicune|100/100
|switch|p2a: Nidoking|Nidoking, M|100/100
|turn|1
|
|t:|1727891923
|switch|p2a: Milotic|Milotic, M|100/100
|move|p1a: Suicune|Calm Mind|p1a: Suicune
|-boost|p1a: Suicune|spa|1
|-boost|p1a: Suicune|spd|1
|
|upkeep
|turn|2
|
|t:|1727891929
|move|p2a: Milotic|Toxic|p1a: Suicune
|-status|p1a: Suicune|tox
|move|p1a: Suicune|Roar|p2a: Milotic
|drag|p2a: Nidoking|Nidoking, M|100/100
|
|-damage|p1a: Suicune|94/100 tox|[from] psn
|upkeep
|turn|3
|
|t:|1727891957
|switch|p2a: Milotic|Milotic, M|100/100
|move|p1a: Suicune|Calm Mind|p1a: Suicune
|-boost|p1a: Suicune|spa|1
|-boost|p1a: Suicune|spd|1
|
|-heal|p1a: Suicune|100/100 tox|[from] item: Leftovers
|-damage|p1a: Suicune|88/100 tox|[from] psn
|upkeep
|turn|4
|
|t:|1727891967
|move|p1a: Suicune|Hydro Pump|p2a: Milotic|[miss]
|-miss|p1a: Suicune|p2a: Milotic
|move|p2a: Milotic|Surf|p1a: Suicune
|-resisted|p1a: Suicune
|-damage|p1a: Suicune|82/100 tox
|
|-heal|p1a: Suicune|88/100 tox|[from] item: Leftovers
|-damage|p1a: Suicune|69/100 tox|[from] psn
|upkeep
|turn|5
|
|t:|1727891977
|move|p1a: Suicune|Hydro Pump|p2a: Milotic
|-resisted|p2a: Milotic
|-damage|p2a: Milotic|63/100
|move|p2a: Milotic|Surf|p1a: Suicune
|-resisted|p1a: Suicune
|-damage|p1a: Suicune|63/100 tox
|
|-heal|p1a: Suicune|69/100 tox|[from] item: Leftovers
|-damage|p1a: Suicune|44/100 tox|[from] psn
|-heal|p2a: Milotic|69/100|[from] item: Leftovers
|upkeep
|turn|6
|
|t:|1727891991
|switch|p1a: Celebi|Celebi|100/100
|switch|p2a: Starmie|Starmie|100/100
|
|upkeep
|turn|7
|
|t:|1727892017
|switch|p2a: Charizard|Charizard, M|100/100
|move|p1a: Celebi|Giga Drain|p2a: Charizard
|-resisted|p2a: Charizard
|-damage|p2a: Charizard|92/100
|
|-heal|p2a: Charizard|98/100|[from] item: Leftovers
|upkeep
|turn|8
|
|t:|1727892028
|-singleturn|p2a: Charizard|move: Focus Punch
|switch|p1a: Suicune|Suicune|44/100 tox
|move|p2a: Charizard|Focus Punch|p1a: Suicune
|-damage|p1a: Suicune|19/100 tox
|
|-heal|p2a: Charizard|100/100|[from] item: Leftovers
|-heal|p1a: Suicune|25/100 tox|[from] item: Leftovers
|-damage|p1a: Suicune|19/100 tox|[from] psn
|upkeep
|turn|9
|
|t:|1727892039
|move|p2a: Charizard|Hidden Power|p1a: Suicune
|-supereffective|p1a: Suicune
|-damage|p1a: Suicune|0 fnt
|faint|p1a: Suicune
|
|t:|1727892046
|switch|p1a: Raikou|Raikou|100/100
|
|upkeep
|turn|10
|
|t:|1727892053
|move|p1a: Raikou|Calm Mind|p1a: Raikou
|-boost|p1a: Raikou|spa|1
|-boost|p1a: Raikou|spd|1
|move|p2a: Charizard|Toxic|p1a: Raikou
|-status|p1a: Raikou|tox
|
|-damage|p1a: Raikou|94/100 tox|[from] psn
|upkeep
|turn|11
|
|t:|1727892062
|switch|p2a: Tyranitar|Tyranitar, F|100/100
|-weather|Sandstorm|[from] ability: Sand Stream|[of] p2a: Tyranitar
|move|p1a: Raikou|Thunderbolt|p2a: Tyranitar
|-damage|p2a: Tyranitar|42/100
|
|-weather|Sandstorm|[upkeep]
|-damage|p1a: Raikou|88/100 tox|[from] Sandstorm
|-heal|p1a: Raikou|94/100 tox|[from] item: Leftovers
|-damage|p1a: Raikou|82/100 tox|[from] psn
|upkeep
|turn|12
|
|t:|1727892076
|switch|p2a: Nidoking|Nidoking, M|100/100
|move|p1a: Raikou|Thunderbolt|p2a: Nidoking
|-immune|p2a: Nidoking
|
|-weather|Sandstorm|[upkeep]
|-damage|p1a: Raikou|76/100 tox|[from] Sandstorm
|-heal|p1a: Raikou|82/100 tox|[from] item: Leftovers
|-damage|p1a: Raikou|63/100 tox|[from] psn
|upkeep
|turn|13
|
|t:|1727892087
|switch|p2a: Tyranitar|Tyranitar, F|42/100
|move|p1a: Raikou|Hidden Power|p2a: Tyranitar
|-damage|p2a: Tyranitar|13/100
|
|-weather|Sandstorm|[upkeep]
|-damage|p1a: Raikou|57/100 tox|[from] Sandstorm
|-heal|p1a: Raikou|63/100 tox|[from] item: Leftovers
|-damage|p1a: Raikou|38/100 tox|[from] psn
|upkeep
|turn|14
|
|t:|1727892109
|switch|p2a: Zapdos|Zapdos|100/100
|move|p1a: Raikou|Hidden Power|p2a: Zapdos
|-supereffective|p2a: Zapdos
|-damage|p2a: Zapdos|21/100
|
|-weather|Sandstorm|[upkeep]
|-damage|p1a: Raikou|32/100 tox|[from] Sandstorm
|-damage|p2a: Zapdos|15/100|[from] Sandstorm
|-heal|p1a: Raikou|38/100 tox|[from] item: Leftovers
|-damage|p1a: Raikou|7/100 tox|[from] psn
|-heal|p2a: Zapdos|21/100|[from] item: Leftovers
|upkeep
|turn|15
|
|t:|1727892122
|switch|p2a: Tyranitar|Tyranitar, F|13/100
|move|p1a: Raikou|Hidden Power|p2a: Tyranitar
|-damage|p2a: Tyranitar|0 fnt
|faint|p2a: Tyranitar
|inactive|LoDart210 has 270 seconds left.
|
|t:|1727892144
|switch|p2a: Milotic|Milotic, M|69/100
|
|-weather|Sandstorm|[upkeep]
|-damage|p1a: Raikou|1/100 tox|[from] Sandstorm
|-damage|p2a: Milotic|63/100|[from] Sandstorm
|-heal|p1a: Raikou|7/100 tox|[from] item: Leftovers
|-damage|p1a: Raikou|0 fnt|[from] psn
|faint|p1a: Raikou
|-heal|p2a: Milotic|69/100|[from] item: Leftovers
|upkeep
|
|t:|1727892155
|switch|p1a: Porygon2|Porygon2|100/100
|-ability|p1a: Porygon2|Marvel Scale|[from] ability: Trace|[of] p2a: Milotic
|turn|16
|
|t:|1727892161
|move|p2a: Milotic|Toxic|p1a: Porygon2|[miss]
|-miss|p2a: Milotic|p1a: Porygon2
|move|p1a: Porygon2|Toxic|p2a: Milotic
|-status|p2a: Milotic|tox
|
|-weather|Sandstorm|[upkeep]
|-damage|p2a: Milotic|63/100 tox|[from] Sandstorm
|-damage|p1a: Porygon2|94/100|[from] Sandstorm
|-heal|p2a: Milotic|69/100 tox|[from] item: Leftovers
|-damage|p2a: Milotic|63/100 tox|[from] psn
|-heal|p1a: Porygon2|100/100|[from] item: Leftovers
|upkeep
|turn|17
|
|t:|1727892168
|switch|p1a: Jirachi|Jirachi|100/100
|move|p2a: Milotic|Recover|p2a: Milotic
|-heal|p2a: Milotic|100/100 tox
|
|-weather|Sandstorm|[upkeep]
|-damage|p2a: Milotic|94/100 tox|[from] Sandstorm
|-heal|p2a: Milotic|100/100 tox|[from] item: Leftovers
|-damage|p2a: Milotic|88/100 tox|[from] psn
|upkeep
|turn|18
|
|t:|1727892179
|switch|p1a: Dugtrio|Dugtrio, F|100/100
|switch|p2a: Nidoking|Nidoking, M|100/100
|
|-weather|Sandstorm|[upkeep]
|upkeep
|turn|19
|
|t:|1727892188
|move|p1a: Dugtrio|Earthquake|p2a: Nidoking
|-supereffective|p2a: Nidoking
|-damage|p2a: Nidoking|0 fnt
|faint|p2a: Nidoking
|
|t:|1727892191
|switch|p2a: Charizard|Charizard, M|100/100
|
|-weather|Sandstorm|[upkeep]
|-damage|p2a: Charizard|94/100|[from] Sandstorm
|-heal|p2a: Charizard|100/100|[from] item: Leftovers
|upkeep
|turn|20
|
|t:|1727892198
|switch|p1a: Celebi|Celebi|100/100
|move|p2a: Charizard|Fire Blast|p1a: Celebi
|-supereffective|p1a: Celebi
|-damage|p1a: Celebi|5/100
|
|-weather|Sandstorm|[upkeep]
|-damage|p2a: Charizard|94/100|[from] Sandstorm
|-damage|p1a: Celebi|0 fnt|[from] Sandstorm
|faint|p1a: Celebi
|-heal|p2a: Charizard|100/100|[from] item: Leftovers
|upkeep
|
|t:|1727892201
|switch|p1a: Dugtrio|Dugtrio, F|100/100
|turn|21
|
|t:|1727892217
|switch|p2a: Zapdos|Zapdos|21/100
|move|p1a: Dugtrio|Rock Slide|p2a: Zapdos
|-supereffective|p2a: Zapdos
|-damage|p2a: Zapdos|0 fnt
|faint|p2a: Zapdos
|
|t:|1727892226
|switch|p2a: Starmie|Starmie|100/100
|
|-weather|Sandstorm|[upkeep]
|-damage|p2a: Starmie|94/100|[from] Sandstorm
|-heal|p2a: Starmie|100/100|[from] item: Leftovers
|upkeep
|turn|22
|
|t:|1727892233
|move|p2a: Starmie|Surf|p1a: Dugtrio
|-supereffective|p1a: Dugtrio
|-damage|p1a: Dugtrio|0 fnt
|faint|p1a: Dugtrio
|
|t:|1727892236
|switch|p1a: Jirachi|Jirachi|100/100
|
|-weather|Sandstorm|[upkeep]
|-damage|p2a: Starmie|94/100|[from] Sandstorm
|-heal|p2a: Starmie|100/100|[from] item: Leftovers
|upkeep
|turn|23
|
|t:|1727892243
|move|p2a: Starmie|Surf|p1a: Jirachi
|-damage|p1a: Jirachi|58/100
|move|p1a: Jirachi|Calm Mind|p1a: Jirachi
|-boost|p1a: Jirachi|spa|1
|-boost|p1a: Jirachi|spd|1
|
|-weather|Sandstorm|[upkeep]
|-damage|p2a: Starmie|94/100|[from] Sandstorm
|-heal|p2a: Starmie|100/100|[from] item: Leftovers
|-heal|p1a: Jirachi|64/100|[from] item: Leftovers
|upkeep
|turn|24
|
|t:|1727892256
|move|p2a: Starmie|Surf|p1a: Jirachi
|-damage|p1a: Jirachi|34/100
|move|p1a: Jirachi|Hidden Power|p2a: Starmie
|-supereffective|p2a: Starmie
|-damage|p2a: Starmie|9/100
|
|-weather|Sandstorm|[upkeep]
|-damage|p2a: Starmie|3/100|[from] Sandstorm
|-heal|p2a: Starmie|9/100|[from] item: Leftovers
|-heal|p1a: Jirachi|40/100|[from] item: Leftovers
|upkeep
|turn|25
|
|t:|1727892263
|move|p2a: Starmie|Surf|p1a: Jirachi
|-damage|p1a: Jirachi|11/100
|move|p1a: Jirachi|Hidden Power|p2a: Starmie
|-supereffective|p2a: Starmie
|-damage|p2a: Starmie|0 fnt
|faint|p2a: Starmie
|
|t:|1727892270
|switch|p2a: Charizard|Charizard, M|100/100
|
|-weather|Sandstorm|[upkeep]
|-damage|p2a: Charizard|94/100|[from] Sandstorm
|-heal|p2a: Charizard|100/100|[from] item: Leftovers
|-heal|p1a: Jirachi|17/100|[from] item: Leftovers
|upkeep
|turn|26
|
|t:|1727892273
|move|p2a: Charizard|Fire Blast|p1a: Jirachi
|-supereffective|p1a: Jirachi
|-damage|p1a: Jirachi|0 fnt
|faint|p1a: Jirachi
|
|t:|1727892276
|switch|p1a: Porygon2|Porygon2|100/100
|-ability|p1a: Porygon2|Blaze|[from] ability: Trace|[of] p2a: Charizard
|
|-weather|Sandstorm|[upkeep]
|-damage|p2a: Charizard|94/100|[from] Sandstorm
|-damage|p1a: Porygon2|94/100|[from] Sandstorm
|-heal|p2a: Charizard|100/100|[from] item: Leftovers
|-heal|p1a: Porygon2|100/100|[from] item: Leftovers
|upkeep
|turn|27
|
|t:|1727892283
|move|p2a: Charizard|Fire Blast|p1a: Porygon2
|-damage|p1a: Porygon2|50/100
|move|p1a: Porygon2|Thunderbolt|p2a: Charizard
|-supereffective|p2a: Charizard
|-damage|p2a: Charizard|36/100
|-status|p2a: Charizard|par
|
|-weather|Sandstorm|[upkeep]
|-damage|p1a: Porygon2|44/100|[from] Sandstorm
|-damage|p2a: Charizard|30/100 par|[from] Sandstorm
|-heal|p1a: Porygon2|50/100|[from] item: Leftovers
|-heal|p2a: Charizard|36/100 par|[from] item: Leftovers
|upkeep
|turn|28
|
|t:|1727892290
|move|p1a: Porygon2|Recover|p1a: Porygon2
|-heal|p1a: Porygon2|100/100
|move|p2a: Charizard|Fire Blast|p1a: Porygon2
|-damage|p1a: Porygon2|52/100
|
|-weather|Sandstorm|[upkeep]
|-damage|p1a: Porygon2|45/100|[from] Sandstorm
|-damage|p2a: Charizard|30/100 par|[from] Sandstorm
|-heal|p1a: Porygon2|52/100|[from] item: Leftovers
|-heal|p2a: Charizard|36/100 par|[from] item: Leftovers
|upkeep
|turn|29
|
|t:|1727892299
|move|p1a: Porygon2|Thunderbolt|p2a: Charizard
|-supereffective|p2a: Charizard
|-damage|p2a: Charizard|0 fnt
|faint|p2a: Charizard
|
|t:|1727892301
|switch|p2a: Milotic|Milotic, M|88/100 tox
|
|-weather|Sandstorm|[upkeep]
|-damage|p2a: Milotic|82/100 tox|[from] Sandstorm
|-damage|p1a: Porygon2|45/100|[from] Sandstorm
|-heal|p2a: Milotic|88/100 tox|[from] item: Leftovers
|-damage|p2a: Milotic|82/100 tox|[from] psn
|-heal|p1a: Porygon2|52/100|[from] item: Leftovers
|upkeep
|turn|30
|
|t:|1727892315
|move|p2a: Milotic|Toxic|p1a: Porygon2
|-status|p1a: Porygon2|tox
|move|p1a: Porygon2|Recover|p1a: Porygon2
|-heal|p1a: Porygon2|100/100 tox
|
|-weather|Sandstorm|[upkeep]
|-damage|p2a: Milotic|76/100 tox|[from] Sandstorm
|-damage|p1a: Porygon2|94/100 tox|[from] Sandstorm
|-heal|p2a: Milotic|82/100 tox|[from] item: Leftovers
|-damage|p2a: Milotic|70/100 tox|[from] psn
|-heal|p1a: Porygon2|100/100 tox|[from] item: Leftovers
|-damage|p1a: Porygon2|94/100 tox|[from] psn
|upkeep
|turn|31
|
|t:|1727892326
|move|p2a: Milotic|Refresh|p2a: Milotic
|-curestatus|p2a: Milotic|tox|[msg]
|move|p1a: Porygon2|Thunderbolt|p2a: Milotic
|-supereffective|p2a: Milotic
|-damage|p2a: Milotic|36/100
|
|-weather|Sandstorm|[upkeep]
|-damage|p2a: Milotic|30/100|[from] Sandstorm
|-damage|p1a: Porygon2|88/100 tox|[from] Sandstorm
|-heal|p2a: Milotic|36/100|[from] item: Leftovers
|-heal|p1a: Porygon2|94/100 tox|[from] item: Leftovers
|-damage|p1a: Porygon2|82/100 tox|[from] psn
|upkeep
|turn|32
|
|t:|1727892334
|move|p2a: Milotic|Recover|p2a: Milotic
|-heal|p2a: Milotic|86/100
|move|p1a: Porygon2|Toxic|p2a: Milotic
|-status|p2a: Milotic|tox
|
|-weather|Sandstorm|[upkeep]
|-damage|p2a: Milotic|80/100 tox|[from] Sandstorm
|-damage|p1a: Porygon2|76/100 tox|[from] Sandstorm
|-heal|p2a: Milotic|86/100 tox|[from] item: Leftovers
|-damage|p2a: Milotic|80/100 tox|[from] psn
|-heal|p1a: Porygon2|82/100 tox|[from] item: Leftovers
|-damage|p1a: Porygon2|64/100 tox|[from] psn
|upkeep
|turn|33
|inactive|strictsceptile1 disconnected and has 300 seconds to reconnect!
|player|p1|
|inactive|strictsceptile1 has 270 seconds to reconnect!
|inactive|strictsceptile1 reconnected and has 295 seconds left.
|player|p1|strictsceptile1|bellepa|
|
|t:|1727892389
|move|p2a: Milotic|Refresh|p2a: Milotic
|-curestatus|p2a: Milotic|tox|[msg]
|move|p1a: Porygon2|Thunderbolt|p2a: Milotic
|-supereffective|p2a: Milotic
|-damage|p2a: Milotic|44/100
|
|-weather|Sandstorm|[upkeep]
|-damage|p2a: Milotic|38/100|[from] Sandstorm
|-damage|p1a: Porygon2|57/100 tox|[from] Sandstorm
|-heal|p2a: Milotic|44/100|[from] item: Leftovers
|-heal|p1a: Porygon2|64/100 tox|[from] item: Leftovers
|-damage|p1a: Porygon2|39/100 tox|[from] psn
|upkeep
|turn|34
|
|t:|1727892397
|move|p2a: Milotic|Recover|p2a: Milotic
|-heal|p2a: Milotic|94/100
|move|p1a: Porygon2|Recover|p1a: Porygon2
|-heal|p1a: Porygon2|89/100 tox
|
|-weather|Sandstorm|[upkeep]
|-damage|p2a: Milotic|88/100|[from] Sandstorm
|-damage|p1a: Porygon2|83/100 tox|[from] Sandstorm
|-heal|p2a: Milotic|94/100|[from] item: Leftovers
|-heal|p1a: Porygon2|89/100 tox|[from] item: Leftovers
|-damage|p1a: Porygon2|58/100 tox|[from] psn
|upkeep
|turn|35
|
|t:|1727892409
|move|p2a: Milotic|Surf|p1a: Porygon2
|-damage|p1a: Porygon2|28/100 tox
|move|p1a: Porygon2|Thunderbolt|p2a: Milotic
|-supereffective|p2a: Milotic
|-damage|p2a: Milotic|59/100
|
|-weather|Sandstorm|[upkeep]
|-damage|p2a: Milotic|53/100|[from] Sandstorm
|-damage|p1a: Porygon2|21/100 tox|[from] Sandstorm
|-heal|p2a: Milotic|59/100|[from] item: Leftovers
|-heal|p1a: Porygon2|28/100 tox|[from] item: Leftovers
|-damage|p1a: Porygon2|0 fnt|[from] psn
|faint|p1a: Porygon2
|
|win|LoDart210
|upkeep
|c|☆strictsceptile1|Ggs
|c|☆LoDart210|gg

</script>
<script type="application/json" class="data" id="replaydata-smogtours-gen3ou-793991">
{"id":"smogtours-gen3ou-793991","format":"[Gen 3] OU","players":["strictsceptile1","LoDart210"],"uploadtime":1727892409,"views":117,"formatid":"gen3ou","rating":null,"private":0,"password":null}
</script>

<script defer src="js/replays.js?9d40a366"></script>
