<!DOCTYPE html>
<meta charset="utf-8" />
<meta name="viewport" content="width=device-width" />

<title>[Gen 3] OU: kewta vs. busyboi - Replays - Pok&eacute;mon Showdown!</title>

<meta name="description" content="Watch a replay of a Pok&eacute;mon battle between kewta and busyboi! Format: [Gen 3] OU; Date: Oct 2, 2024" />
<!--

Hey, you! Looking in the source for the replay log?

You can find them in JSON format, just add `.json` at the end of a replay URL.

https://replay.pokemonshowdown.com/gen7randomdoublesbattle-865046831.json

Or, if you only need the log itself, add `.log` instead:

https://replay.pokemonshowdown.com/gen7randomdoublesbattle-865046831.log

-->

<link rel="stylesheet" href="//pokemonshowdown.com/style/global.css?0.023195364461161105" />
<link rel="stylesheet" href="//play.pokemonshowdown.com/style/font-awesome.css?0.13261647063804238" />
<link rel="stylesheet" href="//play.pokemonshowdown.com/style/battle.css?0.8753245789963631" />
<link rel="stylesheet" href="//play.pokemonshowdown.com/style/utilichart.css?0.8627959624976733" />

<!-- Global site tag (gtag.js) - Google Analytics -->
<script async src="https://www.googletagmanager.com/gtag/js?id=UA-26211653-1"></script>
<script>
  window.dataLayer = window.dataLayer || [];
  function gtag(){dataLayer.push(arguments);}
  gtag('js', new Date());

  gtag('config', 'UA-26211653-1');
</script>
<!-- End Google Analytics -->
<!-- Venatus Ad Manager - Install in <HEAD> of page -->
	<script src="https://hb.vntsm.com/v3/live/ad-manager.min.js" type="text/javascript" data-site-id="642aba63ec9a7b11c3c9c1be" data-mode="scan" async></script>
<!-- / Venatus Ad Manager -->

<style>
	@media (max-width:820px) {
		.battle {
			margin: 0 auto;
		}
		.battle-log {
			margin: 7px auto 0;
			max-width: 640px;
			height: 300px;
			position: static;
		}
	}
	.optgroup {
		display: inline-block;
		line-height: 22px;
		font-size: 10pt;
	}
	.optgroup .button {
		height: 25px;
		padding-top: 0;
		padding-bottom: 0;
	}
	.optgroup button.button {
		padding-left: 12px;
		padding-right: 12px;
	}
	.linklist {
		list-style: none;
		margin: 0.5em 0;
		padding: 0;
	}
	.linklist li {
		padding: 2px 0;
	}
	.sidebar {
		float: left;
		width: 320px;
	}
	.bar-wrapper {
		max-width: 1100px;
		margin: 0 auto;
	}
	.bar-wrapper.has-sidebar {
		max-width: 1430px;
	}
	.mainbar {
		margin: 0;
		padding-right: 1px;
	}
	.mainbar.has-sidebar {
		margin-left: 330px;
	}
	@media (min-width: 1511px) {
		.sidebar {
			width: 400px;
		}
		.bar-wrapper.has-sidebar {
			max-width: 1510px;
		}
		.mainbar.has-sidebar {
			margin-left: 410px;
		}
	}
	.section.first-section {
		margin-top: 9px;
	}
	.blocklink small {
		white-space: normal;
	}
	.button {
		vertical-align: middle;
	}
	.replay-controls {
		padding-top: 10px;
	}
	.replay-controls h1 {
		font-size: 16pt;
		font-weight: normal;
		color: #CCC;
	}
	.pagelink {
		text-align: center;
	}
	.pagelink a {
		width: 150px;
	}
	.textbox, .button {
		font-size: 11pt;
		vertical-align: middle;
	}
	@media (max-width: 450px) {
		.button {
			font-size: 9pt;
		}
	}
</style>

<div>

	<header>
		<div class="nav-wrapper"><ul class="nav">
			<li><a class="button nav-first" href="//pokemonshowdown.com/"><img src="//pokemonshowdown.com/images/pokemonshowdownbeta.png" srcset="//pokemonshowdown.com/images/pokemonshowdownbeta.png 1x, //pokemonshowdown.com/images/pokemonshowdownbeta@2x.png 2x" alt="Pok&eacute;mon Showdown" width="146" height="44" /> Home</a></li>
			<li><a class="button" href="//pokemonshowdown.com/dex/">Pok&eacute;dex</a></li>
			<li><a class="button cur" href="/">Replays</a></li>
			<li><a class="button" href="//pokemonshowdown.com/ladder/">Ladder</a></li>
			<li><a class="button nav-last" href="//pokemonshowdown.com/forums/">Forum</a></li>
			<li><a class="button greenbutton nav-first nav-last" href="//play.pokemonshowdown.com/">Play</a></li>
		</ul></div>
	</header>

	<div class="main" id="main">

		<noscript><section class="section">You need to enable JavaScript to use this page; sorry!</section></noscript>

	</div>

</div>

<script defer nomodule src="//play.pokemonshowdown.com/js/lib/ps-polyfill.js"></script>
<script defer src="//play.pokemonshowdown.com/js/lib/preact.min.js"></script>

<script defer src="//play.pokemonshowdown.com/config/config.js?2bddbc15"></script>
<script defer src="//play.pokemonshowdown.com/js/lib/jquery-1.11.0.min.js"></script>
<script defer src="//play.pokemonshowdown.com/js/lib/html-sanitizer-minified.js"></script>
<script defer src="//play.pokemonshowdown.com/js/battle-sound.js"></script>
<script defer src="//play.pokemonshowdown.com/js/battledata.js?0.7209276989879541"></script>
<script defer src="//play.pokemonshowdown.com/data/pokedex-mini.js?0.6111056340867951"></script>
<script defer src="//play.pokemonshowdown.com/data/pokedex-mini-bw.js?0.3532142036491459"></script>
<script defer src="//play.pokemonshowdown.com/data/graphics.js?0.24223875632456182"></script>
<script defer src="//play.pokemonshowdown.com/data/pokedex.js?0.38839984266356864"></script>
<script defer src="//play.pokemonshowdown.com/data/moves.js?0.21866028504024015"></script>
<script defer src="//play.pokemonshowdown.com/data/abilities.js?0.2005157953846628"></script>
<script defer src="//play.pokemonshowdown.com/data/items.js?0.9894211263848525"></script>
<script defer src="//play.pokemonshowdown.com/data/teambuilder-tables.js?0.6008791140282215"></script>
<script defer src="//play.pokemonshowdown.com/js/battle-tooltips.js?0.7580118955022959"></script>
<script defer src="//play.pokemonshowdown.com/js/battle.js?0.6057722274234274"></script>

<script defer src="js/utils.js?e31f9a17"></script>
<script defer src="js/replays-battle.js?7008c182"></script>

<!-- don't scrape this data! just add .json or .log after the URL!
Full API docs: https://github.com/smogon/pokemon-showdown-client/blob/master/WEB-API.md -->
<script type="text/plain" class="log" id="replaylog-smogtours-gen3ou-793899">
|inactive|Battle timer is ON: inactive players will automatically lose when time's up.
|t:|1727839536
|gametype|singles
|player|p1|kewta|101|
|player|p2|busyboi|265|
|teamsize|p1|6
|teamsize|p2|6
|gen|3
|tier|[Gen 3] OU
|rule|Sleep Clause Mod: Limit one foe put to sleep
|rule|Switch Priority Clause Mod: Faster Pokémon switch first
|rule|Species Clause: Limit one of each Pokémon
|rule|OHKO Clause: OHKO moves are banned
|rule|Evasion Items Clause: Evasion items are banned
|rule|Evasion Moves Clause: Evasion moves are banned
|rule|Endless Battle Clause: Forcing endless battles is banned
|rule|HP Percentage Mod: HP is shown in percentages
|rule|One Boost Passer Clause: Limit one Baton Passer that has a way to boost its stats
|rule|Freeze Clause Mod: Limit one foe frozen
|
|t:|1727839536
|start
|switch|p1a: Salamence|Salamence, F|100/100
|switch|p2a: Zapdos|Zapdos|100/100
|-ability|p1a: Salamence|Intimidate|boost
|-unboost|p2a: Zapdos|atk|1
|turn|1
|
|t:|1727839552
|switch|p1a: Blissey|Blissey, F|100/100
|move|p2a: Zapdos|Hidden Power|p1a: Blissey
|-damage|p1a: Blissey|91/100
|
|-heal|p1a: Blissey|97/100|[from] item: Leftovers
|upkeep
|turn|2
|
|t:|1727839560
|switch|p1a: Salamence|Salamence, F|100/100
|-ability|p1a: Salamence|Intimidate|boost
|-unboost|p2a: Zapdos|atk|1
|move|p2a: Zapdos|Baton Pass|p2a: Zapdos
|
|t:|1727839577
|switch|p2a: Starmie|Starmie|100/100|[from] Baton Pass
|
|upkeep
|turn|3
|
|t:|1727839585
|switch|p1a: Forretress|Forretress, F|100/100
|move|p2a: Starmie|Thunder Wave|p1a: Forretress
|-status|p1a: Forretress|par
|
|upkeep
|turn|4
|
|t:|1727839608
|switch|p2a: Tyranitar|Tyranitar, M|100/100
|-weather|Sandstorm|[from] ability: Sand Stream|[of] p2a: Tyranitar
|move|p1a: Forretress|Spikes|p2a: Tyranitar
|-sidestart|p2: busyboi|Spikes
|
|-weather|Sandstorm|[upkeep]
|upkeep
|turn|5
|
|t:|1727839616
|move|p2a: Tyranitar|Fire Blast|p1a: Forretress
|-supereffective|p1a: Forretress
|-damage|p1a: Forretress|0 fnt
|faint|p1a: Forretress
|
|t:|1727839626
|switch|p1a: Salamence|Salamence, F|100/100
|-ability|p1a: Salamence|Intimidate|boost
|-unboost|p2a: Tyranitar|atk|1
|
|-weather|Sandstorm|[upkeep]
|-damage|p1a: Salamence|95/100|[from] Sandstorm
|-heal|p1a: Salamence|100/100|[from] item: Leftovers
|upkeep
|turn|6
|
|t:|1727839655
|switch|p2a: Starmie|Starmie|100/100
|-damage|p2a: Starmie|88/100|[from] Spikes
|move|p1a: Salamence|Roar|p2a: Starmie
|drag|p2a: Hariyama|Hariyama, F|100/100
|-damage|p2a: Hariyama|88/100|[from] Spikes
|
|-weather|Sandstorm|[upkeep]
|-damage|p1a: Salamence|95/100|[from] Sandstorm
|-damage|p2a: Hariyama|82/100|[from] Sandstorm
|-heal|p1a: Salamence|100/100|[from] item: Leftovers
|-heal|p2a: Hariyama|88/100|[from] item: Leftovers
|upkeep
|turn|7
|
|t:|1727839662
|move|p1a: Salamence|Dragon Claw|p2a: Hariyama
|-damage|p2a: Hariyama|50/100
|move|p2a: Hariyama|Rock Slide|p1a: Salamence
|-supereffective|p1a: Salamence
|-damage|p1a: Salamence|46/100
|
|-weather|Sandstorm|[upkeep]
|-damage|p1a: Salamence|40/100|[from] Sandstorm
|-damage|p2a: Hariyama|44/100|[from] Sandstorm
|-heal|p1a: Salamence|46/100|[from] item: Leftovers
|-heal|p2a: Hariyama|50/100|[from] item: Leftovers
|upkeep
|turn|8
|
|t:|1727839677
|-singleturn|p2a: Hariyama|move: Focus Punch
|switch|p1a: Jirachi|Jirachi|100/100
|move|p2a: Hariyama|Focus Punch|p1a: Jirachi
|-damage|p1a: Jirachi|48/100
|
|-weather|Sandstorm|[upkeep]
|-damage|p2a: Hariyama|44/100|[from] Sandstorm
|-heal|p1a: Jirachi|54/100|[from] item: Leftovers
|-heal|p2a: Hariyama|50/100|[from] item: Leftovers
|upkeep
|turn|9
|inactive|busyboi has 270 seconds left.
|
|t:|1727839710
|move|p1a: Jirachi|Wish|p1a: Jirachi
|move|p2a: Hariyama|Brick Break|p1a: Jirachi
|-damage|p1a: Jirachi|31/100
|
|-weather|Sandstorm|[upkeep]
|-damage|p2a: Hariyama|44/100|[from] Sandstorm
|-heal|p1a: Jirachi|37/100|[from] item: Leftovers
|-heal|p2a: Hariyama|50/100|[from] item: Leftovers
|upkeep
|turn|10
|
|t:|1727839716
|switch|p2a: Starmie|Starmie|88/100
|-damage|p2a: Starmie|76/100|[from] Spikes
|move|p1a: Jirachi|Fire Punch|p2a: Starmie
|-resisted|p2a: Starmie
|-damage|p2a: Starmie|65/100
|-status|p2a: Starmie|brn
|
|-heal|p1a: Jirachi|87/100|[from] move: Wish|[wisher] Jirachi
|-weather|Sandstorm|[upkeep]
|-damage|p2a: Starmie|59/100 brn|[from] Sandstorm
|-heal|p2a: Starmie|65/100 brn|[from] item: Leftovers
|-damage|p2a: Starmie|53/100 brn|[from] brn
|-heal|p1a: Jirachi|93/100|[from] item: Leftovers
|upkeep
|turn|11
|inactive|busyboi has 270 seconds left.
|
|t:|1727839730
|move|p1a: Jirachi|Protect|p1a: Jirachi
|-singleturn|p1a: Jirachi|Protect
|move|p2a: Starmie|Rapid Spin|p1a: Jirachi
|-activate|p1a: Jirachi|Protect
|
|-weather|Sandstorm|[upkeep]
|-damage|p2a: Starmie|47/100 brn|[from] Sandstorm
|-heal|p2a: Starmie|53/100 brn|[from] item: Leftovers
|-damage|p2a: Starmie|41/100 brn|[from] brn
|-heal|p1a: Jirachi|99/100|[from] item: Leftovers
|upkeep
|turn|12
|
|t:|1727839735
|move|p2a: Starmie|Recover|p2a: Starmie
|-heal|p2a: Starmie|91/100 brn
|move|p1a: Jirachi|Wish|p1a: Jirachi
|
|-weather|Sandstorm|[upkeep]
|-damage|p2a: Starmie|84/100 brn|[from] Sandstorm
|-heal|p2a: Starmie|91/100 brn|[from] item: Leftovers
|-damage|p2a: Starmie|78/100 brn|[from] brn
|-heal|p1a: Jirachi|100/100|[from] item: Leftovers
|upkeep
|turn|13
|
|t:|1727839746
|move|p2a: Starmie|Thunder Wave|p1a: Jirachi
|-status|p1a: Jirachi|par
|move|p1a: Jirachi|Fire Punch|p2a: Starmie
|-resisted|p2a: Starmie
|-damage|p2a: Starmie|69/100 brn
|
|-weather|Sandstorm|[upkeep]
|-damage|p2a: Starmie|63/100 brn|[from] Sandstorm
|-heal|p2a: Starmie|69/100 brn|[from] item: Leftovers
|-damage|p2a: Starmie|56/100 brn|[from] brn
|upkeep
|turn|14
|
|t:|1727839751
|move|p2a: Starmie|Rapid Spin|p1a: Jirachi
|-resisted|p1a: Jirachi
|-damage|p1a: Jirachi|99/100 par
|-sideend|p2: busyboi|Spikes|[from] move: Rapid Spin|[of] p2a: Starmie
|cant|p1a: Jirachi|par
|
|-weather|Sandstorm|[upkeep]
|-damage|p2a: Starmie|50/100 brn|[from] Sandstorm
|-heal|p2a: Starmie|56/100 brn|[from] item: Leftovers
|-damage|p2a: Starmie|44/100 brn|[from] brn
|-heal|p1a: Jirachi|100/100 par|[from] item: Leftovers
|upkeep
|turn|15
|
|t:|1727839755
|switch|p1a: Salamence|Salamence, F|46/100
|-ability|p1a: Salamence|Intimidate|boost
|-unboost|p2a: Starmie|atk|1
|move|p2a: Starmie|Recover|p2a: Starmie
|-heal|p2a: Starmie|94/100 brn
|
|-weather|Sandstorm|[upkeep]
|-damage|p2a: Starmie|88/100 brn|[from] Sandstorm
|-damage|p1a: Salamence|40/100|[from] Sandstorm
|-heal|p2a: Starmie|94/100 brn|[from] item: Leftovers
|-damage|p2a: Starmie|82/100 brn|[from] brn
|-heal|p1a: Salamence|46/100|[from] item: Leftovers
|upkeep
|turn|16
|
|t:|1727839777
|switch|p1a: Blissey|Blissey, F|97/100
|move|p2a: Starmie|Thunder Wave|p1a: Blissey
|-status|p1a: Blissey|par
|
|-weather|Sandstorm|[upkeep]
|-damage|p2a: Starmie|75/100 brn|[from] Sandstorm
|-damage|p1a: Blissey|91/100 par|[from] Sandstorm
|-heal|p2a: Starmie|82/100 brn|[from] item: Leftovers
|-damage|p2a: Starmie|69/100 brn|[from] brn
|-heal|p1a: Blissey|97/100 par|[from] item: Leftovers
|upkeep
|turn|17
|
|t:|1727839782
|-curestatus|p2a: Starmie|brn|[from] ability: Natural Cure
|switch|p2a: Hariyama|Hariyama, F|50/100
|move|p1a: Blissey|Seismic Toss|p2a: Hariyama
|-damage|p2a: Hariyama|27/100
|
|-weather|Sandstorm|[upkeep]
|-damage|p2a: Hariyama|21/100|[from] Sandstorm
|-damage|p1a: Blissey|91/100 par|[from] Sandstorm
|-heal|p2a: Hariyama|27/100|[from] item: Leftovers
|-heal|p1a: Blissey|97/100 par|[from] item: Leftovers
|upkeep
|turn|18
|
|t:|1727839793
|-singleturn|p2a: Hariyama|move: Focus Punch
|move|p2a: Hariyama|Focus Punch|p1a: Blissey
|-supereffective|p1a: Blissey
|-damage|p1a: Blissey|0 fnt
|faint|p1a: Blissey
|
|t:|1727839799
|switch|p1a: Salamence|Salamence, F|46/100
|-ability|p1a: Salamence|Intimidate|boost
|-unboost|p2a: Hariyama|atk|1
|
|-weather|Sandstorm|[upkeep]
|-damage|p1a: Salamence|40/100|[from] Sandstorm
|-damage|p2a: Hariyama|21/100|[from] Sandstorm
|-heal|p1a: Salamence|46/100|[from] item: Leftovers
|-heal|p2a: Hariyama|27/100|[from] item: Leftovers
|upkeep
|turn|19
|
|t:|1727839812
|move|p1a: Salamence|Dragon Claw|p2a: Hariyama
|-damage|p2a: Hariyama|0 fnt
|faint|p2a: Hariyama
|
|t:|1727839821
|switch|p2a: Zapdos|Zapdos|100/100
|
|-weather|Sandstorm|[upkeep]
|-damage|p2a: Zapdos|94/100|[from] Sandstorm
|-damage|p1a: Salamence|40/100|[from] Sandstorm
|-heal|p2a: Zapdos|100/100|[from] item: Leftovers
|-heal|p1a: Salamence|46/100|[from] item: Leftovers
|upkeep
|turn|20
|
|t:|1727839825
|move|p2a: Zapdos|Thunderbolt|p1a: Salamence
|-damage|p1a: Salamence|0 fnt
|faint|p1a: Salamence
|
|t:|1727839831
|switch|p1a: Aerodactyl|Aerodactyl, F|100/100
|
|-weather|Sandstorm|[upkeep]
|-damage|p2a: Zapdos|94/100|[from] Sandstorm
|-heal|p2a: Zapdos|100/100|[from] item: Leftovers
|upkeep
|turn|21
|
|t:|1727839842
|switch|p2a: Blissey|Blissey, F|100/100
|move|p1a: Aerodactyl|Rock Slide|p2a: Blissey
|-damage|p2a: Blissey|58/100
|
|-weather|Sandstorm|[upkeep]
|-damage|p2a: Blissey|52/100|[from] Sandstorm
|-heal|p2a: Blissey|58/100|[from] item: Leftovers
|upkeep
|turn|22
|
|t:|1727839857
|move|p1a: Aerodactyl|Rock Slide|p2a: Blissey
|-damage|p2a: Blissey|11/100
|cant|p2a: Blissey|flinch
|
|-weather|Sandstorm|[upkeep]
|-damage|p2a: Blissey|5/100|[from] Sandstorm
|-heal|p2a: Blissey|11/100|[from] item: Leftovers
|upkeep
|turn|23
|
|t:|1727839863
|move|p1a: Aerodactyl|Rock Slide|p2a: Blissey
|-damage|p2a: Blissey|0 fnt
|faint|p2a: Blissey
|
|t:|1727839868
|switch|p2a: Starmie|Starmie|69/100
|
|-weather|Sandstorm|[upkeep]
|-damage|p2a: Starmie|63/100|[from] Sandstorm
|-heal|p2a: Starmie|69/100|[from] item: Leftovers
|upkeep
|turn|24
|
|t:|1727839876
|move|p1a: Aerodactyl|Rock Slide|p2a: Starmie
|-damage|p2a: Starmie|6/100
|move|p2a: Starmie|Surf|p1a: Aerodactyl
|-supereffective|p1a: Aerodactyl
|-crit|p1a: Aerodactyl
|-damage|p1a: Aerodactyl|0 fnt
|faint|p1a: Aerodactyl
|
|t:|1727839879
|switch|p1a: Tyranitar|Tyranitar, M|100/100
|
|-weather|Sandstorm|[upkeep]
|-damage|p2a: Starmie|0 fnt|[from] Sandstorm
|faint|p2a: Starmie
|upkeep
|
|t:|1727839888
|switch|p2a: Metagross|Metagross|100/100
|turn|25
|
|t:|1727839899
|move|p2a: Metagross|Earthquake|p1a: Tyranitar
|-supereffective|p1a: Tyranitar
|-damage|p1a: Tyranitar|55/100
|move|p1a: Tyranitar|Counter|p2a: Metagross
|-damage|p2a: Metagross|2/100
|
|-weather|Sandstorm|[upkeep]
|-heal|p2a: Metagross|8/100|[from] item: Leftovers
|-heal|p1a: Tyranitar|61/100|[from] item: Leftovers
|upkeep
|turn|26
|
|t:|1727839910
|move|p2a: Metagross|Meteor Mash|p1a: Tyranitar|[miss]
|-miss|p2a: Metagross|p1a: Tyranitar
|move|p1a: Tyranitar|Pursuit|p2a: Metagross
|-damage|p2a: Metagross|0 fnt
|faint|p2a: Metagross
|
|t:|1727839922
|switch|p2a: Tyranitar|Tyranitar, M|100/100
|
|-weather|Sandstorm|[upkeep]
|-heal|p1a: Tyranitar|67/100|[from] item: Leftovers
|upkeep
|turn|27
|
|t:|1727839927
|move|p2a: Tyranitar|Hidden Power|p1a: Tyranitar
|-supereffective|p1a: Tyranitar
|-damage|p1a: Tyranitar|31/100
|move|p1a: Tyranitar|Counter|p2a: Tyranitar
|-damage|p2a: Tyranitar|14/100
|
|-weather|Sandstorm|[upkeep]
|-heal|p2a: Tyranitar|20/100|[from] item: Leftovers
|-heal|p1a: Tyranitar|37/100|[from] item: Leftovers
|upkeep
|turn|28
|
|t:|1727839941
|move|p2a: Tyranitar|Hidden Power|p1a: Tyranitar
|-supereffective|p1a: Tyranitar
|-damage|p1a: Tyranitar|0 fnt
|faint|p1a: Tyranitar
|
|t:|1727839944
|switch|p1a: Jirachi|Jirachi|100/100 par
|
|-weather|Sandstorm|[upkeep]
|-heal|p2a: Tyranitar|27/100|[from] item: Leftovers
|upkeep
|turn|29
|
|t:|1727839947
|move|p2a: Tyranitar|Fire Blast|p1a: Jirachi
|-supereffective|p1a: Jirachi
|-damage|p1a: Jirachi|42/100 par
|cant|p1a: Jirachi|par
|
|-weather|Sandstorm|[upkeep]
|-heal|p2a: Tyranitar|33/100|[from] item: Leftovers
|-heal|p1a: Jirachi|48/100 par|[from] item: Leftovers
|upkeep
|turn|30
|
|t:|1727839953
|move|p2a: Tyranitar|Fire Blast|p1a: Jirachi
|-supereffective|p1a: Jirachi
|-damage|p1a: Jirachi|0 fnt
|faint|p1a: Jirachi
|
|win|busyboi
|player|p1|
|c|☆busyboi|ggs

</script>
<script type="application/json" class="data" id="replaydata-smogtours-gen3ou-793899">
{"id":"smogtours-gen3ou-793899","format":"[Gen 3] OU","players":["kewta","busyboi"],"uploadtime":1727839953,"views":118,"formatid":"gen3ou","rating":null,"private":0,"password":null}
</script>

<script defer src="js/replays.js?9d40a366"></script>
