<!DOCTYPE html>
<meta charset="utf-8" />
<meta name="viewport" content="width=device-width" />

<title>[Gen 3] OU: kaboom64 vs. Sheik - Replays - Pok&eacute;mon Showdown!</title>

<meta name="description" content="Watch a replay of a Pok&eacute;mon battle between kaboom64 and Sheik! Format: [Gen 3] OU; Date: Nov 5, 2024" />
<!--

Hey, you! Looking in the source for the replay log?

You can find them in JSON format, just add `.json` at the end of a replay URL.

https://replay.pokemonshowdown.com/gen7randomdoublesbattle-865046831.json

Or, if you only need the log itself, add `.log` instead:

https://replay.pokemonshowdown.com/gen7randomdoublesbattle-865046831.log

-->

<link rel="stylesheet" href="//pokemonshowdown.com/style/global.css?0.023195364461161105" />
<link rel="stylesheet" href="//play.pokemonshowdown.com/style/font-awesome.css?0.13261647063804238" />
<link rel="stylesheet" href="//play.pokemonshowdown.com/style/battle.css?0.8753245789963631" />
<link rel="stylesheet" href="//play.pokemonshowdown.com/style/utilichart.css?0.8627959624976733" />

<!-- Global site tag (gtag.js) - Google Analytics -->
<script async src="https://www.googletagmanager.com/gtag/js?id=UA-26211653-1"></script>
<script>
  window.dataLayer = window.dataLayer || [];
  function gtag(){dataLayer.push(arguments);}
  gtag('js', new Date());

  gtag('config', 'UA-26211653-1');
</script>
<!-- End Google Analytics -->
<!-- Venatus Ad Manager - Install in <HEAD> of page -->
	<script src="https://hb.vntsm.com/v3/live/ad-manager.min.js" type="text/javascript" data-site-id="642aba63ec9a7b11c3c9c1be" data-mode="scan" async></script>
<!-- / Venatus Ad Manager -->

<style>
	@media (max-width:820px) {
		.battle {
			margin: 0 auto;
		}
		.battle-log {
			margin: 7px auto 0;
			max-width: 640px;
			height: 300px;
			position: static;
		}
	}
	.optgroup {
		display: inline-block;
		line-height: 22px;
		font-size: 10pt;
	}
	.optgroup .button {
		height: 25px;
		padding-top: 0;
		padding-bottom: 0;
	}
	.optgroup button.button {
		padding-left: 12px;
		padding-right: 12px;
	}
	.linklist {
		list-style: none;
		margin: 0.5em 0;
		padding: 0;
	}
	.linklist li {
		padding: 2px 0;
	}
	.sidebar {
		float: left;
		width: 320px;
	}
	.bar-wrapper {
		max-width: 1100px;
		margin: 0 auto;
	}
	.bar-wrapper.has-sidebar {
		max-width: 1430px;
	}
	.mainbar {
		margin: 0;
		padding-right: 1px;
	}
	.mainbar.has-sidebar {
		margin-left: 330px;
	}
	@media (min-width: 1511px) {
		.sidebar {
			width: 400px;
		}
		.bar-wrapper.has-sidebar {
			max-width: 1510px;
		}
		.mainbar.has-sidebar {
			margin-left: 410px;
		}
	}
	.section.first-section {
		margin-top: 9px;
	}
	.blocklink small {
		white-space: normal;
	}
	.button {
		vertical-align: middle;
	}
	.replay-controls {
		padding-top: 10px;
	}
	.replay-controls h1 {
		font-size: 16pt;
		font-weight: normal;
		color: #CCC;
	}
	.pagelink {
		text-align: center;
	}
	.pagelink a {
		width: 150px;
	}
	.textbox, .button {
		font-size: 11pt;
		vertical-align: middle;
	}
	@media (max-width: 450px) {
		.button {
			font-size: 9pt;
		}
	}
</style>

<div>

	<header>
		<div class="nav-wrapper"><ul class="nav">
			<li><a class="button nav-first" href="//pokemonshowdown.com/"><img src="//pokemonshowdown.com/images/pokemonshowdownbeta.png" srcset="//pokemonshowdown.com/images/pokemonshowdownbeta.png 1x, //pokemonshowdown.com/images/pokemonshowdownbeta@2x.png 2x" alt="Pok&eacute;mon Showdown" width="146" height="44" /> Home</a></li>
			<li><a class="button" href="//pokemonshowdown.com/dex/">Pok&eacute;dex</a></li>
			<li><a class="button cur" href="/">Replays</a></li>
			<li><a class="button" href="//pokemonshowdown.com/ladder/">Ladder</a></li>
			<li><a class="button nav-last" href="//pokemonshowdown.com/forums/">Forum</a></li>
			<li><a class="button greenbutton nav-first nav-last" href="//play.pokemonshowdown.com/">Play</a></li>
		</ul></div>
	</header>

	<div class="main" id="main">

		<noscript><section class="section">You need to enable JavaScript to use this page; sorry!</section></noscript>

	</div>

</div>

<script defer nomodule src="//play.pokemonshowdown.com/js/lib/ps-polyfill.js"></script>
<script defer src="//play.pokemonshowdown.com/js/lib/preact.min.js"></script>

<script defer src="//play.pokemonshowdown.com/config/config.js?2bddbc15"></script>
<script defer src="//play.pokemonshowdown.com/js/lib/jquery-1.11.0.min.js"></script>
<script defer src="//play.pokemonshowdown.com/js/lib/html-sanitizer-minified.js"></script>
<script defer src="//play.pokemonshowdown.com/js/battle-sound.js"></script>
<script defer src="//play.pokemonshowdown.com/js/battledata.js?0.7209276989879541"></script>
<script defer src="//play.pokemonshowdown.com/data/pokedex-mini.js?0.6111056340867951"></script>
<script defer src="//play.pokemonshowdown.com/data/pokedex-mini-bw.js?0.3532142036491459"></script>
<script defer src="//play.pokemonshowdown.com/data/graphics.js?0.24223875632456182"></script>
<script defer src="//play.pokemonshowdown.com/data/pokedex.js?0.38839984266356864"></script>
<script defer src="//play.pokemonshowdown.com/data/moves.js?0.21866028504024015"></script>
<script defer src="//play.pokemonshowdown.com/data/abilities.js?0.2005157953846628"></script>
<script defer src="//play.pokemonshowdown.com/data/items.js?0.9894211263848525"></script>
<script defer src="//play.pokemonshowdown.com/data/teambuilder-tables.js?0.6008791140282215"></script>
<script defer src="//play.pokemonshowdown.com/js/battle-tooltips.js?0.7580118955022959"></script>
<script defer src="//play.pokemonshowdown.com/js/battle.js?0.6057722274234274"></script>

<script defer src="js/utils.js?e31f9a17"></script>
<script defer src="js/replays-battle.js?7008c182"></script>

<!-- don't scrape this data! just add .json or .log after the URL!
Full API docs: https://github.com/smogon/pokemon-showdown-client/blob/master/WEB-API.md -->
<script type="text/plain" class="log" id="replaylog-smogtours-gen3ou-804886">
|inactive|Battle timer is ON: inactive players will automatically lose when time's up.
|badge|p1|bronze|gen9lc|100-3
|uhtml|medal-msg|<div class="broadcast-blue">Curious what those medals under the avatar are? PS now has Ladder Seasons! For more information, check out the <a href="https://www.smogon.com/forums/threads/3740067/">thread on Smogon.<\/a><\/div>
|t:|1730824230
|gametype|singles
|player|p1|kaboom64|#advpliv|
|player|p2|Sheik|#roaplxyorknewyanma|
|teamsize|p1|6
|teamsize|p2|6
|gen|3
|tier|[Gen 3] OU
|rule|Sleep Clause Mod: Limit one foe put to sleep
|rule|Switch Priority Clause Mod: Faster Pokémon switch first
|rule|Species Clause: Limit one of each Pokémon
|rule|OHKO Clause: OHKO moves are banned
|rule|Evasion Items Clause: Evasion items are banned
|rule|Evasion Moves Clause: Evasion moves are banned
|rule|Endless Battle Clause: Forcing endless battles is banned
|rule|HP Percentage Mod: HP is shown in percentages
|rule|One Boost Passer Clause: Limit one Baton Passer that has a way to boost its stats
|rule|Freeze Clause Mod: Limit one foe frozen
|
|t:|1730824230
|start
|switch|p1a: Tyranitar|Tyranitar, M|100/100
|switch|p2a: Tyranitar|Tyranitar, M|100/100
|-weather|Sandstorm|[from] ability: Sand Stream|[of] p1a: Tyranitar
|turn|1
|
|t:|1730824243
|switch|p1a: Swampert|Swampert, M|100/100
|switch|p2a: Milotic|Milotic, M|100/100
|
|-weather|Sandstorm|[upkeep]
|-damage|p2a: Milotic|94/100|[from] Sandstorm
|-heal|p2a: Milotic|100/100|[from] item: Leftovers
|upkeep
|turn|2
|
|t:|1730824250
|switch|p1a: Celebi|Celebi|100/100
|move|p2a: Milotic|Surf|p1a: Celebi
|-resisted|p1a: Celebi
|-damage|p1a: Celebi|87/100
|
|-weather|Sandstorm|[upkeep]
|-damage|p1a: Celebi|81/100|[from] Sandstorm
|-damage|p2a: Milotic|94/100|[from] Sandstorm
|-heal|p1a: Celebi|87/100|[from] item: Leftovers
|-heal|p2a: Milotic|100/100|[from] item: Leftovers
|upkeep
|turn|3
|
|t:|1730824257
|switch|p2a: Skarmory|Skarmory, F|100/100
|move|p1a: Celebi|Leech Seed|p2a: Skarmory
|-start|p2a: Skarmory|move: Leech Seed
|
|-weather|Sandstorm|[upkeep]
|-damage|p1a: Celebi|81/100|[from] Sandstorm
|-heal|p1a: Celebi|87/100|[from] item: Leftovers
|-damage|p2a: Skarmory|88/100|[from] Leech Seed|[of] p1a: Celebi
|-heal|p1a: Celebi|98/100|[silent]
|upkeep
|turn|4
|
|t:|1730824269
|switch|p1a: Starmie|Starmie|100/100
|move|p2a: Skarmory|Spikes|p1a: Starmie
|-sidestart|p1: kaboom64|Spikes
|
|-weather|Sandstorm|[upkeep]
|-damage|p1a: Starmie|94/100|[from] Sandstorm
|-heal|p1a: Starmie|100/100|[from] item: Leftovers
|-heal|p2a: Skarmory|94/100|[from] item: Leftovers
|-damage|p2a: Skarmory|82/100|[from] Leech Seed|[of] p1a: Starmie
|upkeep
|turn|5
|
|t:|1730824280
|switch|p2a: Blissey|Blissey, F, shiny|100/100
|move|p1a: Starmie|Rapid Spin|p2a: Blissey
|-damage|p2a: Blissey|98/100
|-sideend|p1: kaboom64|Spikes|[from] move: Rapid Spin|[of] p1a: Starmie
|
|-weather|Sandstorm|[upkeep]
|-damage|p1a: Starmie|94/100|[from] Sandstorm
|-damage|p2a: Blissey|92/100|[from] Sandstorm
|-heal|p1a: Starmie|100/100|[from] item: Leftovers
|-heal|p2a: Blissey|98/100|[from] item: Leftovers
|upkeep
|turn|6
|
|t:|1730824295
|switch|p1a: Metagross|Metagross|100/100
|move|p2a: Blissey|Ice Beam|p1a: Metagross
|-resisted|p1a: Metagross
|-crit|p1a: Metagross
|-damage|p1a: Metagross|69/100
|
|-weather|Sandstorm|[upkeep]
|-damage|p2a: Blissey|92/100|[from] Sandstorm
|-heal|p1a: Metagross|75/100|[from] item: Leftovers
|-heal|p2a: Blissey|98/100|[from] item: Leftovers
|upkeep
|turn|7
|
|t:|1730824312
|switch|p1a: Celebi|Celebi|98/100
|switch|p2a: Milotic|Milotic, M|100/100
|
|-weather|Sandstorm|[upkeep]
|-damage|p1a: Celebi|92/100|[from] Sandstorm
|-damage|p2a: Milotic|94/100|[from] Sandstorm
|-heal|p1a: Celebi|98/100|[from] item: Leftovers
|-heal|p2a: Milotic|100/100|[from] item: Leftovers
|upkeep
|turn|8
|
|t:|1730824319
|move|p1a: Celebi|Leech Seed|p2a: Milotic
|-start|p2a: Milotic|move: Leech Seed
|move|p2a: Milotic|Toxic|p1a: Celebi
|-status|p1a: Celebi|tox
|
|-weather|Sandstorm|[upkeep]
|-damage|p1a: Celebi|92/100 tox|[from] Sandstorm
|-damage|p2a: Milotic|94/100|[from] Sandstorm
|-heal|p1a: Celebi|98/100 tox|[from] item: Leftovers
|-damage|p1a: Celebi|92/100 tox|[from] psn
|-heal|p2a: Milotic|100/100|[from] item: Leftovers
|-damage|p2a: Milotic|88/100|[from] Leech Seed|[of] p1a: Celebi
|-heal|p1a: Celebi|100/100 tox|[silent]
|upkeep
|turn|9
|
|t:|1730824326
|switch|p2a: Skarmory|Skarmory, F|82/100
|move|p1a: Celebi|Leech Seed|p2a: Skarmory
|-start|p2a: Skarmory|move: Leech Seed
|
|-weather|Sandstorm|[upkeep]
|-damage|p1a: Celebi|94/100 tox|[from] Sandstorm
|-heal|p1a: Celebi|100/100 tox|[from] item: Leftovers
|-damage|p1a: Celebi|88/100 tox|[from] psn
|-heal|p2a: Skarmory|88/100|[from] item: Leftovers
|-damage|p2a: Skarmory|76/100|[from] Leech Seed|[of] p1a: Celebi
|-heal|p1a: Celebi|99/100 tox|[silent]
|upkeep
|turn|10
|
|t:|1730824346
|-curestatus|p1a: Celebi|tox|[from] ability: Natural Cure
|switch|p1a: Starmie|Starmie|100/100
|switch|p2a: Blissey|Blissey, F, shiny|98/100
|
|-weather|Sandstorm|[upkeep]
|-damage|p1a: Starmie|94/100|[from] Sandstorm
|-damage|p2a: Blissey|92/100|[from] Sandstorm
|-heal|p1a: Starmie|100/100|[from] item: Leftovers
|-heal|p2a: Blissey|98/100|[from] item: Leftovers
|upkeep
|turn|11
|
|t:|1730824359
|switch|p1a: Metagross|Metagross|75/100
|move|p2a: Blissey|Ice Beam|p1a: Metagross
|-resisted|p1a: Metagross
|-damage|p1a: Metagross|60/100
|
|-weather|Sandstorm|[upkeep]
|-damage|p2a: Blissey|92/100|[from] Sandstorm
|-heal|p1a: Metagross|66/100|[from] item: Leftovers
|-heal|p2a: Blissey|98/100|[from] item: Leftovers
|upkeep
|turn|12
|
|t:|1730824367
|switch|p1a: Celebi|Celebi|99/100
|switch|p2a: Milotic|Milotic, M|88/100
|
|-weather|Sandstorm|[upkeep]
|-damage|p1a: Celebi|93/100|[from] Sandstorm
|-damage|p2a: Milotic|82/100|[from] Sandstorm
|-heal|p1a: Celebi|99/100|[from] item: Leftovers
|-heal|p2a: Milotic|88/100|[from] item: Leftovers
|upkeep
|turn|13
|
|t:|1730824378
|move|p1a: Celebi|Leech Seed|p2a: Milotic
|-start|p2a: Milotic|move: Leech Seed
|move|p2a: Milotic|Toxic|p1a: Celebi
|-status|p1a: Celebi|tox
|
|-weather|Sandstorm|[upkeep]
|-damage|p1a: Celebi|93/100 tox|[from] Sandstorm
|-damage|p2a: Milotic|82/100|[from] Sandstorm
|-heal|p1a: Celebi|99/100 tox|[from] item: Leftovers
|-damage|p1a: Celebi|93/100 tox|[from] psn
|-heal|p2a: Milotic|88/100|[from] item: Leftovers
|-damage|p2a: Milotic|76/100|[from] Leech Seed|[of] p1a: Celebi
|-heal|p1a: Celebi|100/100 tox|[silent]
|upkeep
|turn|14
|inactive|kaboom64 has 270 seconds left.
|
|t:|1730824410
|switch|p2a: Skarmory|Skarmory, F|76/100
|move|p1a: Celebi|Leech Seed|p2a: Skarmory
|-start|p2a: Skarmory|move: Leech Seed
|
|-weather|Sandstorm|[upkeep]
|-damage|p1a: Celebi|94/100 tox|[from] Sandstorm
|-heal|p1a: Celebi|100/100 tox|[from] item: Leftovers
|-damage|p1a: Celebi|88/100 tox|[from] psn
|-heal|p2a: Skarmory|82/100|[from] item: Leftovers
|-damage|p2a: Skarmory|69/100|[from] Leech Seed|[of] p1a: Celebi
|-heal|p1a: Celebi|99/100 tox|[silent]
|upkeep
|turn|15
|
|t:|1730824418
|-curestatus|p1a: Celebi|tox|[from] ability: Natural Cure
|switch|p1a: Starmie|Starmie|100/100
|move|p2a: Skarmory|Spikes|p1a: Starmie
|-sidestart|p1: kaboom64|Spikes
|
|-weather|Sandstorm|[upkeep]
|-damage|p1a: Starmie|94/100|[from] Sandstorm
|-heal|p1a: Starmie|100/100|[from] item: Leftovers
|-heal|p2a: Skarmory|75/100|[from] item: Leftovers
|-damage|p2a: Skarmory|63/100|[from] Leech Seed|[of] p1a: Starmie
|upkeep
|turn|16
|
|t:|1730824426
|switch|p2a: Blissey|Blissey, F, shiny|98/100
|move|p1a: Starmie|Rapid Spin|p2a: Blissey
|-damage|p2a: Blissey|95/100
|-sideend|p1: kaboom64|Spikes|[from] move: Rapid Spin|[of] p1a: Starmie
|
|-weather|Sandstorm|[upkeep]
|-damage|p1a: Starmie|94/100|[from] Sandstorm
|-damage|p2a: Blissey|89/100|[from] Sandstorm
|-heal|p1a: Starmie|100/100|[from] item: Leftovers
|-heal|p2a: Blissey|95/100|[from] item: Leftovers
|upkeep
|turn|17
|
|t:|1730824434
|switch|p1a: Metagross|Metagross|66/100
|move|p2a: Blissey|Ice Beam|p1a: Metagross
|-resisted|p1a: Metagross
|-damage|p1a: Metagross|50/100
|
|-weather|Sandstorm|[upkeep]
|-damage|p2a: Blissey|89/100|[from] Sandstorm
|-heal|p1a: Metagross|56/100|[from] item: Leftovers
|-heal|p2a: Blissey|95/100|[from] item: Leftovers
|upkeep
|turn|18
|
|t:|1730824456
|switch|p2a: Milotic|Milotic, M|76/100
|move|p1a: Metagross|Explosion|p2a: Milotic
|-damage|p2a: Milotic|0 fnt
|faint|p1a: Metagross
|faint|p2a: Milotic
|
|t:|1730824466
|switch|p1a: Swampert|Swampert, M|100/100
|switch|p2a: Skarmory|Skarmory, F|63/100
|
|-weather|Sandstorm|[upkeep]
|-heal|p2a: Skarmory|69/100|[from] item: Leftovers
|upkeep
|turn|19
|
|t:|1730824477
|move|p2a: Skarmory|Protect|p2a: Skarmory
|-singleturn|p2a: Skarmory|Protect
|move|p1a: Swampert|Hydro Pump|p2a: Skarmory
|-activate|p2a: Skarmory|Protect
|
|-weather|Sandstorm|[upkeep]
|-heal|p2a: Skarmory|75/100|[from] item: Leftovers
|upkeep
|turn|20
|
|t:|1730824485
|switch|p2a: Jirachi|Jirachi, shiny|100/100
|move|p1a: Swampert|Hydro Pump|p2a: Jirachi
|-damage|p2a: Jirachi|59/100
|
|-weather|Sandstorm|[upkeep]
|-heal|p2a: Jirachi|66/100|[from] item: Leftovers
|upkeep
|turn|21
|inactive|kaboom64 has 270 seconds left.
|inactive|Sheik has 270 seconds left.
|
|t:|1730824544
|switch|p1a: Celebi|Celebi|99/100
|move|p2a: Jirachi|Toxic|p1a: Celebi
|-status|p1a: Celebi|tox
|
|-weather|Sandstorm|[upkeep]
|-damage|p1a: Celebi|93/100 tox|[from] Sandstorm
|-heal|p1a: Celebi|99/100 tox|[from] item: Leftovers
|-damage|p1a: Celebi|93/100 tox|[from] psn
|-heal|p2a: Jirachi|72/100|[from] item: Leftovers
|upkeep
|turn|22
|
|t:|1730824553
|-curestatus|p1a: Celebi|tox|[from] ability: Natural Cure
|switch|p1a: Charizard|Charizard, F|100/100
|move|p2a: Jirachi|Protect||[still]
|-fail|p2a: Jirachi
|
|-weather|Sandstorm|[upkeep]
|-damage|p1a: Charizard|94/100|[from] Sandstorm
|-heal|p1a: Charizard|100/100|[from] item: Leftovers
|-heal|p2a: Jirachi|78/100|[from] item: Leftovers
|upkeep
|turn|23
|
|t:|1730824561
|switch|p2a: Claydol|Claydol|100/100
|move|p1a: Charizard|Substitute|p1a: Charizard
|-start|p1a: Charizard|Substitute
|-damage|p1a: Charizard|76/100
|
|-weather|Sandstorm|[upkeep]
|-damage|p1a: Charizard|70/100|[from] Sandstorm
|-heal|p1a: Charizard|76/100|[from] item: Leftovers
|upkeep
|turn|24
|
|t:|1730824567
|move|p1a: Charizard|Flamethrower|p2a: Claydol
|-damage|p2a: Claydol|65/100
|move|p2a: Claydol|Psychic|p1a: Charizard
|-end|p1a: Charizard|Substitute
|
|-weather|Sandstorm|[upkeep]
|-damage|p1a: Charizard|70/100|[from] Sandstorm
|-heal|p1a: Charizard|76/100|[from] item: Leftovers
|-heal|p2a: Claydol|71/100|[from] item: Leftovers
|upkeep
|turn|25
|inactive|kaboom64 has 270 seconds left.
|
|t:|1730824588
|switch|p1a: Swampert|Swampert, M|100/100
|move|p2a: Claydol|Psychic|p1a: Swampert
|-damage|p1a: Swampert|78/100
|
|-weather|Sandstorm|[upkeep]
|-heal|p2a: Claydol|78/100|[from] item: Leftovers
|-heal|p1a: Swampert|84/100|[from] item: Leftovers
|upkeep
|turn|26
|
|t:|1730824609
|-singleturn|p1a: Swampert|move: Focus Punch
|switch|p2a: Jirachi|Jirachi, shiny|78/100
|move|p1a: Swampert|Focus Punch|p2a: Jirachi
|-damage|p2a: Jirachi|53/100
|
|-weather|Sandstorm|[upkeep]
|-heal|p2a: Jirachi|60/100|[from] item: Leftovers
|-heal|p1a: Swampert|90/100|[from] item: Leftovers
|upkeep
|turn|27
|inactive|kaboom64 has 240 seconds left.
|
|t:|1730824624
|switch|p1a: Celebi|Celebi|93/100
|move|p2a: Jirachi|Toxic|p1a: Celebi
|-status|p1a: Celebi|tox
|
|-weather|Sandstorm|[upkeep]
|-damage|p1a: Celebi|86/100 tox|[from] Sandstorm
|-heal|p1a: Celebi|93/100 tox|[from] item: Leftovers
|-damage|p1a: Celebi|86/100 tox|[from] psn
|-heal|p2a: Jirachi|66/100|[from] item: Leftovers
|upkeep
|turn|28
|
|t:|1730824633
|move|p1a: Celebi|Leech Seed|p2a: Jirachi
|-start|p2a: Jirachi|move: Leech Seed
|move|p2a: Jirachi|Wish|p2a: Jirachi
|
|-weather|Sandstorm|[upkeep]
|-damage|p1a: Celebi|80/100 tox|[from] Sandstorm
|-heal|p1a: Celebi|86/100 tox|[from] item: Leftovers
|-damage|p1a: Celebi|74/100 tox|[from] psn
|-heal|p2a: Jirachi|72/100|[from] item: Leftovers
|-damage|p2a: Jirachi|60/100|[from] Leech Seed|[of] p1a: Celebi
|-heal|p1a: Celebi|87/100 tox|[silent]
|upkeep
|turn|29
|
|t:|1730824646
|-curestatus|p1a: Celebi|tox|[from] ability: Natural Cure
|switch|p1a: Starmie|Starmie|100/100
|move|p2a: Jirachi|Toxic|p1a: Starmie
|-status|p1a: Starmie|tox
|
|-heal|p2a: Jirachi|100/100|[from] move: Wish|[wisher] Jirachi
|-weather|Sandstorm|[upkeep]
|-damage|p1a: Starmie|94/100 tox|[from] Sandstorm
|-heal|p1a: Starmie|100/100 tox|[from] item: Leftovers
|-damage|p1a: Starmie|94/100 tox|[from] psn
|-damage|p2a: Jirachi|88/100|[from] Leech Seed|[of] p1a: Starmie
|-heal|p1a: Starmie|100/100 tox|[silent]
|upkeep
|turn|30
|
|t:|1730824660
|-curestatus|p1a: Starmie|tox|[from] ability: Natural Cure
|switch|p1a: Celebi|Celebi|87/100
|switch|p2a: Blissey|Blissey, F, shiny|95/100
|
|-weather|Sandstorm|[upkeep]
|-damage|p1a: Celebi|81/100|[from] Sandstorm
|-damage|p2a: Blissey|89/100|[from] Sandstorm
|-heal|p1a: Celebi|87/100|[from] item: Leftovers
|-heal|p2a: Blissey|95/100|[from] item: Leftovers
|upkeep
|turn|31
|
|t:|1730824665
|move|p1a: Celebi|Leech Seed|p2a: Blissey|[miss]
|-miss|p1a: Celebi|p2a: Blissey
|move|p2a: Blissey|Ice Beam|p1a: Celebi
|-supereffective|p1a: Celebi
|-damage|p1a: Celebi|39/100
|
|-weather|Sandstorm|[upkeep]
|-damage|p1a: Celebi|33/100|[from] Sandstorm
|-damage|p2a: Blissey|89/100|[from] Sandstorm
|-heal|p1a: Celebi|39/100|[from] item: Leftovers
|-heal|p2a: Blissey|95/100|[from] item: Leftovers
|upkeep
|turn|32
|
|t:|1730824672
|switch|p1a: Swampert|Swampert, M|90/100
|move|p2a: Blissey|Ice Beam|p1a: Swampert
|-damage|p1a: Swampert|68/100
|
|-weather|Sandstorm|[upkeep]
|-damage|p2a: Blissey|89/100|[from] Sandstorm
|-heal|p1a: Swampert|74/100|[from] item: Leftovers
|-heal|p2a: Blissey|95/100|[from] item: Leftovers
|upkeep
|turn|33
|
|t:|1730824677
|switch|p2a: Skarmory|Skarmory, F|75/100
|move|p1a: Swampert|Earthquake|p2a: Skarmory
|-immune|p2a: Skarmory
|
|-weather|Sandstorm|[upkeep]
|-heal|p2a: Skarmory|81/100|[from] item: Leftovers
|-heal|p1a: Swampert|80/100|[from] item: Leftovers
|upkeep
|turn|34
|inactive|kaboom64 has 270 seconds left.
|
|t:|1730824683
|switch|p2a: Jirachi|Jirachi, shiny|88/100
|switch|p1a: Charizard|Charizard, F|76/100
|
|-weather|Sandstorm|[upkeep]
|-damage|p1a: Charizard|70/100|[from] Sandstorm
|-heal|p1a: Charizard|76/100|[from] item: Leftovers
|-heal|p2a: Jirachi|94/100|[from] item: Leftovers
|upkeep
|turn|35
|inactive|kaboom64 has 270 seconds left.
|
|t:|1730824695
|switch|p2a: Claydol|Claydol|78/100
|move|p1a: Charizard|Substitute|p1a: Charizard
|-start|p1a: Charizard|Substitute
|-damage|p1a: Charizard|51/100
|
|-weather|Sandstorm|[upkeep]
|-damage|p1a: Charizard|45/100|[from] Sandstorm
|-heal|p1a: Charizard|51/100|[from] item: Leftovers
|-heal|p2a: Claydol|84/100|[from] item: Leftovers
|upkeep
|turn|36
|
|t:|1730824697
|move|p1a: Charizard|Flamethrower|p2a: Claydol
|-damage|p2a: Claydol|49/100
|move|p2a: Claydol|Psychic|p1a: Charizard
|-end|p1a: Charizard|Substitute
|
|-weather|Sandstorm|[upkeep]
|-damage|p1a: Charizard|45/100|[from] Sandstorm
|-heal|p1a: Charizard|51/100|[from] item: Leftovers
|-heal|p2a: Claydol|55/100|[from] item: Leftovers
|upkeep
|turn|37
|
|t:|1730824709
|switch|p1a: Swampert|Swampert, M|80/100
|move|p2a: Claydol|Psychic|p1a: Swampert
|-damage|p1a: Swampert|56/100
|
|-weather|Sandstorm|[upkeep]
|-heal|p2a: Claydol|61/100|[from] item: Leftovers
|-heal|p1a: Swampert|62/100|[from] item: Leftovers
|upkeep
|turn|38
|
|t:|1730824726
|switch|p2a: Jirachi|Jirachi, shiny|94/100
|switch|p1a: Charizard|Charizard, F|51/100
|
|-weather|Sandstorm|[upkeep]
|-damage|p1a: Charizard|45/100|[from] Sandstorm
|-heal|p1a: Charizard|51/100|[from] item: Leftovers
|-heal|p2a: Jirachi|100/100|[from] item: Leftovers
|upkeep
|turn|39
|
|t:|1730824735
|move|p1a: Charizard|Flamethrower|p2a: Jirachi
|-supereffective|p2a: Jirachi
|-damage|p2a: Jirachi|15/100
|move|p2a: Jirachi|Wish|p2a: Jirachi
|
|-weather|Sandstorm|[upkeep]
|-damage|p1a: Charizard|45/100|[from] Sandstorm
|-heal|p1a: Charizard|51/100|[from] item: Leftovers
|-heal|p2a: Jirachi|21/100|[from] item: Leftovers
|upkeep
|turn|40
|
|t:|1730824761
|switch|p2a: Claydol|Claydol|61/100
|move|p1a: Charizard|Flamethrower|p2a: Claydol
|-damage|p2a: Claydol|29/100
|-status|p2a: Claydol|brn
|
|-heal|p2a: Claydol|79/100 brn|[from] move: Wish|[wisher] Jirachi
|-weather|Sandstorm|[upkeep]
|-damage|p1a: Charizard|45/100|[from] Sandstorm
|-heal|p1a: Charizard|51/100|[from] item: Leftovers
|-heal|p2a: Claydol|85/100 brn|[from] item: Leftovers
|-damage|p2a: Claydol|72/100 brn|[from] brn
|upkeep
|turn|41
|inactive|kaboom64 has 270 seconds left.
|
|t:|1730824807
|switch|p1a: Celebi|Celebi|39/100
|move|p2a: Claydol|Psychic|p1a: Celebi
|-resisted|p1a: Celebi
|-damage|p1a: Celebi|29/100
|
|-weather|Sandstorm|[upkeep]
|-damage|p1a: Celebi|23/100|[from] Sandstorm
|-heal|p1a: Celebi|29/100|[from] item: Leftovers
|-heal|p2a: Claydol|79/100 brn|[from] item: Leftovers
|-damage|p2a: Claydol|66/100 brn|[from] brn
|upkeep
|turn|42
|
|t:|1730824818
|switch|p2a: Jirachi|Jirachi, shiny|21/100
|move|p1a: Celebi|Leech Seed|p2a: Jirachi
|-start|p2a: Jirachi|move: Leech Seed
|
|-weather|Sandstorm|[upkeep]
|-damage|p1a: Celebi|23/100|[from] Sandstorm
|-heal|p1a: Celebi|29/100|[from] item: Leftovers
|-heal|p2a: Jirachi|27/100|[from] item: Leftovers
|-damage|p2a: Jirachi|15/100|[from] Leech Seed|[of] p1a: Celebi
|-heal|p1a: Celebi|42/100|[silent]
|upkeep
|turn|43
|
|t:|1730824829
|switch|p2a: Blissey|Blissey, F, shiny|95/100
|move|p1a: Celebi|Giga Drain|p2a: Blissey
|-damage|p2a: Blissey|85/100
|-heal|p1a: Celebi|50/100|[from] drain|[of] p2a: Blissey
|
|-weather|Sandstorm|[upkeep]
|-damage|p1a: Celebi|44/100|[from] Sandstorm
|-damage|p2a: Blissey|79/100|[from] Sandstorm
|-heal|p1a: Celebi|50/100|[from] item: Leftovers
|-heal|p2a: Blissey|85/100|[from] item: Leftovers
|upkeep
|turn|44
|inactive|kaboom64 has 270 seconds left.
|inactive|kaboom64 has 240 seconds left.
|inactive|Sheik has 270 seconds left.
|
|t:|1730824893
|move|p1a: Celebi|Leech Seed|p2a: Blissey|[miss]
|-miss|p1a: Celebi|p2a: Blissey
|move|p2a: Blissey|Ice Beam|p1a: Celebi
|-supereffective|p1a: Celebi
|-damage|p1a: Celebi|9/100
|
|-weather|Sandstorm|[upkeep]
|-damage|p1a: Celebi|3/100|[from] Sandstorm
|-damage|p2a: Blissey|79/100|[from] Sandstorm
|-heal|p1a: Celebi|9/100|[from] item: Leftovers
|-heal|p2a: Blissey|85/100|[from] item: Leftovers
|upkeep
|turn|45
|
|t:|1730824904
|move|p1a: Celebi|Leech Seed|p2a: Blissey|[miss]
|-miss|p1a: Celebi|p2a: Blissey
|move|p2a: Blissey|Ice Beam|p1a: Celebi
|-supereffective|p1a: Celebi
|-damage|p1a: Celebi|0 fnt
|faint|p1a: Celebi
|
|t:|1730824914
|switch|p1a: Swampert|Swampert, M|62/100
|
|-weather|Sandstorm|[upkeep]
|-damage|p2a: Blissey|79/100|[from] Sandstorm
|-heal|p1a: Swampert|68/100|[from] item: Leftovers
|-heal|p2a: Blissey|85/100|[from] item: Leftovers
|upkeep
|turn|46
|
|t:|1730824927
|-singleturn|p1a: Swampert|move: Focus Punch
|switch|p2a: Skarmory|Skarmory, F|81/100
|move|p1a: Swampert|Focus Punch|p2a: Skarmory
|-damage|p2a: Skarmory|52/100
|
|-weather|Sandstorm|[upkeep]
|-heal|p2a: Skarmory|58/100|[from] item: Leftovers
|-heal|p1a: Swampert|74/100|[from] item: Leftovers
|upkeep
|turn|47
|
|t:|1730824935
|switch|p1a: Starmie|Starmie|100/100
|move|p2a: Skarmory|Drill Peck|p1a: Starmie
|-damage|p1a: Starmie|63/100
|
|-weather|Sandstorm|[upkeep]
|-damage|p1a: Starmie|57/100|[from] Sandstorm
|-heal|p1a: Starmie|63/100|[from] item: Leftovers
|-heal|p2a: Skarmory|64/100|[from] item: Leftovers
|upkeep
|turn|48
|
|t:|1730824946
|switch|p1a: Swampert|Swampert, M|74/100
|switch|p2a: Blissey|Blissey, F, shiny|85/100
|
|-weather|Sandstorm|[upkeep]
|-damage|p2a: Blissey|79/100|[from] Sandstorm
|-heal|p1a: Swampert|80/100|[from] item: Leftovers
|-heal|p2a: Blissey|85/100|[from] item: Leftovers
|upkeep
|turn|49
|
|t:|1730824959
|switch|p2a: Skarmory|Skarmory, F|64/100
|move|p1a: Swampert|Hydro Pump|p2a: Skarmory
|-damage|p2a: Skarmory|22/100
|
|-weather|Sandstorm|[upkeep]
|-heal|p2a: Skarmory|28/100|[from] item: Leftovers
|-heal|p1a: Swampert|87/100|[from] item: Leftovers
|upkeep
|turn|50
|
|t:|1730824970
|-singleturn|p1a: Swampert|move: Focus Punch
|move|p2a: Skarmory|Spikes|p1a: Swampert
|-sidestart|p1: kaboom64|Spikes
|move|p1a: Swampert|Focus Punch|p2a: Skarmory
|-damage|p2a: Skarmory|1/100
|
|-weather|Sandstorm|[upkeep]
|-heal|p2a: Skarmory|7/100|[from] item: Leftovers
|-heal|p1a: Swampert|93/100|[from] item: Leftovers
|upkeep
|turn|51
|
|t:|1730824990
|move|p2a: Skarmory|Spikes|p1a: Swampert
|-sidestart|p1: kaboom64|Spikes
|move|p1a: Swampert|Ice Beam|p2a: Skarmory
|-damage|p2a: Skarmory|0 fnt
|faint|p2a: Skarmory
|
|t:|1730824992
|switch|p2a: Jirachi|Jirachi, shiny|15/100
|
|-weather|Sandstorm|[upkeep]
|-heal|p2a: Jirachi|21/100|[from] item: Leftovers
|-heal|p1a: Swampert|99/100|[from] item: Leftovers
|upkeep
|turn|52
|
|t:|1730825010
|move|p2a: Jirachi|Toxic|p1a: Swampert
|-status|p1a: Swampert|tox
|move|p1a: Swampert|Earthquake|p2a: Jirachi
|-supereffective|p2a: Jirachi
|-damage|p2a: Jirachi|0 fnt
|faint|p2a: Jirachi
|
|t:|1730825015
|switch|p2a: Claydol|Claydol|66/100 brn
|
|-weather|Sandstorm|[upkeep]
|-heal|p2a: Claydol|72/100 brn|[from] item: Leftovers
|-damage|p2a: Claydol|60/100 brn|[from] brn
|-heal|p1a: Swampert|100/100 tox|[from] item: Leftovers
|-damage|p1a: Swampert|94/100 tox|[from] psn
|upkeep
|turn|53
|
|t:|1730825036
|switch|p1a: Starmie|Starmie|63/100
|-damage|p1a: Starmie|47/100|[from] Spikes
|move|p2a: Claydol|Explosion|p1a: Starmie
|-damage|p1a: Starmie|0 fnt
|faint|p2a: Claydol
|faint|p1a: Starmie
|inactive|kaboom64 has 210 seconds left.
|
|t:|1730825071
|switch|p1a: Swampert|Swampert, M|94/100 tox
|switch|p2a: Blissey|Blissey, F, shiny|85/100
|-damage|p1a: Swampert|78/100 tox|[from] Spikes
|
|-weather|Sandstorm|[upkeep]
|-damage|p2a: Blissey|79/100|[from] Sandstorm
|-heal|p1a: Swampert|84/100 tox|[from] item: Leftovers
|-damage|p1a: Swampert|78/100 tox|[from] psn
|-heal|p2a: Blissey|85/100|[from] item: Leftovers
|upkeep
|turn|54
|
|t:|1730825085
|move|p1a: Swampert|Earthquake|p2a: Blissey
|-damage|p2a: Blissey|43/100
|move|p2a: Blissey|Ice Beam|p1a: Swampert
|-damage|p1a: Swampert|54/100 tox
|
|-weather|Sandstorm|[upkeep]
|-damage|p2a: Blissey|37/100|[from] Sandstorm
|-heal|p1a: Swampert|60/100 tox|[from] item: Leftovers
|-damage|p1a: Swampert|48/100 tox|[from] psn
|-heal|p2a: Blissey|43/100|[from] item: Leftovers
|upkeep
|turn|55
|
|t:|1730825104
|-singleturn|p1a: Swampert|move: Focus Punch
|move|p2a: Blissey|Ice Beam|p1a: Swampert
|-damage|p1a: Swampert|25/100 tox
|move|p1a: Swampert|Focus Punch||[still]
|cant|p1a: Swampert|Focus Punch|Focus Punch
|
|-weather|Sandstorm|[upkeep]
|-damage|p2a: Blissey|37/100|[from] Sandstorm
|-heal|p1a: Swampert|31/100 tox|[from] item: Leftovers
|-damage|p1a: Swampert|12/100 tox|[from] psn
|-heal|p2a: Blissey|43/100|[from] item: Leftovers
|upkeep
|turn|56
|
|t:|1730825114
|-singleturn|p1a: Swampert|move: Focus Punch
|move|p2a: Blissey|Soft-Boiled|p2a: Blissey
|-heal|p2a: Blissey|93/100
|move|p1a: Swampert|Focus Punch|p2a: Blissey
|-supereffective|p2a: Blissey
|-damage|p2a: Blissey|18/100
|
|-weather|Sandstorm|[upkeep]
|-damage|p2a: Blissey|12/100|[from] Sandstorm
|-heal|p1a: Swampert|19/100 tox|[from] item: Leftovers
|-damage|p1a: Swampert|0 fnt|[from] psn
|faint|p1a: Swampert
|-heal|p2a: Blissey|18/100|[from] item: Leftovers
|upkeep
|
|t:|1730825118
|switch|p1a: Tyranitar|Tyranitar, M|100/100
|-damage|p1a: Tyranitar|84/100|[from] Spikes
|turn|57
|inactive|kaboom64 has 210 seconds left.
|
|t:|1730825125
|move|p1a: Tyranitar|Dragon Dance|p1a: Tyranitar
|-boost|p1a: Tyranitar|atk|1
|-boost|p1a: Tyranitar|spe|1
|move|p2a: Blissey|Ice Beam|p1a: Tyranitar
|-damage|p1a: Tyranitar|62/100
|
|-weather|Sandstorm|[upkeep]
|-damage|p2a: Blissey|12/100|[from] Sandstorm
|-heal|p1a: Tyranitar|68/100|[from] item: Leftovers
|-heal|p2a: Blissey|18/100|[from] item: Leftovers
|upkeep
|turn|58
|
|t:|1730825133
|move|p1a: Tyranitar|Dragon Dance|p1a: Tyranitar
|-boost|p1a: Tyranitar|atk|1
|-boost|p1a: Tyranitar|spe|1
|move|p2a: Blissey|Ice Beam|p1a: Tyranitar
|-damage|p1a: Tyranitar|45/100
|
|-weather|Sandstorm|[upkeep]
|-damage|p2a: Blissey|12/100|[from] Sandstorm
|-heal|p1a: Tyranitar|52/100|[from] item: Leftovers
|-heal|p2a: Blissey|18/100|[from] item: Leftovers
|upkeep
|turn|59
|c|☆Sheik|/log Sheik made the replay of this battle unlisted.
|
|t:|1730825137
|move|p1a: Tyranitar|Earthquake|p2a: Blissey
|-damage|p2a: Blissey|0 fnt
|faint|p2a: Blissey
|
|t:|1730825138
|switch|p2a: Tyranitar|Tyranitar, M|100/100
|
|-weather|Sandstorm|[upkeep]
|-heal|p1a: Tyranitar|58/100|[from] item: Leftovers
|upkeep
|turn|60
|
|t:|1730825139
|move|p1a: Tyranitar|Earthquake|p2a: Tyranitar
|-supereffective|p2a: Tyranitar
|-damage|p2a: Tyranitar|0 fnt
|faint|p2a: Tyranitar
|
|win|kaboom64
|c|☆kaboom64|gg
|player|p2|

</script>
<script type="application/json" class="data" id="replaydata-smogtours-gen3ou-804886">
{"id":"smogtours-gen3ou-804886","format":"[Gen 3] OU","players":["kaboom64","Sheik"],"uploadtime":1730825139,"views":102,"formatid":"gen3ou","rating":null,"private":1,"password":null}
</script>

<script defer src="js/replays.js?9d40a366"></script>
