<!DOCTYPE html>
<meta charset="utf-8" />
<meta name="viewport" content="width=device-width" />

<title>[Gen 3] OU: wavyish vs. mint yerb - Replays - Pok&eacute;mon Showdown!</title>

<meta name="description" content="Watch a replay of a Pok&eacute;mon battle between wavyish and mint yerb! Format: [Gen 3] OU; Date: Nov 3, 2024" />
<!--

Hey, you! Looking in the source for the replay log?

You can find them in JSON format, just add `.json` at the end of a replay URL.

https://replay.pokemonshowdown.com/gen7randomdoublesbattle-865046831.json

Or, if you only need the log itself, add `.log` instead:

https://replay.pokemonshowdown.com/gen7randomdoublesbattle-865046831.log

-->

<link rel="stylesheet" href="//pokemonshowdown.com/style/global.css?0.023195364461161105" />
<link rel="stylesheet" href="//play.pokemonshowdown.com/style/font-awesome.css?0.13261647063804238" />
<link rel="stylesheet" href="//play.pokemonshowdown.com/style/battle.css?0.8753245789963631" />
<link rel="stylesheet" href="//play.pokemonshowdown.com/style/utilichart.css?0.8627959624976733" />

<!-- Global site tag (gtag.js) - Google Analytics -->
<script async src="https://www.googletagmanager.com/gtag/js?id=UA-26211653-1"></script>
<script>
  window.dataLayer = window.dataLayer || [];
  function gtag(){dataLayer.push(arguments);}
  gtag('js', new Date());

  gtag('config', 'UA-26211653-1');
</script>
<!-- End Google Analytics -->
<!-- Venatus Ad Manager - Install in <HEAD> of page -->
	<script src="https://hb.vntsm.com/v3/live/ad-manager.min.js" type="text/javascript" data-site-id="642aba63ec9a7b11c3c9c1be" data-mode="scan" async></script>
<!-- / Venatus Ad Manager -->

<style>
	@media (max-width:820px) {
		.battle {
			margin: 0 auto;
		}
		.battle-log {
			margin: 7px auto 0;
			max-width: 640px;
			height: 300px;
			position: static;
		}
	}
	.optgroup {
		display: inline-block;
		line-height: 22px;
		font-size: 10pt;
	}
	.optgroup .button {
		height: 25px;
		padding-top: 0;
		padding-bottom: 0;
	}
	.optgroup button.button {
		padding-left: 12px;
		padding-right: 12px;
	}
	.linklist {
		list-style: none;
		margin: 0.5em 0;
		padding: 0;
	}
	.linklist li {
		padding: 2px 0;
	}
	.sidebar {
		float: left;
		width: 320px;
	}
	.bar-wrapper {
		max-width: 1100px;
		margin: 0 auto;
	}
	.bar-wrapper.has-sidebar {
		max-width: 1430px;
	}
	.mainbar {
		margin: 0;
		padding-right: 1px;
	}
	.mainbar.has-sidebar {
		margin-left: 330px;
	}
	@media (min-width: 1511px) {
		.sidebar {
			width: 400px;
		}
		.bar-wrapper.has-sidebar {
			max-width: 1510px;
		}
		.mainbar.has-sidebar {
			margin-left: 410px;
		}
	}
	.section.first-section {
		margin-top: 9px;
	}
	.blocklink small {
		white-space: normal;
	}
	.button {
		vertical-align: middle;
	}
	.replay-controls {
		padding-top: 10px;
	}
	.replay-controls h1 {
		font-size: 16pt;
		font-weight: normal;
		color: #CCC;
	}
	.pagelink {
		text-align: center;
	}
	.pagelink a {
		width: 150px;
	}
	.textbox, .button {
		font-size: 11pt;
		vertical-align: middle;
	}
	@media (max-width: 450px) {
		.button {
			font-size: 9pt;
		}
	}
</style>

<div>

	<header>
		<div class="nav-wrapper"><ul class="nav">
			<li><a class="button nav-first" href="//pokemonshowdown.com/"><img src="//pokemonshowdown.com/images/pokemonshowdownbeta.png" srcset="//pokemonshowdown.com/images/pokemonshowdownbeta.png 1x, //pokemonshowdown.com/images/pokemonshowdownbeta@2x.png 2x" alt="Pok&eacute;mon Showdown" width="146" height="44" /> Home</a></li>
			<li><a class="button" href="//pokemonshowdown.com/dex/">Pok&eacute;dex</a></li>
			<li><a class="button cur" href="/">Replays</a></li>
			<li><a class="button" href="//pokemonshowdown.com/ladder/">Ladder</a></li>
			<li><a class="button nav-last" href="//pokemonshowdown.com/forums/">Forum</a></li>
			<li><a class="button greenbutton nav-first nav-last" href="//play.pokemonshowdown.com/">Play</a></li>
		</ul></div>
	</header>

	<div class="main" id="main">

		<noscript><section class="section">You need to enable JavaScript to use this page; sorry!</section></noscript>

	</div>

</div>

<script defer nomodule src="//play.pokemonshowdown.com/js/lib/ps-polyfill.js"></script>
<script defer src="//play.pokemonshowdown.com/js/lib/preact.min.js"></script>

<script defer src="//play.pokemonshowdown.com/config/config.js?2bddbc15"></script>
<script defer src="//play.pokemonshowdown.com/js/lib/jquery-1.11.0.min.js"></script>
<script defer src="//play.pokemonshowdown.com/js/lib/html-sanitizer-minified.js"></script>
<script defer src="//play.pokemonshowdown.com/js/battle-sound.js"></script>
<script defer src="//play.pokemonshowdown.com/js/battledata.js?0.7209276989879541"></script>
<script defer src="//play.pokemonshowdown.com/data/pokedex-mini.js?0.6111056340867951"></script>
<script defer src="//play.pokemonshowdown.com/data/pokedex-mini-bw.js?0.3532142036491459"></script>
<script defer src="//play.pokemonshowdown.com/data/graphics.js?0.24223875632456182"></script>
<script defer src="//play.pokemonshowdown.com/data/pokedex.js?0.38839984266356864"></script>
<script defer src="//play.pokemonshowdown.com/data/moves.js?0.21866028504024015"></script>
<script defer src="//play.pokemonshowdown.com/data/abilities.js?0.2005157953846628"></script>
<script defer src="//play.pokemonshowdown.com/data/items.js?0.9894211263848525"></script>
<script defer src="//play.pokemonshowdown.com/data/teambuilder-tables.js?0.6008791140282215"></script>
<script defer src="//play.pokemonshowdown.com/js/battle-tooltips.js?0.7580118955022959"></script>
<script defer src="//play.pokemonshowdown.com/js/battle.js?0.6057722274234274"></script>

<script defer src="js/utils.js?e31f9a17"></script>
<script defer src="js/replays-battle.js?7008c182"></script>

<!-- don't scrape this data! just add .json or .log after the URL!
Full API docs: https://github.com/smogon/pokemon-showdown-client/blob/master/WEB-API.md -->
<script type="text/plain" class="log" id="replaylog-smogtours-gen3ou-804502">
|inactive|Battle timer is ON: inactive players will automatically lose when time's up.
|t:|1730662079
|gametype|singles
|player|p1|wavyish|akari|
|player|p2|mint yerb|flannery|
|teamsize|p1|6
|teamsize|p2|6
|gen|3
|tier|[Gen 3] OU
|rule|Sleep Clause Mod: Limit one foe put to sleep
|rule|Switch Priority Clause Mod: Faster Pokémon switch first
|rule|Species Clause: Limit one of each Pokémon
|rule|OHKO Clause: OHKO moves are banned
|rule|Evasion Items Clause: Evasion items are banned
|rule|Evasion Moves Clause: Evasion moves are banned
|rule|Endless Battle Clause: Forcing endless battles is banned
|rule|HP Percentage Mod: HP is shown in percentages
|rule|One Boost Passer Clause: Limit one Baton Passer that has a way to boost its stats
|rule|Freeze Clause Mod: Limit one foe frozen
|
|t:|1730662079
|start
|switch|p1a: Breloom|Breloom, F|100/100
|switch|p2a: All My Life|Zapdos|100/100
|turn|1
|inactive|mint yerb has 270 seconds left.
|c|☆wavyish|glhf
|c|☆mint yerb|u2
|
|t:|1730662133
|switch|p1a: Tyranitar|Tyranitar, M|100/100
|-weather|Sandstorm|[from] ability: Sand Stream|[of] p1a: Tyranitar
|move|p2a: All My Life|Drill Peck|p1a: Tyranitar
|-resisted|p1a: Tyranitar
|-damage|p1a: Tyranitar|85/100
|
|-weather|Sandstorm|[upkeep]
|-damage|p2a: All My Life|94/100|[from] Sandstorm
|-heal|p2a: All My Life|100/100|[from] item: Leftovers
|-heal|p1a: Tyranitar|92/100|[from] item: Leftovers
|upkeep
|turn|2
|
|t:|1730662149
|switch|p1a: Jirachi|Jirachi|100/100
|move|p2a: All My Life|Hidden Power|p1a: Jirachi
|-crit|p1a: Jirachi
|-damage|p1a: Jirachi|70/100
|
|-weather|Sandstorm|[upkeep]
|-damage|p2a: All My Life|94/100|[from] Sandstorm
|-heal|p2a: All My Life|100/100|[from] item: Leftovers
|-heal|p1a: Jirachi|76/100|[from] item: Leftovers
|upkeep
|turn|3
|
|t:|1730662172
|move|p2a: All My Life|Thunder Wave|p1a: Jirachi
|-status|p1a: Jirachi|par
|cant|p1a: Jirachi|par
|
|-weather|Sandstorm|[upkeep]
|-damage|p2a: All My Life|94/100|[from] Sandstorm
|-heal|p2a: All My Life|100/100|[from] item: Leftovers
|-heal|p1a: Jirachi|82/100 par|[from] item: Leftovers
|upkeep
|turn|4
|
|t:|1730662190
|move|p2a: All My Life|Thunderbolt|p1a: Jirachi
|-damage|p1a: Jirachi|55/100 par
|move|p1a: Jirachi|Wish|p1a: Jirachi
|
|-weather|Sandstorm|[upkeep]
|-damage|p2a: All My Life|94/100|[from] Sandstorm
|-heal|p2a: All My Life|100/100|[from] item: Leftovers
|-heal|p1a: Jirachi|61/100 par|[from] item: Leftovers
|upkeep
|turn|5
|
|t:|1730662198
|switch|p2a: Haters Broke|Jirachi|100/100
|move|p1a: Jirachi|Body Slam|p2a: Haters Broke
|-resisted|p2a: Haters Broke
|-damage|p2a: Haters Broke|91/100
|
|-heal|p1a: Jirachi|100/100 par|[from] move: Wish|[wisher] Jirachi
|-weather|Sandstorm|[upkeep]
|-heal|p2a: Haters Broke|98/100|[from] item: Leftovers
|upkeep
|turn|6
|
|t:|1730662217
|switch|p1a: Charizard|Charizard, F|100/100
|move|p2a: Haters Broke|Dynamic Punch|p1a: Charizard
|-resisted|p1a: Charizard
|-damage|p1a: Charizard|74/100
|-start|p1a: Charizard|confusion
|
|-weather|Sandstorm|[upkeep]
|-damage|p1a: Charizard|68/100|[from] Sandstorm
|-heal|p1a: Charizard|74/100|[from] item: Leftovers
|-heal|p2a: Haters Broke|100/100|[from] item: Leftovers
|upkeep
|turn|7
|inactive|mint yerb has 270 seconds left.
|inactive|mint yerb has 240 seconds left.
|
|t:|1730662278
|switch|p2a: Diamonds|Starmie|100/100
|-activate|p1a: Charizard|confusion
|move|p1a: Charizard|Fire Blast|p2a: Diamonds
|-resisted|p2a: Diamonds
|-damage|p2a: Diamonds|60/100
|
|-weather|Sandstorm|[upkeep]
|-damage|p2a: Diamonds|54/100|[from] Sandstorm
|-damage|p1a: Charizard|68/100|[from] Sandstorm
|-heal|p2a: Diamonds|60/100|[from] item: Leftovers
|-heal|p1a: Charizard|74/100|[from] item: Leftovers
|upkeep
|turn|8
|inactive|mint yerb has 240 seconds left.
|
|t:|1730662299
|switch|p2a: GTBlessgo|Salamence, M|100/100
|-ability|p2a: GTBlessgo|Intimidate|boost
|-unboost|p1a: Charizard|atk|1
|switch|p1a: Jirachi|Jirachi|100/100 par
|
|-weather|Sandstorm|[upkeep]
|-damage|p2a: GTBlessgo|94/100|[from] Sandstorm
|-heal|p2a: GTBlessgo|100/100|[from] item: Leftovers
|upkeep
|turn|9
|
|t:|1730662311
|switch|p1a: Swampert|Swampert, M|100/100
|move|p2a: GTBlessgo|Earthquake|p1a: Swampert
|-damage|p1a: Swampert|66/100
|
|-weather|Sandstorm|[upkeep]
|-damage|p2a: GTBlessgo|94/100|[from] Sandstorm
|-heal|p2a: GTBlessgo|100/100|[from] item: Leftovers
|-heal|p1a: Swampert|72/100|[from] item: Leftovers
|upkeep
|turn|10
|c|☆wavyish|are these all thaiboy songs
|c|☆mint yerb|yes 😂
|inactive|mint yerb has 210 seconds left.
|c|☆wavyish|goat
|
|t:|1730662363
|switch|p2a: Diamonds|Starmie|60/100
|move|p1a: Swampert|Ice Beam|p2a: Diamonds
|-resisted|p2a: Diamonds
|-damage|p2a: Diamonds|39/100
|
|-weather|Sandstorm|[upkeep]
|-damage|p2a: Diamonds|33/100|[from] Sandstorm
|-heal|p2a: Diamonds|39/100|[from] item: Leftovers
|-heal|p1a: Swampert|78/100|[from] item: Leftovers
|upkeep
|turn|11
|
|t:|1730662380
|switch|p2a: All My Life|Zapdos|100/100
|switch|p1a: Jirachi|Jirachi|100/100 par
|
|-weather|Sandstorm|[upkeep]
|-damage|p2a: All My Life|94/100|[from] Sandstorm
|-heal|p2a: All My Life|100/100|[from] item: Leftovers
|upkeep
|turn|12
|
|t:|1730662391
|switch|p2a: Yr So Beautiful|Roselia, F|100/100
|move|p1a: Jirachi|Fire Punch|p2a: Yr So Beautiful
|-supereffective|p2a: Yr So Beautiful
|-damage|p2a: Yr So Beautiful|60/100
|
|-weather|Sandstorm|[upkeep]
|-damage|p2a: Yr So Beautiful|54/100|[from] Sandstorm
|-heal|p2a: Yr So Beautiful|60/100|[from] item: Leftovers
|upkeep
|turn|13
|
|t:|1730662403
|move|p2a: Yr So Beautiful|Leech Seed|p1a: Jirachi
|-start|p1a: Jirachi|move: Leech Seed
|move|p1a: Jirachi|Fire Punch|p2a: Yr So Beautiful
|-supereffective|p2a: Yr So Beautiful
|-damage|p2a: Yr So Beautiful|25/100
|
|-weather|Sandstorm|[upkeep]
|-damage|p2a: Yr So Beautiful|19/100|[from] Sandstorm
|-heal|p2a: Yr So Beautiful|25/100|[from] item: Leftovers
|-damage|p1a: Jirachi|88/100 par|[from] Leech Seed|[of] p2a: Yr So Beautiful
|-heal|p2a: Yr So Beautiful|42/100|[silent]
|upkeep
|turn|14
|
|t:|1730662413
|switch|p2a: Diamonds|Starmie|39/100
|move|p1a: Jirachi|Fire Punch|p2a: Diamonds
|-resisted|p2a: Diamonds
|-damage|p2a: Diamonds|27/100
|
|-weather|Sandstorm|[upkeep]
|-damage|p2a: Diamonds|21/100|[from] Sandstorm
|-heal|p2a: Diamonds|27/100|[from] item: Leftovers
|-heal|p1a: Jirachi|94/100 par|[from] item: Leftovers
|-damage|p1a: Jirachi|82/100 par|[from] Leech Seed|[of] p2a: Diamonds
|-heal|p2a: Diamonds|46/100|[silent]
|upkeep
|turn|15
|
|t:|1730662423
|move|p2a: Diamonds|Hydro Pump|p1a: Jirachi
|-damage|p1a: Jirachi|49/100 par
|cant|p1a: Jirachi|par
|
|-weather|Sandstorm|[upkeep]
|-damage|p2a: Diamonds|40/100|[from] Sandstorm
|-heal|p2a: Diamonds|46/100|[from] item: Leftovers
|-heal|p1a: Jirachi|55/100 par|[from] item: Leftovers
|-damage|p1a: Jirachi|43/100 par|[from] Leech Seed|[of] p2a: Diamonds
|-heal|p2a: Diamonds|65/100|[silent]
|upkeep
|turn|16
|
|t:|1730662443
|switch|p1a: Zapdos|Zapdos|100/100
|move|p2a: Diamonds|Thunderbolt|p1a: Zapdos
|-damage|p1a: Zapdos|66/100
|
|-weather|Sandstorm|[upkeep]
|-damage|p2a: Diamonds|59/100|[from] Sandstorm
|-damage|p1a: Zapdos|60/100|[from] Sandstorm
|-heal|p2a: Diamonds|65/100|[from] item: Leftovers
|-heal|p1a: Zapdos|66/100|[from] item: Leftovers
|upkeep
|turn|17
|inactive|mint yerb has 180 seconds left.
|
|t:|1730662477
|move|p2a: Diamonds|Ice Beam|p1a: Zapdos
|-supereffective|p1a: Zapdos
|-damage|p1a: Zapdos|6/100
|-status|p1a: Zapdos|frz
|cant|p1a: Zapdos|frz
|
|-weather|Sandstorm|[upkeep]
|-damage|p2a: Diamonds|59/100|[from] Sandstorm
|-damage|p1a: Zapdos|0 fnt|[from] Sandstorm
|faint|p1a: Zapdos
|-heal|p2a: Diamonds|65/100|[from] item: Leftovers
|upkeep
|c|☆wavyish|ah
|
|t:|1730662485
|switch|p1a: Jirachi|Jirachi|43/100 par
|turn|18
|c|☆mint yerb|mb 
|c|☆wavyish|it happens
|inactive|mint yerb has 180 seconds left.
|
|t:|1730662499
|move|p1a: Jirachi|Protect|p1a: Jirachi
|-singleturn|p1a: Jirachi|Protect
|move|p2a: Diamonds|Hydro Pump|p1a: Jirachi
|-activate|p1a: Jirachi|Protect
|
|-weather|Sandstorm|[upkeep]
|-damage|p2a: Diamonds|59/100|[from] Sandstorm
|-heal|p2a: Diamonds|65/100|[from] item: Leftovers
|-heal|p1a: Jirachi|49/100 par|[from] item: Leftovers
|upkeep
|turn|19
|inactive|mint yerb has 180 seconds left.
|
|t:|1730662517
|switch|p2a: Yr So Beautiful|Roselia, F|42/100
|move|p1a: Jirachi|Wish|p1a: Jirachi
|
|-weather|Sandstorm|[upkeep]
|-damage|p2a: Yr So Beautiful|35/100|[from] Sandstorm
|-heal|p2a: Yr So Beautiful|42/100|[from] item: Leftovers
|-heal|p1a: Jirachi|55/100 par|[from] item: Leftovers
|upkeep
|turn|20
|
|t:|1730662528
|move|p2a: Yr So Beautiful|Leech Seed|p1a: Jirachi
|-start|p1a: Jirachi|move: Leech Seed
|move|p1a: Jirachi|Fire Punch|p2a: Yr So Beautiful
|-supereffective|p2a: Yr So Beautiful
|-damage|p2a: Yr So Beautiful|2/100
|-status|p2a: Yr So Beautiful|brn
|
|-heal|p1a: Jirachi|100/100 par|[from] move: Wish|[wisher] Jirachi
|-weather|Sandstorm|[upkeep]
|-damage|p2a: Yr So Beautiful|0 fnt|[from] Sandstorm
|faint|p2a: Yr So Beautiful
|upkeep
|inactive|mint yerb has 180 seconds left.
|
|t:|1730662545
|switch|p2a: GTBlessgo|Salamence, M|100/100
|-ability|p2a: GTBlessgo|Intimidate|boost
|-unboost|p1a: Jirachi|atk|1
|turn|21
|inactive|mint yerb has 180 seconds left.
|
|t:|1730662568
|switch|p1a: Charizard|Charizard, F|74/100
|move|p2a: GTBlessgo|Dragon Dance|p2a: GTBlessgo
|-boost|p2a: GTBlessgo|atk|1
|-boost|p2a: GTBlessgo|spe|1
|
|-weather|Sandstorm|[upkeep]
|-damage|p2a: GTBlessgo|94/100|[from] Sandstorm
|-damage|p1a: Charizard|68/100|[from] Sandstorm
|-heal|p2a: GTBlessgo|100/100|[from] item: Leftovers
|-heal|p1a: Charizard|74/100|[from] item: Leftovers
|upkeep
|turn|22
|inactive|mint yerb has 180 seconds left.
|
|t:|1730662594
|move|p2a: GTBlessgo|Dragon Dance|p2a: GTBlessgo
|-boost|p2a: GTBlessgo|atk|1
|-boost|p2a: GTBlessgo|spe|1
|move|p1a: Charizard|Toxic|p2a: GTBlessgo
|-status|p2a: GTBlessgo|tox
|
|-weather|Sandstorm|[upkeep]
|-damage|p2a: GTBlessgo|94/100 tox|[from] Sandstorm
|-damage|p1a: Charizard|68/100|[from] Sandstorm
|-heal|p2a: GTBlessgo|100/100 tox|[from] item: Leftovers
|-damage|p2a: GTBlessgo|94/100 tox|[from] psn
|-heal|p1a: Charizard|74/100|[from] item: Leftovers
|upkeep
|turn|23
|
|t:|1730662600
|switch|p1a: Jirachi|Jirachi|100/100 par
|move|p2a: GTBlessgo|Hidden Power|p1a: Jirachi
|-resisted|p1a: Jirachi
|-damage|p1a: Jirachi|74/100 par
|
|-weather|Sandstorm|[upkeep]
|-damage|p2a: GTBlessgo|88/100 tox|[from] Sandstorm
|-heal|p2a: GTBlessgo|94/100 tox|[from] item: Leftovers
|-damage|p2a: GTBlessgo|82/100 tox|[from] psn
|-heal|p1a: Jirachi|80/100 par|[from] item: Leftovers
|upkeep
|turn|24
|
|t:|1730662604
|cant|p1a: Jirachi|par
|move|p2a: GTBlessgo|Earthquake|p1a: Jirachi
|-supereffective|p1a: Jirachi
|-damage|p1a: Jirachi|0 fnt
|faint|p1a: Jirachi
|
|t:|1730662609
|switch|p1a: Swampert|Swampert, M|78/100
|
|-weather|Sandstorm|[upkeep]
|-damage|p2a: GTBlessgo|76/100 tox|[from] Sandstorm
|-heal|p2a: GTBlessgo|82/100 tox|[from] item: Leftovers
|-damage|p2a: GTBlessgo|64/100 tox|[from] psn
|-heal|p1a: Swampert|84/100|[from] item: Leftovers
|upkeep
|turn|25
|
|t:|1730662621
|switch|p1a: Tyranitar|Tyranitar, M|92/100
|move|p2a: GTBlessgo|Hidden Power|p1a: Tyranitar
|-resisted|p1a: Tyranitar
|-damage|p1a: Tyranitar|61/100
|
|-weather|Sandstorm|[upkeep]
|-damage|p2a: GTBlessgo|58/100 tox|[from] Sandstorm
|-heal|p2a: GTBlessgo|64/100 tox|[from] item: Leftovers
|-damage|p2a: GTBlessgo|40/100 tox|[from] psn
|-heal|p1a: Tyranitar|67/100|[from] item: Leftovers
|upkeep
|turn|26
|
|t:|1730662631
|move|p2a: GTBlessgo|Rock Slide|p1a: Tyranitar
|-damage|p1a: Tyranitar|27/100
|move|p1a: Tyranitar|Crunch|p2a: GTBlessgo
|-damage|p2a: GTBlessgo|2/100 tox
|
|-weather|Sandstorm|[upkeep]
|-damage|p2a: GTBlessgo|0 fnt|[from] Sandstorm
|faint|p2a: GTBlessgo
|-heal|p1a: Tyranitar|34/100|[from] item: Leftovers
|upkeep
|inactive|mint yerb has 180 seconds left.
|
|t:|1730662657
|switch|p2a: Diamonds|Starmie|65/100
|turn|27
|
|t:|1730662661
|move|p2a: Diamonds|Hydro Pump|p1a: Tyranitar
|-supereffective|p1a: Tyranitar
|-damage|p1a: Tyranitar|0 fnt
|faint|p1a: Tyranitar
|
|t:|1730662664
|switch|p1a: Swampert|Swampert, M|84/100
|
|-weather|Sandstorm|[upkeep]
|-damage|p2a: Diamonds|59/100|[from] Sandstorm
|-heal|p2a: Diamonds|65/100|[from] item: Leftovers
|-heal|p1a: Swampert|91/100|[from] item: Leftovers
|upkeep
|turn|28
|inactive|mint yerb has 180 seconds left.
|
|t:|1730662686
|switch|p2a: All My Life|Zapdos|100/100
|move|p1a: Swampert|Earthquake|p2a: All My Life
|-immune|p2a: All My Life
|
|-weather|Sandstorm|[upkeep]
|-damage|p2a: All My Life|94/100|[from] Sandstorm
|-heal|p2a: All My Life|100/100|[from] item: Leftovers
|-heal|p1a: Swampert|97/100|[from] item: Leftovers
|upkeep
|turn|29
|
|t:|1730662691
|move|p2a: All My Life|Drill Peck|p1a: Swampert
|-crit|p1a: Swampert
|-damage|p1a: Swampert|30/100
|move|p1a: Swampert|Ice Beam|p2a: All My Life
|-supereffective|p2a: All My Life
|-damage|p2a: All My Life|31/100
|
|-weather|Sandstorm|[upkeep]
|-damage|p2a: All My Life|25/100|[from] Sandstorm
|-heal|p2a: All My Life|31/100|[from] item: Leftovers
|-heal|p1a: Swampert|36/100|[from] item: Leftovers
|upkeep
|turn|30
|
|t:|1730662704
|switch|p2a: Haters Broke|Jirachi|100/100
|move|p1a: Swampert|Ice Beam|p2a: Haters Broke
|-resisted|p2a: Haters Broke
|-damage|p2a: Haters Broke|87/100
|
|-weather|Sandstorm|[upkeep]
|-heal|p2a: Haters Broke|93/100|[from] item: Leftovers
|-heal|p1a: Swampert|42/100|[from] item: Leftovers
|upkeep
|turn|31
|
|t:|1730662713
|switch|p1a: Charizard|Charizard, F|74/100
|move|p2a: Haters Broke|Body Slam|p1a: Charizard
|-crit|p1a: Charizard
|-damage|p1a: Charizard|0 fnt
|faint|p1a: Charizard
|c|☆wavyish|ggs
|c|☆mint yerb|mb on the hax 
|
|t:|1730662724
|switch|p1a: Swampert|Swampert, M|42/100
|
|-weather|Sandstorm|[upkeep]
|-heal|p2a: Haters Broke|99/100|[from] item: Leftovers
|-heal|p1a: Swampert|49/100|[from] item: Leftovers
|upkeep
|turn|32
|c|☆wavyish|its fine
|
|t:|1730662730
|move|p2a: Haters Broke|Body Slam|p1a: Swampert
|-damage|p1a: Swampert|21/100
|-status|p1a: Swampert|par
|move|p1a: Swampert|Earthquake|p2a: Haters Broke
|-supereffective|p2a: Haters Broke
|-damage|p2a: Haters Broke|39/100
|
|-weather|Sandstorm|[upkeep]
|-heal|p2a: Haters Broke|45/100|[from] item: Leftovers
|-heal|p1a: Swampert|27/100 par|[from] item: Leftovers
|upkeep
|turn|33
|inactive|mint yerb has 210 seconds left.
|
|t:|1730662744
|move|p2a: Haters Broke|Body Slam|p1a: Swampert
|-damage|p1a: Swampert|0 fnt
|faint|p1a: Swampert
|
|t:|1730662746
|switch|p1a: Breloom|Breloom, F|100/100
|
|-weather|Sandstorm|[upkeep]
|-damage|p1a: Breloom|94/100|[from] Sandstorm
|-heal|p2a: Haters Broke|51/100|[from] item: Leftovers
|-heal|p1a: Breloom|100/100|[from] item: Leftovers
|upkeep
|turn|34
|
|t:|1730662753
|move|p2a: Haters Broke|Body Slam|p1a: Breloom
|-damage|p1a: Breloom|57/100
|move|p1a: Breloom|Spore|p2a: Haters Broke
|-status|p2a: Haters Broke|slp|[from] move: Spore
|
|-weather|Sandstorm|[upkeep]
|-damage|p1a: Breloom|51/100|[from] Sandstorm
|-heal|p2a: Haters Broke|57/100 slp|[from] item: Leftovers
|-heal|p1a: Breloom|57/100|[from] item: Leftovers
|upkeep
|turn|35
|
|t:|1730662760
|-singleturn|p1a: Breloom|move: Focus Punch
|switch|p2a: Shadow Silence|Medicham, F|100/100
|move|p1a: Breloom|Focus Punch|p2a: Shadow Silence
|-resisted|p2a: Shadow Silence
|-damage|p2a: Shadow Silence|35/100
|
|-weather|Sandstorm|[upkeep]
|-damage|p2a: Shadow Silence|29/100|[from] Sandstorm
|-damage|p1a: Breloom|51/100|[from] Sandstorm
|-heal|p1a: Breloom|57/100|[from] item: Leftovers
|upkeep
|turn|36
|
|t:|1730662767
|move|p1a: Breloom|Mach Punch|p2a: Shadow Silence
|-resisted|p2a: Shadow Silence
|-damage|p2a: Shadow Silence|11/100
|move|p2a: Shadow Silence|Brick Break|p1a: Breloom
|-damage|p1a: Breloom|0 fnt
|faint|p1a: Breloom
|
|win|mint yerb
|c|☆mint yerb|ggs wp 
|c|☆wavyish|gg

</script>
<script type="application/json" class="data" id="replaydata-smogtours-gen3ou-804502">
{"id":"smogtours-gen3ou-804502","format":"[Gen 3] OU","players":["wavyish","mint yerb"],"uploadtime":1730662767,"views":71,"formatid":"gen3ou","rating":null,"private":0,"password":null}
</script>

<script defer src="js/replays.js?9d40a366"></script>
