<!DOCTYPE html>
<meta charset="utf-8" />
<meta name="viewport" content="width=device-width" />

<title>[Gen 3] OU: Chrisjde vs. Banyanya - Replays - Pok&eacute;mon Showdown!</title>

<meta name="description" content="Watch a replay of a Pok&eacute;mon battle between Chrisjde and Banyanya! Format: [Gen 3] OU; Date: Oct 1, 2024" />
<!--

Hey, you! Looking in the source for the replay log?

You can find them in JSON format, just add `.json` at the end of a replay URL.

https://replay.pokemonshowdown.com/gen7randomdoublesbattle-865046831.json

Or, if you only need the log itself, add `.log` instead:

https://replay.pokemonshowdown.com/gen7randomdoublesbattle-865046831.log

-->

<link rel="stylesheet" href="//pokemonshowdown.com/style/global.css?0.767286132409787" />
<link rel="stylesheet" href="//play.pokemonshowdown.com/style/font-awesome.css?0.9266228007934947" />
<link rel="stylesheet" href="//play.pokemonshowdown.com/style/battle.css?0.7924700842790926" />
<link rel="stylesheet" href="//play.pokemonshowdown.com/style/utilichart.css?0.8777417872839479" />

<!-- Global site tag (gtag.js) - Google Analytics -->
<script async src="https://www.googletagmanager.com/gtag/js?id=UA-26211653-1"></script>
<script>
  window.dataLayer = window.dataLayer || [];
  function gtag(){dataLayer.push(arguments);}
  gtag('js', new Date());

  gtag('config', 'UA-26211653-1');
</script>
<!-- End Google Analytics -->
<!-- Venatus Ad Manager - Install in <HEAD> of page -->
	<script src="https://hb.vntsm.com/v3/live/ad-manager.min.js" type="text/javascript" data-site-id="642aba63ec9a7b11c3c9c1be" data-mode="scan" async></script>
<!-- / Venatus Ad Manager -->

<style>
	@media (max-width:820px) {
		.battle {
			margin: 0 auto;
		}
		.battle-log {
			margin: 7px auto 0;
			max-width: 640px;
			height: 300px;
			position: static;
		}
	}
	.optgroup {
		display: inline-block;
		line-height: 22px;
		font-size: 10pt;
	}
	.optgroup .button {
		height: 25px;
		padding-top: 0;
		padding-bottom: 0;
	}
	.optgroup button.button {
		padding-left: 12px;
		padding-right: 12px;
	}
	.linklist {
		list-style: none;
		margin: 0.5em 0;
		padding: 0;
	}
	.linklist li {
		padding: 2px 0;
	}
	.sidebar {
		float: left;
		width: 320px;
	}
	.bar-wrapper {
		max-width: 1100px;
		margin: 0 auto;
	}
	.bar-wrapper.has-sidebar {
		max-width: 1430px;
	}
	.mainbar {
		margin: 0;
		padding-right: 1px;
	}
	.mainbar.has-sidebar {
		margin-left: 330px;
	}
	@media (min-width: 1511px) {
		.sidebar {
			width: 400px;
		}
		.bar-wrapper.has-sidebar {
			max-width: 1510px;
		}
		.mainbar.has-sidebar {
			margin-left: 410px;
		}
	}
	.section.first-section {
		margin-top: 9px;
	}
	.blocklink small {
		white-space: normal;
	}
	.button {
		vertical-align: middle;
	}
	.replay-controls {
		padding-top: 10px;
	}
	.replay-controls h1 {
		font-size: 16pt;
		font-weight: normal;
		color: #CCC;
	}
	.pagelink {
		text-align: center;
	}
	.pagelink a {
		width: 150px;
	}
	.textbox, .button {
		font-size: 11pt;
		vertical-align: middle;
	}
	@media (max-width: 450px) {
		.button {
			font-size: 9pt;
		}
	}
</style>

<div>

	<header>
		<div class="nav-wrapper"><ul class="nav">
			<li><a class="button nav-first" href="//pokemonshowdown.com/"><img src="//pokemonshowdown.com/images/pokemonshowdownbeta.png" srcset="//pokemonshowdown.com/images/pokemonshowdownbeta.png 1x, //pokemonshowdown.com/images/pokemonshowdownbeta@2x.png 2x" alt="Pok&eacute;mon Showdown" width="146" height="44" /> Home</a></li>
			<li><a class="button" href="//pokemonshowdown.com/dex/">Pok&eacute;dex</a></li>
			<li><a class="button cur" href="/">Replays</a></li>
			<li><a class="button" href="//pokemonshowdown.com/ladder/">Ladder</a></li>
			<li><a class="button nav-last" href="//pokemonshowdown.com/forums/">Forum</a></li>
			<li><a class="button greenbutton nav-first nav-last" href="//play.pokemonshowdown.com/">Play</a></li>
		</ul></div>
	</header>

	<div class="main" id="main">

		<noscript><section class="section">You need to enable JavaScript to use this page; sorry!</section></noscript>

	</div>

</div>

<script defer nomodule src="//play.pokemonshowdown.com/js/lib/ps-polyfill.js"></script>
<script defer src="//play.pokemonshowdown.com/js/lib/preact.min.js"></script>

<script defer src="//play.pokemonshowdown.com/config/config.js?6dec07f6"></script>
<script defer src="//play.pokemonshowdown.com/js/lib/jquery-1.11.0.min.js"></script>
<script defer src="//play.pokemonshowdown.com/js/lib/html-sanitizer-minified.js"></script>
<script defer src="//play.pokemonshowdown.com/js/battle-sound.js"></script>
<script defer src="//play.pokemonshowdown.com/js/battledata.js?0.6315294753075389"></script>
<script defer src="//play.pokemonshowdown.com/data/pokedex-mini.js?0.7603743185311358"></script>
<script defer src="//play.pokemonshowdown.com/data/pokedex-mini-bw.js?0.030888842834281283"></script>
<script defer src="//play.pokemonshowdown.com/data/graphics.js?0.05593094747507488"></script>
<script defer src="//play.pokemonshowdown.com/data/pokedex.js?0.47064822249611904"></script>
<script defer src="//play.pokemonshowdown.com/data/moves.js?0.8583693120512459"></script>
<script defer src="//play.pokemonshowdown.com/data/abilities.js?0.16017181182386842"></script>
<script defer src="//play.pokemonshowdown.com/data/items.js?0.4163379185673943"></script>
<script defer src="//play.pokemonshowdown.com/data/teambuilder-tables.js?0.31075597372830477"></script>
<script defer src="//play.pokemonshowdown.com/js/battle-tooltips.js?0.6536193500708172"></script>
<script defer src="//play.pokemonshowdown.com/js/battle.js?0.1916591943277901"></script>

<script defer src="js/utils.js?e31f9a17"></script>
<script defer src="js/replays-battle.js?7008c182"></script>

<!-- don't scrape this data! just add .json or .log after the URL!
Full API docs: https://github.com/smogon/pokemon-showdown-client/blob/master/WEB-API.md -->
<script type="text/plain" class="log" id="replaylog-smogtours-gen3ou-793776">
|inactive|Battle timer is ON: inactive players will automatically lose when time's up.
|t:|1727800520
|gametype|singles
|player|p1|Chrisjde|proton|
|player|p2|Banyanya|1|
|teamsize|p1|6
|teamsize|p2|6
|gen|3
|tier|[Gen 3] OU
|rule|Sleep Clause Mod: Limit one foe put to sleep
|rule|Switch Priority Clause Mod: Faster Pokémon switch first
|rule|Species Clause: Limit one of each Pokémon
|rule|OHKO Clause: OHKO moves are banned
|rule|Evasion Items Clause: Evasion items are banned
|rule|Evasion Moves Clause: Evasion moves are banned
|rule|Endless Battle Clause: Forcing endless battles is banned
|rule|HP Percentage Mod: HP is shown in percentages
|rule|One Boost Passer Clause: Limit one Baton Passer that has a way to boost its stats
|rule|Freeze Clause Mod: Limit one foe frozen
|
|t:|1727800520
|start
|switch|p1a: Charizard|Charizard, M|100/100
|switch|p2a: Zapdos|Zapdos|100/100
|turn|1
|c|☆Chrisjde|Good luck!
|c|☆Banyanya|u2
|
|t:|1727800539
|switch|p1a: Interesting|Celebi|100/100
|move|p2a: Zapdos|Thunderbolt|p1a: Interesting
|-resisted|p1a: Interesting
|-crit|p1a: Interesting
|-damage|p1a: Interesting|68/100
|
|-heal|p1a: Interesting|75/100|[from] item: Leftovers
|upkeep
|turn|2
|
|t:|1727800544
|switch|p2a: Forretress|Forretress, F|100/100
|move|p1a: Interesting|Leech Seed|p2a: Forretress
|-start|p2a: Forretress|move: Leech Seed
|
|-heal|p1a: Interesting|81/100|[from] item: Leftovers
|-damage|p2a: Forretress|88/100|[from] Leech Seed|[of] p1a: Interesting
|-heal|p1a: Interesting|92/100|[silent]
|upkeep
|turn|3
|
|t:|1727800558
|switch|p1a: Charizard|Charizard, M|100/100
|move|p2a: Forretress|Spikes|p1a: Charizard
|-sidestart|p1: Chrisjde|Spikes
|
|-heal|p2a: Forretress|94/100|[from] item: Leftovers
|-damage|p2a: Forretress|82/100|[from] Leech Seed|[of] p1a: Charizard
|upkeep
|turn|4
|
|t:|1727800565
|switch|p2a: Zapdos|Zapdos|100/100
|move|p1a: Charizard|Substitute|p1a: Charizard
|-start|p1a: Charizard|Substitute
|-damage|p1a: Charizard|76/100
|
|-heal|p1a: Charizard|82/100|[from] item: Leftovers
|upkeep
|turn|5
|
|t:|1727800570
|move|p1a: Charizard|Fire Blast|p2a: Zapdos
|-crit|p2a: Zapdos
|-damage|p2a: Zapdos|23/100
|move|p2a: Zapdos|Thunderbolt|p1a: Charizard
|-supereffective|p1a: Charizard
|-end|p1a: Charizard|Substitute
|
|-heal|p1a: Charizard|88/100|[from] item: Leftovers
|-heal|p2a: Zapdos|30/100|[from] item: Leftovers
|upkeep
|turn|6
|
|t:|1727800576
|switch|p2a: Blissey|Blissey, F|100/100
|move|p1a: Charizard|Hidden Power|p2a: Blissey
|-damage|p2a: Blissey|92/100
|
|-heal|p1a: Charizard|94/100|[from] item: Leftovers
|-heal|p2a: Blissey|98/100|[from] item: Leftovers
|upkeep
|turn|7
|
|t:|1727800582
|switch|p1a: The Nugget|Skarmory, M|100/100
|move|p2a: Blissey|Thunderbolt|p1a: The Nugget
|-supereffective|p1a: The Nugget
|-damage|p1a: The Nugget|53/100
|
|-heal|p1a: The Nugget|59/100|[from] item: Leftovers
|-heal|p2a: Blissey|100/100|[from] item: Leftovers
|upkeep
|turn|8
|
|t:|1727800587
|move|p1a: The Nugget|Spikes|p2a: Blissey
|-sidestart|p2: Banyanya|Spikes
|move|p2a: Blissey|Thunderbolt|p1a: The Nugget
|-supereffective|p1a: The Nugget
|-damage|p1a: The Nugget|10/100
|
|-heal|p1a: The Nugget|16/100|[from] item: Leftovers
|upkeep
|turn|9
|
|t:|1727800591
|move|p1a: The Nugget|Protect|p1a: The Nugget
|-singleturn|p1a: The Nugget|Protect
|move|p2a: Blissey|Ice Beam|p1a: The Nugget
|-activate|p1a: The Nugget|Protect
|
|-heal|p1a: The Nugget|22/100|[from] item: Leftovers
|upkeep
|turn|10
|
|t:|1727800594
|switch|p1a: Interesting|Celebi|92/100
|-damage|p1a: Interesting|79/100|[from] Spikes
|move|p2a: Blissey|Thunderbolt|p1a: Interesting
|-resisted|p1a: Interesting
|-damage|p1a: Interesting|70/100
|
|-heal|p1a: Interesting|76/100|[from] item: Leftovers
|upkeep
|turn|11
|
|t:|1727800599
|move|p1a: Interesting|Leech Seed|p2a: Blissey
|-start|p2a: Blissey|move: Leech Seed
|move|p2a: Blissey|Wish|p2a: Blissey
|
|-heal|p1a: Interesting|82/100|[from] item: Leftovers
|-damage|p2a: Blissey|88/100|[from] Leech Seed|[of] p1a: Interesting
|-heal|p1a: Interesting|100/100|[silent]
|upkeep
|turn|12
|
|t:|1727800604
|switch|p2a: Zapdos|Zapdos|30/100
|move|p1a: Interesting|Calm Mind|p1a: Interesting
|-boost|p1a: Interesting|spa|1
|-boost|p1a: Interesting|spd|1
|
|-heal|p2a: Zapdos|80/100|[from] move: Wish|[wisher] Blissey
|-heal|p2a: Zapdos|86/100|[from] item: Leftovers
|upkeep
|turn|13
|
|t:|1727800609
|move|p1a: Interesting|Leech Seed|p2a: Zapdos
|-start|p2a: Zapdos|move: Leech Seed
|move|p2a: Zapdos|Roar|p1a: Interesting
|drag|p1a: Steve Davis|Starmie|100/100
|-damage|p1a: Steve Davis|88/100|[from] Spikes
|
|-heal|p1a: Steve Davis|94/100|[from] item: Leftovers
|-heal|p2a: Zapdos|92/100|[from] item: Leftovers
|-damage|p2a: Zapdos|80/100|[from] Leech Seed|[of] p1a: Steve Davis
|-heal|p1a: Steve Davis|100/100|[silent]
|upkeep
|turn|14
|
|t:|1727800621
|switch|p1a: Romford Slim|Snorlax, F|100/100
|-damage|p1a: Romford Slim|88/100|[from] Spikes
|switch|p2a: Blissey|Blissey, F|88/100
|-damage|p2a: Blissey|76/100|[from] Spikes
|
|-heal|p2a: Blissey|82/100|[from] item: Leftovers
|-heal|p1a: Romford Slim|94/100|[from] item: Leftovers
|upkeep
|turn|15
|
|t:|1727800629
|move|p2a: Blissey|Wish|p2a: Blissey
|move|p1a: Romford Slim|Body Slam|p2a: Blissey
|-damage|p2a: Blissey|45/100
|
|-heal|p2a: Blissey|51/100|[from] item: Leftovers
|-heal|p1a: Romford Slim|100/100|[from] item: Leftovers
|upkeep
|turn|16
|
|t:|1727800638
|switch|p1a: The Nugget|Skarmory, M|22/100
|move|p2a: Blissey|Thunderbolt|p1a: The Nugget
|-supereffective|p1a: The Nugget
|-damage|p1a: The Nugget|0 fnt
|faint|p1a: The Nugget
|
|t:|1727800644
|switch|p1a: Interesting|Celebi|100/100
|-damage|p1a: Interesting|88/100|[from] Spikes
|
|-heal|p2a: Blissey|100/100|[from] move: Wish|[wisher] Blissey
|-heal|p1a: Interesting|94/100|[from] item: Leftovers
|upkeep
|turn|17
|
|t:|1727800652
|switch|p2a: Zapdos|Zapdos|80/100
|move|p1a: Interesting|Leech Seed|p2a: Zapdos
|-start|p2a: Zapdos|move: Leech Seed
|
|-heal|p1a: Interesting|100/100|[from] item: Leftovers
|-heal|p2a: Zapdos|86/100|[from] item: Leftovers
|-damage|p2a: Zapdos|73/100|[from] Leech Seed|[of] p1a: Interesting
|upkeep
|turn|18
|
|t:|1727800657
|move|p1a: Interesting|Giga Drain|p2a: Zapdos
|-resisted|p2a: Zapdos
|-damage|p2a: Zapdos|66/100
|move|p2a: Zapdos|Roar|p1a: Interesting
|drag|p1a: Charizard|Charizard, M|94/100
|
|-heal|p1a: Charizard|99/100|[from] item: Leftovers
|-heal|p2a: Zapdos|72/100|[from] item: Leftovers
|-damage|p2a: Zapdos|59/100|[from] Leech Seed|[of] p1a: Charizard
|-heal|p1a: Charizard|100/100|[silent]
|upkeep
|turn|19
|
|t:|1727800664
|move|p1a: Charizard|Fire Blast|p2a: Zapdos|[miss]
|-miss|p1a: Charizard|p2a: Zapdos
|move|p2a: Zapdos|Thunderbolt|p1a: Charizard
|-supereffective|p1a: Charizard
|-damage|p1a: Charizard|7/100
|
|-heal|p1a: Charizard|13/100|[from] item: Leftovers
|-heal|p2a: Zapdos|66/100|[from] item: Leftovers
|-damage|p2a: Zapdos|53/100|[from] Leech Seed|[of] p1a: Charizard
|-heal|p1a: Charizard|29/100|[silent]
|upkeep
|turn|20
|
|t:|1727800671
|switch|p2a: Tyranitar|Tyranitar, F|100/100
|-damage|p2a: Tyranitar|88/100|[from] Spikes
|-weather|Sandstorm|[from] ability: Sand Stream|[of] p2a: Tyranitar
|move|p1a: Charizard|Fire Blast|p2a: Tyranitar
|-resisted|p2a: Tyranitar
|-damage|p2a: Tyranitar|51/100
|
|-weather|Sandstorm|[upkeep]
|-damage|p1a: Charizard|23/100|[from] Sandstorm
|-heal|p1a: Charizard|29/100|[from] item: Leftovers
|-heal|p2a: Tyranitar|57/100|[from] item: Leftovers
|upkeep
|turn|21
|
|t:|1727800686
|-activate|p1a: Charizard|move: Pursuit
|move|p2a: Tyranitar|Pursuit|p1a: Charizard|[from]Pursuit
|-damage|p1a: Charizard|0 fnt
|faint|p1a: Charizard
|-hint|Previously chosen switches continue in Gen 2-4 after a Pursuit target faints.
|switch|p1a: Steve Davis|Starmie|100/100
|-damage|p1a: Steve Davis|88/100|[from] Spikes
|
|-weather|Sandstorm|[upkeep]
|-damage|p1a: Steve Davis|82/100|[from] Sandstorm
|-heal|p1a: Steve Davis|88/100|[from] item: Leftovers
|-heal|p2a: Tyranitar|63/100|[from] item: Leftovers
|upkeep
|turn|22
|
|t:|1727800698
|switch|p2a: Blissey|Blissey, F|100/100
|-damage|p2a: Blissey|88/100|[from] Spikes
|move|p1a: Steve Davis|Hydro Pump|p2a: Blissey
|-damage|p2a: Blissey|66/100
|
|-weather|Sandstorm|[upkeep]
|-damage|p1a: Steve Davis|82/100|[from] Sandstorm
|-damage|p2a: Blissey|60/100|[from] Sandstorm
|-heal|p1a: Steve Davis|88/100|[from] item: Leftovers
|-heal|p2a: Blissey|66/100|[from] item: Leftovers
|upkeep
|turn|23
|
|t:|1727800703
|switch|p1a: Interesting|Celebi|100/100
|-damage|p1a: Interesting|88/100|[from] Spikes
|move|p2a: Blissey|Thunderbolt|p1a: Interesting
|-resisted|p1a: Interesting
|-damage|p1a: Interesting|77/100
|
|-weather|Sandstorm|[upkeep]
|-damage|p1a: Interesting|71/100|[from] Sandstorm
|-damage|p2a: Blissey|60/100|[from] Sandstorm
|-heal|p1a: Interesting|77/100|[from] item: Leftovers
|-heal|p2a: Blissey|66/100|[from] item: Leftovers
|upkeep
|turn|24
|
|t:|1727800707
|move|p1a: Interesting|Leech Seed|p2a: Blissey
|-start|p2a: Blissey|move: Leech Seed
|move|p2a: Blissey|Wish|p2a: Blissey
|
|-weather|Sandstorm|[upkeep]
|-damage|p1a: Interesting|71/100|[from] Sandstorm
|-damage|p2a: Blissey|60/100|[from] Sandstorm
|-heal|p1a: Interesting|77/100|[from] item: Leftovers
|-heal|p2a: Blissey|66/100|[from] item: Leftovers
|-damage|p2a: Blissey|53/100|[from] Leech Seed|[of] p1a: Interesting
|-heal|p1a: Interesting|97/100|[silent]
|upkeep
|turn|25
|
|t:|1727800712
|move|p1a: Interesting|Baton Pass|p1a: Interesting
|
|t:|1727800717
|switch|p1a: Romford Slim|Snorlax, F|100/100|[from] Baton Pass
|-damage|p1a: Romford Slim|88/100|[from] Spikes
|move|p2a: Blissey|Ice Beam|p1a: Romford Slim
|-damage|p1a: Romford Slim|76/100
|-status|p1a: Romford Slim|frz
|
|-heal|p2a: Blissey|100/100|[from] move: Wish|[wisher] Blissey
|-weather|Sandstorm|[upkeep]
|-damage|p2a: Blissey|94/100|[from] Sandstorm
|-damage|p1a: Romford Slim|70/100 frz|[from] Sandstorm
|-heal|p2a: Blissey|100/100|[from] item: Leftovers
|-damage|p2a: Blissey|88/100|[from] Leech Seed|[of] p1a: Romford Slim
|-heal|p1a: Romford Slim|86/100 frz|[silent]
|-heal|p1a: Romford Slim|92/100 frz|[from] item: Leftovers
|upkeep
|turn|26
|
|t:|1727800730
|switch|p2a: Tyranitar|Tyranitar, F|63/100
|-damage|p2a: Tyranitar|51/100|[from] Spikes
|cant|p1a: Romford Slim|frz
|
|-weather|Sandstorm|[upkeep]
|-damage|p1a: Romford Slim|86/100 frz|[from] Sandstorm
|-heal|p2a: Tyranitar|57/100|[from] item: Leftovers
|-heal|p1a: Romford Slim|92/100 frz|[from] item: Leftovers
|upkeep
|turn|27
|
|t:|1727800738
|-singleturn|p2a: Tyranitar|move: Focus Punch
|switch|p1a: Steve Davis|Starmie|88/100
|-damage|p1a: Steve Davis|76/100|[from] Spikes
|move|p2a: Tyranitar|Focus Punch|p1a: Steve Davis
|-resisted|p1a: Steve Davis
|-damage|p1a: Steve Davis|41/100
|
|-weather|Sandstorm|[upkeep]
|-damage|p1a: Steve Davis|35/100|[from] Sandstorm
|-heal|p1a: Steve Davis|41/100|[from] item: Leftovers
|-heal|p2a: Tyranitar|63/100|[from] item: Leftovers
|upkeep
|turn|28
|
|t:|1727800749
|-activate|p1a: Steve Davis|move: Pursuit
|move|p2a: Tyranitar|Pursuit|p1a: Steve Davis|[from]Pursuit
|-supereffective|p1a: Steve Davis
|-damage|p1a: Steve Davis|0 fnt
|faint|p1a: Steve Davis
|-hint|Previously chosen switches continue in Gen 2-4 after a Pursuit target faints.
|switch|p1a: Romford Slim|Snorlax, F|92/100 frz
|-damage|p1a: Romford Slim|80/100 frz|[from] Spikes
|
|-weather|Sandstorm|[upkeep]
|-damage|p1a: Romford Slim|74/100 frz|[from] Sandstorm
|-heal|p2a: Tyranitar|69/100|[from] item: Leftovers
|-heal|p1a: Romford Slim|80/100 frz|[from] item: Leftovers
|upkeep
|turn|29
|
|t:|1727800760
|switch|p1a: Interesting|Celebi|97/100
|-damage|p1a: Interesting|85/100|[from] Spikes
|move|p2a: Tyranitar|Crunch|p1a: Interesting
|-supereffective|p1a: Interesting
|-damage|p1a: Interesting|25/100
|
|-weather|Sandstorm|[upkeep]
|-damage|p1a: Interesting|19/100|[from] Sandstorm
|-heal|p1a: Interesting|25/100|[from] item: Leftovers
|-heal|p2a: Tyranitar|75/100|[from] item: Leftovers
|upkeep
|turn|30
|
|t:|1727800765
|move|p1a: Interesting|Giga Drain|p2a: Tyranitar
|-supereffective|p2a: Tyranitar
|-damage|p2a: Tyranitar|38/100
|-heal|p1a: Interesting|43/100|[from] drain|[of] p2a: Tyranitar
|move|p2a: Tyranitar|Crunch|p1a: Interesting
|-supereffective|p1a: Interesting
|-crit|p1a: Interesting
|-damage|p1a: Interesting|0 fnt
|faint|p1a: Interesting
|c|☆Chrisjde|Gg
|c|☆Banyanya|gg
|-message|Chrisjde forfeited.
|
|win|Banyanya
|player|p1|
|player|p2|
|player|p1|Chrisjde|proton|
|player|p1|
|player|p1|Chrisjde|proton|

</script>
<script type="application/json" class="data" id="replaydata-smogtours-gen3ou-793776">
{"id":"smogtours-gen3ou-793776","format":"[Gen 3] OU","players":["Chrisjde","Banyanya"],"uploadtime":1727800775,"views":111,"formatid":"gen3ou","rating":null,"private":0,"password":null}
</script>

<script defer src="js/replays.js?9d40a366"></script>
