<!DOCTYPE html>
<meta charset="utf-8" />
<meta name="viewport" content="width=device-width" />

<title>[Gen 3] OU: Yoink 0 vs. reptikrook - Replays - Pok&eacute;mon Showdown!</title>

<meta name="description" content="Watch a replay of a Pok&eacute;mon battle between Yoink 0 and reptikrook! Format: [Gen 3] OU; Date: Oct 19, 2024" />
<!--

Hey, you! Looking in the source for the replay log?

You can find them in JSON format, just add `.json` at the end of a replay URL.

https://replay.pokemonshowdown.com/gen7randomdoublesbattle-865046831.json

Or, if you only need the log itself, add `.log` instead:

https://replay.pokemonshowdown.com/gen7randomdoublesbattle-865046831.log

-->

<link rel="stylesheet" href="//pokemonshowdown.com/style/global.css?0.023195364461161105" />
<link rel="stylesheet" href="//play.pokemonshowdown.com/style/font-awesome.css?0.13261647063804238" />
<link rel="stylesheet" href="//play.pokemonshowdown.com/style/battle.css?0.8753245789963631" />
<link rel="stylesheet" href="//play.pokemonshowdown.com/style/utilichart.css?0.8627959624976733" />

<!-- Global site tag (gtag.js) - Google Analytics -->
<script async src="https://www.googletagmanager.com/gtag/js?id=UA-26211653-1"></script>
<script>
  window.dataLayer = window.dataLayer || [];
  function gtag(){dataLayer.push(arguments);}
  gtag('js', new Date());

  gtag('config', 'UA-26211653-1');
</script>
<!-- End Google Analytics -->
<!-- Venatus Ad Manager - Install in <HEAD> of page -->
	<script src="https://hb.vntsm.com/v3/live/ad-manager.min.js" type="text/javascript" data-site-id="642aba63ec9a7b11c3c9c1be" data-mode="scan" async></script>
<!-- / Venatus Ad Manager -->

<style>
	@media (max-width:820px) {
		.battle {
			margin: 0 auto;
		}
		.battle-log {
			margin: 7px auto 0;
			max-width: 640px;
			height: 300px;
			position: static;
		}
	}
	.optgroup {
		display: inline-block;
		line-height: 22px;
		font-size: 10pt;
	}
	.optgroup .button {
		height: 25px;
		padding-top: 0;
		padding-bottom: 0;
	}
	.optgroup button.button {
		padding-left: 12px;
		padding-right: 12px;
	}
	.linklist {
		list-style: none;
		margin: 0.5em 0;
		padding: 0;
	}
	.linklist li {
		padding: 2px 0;
	}
	.sidebar {
		float: left;
		width: 320px;
	}
	.bar-wrapper {
		max-width: 1100px;
		margin: 0 auto;
	}
	.bar-wrapper.has-sidebar {
		max-width: 1430px;
	}
	.mainbar {
		margin: 0;
		padding-right: 1px;
	}
	.mainbar.has-sidebar {
		margin-left: 330px;
	}
	@media (min-width: 1511px) {
		.sidebar {
			width: 400px;
		}
		.bar-wrapper.has-sidebar {
			max-width: 1510px;
		}
		.mainbar.has-sidebar {
			margin-left: 410px;
		}
	}
	.section.first-section {
		margin-top: 9px;
	}
	.blocklink small {
		white-space: normal;
	}
	.button {
		vertical-align: middle;
	}
	.replay-controls {
		padding-top: 10px;
	}
	.replay-controls h1 {
		font-size: 16pt;
		font-weight: normal;
		color: #CCC;
	}
	.pagelink {
		text-align: center;
	}
	.pagelink a {
		width: 150px;
	}
	.textbox, .button {
		font-size: 11pt;
		vertical-align: middle;
	}
	@media (max-width: 450px) {
		.button {
			font-size: 9pt;
		}
	}
</style>

<div>

	<header>
		<div class="nav-wrapper"><ul class="nav">
			<li><a class="button nav-first" href="//pokemonshowdown.com/"><img src="//pokemonshowdown.com/images/pokemonshowdownbeta.png" srcset="//pokemonshowdown.com/images/pokemonshowdownbeta.png 1x, //pokemonshowdown.com/images/pokemonshowdownbeta@2x.png 2x" alt="Pok&eacute;mon Showdown" width="146" height="44" /> Home</a></li>
			<li><a class="button" href="//pokemonshowdown.com/dex/">Pok&eacute;dex</a></li>
			<li><a class="button cur" href="/">Replays</a></li>
			<li><a class="button" href="//pokemonshowdown.com/ladder/">Ladder</a></li>
			<li><a class="button nav-last" href="//pokemonshowdown.com/forums/">Forum</a></li>
			<li><a class="button greenbutton nav-first nav-last" href="//play.pokemonshowdown.com/">Play</a></li>
		</ul></div>
	</header>

	<div class="main" id="main">

		<noscript><section class="section">You need to enable JavaScript to use this page; sorry!</section></noscript>

	</div>

</div>

<script defer nomodule src="//play.pokemonshowdown.com/js/lib/ps-polyfill.js"></script>
<script defer src="//play.pokemonshowdown.com/js/lib/preact.min.js"></script>

<script defer src="//play.pokemonshowdown.com/config/config.js?2bddbc15"></script>
<script defer src="//play.pokemonshowdown.com/js/lib/jquery-1.11.0.min.js"></script>
<script defer src="//play.pokemonshowdown.com/js/lib/html-sanitizer-minified.js"></script>
<script defer src="//play.pokemonshowdown.com/js/battle-sound.js"></script>
<script defer src="//play.pokemonshowdown.com/js/battledata.js?0.7209276989879541"></script>
<script defer src="//play.pokemonshowdown.com/data/pokedex-mini.js?0.6111056340867951"></script>
<script defer src="//play.pokemonshowdown.com/data/pokedex-mini-bw.js?0.3532142036491459"></script>
<script defer src="//play.pokemonshowdown.com/data/graphics.js?0.24223875632456182"></script>
<script defer src="//play.pokemonshowdown.com/data/pokedex.js?0.38839984266356864"></script>
<script defer src="//play.pokemonshowdown.com/data/moves.js?0.21866028504024015"></script>
<script defer src="//play.pokemonshowdown.com/data/abilities.js?0.2005157953846628"></script>
<script defer src="//play.pokemonshowdown.com/data/items.js?0.9894211263848525"></script>
<script defer src="//play.pokemonshowdown.com/data/teambuilder-tables.js?0.6008791140282215"></script>
<script defer src="//play.pokemonshowdown.com/js/battle-tooltips.js?0.7580118955022959"></script>
<script defer src="//play.pokemonshowdown.com/js/battle.js?0.6057722274234274"></script>

<script defer src="js/utils.js?e31f9a17"></script>
<script defer src="js/replays-battle.js?7008c182"></script>

<!-- don't scrape this data! just add .json or .log after the URL!
Full API docs: https://github.com/smogon/pokemon-showdown-client/blob/master/WEB-API.md -->
<script type="text/plain" class="log" id="replaylog-smogtours-gen3ou-799878">
|inactive|Battle timer is ON: inactive players will automatically lose when time's up.
|t:|1729349010
|gametype|singles
|player|p1|Yoink 0|2|
|player|p2|reptikrook|169|
|teamsize|p1|6
|teamsize|p2|6
|gen|3
|tier|[Gen 3] OU
|rule|Sleep Clause Mod: Limit one foe put to sleep
|rule|Switch Priority Clause Mod: Faster Pokémon switch first
|rule|Species Clause: Limit one of each Pokémon
|rule|OHKO Clause: OHKO moves are banned
|rule|Evasion Items Clause: Evasion items are banned
|rule|Evasion Moves Clause: Evasion moves are banned
|rule|Endless Battle Clause: Forcing endless battles is banned
|rule|HP Percentage Mod: HP is shown in percentages
|rule|One Boost Passer Clause: Limit one Baton Passer that has a way to boost its stats
|rule|Freeze Clause Mod: Limit one foe frozen
|
|t:|1729349010
|start
|switch|p1a: Snorlax|Snorlax, F|100/100
|switch|p2a: Cold Stone|Regice, shiny|100/100
|turn|1
|
|t:|1729349026
|switch|p2a: Shrike|Skarmory, F|100/100
|move|p1a: Snorlax|Curse|p1a: Snorlax
|-unboost|p1a: Snorlax|spe|1
|-boost|p1a: Snorlax|atk|1
|-boost|p1a: Snorlax|def|1
|
|upkeep
|turn|2
|
|t:|1729349034
|switch|p2a: Musketeers|Dugtrio, M|100/100
|move|p1a: Snorlax|Body Slam|p2a: Musketeers
|-damage|p2a: Musketeers|0 fnt
|faint|p2a: Musketeers
|
|t:|1729349040
|switch|p2a: Shrike|Skarmory, F|100/100
|
|upkeep
|turn|3
|
|t:|1729349043
|move|p2a: Shrike|Spikes|p1a: Snorlax
|-sidestart|p1: Yoink 0|Spikes
|move|p1a: Snorlax|Body Slam|p2a: Shrike
|-resisted|p2a: Shrike
|-damage|p2a: Shrike|82/100
|-status|p2a: Shrike|par
|
|-heal|p2a: Shrike|88/100 par|[from] item: Leftovers
|upkeep
|turn|4
|
|t:|1729349052
|switch|p1a: Skarmory|Skarmory, F|100/100
|move|p2a: Shrike|Spikes|p1a: Skarmory
|-sidestart|p1: Yoink 0|Spikes
|
|-heal|p2a: Shrike|94/100 par|[from] item: Leftovers
|upkeep
|turn|5
|
|t:|1729349058
|move|p1a: Skarmory|Thief|p2a: Shrike
|-resisted|p2a: Shrike
|-damage|p2a: Shrike|91/100 par
|-enditem|p2a: Shrike|Leftovers|[silent]|[from] move: Thief|[of] p1a: Skarmory
|-item|p1a: Skarmory|Leftovers|[from] move: Thief|[of] p2a: Shrike
|move|p2a: Shrike|Spikes|p1a: Skarmory
|-sidestart|p1: Yoink 0|Spikes
|
|upkeep
|turn|6
|
|t:|1729349064
|switch|p2a: Magnus Carlmon|Magneton|100/100
|move|p1a: Skarmory|Spikes|p2a: Magnus Carlmon
|-sidestart|p2: reptikrook|Spikes
|
|upkeep
|turn|7
|
|t:|1729349081
|move|p2a: Magnus Carlmon|Thunderbolt|p1a: Skarmory
|-supereffective|p1a: Skarmory
|-damage|p1a: Skarmory|18/100
|move|p1a: Skarmory|Roar|p2a: Magnus Carlmon
|drag|p2a: Kalamet|Aerodactyl, F|100/100
|
|-heal|p1a: Skarmory|24/100|[from] item: Leftovers
|upkeep
|turn|8
|
|t:|1729349095
|switch|p1a: Claydol|Claydol|100/100
|move|p2a: Kalamet|Rock Slide|p1a: Claydol
|-resisted|p1a: Claydol
|-damage|p1a: Claydol|79/100
|
|-heal|p1a: Claydol|85/100|[from] item: Leftovers
|upkeep
|turn|9
|
|t:|1729349102
|switch|p2a: Cold Stone|Regice, shiny|100/100
|-damage|p2a: Cold Stone|88/100|[from] Spikes
|move|p1a: Claydol|Rapid Spin|p2a: Cold Stone
|-damage|p2a: Cold Stone|84/100
|-sideend|p1: Yoink 0|Spikes|[from] move: Rapid Spin|[of] p1a: Claydol
|
|-heal|p1a: Claydol|91/100|[from] item: Leftovers
|-heal|p2a: Cold Stone|90/100|[from] item: Leftovers
|upkeep
|turn|10
|
|t:|1729349116
|switch|p1a: Snorlax|Snorlax, F|100/100
|move|p2a: Cold Stone|Ice Beam|p1a: Snorlax
|-damage|p1a: Snorlax|75/100
|
|-heal|p2a: Cold Stone|96/100|[from] item: Leftovers
|-heal|p1a: Snorlax|81/100|[from] item: Leftovers
|upkeep
|turn|11
|
|t:|1729349123
|move|p2a: Cold Stone|Ice Beam|p1a: Snorlax
|-damage|p1a: Snorlax|54/100
|-status|p1a: Snorlax|frz
|-curestatus|p1a: Snorlax|frz|[msg]
|move|p1a: Snorlax|Body Slam|p2a: Cold Stone
|-damage|p2a: Cold Stone|63/100
|
|-heal|p2a: Cold Stone|69/100|[from] item: Leftovers
|-heal|p1a: Snorlax|61/100|[from] item: Leftovers
|upkeep
|turn|12
|
|t:|1729349133
|switch|p2a: Shrike|Skarmory, F|91/100 par
|switch|p1a: Jirachi|Jirachi|100/100
|
|upkeep
|turn|13
|
|t:|1729349142
|move|p1a: Jirachi|Thunderbolt|p2a: Shrike
|-supereffective|p2a: Shrike
|-damage|p2a: Shrike|26/100 par
|move|p2a: Shrike|Spikes|p1a: Jirachi
|-sidestart|p1: Yoink 0|Spikes
|
|upkeep
|turn|14
|
|t:|1729349148
|move|p1a: Jirachi|Calm Mind|p1a: Jirachi
|-boost|p1a: Jirachi|spa|1
|-boost|p1a: Jirachi|spd|1
|move|p2a: Shrike|Spikes|p1a: Jirachi
|-sidestart|p1: Yoink 0|Spikes
|
|upkeep
|turn|15
|
|t:|1729349154
|move|p1a: Jirachi|Calm Mind|p1a: Jirachi
|-boost|p1a: Jirachi|spa|1
|-boost|p1a: Jirachi|spd|1
|move|p2a: Shrike|Roar|p1a: Jirachi
|drag|p1a: Claydol|Claydol|91/100
|
|-heal|p1a: Claydol|97/100|[from] item: Leftovers
|upkeep
|turn|16
|
|t:|1729349161
|switch|p1a: Skarmory|Skarmory, F|24/100
|move|p2a: Shrike|Toxic|p1a: Skarmory
|-immune|p1a: Skarmory
|
|-heal|p1a: Skarmory|30/100|[from] item: Leftovers
|upkeep
|turn|17
|
|t:|1729349167
|switch|p2a: Cold Stone|Regice, shiny|69/100
|-damage|p2a: Cold Stone|57/100|[from] Spikes
|move|p1a: Skarmory|Spikes|p2a: Cold Stone
|-sidestart|p2: reptikrook|Spikes
|
|-heal|p1a: Skarmory|36/100|[from] item: Leftovers
|-heal|p2a: Cold Stone|63/100|[from] item: Leftovers
|upkeep
|turn|18
|
|t:|1729349187
|move|p1a: Skarmory|Spikes|p2a: Cold Stone
|-sidestart|p2: reptikrook|Spikes
|move|p2a: Cold Stone|Thunderbolt|p1a: Skarmory
|-supereffective|p1a: Skarmory
|-damage|p1a: Skarmory|0 fnt
|faint|p1a: Skarmory
|
|t:|1729349189
|switch|p1a: Snorlax|Snorlax, F|61/100
|-damage|p1a: Snorlax|44/100|[from] Spikes
|
|-heal|p2a: Cold Stone|69/100|[from] item: Leftovers
|-heal|p1a: Snorlax|50/100|[from] item: Leftovers
|upkeep
|turn|19
|
|t:|1729349197
|move|p2a: Cold Stone|Ice Beam|p1a: Snorlax
|-damage|p1a: Snorlax|25/100
|move|p1a: Snorlax|Rest|p1a: Snorlax
|-status|p1a: Snorlax|slp|[from] move: Rest
|-heal|p1a: Snorlax|100/100 slp|[silent]
|
|-heal|p2a: Cold Stone|75/100|[from] item: Leftovers
|upkeep
|turn|20
|
|t:|1729349206
|switch|p2a: Shrike|Skarmory, F|26/100 par
|switch|p1a: Jirachi|Jirachi|100/100
|-damage|p1a: Jirachi|84/100|[from] Spikes
|
|-heal|p1a: Jirachi|90/100|[from] item: Leftovers
|upkeep
|turn|21
|
|t:|1729349213
|move|p1a: Jirachi|Thunderbolt|p2a: Shrike
|-supereffective|p2a: Shrike
|-damage|p2a: Shrike|0 fnt
|faint|p2a: Shrike
|
|t:|1729349217
|switch|p2a: Khamsin|Tyranitar, F|100/100
|-damage|p2a: Khamsin|76/100|[from] Spikes
|-weather|Sandstorm|[from] ability: Sand Stream|[of] p2a: Khamsin
|
|-weather|Sandstorm|[upkeep]
|-heal|p1a: Jirachi|97/100|[from] item: Leftovers
|upkeep
|turn|22
|
|t:|1729349225
|switch|p1a: Suicune|Suicune|100/100
|-damage|p1a: Suicune|84/100|[from] Spikes
|move|p2a: Khamsin|Dragon Dance|p2a: Khamsin
|-boost|p2a: Khamsin|atk|1
|-boost|p2a: Khamsin|spe|1
|
|-weather|Sandstorm|[upkeep]
|-damage|p1a: Suicune|78/100|[from] Sandstorm
|-heal|p1a: Suicune|84/100|[from] item: Leftovers
|upkeep
|turn|23
|
|t:|1729349237
|move|p2a: Khamsin|Rock Slide|p1a: Suicune
|-damage|p1a: Suicune|46/100
|cant|p1a: Suicune|flinch
|
|-weather|Sandstorm|[upkeep]
|-damage|p1a: Suicune|40/100|[from] Sandstorm
|-heal|p1a: Suicune|46/100|[from] item: Leftovers
|upkeep
|turn|24
|
|t:|1729349245
|move|p2a: Khamsin|Rock Slide|p1a: Suicune
|-damage|p1a: Suicune|8/100
|move|p1a: Suicune|Surf|p2a: Khamsin
|-supereffective|p2a: Khamsin
|-damage|p2a: Khamsin|16/100
|
|-weather|Sandstorm|[upkeep]
|-damage|p1a: Suicune|2/100|[from] Sandstorm
|-heal|p1a: Suicune|8/100|[from] item: Leftovers
|upkeep
|turn|25
|
|t:|1729349255
|move|p2a: Khamsin|Hidden Power|p1a: Suicune
|-damage|p1a: Suicune|0 fnt
|faint|p1a: Suicune
|
|t:|1729349257
|switch|p1a: Claydol|Claydol|97/100
|
|-weather|Sandstorm|[upkeep]
|-heal|p1a: Claydol|100/100|[from] item: Leftovers
|upkeep
|turn|26
|
|t:|1729349263
|move|p2a: Khamsin|Hidden Power|p1a: Claydol
|-supereffective|p1a: Claydol
|-damage|p1a: Claydol|24/100
|move|p1a: Claydol|Earthquake|p2a: Khamsin
|-supereffective|p2a: Khamsin
|-damage|p2a: Khamsin|0 fnt
|faint|p2a: Khamsin
|
|t:|1729349279
|switch|p2a: Kalamet|Aerodactyl, F|100/100
|
|-weather|Sandstorm|[upkeep]
|-heal|p1a: Claydol|30/100|[from] item: Leftovers
|upkeep
|turn|27
|
|t:|1729349286
|switch|p1a: Jirachi|Jirachi|97/100
|-damage|p1a: Jirachi|80/100|[from] Spikes
|move|p2a: Kalamet|Double-Edge|p1a: Jirachi
|-resisted|p1a: Jirachi
|-damage|p1a: Jirachi|63/100
|
|-weather|Sandstorm|[upkeep]
|-heal|p1a: Jirachi|69/100|[from] item: Leftovers
|upkeep
|turn|28
|
|t:|1729349298
|switch|p2a: Magnus Carlmon|Magneton|100/100
|-damage|p2a: Magnus Carlmon|76/100|[from] Spikes
|move|p1a: Jirachi|Wish|p1a: Jirachi
|
|-weather|Sandstorm|[upkeep]
|-heal|p2a: Magnus Carlmon|82/100|[from] item: Leftovers
|-heal|p1a: Jirachi|76/100|[from] item: Leftovers
|upkeep
|turn|29
|
|t:|1729349307
|move|p2a: Magnus Carlmon|Substitute|p2a: Magnus Carlmon
|-start|p2a: Magnus Carlmon|Substitute
|-damage|p2a: Magnus Carlmon|57/100
|move|p1a: Jirachi|Calm Mind|p1a: Jirachi
|-boost|p1a: Jirachi|spa|1
|-boost|p1a: Jirachi|spd|1
|
|-heal|p1a: Jirachi|100/100|[from] move: Wish|[wisher] Jirachi
|-weather|Sandstorm|[upkeep]
|-heal|p2a: Magnus Carlmon|63/100|[from] item: Leftovers
|upkeep
|turn|30
|
|t:|1729349317
|move|p2a: Magnus Carlmon|Thunderbolt|p1a: Jirachi
|-damage|p1a: Jirachi|74/100
|move|p1a: Jirachi|Calm Mind|p1a: Jirachi
|-boost|p1a: Jirachi|spa|1
|-boost|p1a: Jirachi|spd|1
|
|-weather|Sandstorm|[upkeep]
|-heal|p2a: Magnus Carlmon|70/100|[from] item: Leftovers
|-heal|p1a: Jirachi|81/100|[from] item: Leftovers
|upkeep
|turn|31
|
|t:|1729349325
|move|p2a: Magnus Carlmon|Thunderbolt|p1a: Jirachi
|-damage|p1a: Jirachi|59/100
|move|p1a: Jirachi|Thunderbolt|p2a: Magnus Carlmon
|-resisted|p2a: Magnus Carlmon
|-end|p2a: Magnus Carlmon|Substitute
|
|-weather|Sandstorm|[upkeep]
|-heal|p2a: Magnus Carlmon|76/100|[from] item: Leftovers
|-heal|p1a: Jirachi|66/100|[from] item: Leftovers
|upkeep
|turn|32
|
|t:|1729349333
|move|p2a: Magnus Carlmon|Thunderbolt|p1a: Jirachi
|-damage|p1a: Jirachi|45/100
|-status|p1a: Jirachi|par
|move|p1a: Jirachi|Wish|p1a: Jirachi
|
|-weather|Sandstorm|[upkeep]
|-heal|p2a: Magnus Carlmon|82/100|[from] item: Leftovers
|-heal|p1a: Jirachi|52/100 par|[from] item: Leftovers
|upkeep
|turn|33
|
|t:|1729349342
|move|p2a: Magnus Carlmon|Substitute|p2a: Magnus Carlmon
|-start|p2a: Magnus Carlmon|Substitute
|-damage|p2a: Magnus Carlmon|57/100
|cant|p1a: Jirachi|par
|
|-heal|p1a: Jirachi|100/100 par|[from] move: Wish|[wisher] Jirachi
|-weather|Sandstorm|[upkeep]
|-heal|p2a: Magnus Carlmon|63/100|[from] item: Leftovers
|upkeep
|turn|34
|
|t:|1729349349
|move|p2a: Magnus Carlmon|Thunderbolt|p1a: Jirachi
|-damage|p1a: Jirachi|81/100 par
|cant|p1a: Jirachi|par
|
|-weather|Sandstorm|[upkeep]
|-heal|p2a: Magnus Carlmon|70/100|[from] item: Leftovers
|-heal|p1a: Jirachi|88/100 par|[from] item: Leftovers
|upkeep
|turn|35
|
|t:|1729349357
|move|p2a: Magnus Carlmon|Thunderbolt|p1a: Jirachi
|-damage|p1a: Jirachi|67/100 par
|move|p1a: Jirachi|Thunderbolt|p2a: Magnus Carlmon
|-resisted|p2a: Magnus Carlmon
|-crit|p2a: Magnus Carlmon
|-end|p2a: Magnus Carlmon|Substitute
|
|-weather|Sandstorm|[upkeep]
|-heal|p2a: Magnus Carlmon|76/100|[from] item: Leftovers
|-heal|p1a: Jirachi|73/100 par|[from] item: Leftovers
|upkeep
|turn|36
|
|t:|1729349366
|move|p2a: Magnus Carlmon|Thunderbolt|p1a: Jirachi
|-damage|p1a: Jirachi|52/100 par
|move|p1a: Jirachi|Wish|p1a: Jirachi
|
|-weather|Sandstorm|[upkeep]
|-heal|p2a: Magnus Carlmon|82/100|[from] item: Leftovers
|-heal|p1a: Jirachi|59/100 par|[from] item: Leftovers
|upkeep
|turn|37
|
|t:|1729349373
|move|p2a: Magnus Carlmon|Substitute|p2a: Magnus Carlmon
|-start|p2a: Magnus Carlmon|Substitute
|-damage|p2a: Magnus Carlmon|57/100
|cant|p1a: Jirachi|par
|
|-heal|p1a: Jirachi|100/100 par|[from] move: Wish|[wisher] Jirachi
|-weather|Sandstorm|[upkeep]
|-heal|p2a: Magnus Carlmon|63/100|[from] item: Leftovers
|upkeep
|turn|38
|
|t:|1729349381
|move|p2a: Magnus Carlmon|Thunderbolt|p1a: Jirachi
|-damage|p1a: Jirachi|81/100 par
|move|p1a: Jirachi|Ice Punch|p2a: Magnus Carlmon
|-resisted|p2a: Magnus Carlmon
|-end|p2a: Magnus Carlmon|Substitute
|
|-weather|Sandstorm|[upkeep]
|-heal|p2a: Magnus Carlmon|70/100|[from] item: Leftovers
|-heal|p1a: Jirachi|87/100 par|[from] item: Leftovers
|upkeep
|turn|39
|
|t:|1729349391
|move|p2a: Magnus Carlmon|Substitute|p2a: Magnus Carlmon
|-start|p2a: Magnus Carlmon|Substitute
|-damage|p2a: Magnus Carlmon|45/100
|cant|p1a: Jirachi|par
|
|-weather|Sandstorm|[upkeep]
|-heal|p2a: Magnus Carlmon|51/100|[from] item: Leftovers
|-heal|p1a: Jirachi|93/100 par|[from] item: Leftovers
|upkeep
|turn|40
|
|t:|1729349398
|move|p2a: Magnus Carlmon|Thunderbolt|p1a: Jirachi
|-damage|p1a: Jirachi|74/100 par
|move|p1a: Jirachi|Ice Punch|p2a: Magnus Carlmon
|-resisted|p2a: Magnus Carlmon
|-crit|p2a: Magnus Carlmon
|-end|p2a: Magnus Carlmon|Substitute
|
|-weather|Sandstorm|[upkeep]
|-heal|p2a: Magnus Carlmon|57/100|[from] item: Leftovers
|-heal|p1a: Jirachi|80/100 par|[from] item: Leftovers
|upkeep
|turn|41
|
|t:|1729349407
|move|p2a: Magnus Carlmon|Thunderbolt|p1a: Jirachi
|-damage|p1a: Jirachi|60/100 par
|move|p1a: Jirachi|Ice Punch|p2a: Magnus Carlmon
|-resisted|p2a: Magnus Carlmon
|-damage|p2a: Magnus Carlmon|22/100
|-status|p2a: Magnus Carlmon|frz
|
|-weather|Sandstorm|[upkeep]
|-heal|p2a: Magnus Carlmon|28/100 frz|[from] item: Leftovers
|-heal|p1a: Jirachi|66/100 par|[from] item: Leftovers
|upkeep
|turn|42
|
|t:|1729349416
|cant|p2a: Magnus Carlmon|frz
|move|p1a: Jirachi|Wish|p1a: Jirachi
|
|-weather|Sandstorm|[upkeep]
|-heal|p2a: Magnus Carlmon|34/100 frz|[from] item: Leftovers
|-heal|p1a: Jirachi|72/100 par|[from] item: Leftovers
|upkeep
|turn|43
|
|t:|1729349422
|-curestatus|p2a: Magnus Carlmon|frz|[msg]
|move|p2a: Magnus Carlmon|Thunderbolt|p1a: Jirachi
|-damage|p1a: Jirachi|52/100 par
|cant|p1a: Jirachi|par
|
|-heal|p1a: Jirachi|100/100 par|[from] move: Wish|[wisher] Jirachi
|-weather|Sandstorm|[upkeep]
|-heal|p2a: Magnus Carlmon|41/100|[from] item: Leftovers
|upkeep
|turn|44
|
|t:|1729349432
|move|p2a: Magnus Carlmon|Substitute|p2a: Magnus Carlmon
|-start|p2a: Magnus Carlmon|Substitute
|-damage|p2a: Magnus Carlmon|16/100
|move|p1a: Jirachi|Thunderbolt|p2a: Magnus Carlmon
|-resisted|p2a: Magnus Carlmon
|-end|p2a: Magnus Carlmon|Substitute
|
|-weather|Sandstorm|[upkeep]
|-heal|p2a: Magnus Carlmon|22/100|[from] item: Leftovers
|upkeep
|turn|45
|
|t:|1729349439
|move|p2a: Magnus Carlmon|Thunderbolt|p1a: Jirachi
|-damage|p1a: Jirachi|81/100 par
|move|p1a: Jirachi|Ice Punch|p2a: Magnus Carlmon
|-resisted|p2a: Magnus Carlmon
|-damage|p2a: Magnus Carlmon|0 fnt
|faint|p2a: Magnus Carlmon
|
|t:|1729349446
|switch|p2a: Kalamet|Aerodactyl, F|100/100
|
|-weather|Sandstorm|[upkeep]
|-heal|p1a: Jirachi|87/100 par|[from] item: Leftovers
|upkeep
|turn|46
|
|t:|1729349450
|switch|p1a: Claydol|Claydol|30/100
|move|p2a: Kalamet|Earthquake|p1a: Claydol
|-immune|p1a: Claydol
|
|-weather|Sandstorm|[upkeep]
|-heal|p1a: Claydol|36/100|[from] item: Leftovers
|upkeep
|turn|47
|
|t:|1729349456
|switch|p2a: Cold Stone|Regice, shiny|75/100
|-damage|p2a: Cold Stone|50/100|[from] Spikes
|move|p1a: Claydol|Rapid Spin|p2a: Cold Stone
|-damage|p2a: Cold Stone|46/100
|-sideend|p1: Yoink 0|Spikes|[from] move: Rapid Spin|[of] p1a: Claydol
|
|-weather|Sandstorm|[upkeep]
|-damage|p2a: Cold Stone|40/100|[from] Sandstorm
|-heal|p1a: Claydol|42/100|[from] item: Leftovers
|-heal|p2a: Cold Stone|46/100|[from] item: Leftovers
|upkeep
|turn|48
|
|t:|1729349477
|move|p1a: Claydol|Explosion|p2a: Cold Stone
|-damage|p2a: Cold Stone|0 fnt
|faint|p1a: Claydol
|faint|p2a: Cold Stone
|
|t:|1729349481
|switch|p1a: Celebi|Celebi|100/100
|switch|p2a: Kalamet|Aerodactyl, F|100/100
|
|-weather|Sandstorm|[upkeep]
|-damage|p1a: Celebi|94/100|[from] Sandstorm
|-heal|p1a: Celebi|100/100|[from] item: Leftovers
|upkeep
|turn|49
|
|t:|1729349487
|move|p2a: Kalamet|Hidden Power|p1a: Celebi
|-supereffective|p1a: Celebi
|-damage|p1a: Celebi|36/100
|move|p1a: Celebi|Heal Bell|p1a: Celebi
|-activate|p1a: Celebi|move: Heal Bell
|-curestatus|p1: Snorlax|slp|[silent]
|-curestatus|p1: Jirachi|par|[silent]
|
|-weather|Sandstorm|[upkeep]
|-damage|p1a: Celebi|30/100|[from] Sandstorm
|-heal|p1a: Celebi|36/100|[from] item: Leftovers
|upkeep
|turn|50
|
|t:|1729349497
|move|p2a: Kalamet|Hidden Power|p1a: Celebi
|-supereffective|p1a: Celebi
|-damage|p1a: Celebi|0 fnt
|faint|p1a: Celebi
|c|☆Yoink 0|gg
|
|t:|1729349501
|switch|p1a: Snorlax|Snorlax, F|100/100
|
|-weather|Sandstorm|[upkeep]
|-damage|p1a: Snorlax|94/100|[from] Sandstorm
|-heal|p1a: Snorlax|100/100|[from] item: Leftovers
|upkeep
|turn|51
|c|☆reptikrook|gg
|
|t:|1729349508
|move|p2a: Kalamet|Hidden Power|p1a: Snorlax
|-damage|p1a: Snorlax|60/100
|move|p1a: Snorlax|Body Slam|p2a: Kalamet
|-resisted|p2a: Kalamet
|-damage|p2a: Kalamet|72/100
|
|-weather|Sandstorm|[upkeep]
|-damage|p1a: Snorlax|54/100|[from] Sandstorm
|-heal|p1a: Snorlax|60/100|[from] item: Leftovers
|upkeep
|turn|52
|
|t:|1729349516
|move|p2a: Kalamet|Hidden Power|p1a: Snorlax
|-damage|p1a: Snorlax|23/100
|move|p1a: Snorlax|Body Slam|p2a: Kalamet
|-resisted|p2a: Kalamet
|-damage|p2a: Kalamet|39/100
|-status|p2a: Kalamet|par
|
|-weather|Sandstorm|[upkeep]
|-damage|p1a: Snorlax|17/100|[from] Sandstorm
|-heal|p1a: Snorlax|23/100|[from] item: Leftovers
|upkeep
|turn|53
|
|t:|1729349526
|move|p2a: Kalamet|Hidden Power|p1a: Snorlax
|-damage|p1a: Snorlax|0 fnt
|faint|p1a: Snorlax
|
|t:|1729349529
|switch|p1a: Jirachi|Jirachi|87/100
|
|-weather|Sandstorm|[upkeep]
|-heal|p1a: Jirachi|94/100|[from] item: Leftovers
|upkeep
|turn|54
|
|t:|1729349533
|move|p1a: Jirachi|Thunderbolt|p2a: Kalamet
|-supereffective|p2a: Kalamet
|-damage|p2a: Kalamet|0 fnt
|faint|p2a: Kalamet
|
|win|Yoink 0
|player|p2|
|player|p1|
|player|p1|Yoink 0|2|

</script>
<script type="application/json" class="data" id="replaydata-smogtours-gen3ou-799878">
{"id":"smogtours-gen3ou-799878","format":"[Gen 3] OU","players":["Yoink 0","reptikrook"],"uploadtime":1729349533,"views":71,"formatid":"gen3ou","rating":null,"private":0,"password":null}
</script>

<script defer src="js/replays.js?9d40a366"></script>
