<!DOCTYPE html>
<meta charset="utf-8" />
<meta name="viewport" content="width=device-width" />

<title>[Gen 3] OU: nicole7735 vs. Jeem16 - Replays - Pok&eacute;mon Showdown!</title>

<meta name="description" content="Watch a replay of a Pok&eacute;mon battle between nicole7735 and Jeem16! Format: [Gen 3] OU; Date: Oct 18, 2024" />
<!--

Hey, you! Looking in the source for the replay log?

You can find them in JSON format, just add `.json` at the end of a replay URL.

https://replay.pokemonshowdown.com/gen7randomdoublesbattle-865046831.json

Or, if you only need the log itself, add `.log` instead:

https://replay.pokemonshowdown.com/gen7randomdoublesbattle-865046831.log

-->

<link rel="stylesheet" href="//pokemonshowdown.com/style/global.css?0.767286132409787" />
<link rel="stylesheet" href="//play.pokemonshowdown.com/style/font-awesome.css?0.9266228007934947" />
<link rel="stylesheet" href="//play.pokemonshowdown.com/style/battle.css?0.7924700842790926" />
<link rel="stylesheet" href="//play.pokemonshowdown.com/style/utilichart.css?0.8777417872839479" />

<!-- Global site tag (gtag.js) - Google Analytics -->
<script async src="https://www.googletagmanager.com/gtag/js?id=UA-26211653-1"></script>
<script>
  window.dataLayer = window.dataLayer || [];
  function gtag(){dataLayer.push(arguments);}
  gtag('js', new Date());

  gtag('config', 'UA-26211653-1');
</script>
<!-- End Google Analytics -->
<!-- Venatus Ad Manager - Install in <HEAD> of page -->
	<script src="https://hb.vntsm.com/v3/live/ad-manager.min.js" type="text/javascript" data-site-id="642aba63ec9a7b11c3c9c1be" data-mode="scan" async></script>
<!-- / Venatus Ad Manager -->

<style>
	@media (max-width:820px) {
		.battle {
			margin: 0 auto;
		}
		.battle-log {
			margin: 7px auto 0;
			max-width: 640px;
			height: 300px;
			position: static;
		}
	}
	.optgroup {
		display: inline-block;
		line-height: 22px;
		font-size: 10pt;
	}
	.optgroup .button {
		height: 25px;
		padding-top: 0;
		padding-bottom: 0;
	}
	.optgroup button.button {
		padding-left: 12px;
		padding-right: 12px;
	}
	.linklist {
		list-style: none;
		margin: 0.5em 0;
		padding: 0;
	}
	.linklist li {
		padding: 2px 0;
	}
	.sidebar {
		float: left;
		width: 320px;
	}
	.bar-wrapper {
		max-width: 1100px;
		margin: 0 auto;
	}
	.bar-wrapper.has-sidebar {
		max-width: 1430px;
	}
	.mainbar {
		margin: 0;
		padding-right: 1px;
	}
	.mainbar.has-sidebar {
		margin-left: 330px;
	}
	@media (min-width: 1511px) {
		.sidebar {
			width: 400px;
		}
		.bar-wrapper.has-sidebar {
			max-width: 1510px;
		}
		.mainbar.has-sidebar {
			margin-left: 410px;
		}
	}
	.section.first-section {
		margin-top: 9px;
	}
	.blocklink small {
		white-space: normal;
	}
	.button {
		vertical-align: middle;
	}
	.replay-controls {
		padding-top: 10px;
	}
	.replay-controls h1 {
		font-size: 16pt;
		font-weight: normal;
		color: #CCC;
	}
	.pagelink {
		text-align: center;
	}
	.pagelink a {
		width: 150px;
	}
	.textbox, .button {
		font-size: 11pt;
		vertical-align: middle;
	}
	@media (max-width: 450px) {
		.button {
			font-size: 9pt;
		}
	}
</style>

<div>

	<header>
		<div class="nav-wrapper"><ul class="nav">
			<li><a class="button nav-first" href="//pokemonshowdown.com/"><img src="//pokemonshowdown.com/images/pokemonshowdownbeta.png" srcset="//pokemonshowdown.com/images/pokemonshowdownbeta.png 1x, //pokemonshowdown.com/images/pokemonshowdownbeta@2x.png 2x" alt="Pok&eacute;mon Showdown" width="146" height="44" /> Home</a></li>
			<li><a class="button" href="//pokemonshowdown.com/dex/">Pok&eacute;dex</a></li>
			<li><a class="button cur" href="/">Replays</a></li>
			<li><a class="button" href="//pokemonshowdown.com/ladder/">Ladder</a></li>
			<li><a class="button nav-last" href="//pokemonshowdown.com/forums/">Forum</a></li>
			<li><a class="button greenbutton nav-first nav-last" href="//play.pokemonshowdown.com/">Play</a></li>
		</ul></div>
	</header>

	<div class="main" id="main">

		<noscript><section class="section">You need to enable JavaScript to use this page; sorry!</section></noscript>

	</div>

</div>

<script defer nomodule src="//play.pokemonshowdown.com/js/lib/ps-polyfill.js"></script>
<script defer src="//play.pokemonshowdown.com/js/lib/preact.min.js"></script>

<script defer src="//play.pokemonshowdown.com/config/config.js?6dec07f6"></script>
<script defer src="//play.pokemonshowdown.com/js/lib/jquery-1.11.0.min.js"></script>
<script defer src="//play.pokemonshowdown.com/js/lib/html-sanitizer-minified.js"></script>
<script defer src="//play.pokemonshowdown.com/js/battle-sound.js"></script>
<script defer src="//play.pokemonshowdown.com/js/battledata.js?0.6315294753075389"></script>
<script defer src="//play.pokemonshowdown.com/data/pokedex-mini.js?0.7603743185311358"></script>
<script defer src="//play.pokemonshowdown.com/data/pokedex-mini-bw.js?0.030888842834281283"></script>
<script defer src="//play.pokemonshowdown.com/data/graphics.js?0.05593094747507488"></script>
<script defer src="//play.pokemonshowdown.com/data/pokedex.js?0.47064822249611904"></script>
<script defer src="//play.pokemonshowdown.com/data/moves.js?0.8583693120512459"></script>
<script defer src="//play.pokemonshowdown.com/data/abilities.js?0.16017181182386842"></script>
<script defer src="//play.pokemonshowdown.com/data/items.js?0.4163379185673943"></script>
<script defer src="//play.pokemonshowdown.com/data/teambuilder-tables.js?0.31075597372830477"></script>
<script defer src="//play.pokemonshowdown.com/js/battle-tooltips.js?0.6536193500708172"></script>
<script defer src="//play.pokemonshowdown.com/js/battle.js?0.1916591943277901"></script>

<script defer src="js/utils.js?e31f9a17"></script>
<script defer src="js/replays-battle.js?7008c182"></script>

<!-- don't scrape this data! just add .json or .log after the URL!
Full API docs: https://github.com/smogon/pokemon-showdown-client/blob/master/WEB-API.md -->
<script type="text/plain" class="log" id="replaylog-smogtours-gen3ou-799727">
|inactive|Battle timer is ON: inactive players will automatically lose when time's up.
|t:|1729287998
|gametype|singles
|player|p1|nicole7735|lady-gen4|
|player|p2|Jeem16|alder|
|teamsize|p1|6
|teamsize|p2|6
|gen|3
|tier|[Gen 3] OU
|rule|Sleep Clause Mod: Limit one foe put to sleep
|rule|Switch Priority Clause Mod: Faster Pokémon switch first
|rule|Species Clause: Limit one of each Pokémon
|rule|OHKO Clause: OHKO moves are banned
|rule|Evasion Items Clause: Evasion items are banned
|rule|Evasion Moves Clause: Evasion moves are banned
|rule|Endless Battle Clause: Forcing endless battles is banned
|rule|HP Percentage Mod: HP is shown in percentages
|rule|One Boost Passer Clause: Limit one Baton Passer that has a way to boost its stats
|rule|Freeze Clause Mod: Limit one foe frozen
|
|t:|1729287998
|start
|switch|p1a: Tyranitar|Tyranitar, F|100/100
|switch|p2a: Future Croissant|Salamence, F|100/100
|-ability|p2a: Future Croissant|Intimidate|boost
|-unboost|p1a: Tyranitar|atk|1
|-weather|Sandstorm|[from] ability: Sand Stream|[of] p1a: Tyranitar
|turn|1
|c|☆nicole7735|hf
|inactive|nicole7735 has 270 seconds left.
|inactive|Jeem16 has 270 seconds left.
|c|☆Jeem16|glhf
|
|t:|1729288043
|switch|p2a: Jiang|Gyarados, F|100/100
|-ability|p2a: Jiang|Intimidate|boost
|-unboost|p1a: Tyranitar|atk|1
|move|p1a: Tyranitar|Rock Slide|p2a: Jiang
|-supereffective|p2a: Jiang
|-damage|p2a: Jiang|45/100
|
|-weather|Sandstorm|[upkeep]
|-damage|p2a: Jiang|39/100|[from] Sandstorm
|upkeep
|turn|2
|
|t:|1729288067
|switch|p1a: Skarmory|Skarmory, F|100/100
|move|p2a: Jiang|Earthquake|p1a: Skarmory
|-immune|p1a: Skarmory
|
|-weather|Sandstorm|[upkeep]
|-damage|p2a: Jiang|33/100|[from] Sandstorm
|upkeep
|turn|3
|inactive|nicole7735 has 270 seconds left.
|
|t:|1729288090
|switch|p2a: Pull|Magneton|100/100
|switch|p1a: Moltres|Moltres|100/100
|
|-weather|Sandstorm|[upkeep]
|-damage|p1a: Moltres|94/100|[from] Sandstorm
|-heal|p1a: Moltres|100/100|[from] item: Leftovers
|upkeep
|turn|4
|inactive|Jeem16 has 270 seconds left.
|
|t:|1729288123
|switch|p2a: Pain Au Choco|Misdreavus, M|100/100
|move|p1a: Moltres|Will-O-Wisp|p2a: Pain Au Choco|[miss]
|-miss|p1a: Moltres|p2a: Pain Au Choco
|
|-weather|Sandstorm|[upkeep]
|-damage|p1a: Moltres|94/100|[from] Sandstorm
|-damage|p2a: Pain Au Choco|94/100|[from] Sandstorm
|-heal|p1a: Moltres|100/100|[from] item: Leftovers
|upkeep
|turn|5
|inactive|nicole7735 has 270 seconds left.
|
|t:|1729288143
|switch|p1a: Blissey|Blissey, F|100/100
|move|p2a: Pain Au Choco|Mean Look|p1a: Blissey
|-activate|p1a: Blissey|trapped
|
|-weather|Sandstorm|[upkeep]
|-damage|p2a: Pain Au Choco|88/100|[from] Sandstorm
|-damage|p1a: Blissey|94/100|[from] Sandstorm
|-heal|p1a: Blissey|100/100|[from] item: Leftovers
|upkeep
|turn|6
|
|t:|1729288147
|move|p2a: Pain Au Choco|Perish Song|p2a: Pain Au Choco
|-start|p1a: Blissey|perish3|[silent]
|-start|p2a: Pain Au Choco|perish3|[silent]
|-fieldactivate|move: Perish Song
|move|p1a: Blissey|Ice Beam|p2a: Pain Au Choco
|-crit|p2a: Pain Au Choco
|-damage|p2a: Pain Au Choco|30/100
|
|-weather|Sandstorm|[upkeep]
|-damage|p2a: Pain Au Choco|24/100|[from] Sandstorm
|-damage|p1a: Blissey|94/100|[from] Sandstorm
|-heal|p1a: Blissey|100/100|[from] item: Leftovers
|-start|p2a: Pain Au Choco|perish3
|-start|p1a: Blissey|perish3
|upkeep
|turn|7
|
|t:|1729288152
|move|p2a: Pain Au Choco|Pain Split|p1a: Blissey
|-sethp|p1a: Blissey|55/100|[from] move: Pain Split|[silent]
|-sethp|p2a: Pain Au Choco|100/100|[from] move: Pain Split
|move|p1a: Blissey|Ice Beam|p2a: Pain Au Choco
|-damage|p2a: Pain Au Choco|74/100
|
|-weather|Sandstorm|[upkeep]
|-damage|p2a: Pain Au Choco|68/100|[from] Sandstorm
|-damage|p1a: Blissey|49/100|[from] Sandstorm
|-heal|p1a: Blissey|55/100|[from] item: Leftovers
|-start|p2a: Pain Au Choco|perish2
|-start|p1a: Blissey|perish2
|upkeep
|turn|8
|
|t:|1729288163
|move|p2a: Pain Au Choco|Pain Split|p1a: Blissey
|-sethp|p1a: Blissey|41/100|[from] move: Pain Split|[silent]
|-sethp|p2a: Pain Au Choco|100/100|[from] move: Pain Split
|move|p1a: Blissey|Ice Beam|p2a: Pain Au Choco
|-damage|p2a: Pain Au Choco|71/100
|
|-weather|Sandstorm|[upkeep]
|-damage|p2a: Pain Au Choco|65/100|[from] Sandstorm
|-damage|p1a: Blissey|35/100|[from] Sandstorm
|-heal|p1a: Blissey|41/100|[from] item: Leftovers
|-start|p2a: Pain Au Choco|perish1
|-start|p1a: Blissey|perish1
|upkeep
|turn|9
|
|t:|1729288186
|move|p2a: Pain Au Choco|Protect|p2a: Pain Au Choco
|-singleturn|p2a: Pain Au Choco|Protect
|move|p1a: Blissey|Thunderbolt|p2a: Pain Au Choco
|-activate|p2a: Pain Au Choco|Protect
|
|-weather|Sandstorm|[upkeep]
|-damage|p2a: Pain Au Choco|59/100|[from] Sandstorm
|-damage|p1a: Blissey|35/100|[from] Sandstorm
|-heal|p1a: Blissey|41/100|[from] item: Leftovers
|-start|p2a: Pain Au Choco|perish0
|-start|p1a: Blissey|perish0
|faint|p2a: Pain Au Choco
|faint|p1a: Blissey
|upkeep
|c|☆Jeem16|misclick fuck
|
|t:|1729288211
|switch|p2a: Pull|Magneton|100/100
|switch|p1a: Jirachi|Jirachi|100/100
|turn|10
|
|t:|1729288217
|move|p1a: Jirachi|Calm Mind|p1a: Jirachi
|-boost|p1a: Jirachi|spa|1
|-boost|p1a: Jirachi|spd|1
|move|p2a: Pull|Thunder Wave|p1a: Jirachi
|-status|p1a: Jirachi|par
|
|-weather|Sandstorm|[upkeep]
|upkeep
|turn|11
|
|t:|1729288228
|move|p2a: Pull|Hidden Power|p1a: Jirachi
|-supereffective|p1a: Jirachi
|-damage|p1a: Jirachi|74/100 par
|move|p1a: Jirachi|Calm Mind|p1a: Jirachi
|-boost|p1a: Jirachi|spa|1
|-boost|p1a: Jirachi|spd|1
|
|-weather|Sandstorm|[upkeep]
|-heal|p1a: Jirachi|80/100 par|[from] item: Leftovers
|upkeep
|turn|12
|
|t:|1729288232
|move|p2a: Pull|Hidden Power|p1a: Jirachi
|-supereffective|p1a: Jirachi
|-damage|p1a: Jirachi|56/100 par
|move|p1a: Jirachi|Calm Mind|p1a: Jirachi
|-boost|p1a: Jirachi|spa|1
|-boost|p1a: Jirachi|spd|1
|
|-weather|Sandstorm|[upkeep]
|-heal|p1a: Jirachi|63/100 par|[from] item: Leftovers
|upkeep
|turn|13
|
|t:|1729288236
|move|p2a: Pull|Hidden Power|p1a: Jirachi
|-supereffective|p1a: Jirachi
|-damage|p1a: Jirachi|45/100 par
|cant|p1a: Jirachi|par
|
|-weather|Sandstorm|[upkeep]
|-heal|p1a: Jirachi|51/100 par|[from] item: Leftovers
|upkeep
|turn|14
|
|t:|1729288244
|move|p2a: Pull|Hidden Power|p1a: Jirachi
|-supereffective|p1a: Jirachi
|-damage|p1a: Jirachi|34/100 par
|move|p1a: Jirachi|Substitute|p1a: Jirachi
|-start|p1a: Jirachi|Substitute
|-damage|p1a: Jirachi|9/100 par
|
|-weather|Sandstorm|[upkeep]
|-heal|p1a: Jirachi|15/100 par|[from] item: Leftovers
|upkeep
|turn|15
|
|t:|1729288254
|move|p2a: Pull|Hidden Power|p1a: Jirachi
|-supereffective|p1a: Jirachi
|-activate|p1a: Jirachi|Substitute|[damage]
|move|p1a: Jirachi|Thunderbolt|p2a: Pull
|-resisted|p2a: Pull
|-damage|p2a: Pull|36/100
|-status|p2a: Pull|par
|
|-weather|Sandstorm|[upkeep]
|-heal|p1a: Jirachi|22/100 par|[from] item: Leftovers
|upkeep
|turn|16
|
|t:|1729288263
|cant|p1a: Jirachi|par
|move|p2a: Pull|Hidden Power|p1a: Jirachi
|-supereffective|p1a: Jirachi
|-end|p1a: Jirachi|Substitute
|
|-weather|Sandstorm|[upkeep]
|-heal|p1a: Jirachi|28/100 par|[from] item: Leftovers
|upkeep
|turn|17
|
|t:|1729288269
|move|p1a: Jirachi|Substitute|p1a: Jirachi
|-start|p1a: Jirachi|Substitute
|-damage|p1a: Jirachi|3/100 par
|move|p2a: Pull|Hidden Power|p1a: Jirachi
|-supereffective|p1a: Jirachi
|-activate|p1a: Jirachi|Substitute|[damage]
|
|-weather|Sandstorm|[upkeep]
|-heal|p1a: Jirachi|9/100 par|[from] item: Leftovers
|upkeep
|turn|18
|
|t:|1729288272
|cant|p1a: Jirachi|par
|cant|p2a: Pull|par
|
|-weather|Sandstorm|[upkeep]
|-heal|p1a: Jirachi|15/100 par|[from] item: Leftovers
|upkeep
|turn|19
|
|t:|1729288274
|move|p1a: Jirachi|Thunderbolt|p2a: Pull
|-resisted|p2a: Pull
|-damage|p2a: Pull|0 fnt
|faint|p2a: Pull
|
|t:|1729288283
|switch|p2a: Phteven|Aerodactyl, M|100/100
|
|-weather|Sandstorm|[upkeep]
|-heal|p1a: Jirachi|21/100 par|[from] item: Leftovers
|upkeep
|turn|20
|
|t:|1729288287
|move|p2a: Phteven|Earthquake|p1a: Jirachi
|-supereffective|p1a: Jirachi
|-crit|p1a: Jirachi
|-end|p1a: Jirachi|Substitute
|move|p1a: Jirachi|Thunderbolt|p2a: Phteven
|-supereffective|p2a: Phteven
|-damage|p2a: Phteven|0 fnt
|faint|p2a: Phteven
|
|t:|1729288289
|switch|p2a: 🦚|Flygon, M|100/100
|
|-weather|Sandstorm|[upkeep]
|-heal|p1a: Jirachi|27/100 par|[from] item: Leftovers
|upkeep
|turn|21
|
|t:|1729288298
|move|p2a: 🦚|Earthquake|p1a: Jirachi
|-supereffective|p1a: Jirachi
|-damage|p1a: Jirachi|0 fnt
|faint|p1a: Jirachi
|
|t:|1729288301
|switch|p1a: Skarmory|Skarmory, F|100/100
|
|-weather|Sandstorm|[upkeep]
|upkeep
|turn|22
|
|t:|1729288305
|switch|p2a: Jiang|Gyarados, F|33/100
|-ability|p2a: Jiang|Intimidate|boost
|-unboost|p1a: Skarmory|atk|1
|move|p1a: Skarmory|Toxic|p2a: Jiang|[miss]
|-miss|p1a: Skarmory|p2a: Jiang
|
|-weather|Sandstorm|[upkeep]
|-damage|p2a: Jiang|27/100|[from] Sandstorm
|upkeep
|turn|23
|
|t:|1729288312
|switch|p2a: Future Croissant|Salamence, F|100/100
|-ability|p2a: Future Croissant|Intimidate|boost
|-unboost|p1a: Skarmory|atk|1
|move|p1a: Skarmory|Drill Peck|p2a: Future Croissant
|-crit|p2a: Future Croissant
|-damage|p2a: Future Croissant|37/100
|
|-weather|Sandstorm|[upkeep]
|-damage|p2a: Future Croissant|31/100|[from] Sandstorm
|-heal|p2a: Future Croissant|37/100|[from] item: Leftovers
|upkeep
|turn|24
|
|t:|1729288329
|switch|p1a: Tyranitar|Tyranitar, F|100/100
|move|p2a: Future Croissant|Fire Blast|p1a: Tyranitar
|-resisted|p1a: Tyranitar
|-damage|p1a: Tyranitar|85/100
|
|-weather|Sandstorm|[upkeep]
|-damage|p2a: Future Croissant|31/100|[from] Sandstorm
|-heal|p2a: Future Croissant|37/100|[from] item: Leftovers
|-heal|p1a: Tyranitar|91/100|[from] item: Leftovers
|upkeep
|turn|25
|
|t:|1729288335
|move|p2a: Future Croissant|Brick Break|p1a: Tyranitar
|-supereffective|p1a: Tyranitar
|-damage|p1a: Tyranitar|20/100
|move|p1a: Tyranitar|Dragon Dance|p1a: Tyranitar
|-boost|p1a: Tyranitar|atk|1
|-boost|p1a: Tyranitar|spe|1
|
|-weather|Sandstorm|[upkeep]
|-damage|p2a: Future Croissant|31/100|[from] Sandstorm
|-heal|p2a: Future Croissant|37/100|[from] item: Leftovers
|-heal|p1a: Tyranitar|26/100|[from] item: Leftovers
|upkeep
|turn|26
|
|t:|1729288342
|move|p2a: Future Croissant|Dragon Claw|p1a: Tyranitar
|-damage|p1a: Tyranitar|0 fnt
|faint|p1a: Tyranitar
|
|t:|1729288345
|switch|p1a: Moltres|Moltres|100/100
|
|-weather|Sandstorm|[upkeep]
|-damage|p2a: Future Croissant|31/100|[from] Sandstorm
|-damage|p1a: Moltres|94/100|[from] Sandstorm
|-heal|p2a: Future Croissant|37/100|[from] item: Leftovers
|-heal|p1a: Moltres|100/100|[from] item: Leftovers
|upkeep
|turn|27
|inactive|Jeem16 has 270 seconds left.
|
|t:|1729288388
|switch|p2a: Jiang|Gyarados, F|27/100
|-ability|p2a: Jiang|Intimidate|boost
|-unboost|p1a: Moltres|atk|1
|move|p1a: Moltres|Flamethrower|p2a: Jiang
|-resisted|p2a: Jiang
|-damage|p2a: Jiang|1/100
|
|-weather|Sandstorm|[upkeep]
|-damage|p1a: Moltres|94/100|[from] Sandstorm
|-damage|p2a: Jiang|0 fnt|[from] Sandstorm
|faint|p2a: Jiang
|-heal|p1a: Moltres|100/100|[from] item: Leftovers
|upkeep
|
|t:|1729288392
|switch|p2a: 🦚|Flygon, M|100/100
|turn|28
|
|t:|1729288405
|switch|p1a: Swampert|Swampert, M|100/100
|move|p2a: 🦚|Rock Slide|p1a: Swampert
|-resisted|p1a: Swampert
|-damage|p1a: Swampert|90/100
|
|-weather|Sandstorm|[upkeep]
|-heal|p1a: Swampert|96/100|[from] item: Leftovers
|upkeep
|turn|29
|
|t:|1729288411
|switch|p2a: Future Croissant|Salamence, F|37/100
|-ability|p2a: Future Croissant|Intimidate|boost
|-unboost|p1a: Swampert|atk|1
|move|p1a: Swampert|Ice Beam|p2a: Future Croissant
|-supereffective|p2a: Future Croissant
|-damage|p2a: Future Croissant|0 fnt
|faint|p2a: Future Croissant
|
|t:|1729288413
|switch|p2a: 🦚|Flygon, M|100/100
|
|-weather|Sandstorm|[upkeep]
|-heal|p1a: Swampert|100/100|[from] item: Leftovers
|upkeep
|turn|30
|
|t:|1729288415
|move|p2a: 🦚|Earthquake|p1a: Swampert
|-damage|p1a: Swampert|55/100
|move|p1a: Swampert|Ice Beam|p2a: 🦚
|-supereffective|p2a: 🦚
|-damage|p2a: 🦚|0 fnt
|faint|p2a: 🦚
|
|win|nicole7735
|c|☆nicole7735|ggs
|c|☆Jeem16|ggwp

</script>
<script type="application/json" class="data" id="replaydata-smogtours-gen3ou-799727">
{"id":"smogtours-gen3ou-799727","format":"[Gen 3] OU","players":["nicole7735","Jeem16"],"uploadtime":1729288415,"views":102,"formatid":"gen3ou","rating":null,"private":0,"password":null}
</script>

<script defer src="js/replays.js?9d40a366"></script>
