<!DOCTYPE html>
<meta charset="utf-8" />
<meta name="viewport" content="width=device-width" />

<title>[Gen 3] OU: cloud bolt vs. Faantome - Replays - Pok&eacute;mon Showdown!</title>

<meta name="description" content="Watch a replay of a Pok&eacute;mon battle between cloud bolt and Faantome! Format: [Gen 3] OU; Date: Oct 28, 2024" />
<!--

Hey, you! Looking in the source for the replay log?

You can find them in JSON format, just add `.json` at the end of a replay URL.

https://replay.pokemonshowdown.com/gen7randomdoublesbattle-865046831.json

Or, if you only need the log itself, add `.log` instead:

https://replay.pokemonshowdown.com/gen7randomdoublesbattle-865046831.log

-->

<link rel="stylesheet" href="//pokemonshowdown.com/style/global.css?0.767286132409787" />
<link rel="stylesheet" href="//play.pokemonshowdown.com/style/font-awesome.css?0.9266228007934947" />
<link rel="stylesheet" href="//play.pokemonshowdown.com/style/battle.css?0.7924700842790926" />
<link rel="stylesheet" href="//play.pokemonshowdown.com/style/utilichart.css?0.8777417872839479" />

<!-- Global site tag (gtag.js) - Google Analytics -->
<script async src="https://www.googletagmanager.com/gtag/js?id=UA-26211653-1"></script>
<script>
  window.dataLayer = window.dataLayer || [];
  function gtag(){dataLayer.push(arguments);}
  gtag('js', new Date());

  gtag('config', 'UA-26211653-1');
</script>
<!-- End Google Analytics -->
<!-- Venatus Ad Manager - Install in <HEAD> of page -->
	<script src="https://hb.vntsm.com/v3/live/ad-manager.min.js" type="text/javascript" data-site-id="642aba63ec9a7b11c3c9c1be" data-mode="scan" async></script>
<!-- / Venatus Ad Manager -->

<style>
	@media (max-width:820px) {
		.battle {
			margin: 0 auto;
		}
		.battle-log {
			margin: 7px auto 0;
			max-width: 640px;
			height: 300px;
			position: static;
		}
	}
	.optgroup {
		display: inline-block;
		line-height: 22px;
		font-size: 10pt;
	}
	.optgroup .button {
		height: 25px;
		padding-top: 0;
		padding-bottom: 0;
	}
	.optgroup button.button {
		padding-left: 12px;
		padding-right: 12px;
	}
	.linklist {
		list-style: none;
		margin: 0.5em 0;
		padding: 0;
	}
	.linklist li {
		padding: 2px 0;
	}
	.sidebar {
		float: left;
		width: 320px;
	}
	.bar-wrapper {
		max-width: 1100px;
		margin: 0 auto;
	}
	.bar-wrapper.has-sidebar {
		max-width: 1430px;
	}
	.mainbar {
		margin: 0;
		padding-right: 1px;
	}
	.mainbar.has-sidebar {
		margin-left: 330px;
	}
	@media (min-width: 1511px) {
		.sidebar {
			width: 400px;
		}
		.bar-wrapper.has-sidebar {
			max-width: 1510px;
		}
		.mainbar.has-sidebar {
			margin-left: 410px;
		}
	}
	.section.first-section {
		margin-top: 9px;
	}
	.blocklink small {
		white-space: normal;
	}
	.button {
		vertical-align: middle;
	}
	.replay-controls {
		padding-top: 10px;
	}
	.replay-controls h1 {
		font-size: 16pt;
		font-weight: normal;
		color: #CCC;
	}
	.pagelink {
		text-align: center;
	}
	.pagelink a {
		width: 150px;
	}
	.textbox, .button {
		font-size: 11pt;
		vertical-align: middle;
	}
	@media (max-width: 450px) {
		.button {
			font-size: 9pt;
		}
	}
</style>

<div>

	<header>
		<div class="nav-wrapper"><ul class="nav">
			<li><a class="button nav-first" href="//pokemonshowdown.com/"><img src="//pokemonshowdown.com/images/pokemonshowdownbeta.png" srcset="//pokemonshowdown.com/images/pokemonshowdownbeta.png 1x, //pokemonshowdown.com/images/pokemonshowdownbeta@2x.png 2x" alt="Pok&eacute;mon Showdown" width="146" height="44" /> Home</a></li>
			<li><a class="button" href="//pokemonshowdown.com/dex/">Pok&eacute;dex</a></li>
			<li><a class="button cur" href="/">Replays</a></li>
			<li><a class="button" href="//pokemonshowdown.com/ladder/">Ladder</a></li>
			<li><a class="button nav-last" href="//pokemonshowdown.com/forums/">Forum</a></li>
			<li><a class="button greenbutton nav-first nav-last" href="//play.pokemonshowdown.com/">Play</a></li>
		</ul></div>
	</header>

	<div class="main" id="main">

		<noscript><section class="section">You need to enable JavaScript to use this page; sorry!</section></noscript>

	</div>

</div>

<script defer nomodule src="//play.pokemonshowdown.com/js/lib/ps-polyfill.js"></script>
<script defer src="//play.pokemonshowdown.com/js/lib/preact.min.js"></script>

<script defer src="//play.pokemonshowdown.com/config/config.js?6dec07f6"></script>
<script defer src="//play.pokemonshowdown.com/js/lib/jquery-1.11.0.min.js"></script>
<script defer src="//play.pokemonshowdown.com/js/lib/html-sanitizer-minified.js"></script>
<script defer src="//play.pokemonshowdown.com/js/battle-sound.js"></script>
<script defer src="//play.pokemonshowdown.com/js/battledata.js?0.6315294753075389"></script>
<script defer src="//play.pokemonshowdown.com/data/pokedex-mini.js?0.7603743185311358"></script>
<script defer src="//play.pokemonshowdown.com/data/pokedex-mini-bw.js?0.030888842834281283"></script>
<script defer src="//play.pokemonshowdown.com/data/graphics.js?0.05593094747507488"></script>
<script defer src="//play.pokemonshowdown.com/data/pokedex.js?0.47064822249611904"></script>
<script defer src="//play.pokemonshowdown.com/data/moves.js?0.8583693120512459"></script>
<script defer src="//play.pokemonshowdown.com/data/abilities.js?0.16017181182386842"></script>
<script defer src="//play.pokemonshowdown.com/data/items.js?0.4163379185673943"></script>
<script defer src="//play.pokemonshowdown.com/data/teambuilder-tables.js?0.31075597372830477"></script>
<script defer src="//play.pokemonshowdown.com/js/battle-tooltips.js?0.6536193500708172"></script>
<script defer src="//play.pokemonshowdown.com/js/battle.js?0.1916591943277901"></script>

<script defer src="js/utils.js?e31f9a17"></script>
<script defer src="js/replays-battle.js?7008c182"></script>

<!-- don't scrape this data! just add .json or .log after the URL!
Full API docs: https://github.com/smogon/pokemon-showdown-client/blob/master/WEB-API.md -->
<script type="text/plain" class="log" id="replaylog-smogtours-gen3ou-803134">
|inactive|Battle timer is ON: inactive players will automatically lose when time's up.
|t:|1730146953
|gametype|singles
|player|p1|cloud bolt|flannery|
|player|p2|Faantome|cynthia-gen7|
|teamsize|p1|6
|teamsize|p2|6
|gen|3
|tier|[Gen 3] OU
|rule|Sleep Clause Mod: Limit one foe put to sleep
|rule|Switch Priority Clause Mod: Faster Pokémon switch first
|rule|Species Clause: Limit one of each Pokémon
|rule|OHKO Clause: OHKO moves are banned
|rule|Evasion Items Clause: Evasion items are banned
|rule|Evasion Moves Clause: Evasion moves are banned
|rule|Endless Battle Clause: Forcing endless battles is banned
|rule|HP Percentage Mod: HP is shown in percentages
|rule|One Boost Passer Clause: Limit one Baton Passer that has a way to boost its stats
|rule|Freeze Clause Mod: Limit one foe frozen
|
|t:|1730146953
|start
|switch|p1a: Tyranitar|Tyranitar, M|100/100
|switch|p2a: Blissey|Blissey, F|100/100
|-weather|Sandstorm|[from] ability: Sand Stream|[of] p1a: Tyranitar
|turn|1
|inactive|Faantome has 270 seconds left.
|
|t:|1730146996
|switch|p2a: Hariyama|Hariyama, M|100/100
|move|p1a: Tyranitar|Ancient Power|p2a: Hariyama
|-resisted|p2a: Hariyama
|-damage|p2a: Hariyama|86/100
|
|-weather|Sandstorm|[upkeep]
|-damage|p2a: Hariyama|80/100|[from] Sandstorm
|-heal|p2a: Hariyama|86/100|[from] item: Leftovers
|upkeep
|turn|2
|
|t:|1730147007
|switch|p1a: Jirachi|Jirachi|100/100
|move|p2a: Hariyama|Brick Break|p1a: Jirachi
|-damage|p1a: Jirachi|72/100
|
|-weather|Sandstorm|[upkeep]
|-damage|p2a: Hariyama|80/100|[from] Sandstorm
|-heal|p1a: Jirachi|78/100|[from] item: Leftovers
|-heal|p2a: Hariyama|86/100|[from] item: Leftovers
|upkeep
|turn|3
|inactive|Faantome has 270 seconds left.
|
|t:|1730147038
|switch|p2a: Claydol|Claydol|100/100
|move|p1a: Jirachi|Psychic|p2a: Claydol
|-resisted|p2a: Claydol
|-damage|p2a: Claydol|84/100
|
|-weather|Sandstorm|[upkeep]
|-heal|p1a: Jirachi|84/100|[from] item: Leftovers
|-heal|p2a: Claydol|90/100|[from] item: Leftovers
|upkeep
|turn|4
|inactive|cloud bolt has 270 seconds left.
|
|t:|1730147078
|switch|p1a: Zapdos|Zapdos|100/100
|move|p2a: Claydol|Earthquake|p1a: Zapdos
|-immune|p1a: Zapdos
|
|-weather|Sandstorm|[upkeep]
|-damage|p1a: Zapdos|94/100|[from] Sandstorm
|-heal|p1a: Zapdos|100/100|[from] item: Leftovers
|-heal|p2a: Claydol|96/100|[from] item: Leftovers
|upkeep
|turn|5
|
|t:|1730147090
|switch|p1a: Metagross|Metagross|100/100
|switch|p2a: Blissey|Blissey, F|100/100
|
|-weather|Sandstorm|[upkeep]
|-damage|p2a: Blissey|94/100|[from] Sandstorm
|-heal|p2a: Blissey|100/100|[from] item: Leftovers
|upkeep
|turn|6
|
|t:|1730147098
|switch|p2a: Claydol|Claydol|96/100
|move|p1a: Metagross|Meteor Mash|p2a: Claydol|[miss]
|-miss|p1a: Metagross|p2a: Claydol
|
|-weather|Sandstorm|[upkeep]
|-heal|p2a: Claydol|100/100|[from] item: Leftovers
|upkeep
|turn|7
|inactive|cloud bolt has 270 seconds left.
|inactive|Faantome has 270 seconds left.
|
|t:|1730147147
|switch|p2a: Suicune|Suicune|100/100
|move|p1a: Metagross|Meteor Mash|p2a: Suicune
|-resisted|p2a: Suicune
|-damage|p2a: Suicune|70/100
|-boost|p1a: Metagross|atk|1
|
|-weather|Sandstorm|[upkeep]
|-damage|p2a: Suicune|63/100|[from] Sandstorm
|-heal|p2a: Suicune|70/100|[from] item: Leftovers
|upkeep
|turn|8
|inactive|Faantome has 240 seconds left.
|
|t:|1730147175
|move|p1a: Metagross|Meteor Mash|p2a: Suicune|[miss]
|-miss|p1a: Metagross|p2a: Suicune
|move|p2a: Suicune|Surf|p1a: Metagross
|-crit|p1a: Metagross
|-damage|p1a: Metagross|0 fnt
|faint|p1a: Metagross
|c|☆cloud bolt|ok
|c|☆cloud bolt|i lose ig 
|
|t:|1730147184
|switch|p1a: Zapdos|Zapdos|100/100
|
|-weather|Sandstorm|[upkeep]
|-damage|p1a: Zapdos|94/100|[from] Sandstorm
|-damage|p2a: Suicune|63/100|[from] Sandstorm
|-heal|p1a: Zapdos|100/100|[from] item: Leftovers
|-heal|p2a: Suicune|70/100|[from] item: Leftovers
|upkeep
|turn|9
|c|☆Faantome|sorry
|inactive|Faantome has 240 seconds left.
|
|t:|1730147200
|switch|p2a: Claydol|Claydol|100/100
|move|p1a: Zapdos|Baton Pass|p1a: Zapdos
|
|t:|1730147204
|switch|p1a: Swampert|Swampert, M|100/100|[from] Baton Pass
|
|-weather|Sandstorm|[upkeep]
|upkeep
|turn|10
|inactive|Faantome has 240 seconds left.
|
|t:|1730147227
|switch|p2a: Hariyama|Hariyama, M|86/100
|move|p1a: Swampert|Surf|p2a: Hariyama
|-damage|p2a: Hariyama|49/100
|
|-weather|Sandstorm|[upkeep]
|-damage|p2a: Hariyama|43/100|[from] Sandstorm
|-heal|p2a: Hariyama|49/100|[from] item: Leftovers
|upkeep
|turn|11
|inactive|Faantome has 240 seconds left.
|inactive|Faantome has 210 seconds left.
|
|t:|1730147263
|switch|p1a: Jirachi|Jirachi|84/100
|move|p2a: Hariyama|Knock Off|p1a: Jirachi
|-damage|p1a: Jirachi|82/100
|-enditem|p1a: Jirachi|Leftovers|[from] move: Knock Off|[of] p2a: Hariyama
|-hint|In Gens 3-4, Knock Off only makes the target's item unusable; it cannot obtain a new item.
|
|-weather|Sandstorm|[upkeep]
|-damage|p2a: Hariyama|43/100|[from] Sandstorm
|-heal|p2a: Hariyama|49/100|[from] item: Leftovers
|upkeep
|turn|12
|inactive|Faantome has 210 seconds left.
|
|t:|1730147273
|switch|p2a: Claydol|Claydol|100/100
|move|p1a: Jirachi|Calm Mind|p1a: Jirachi
|-boost|p1a: Jirachi|spa|1
|-boost|p1a: Jirachi|spd|1
|
|-weather|Sandstorm|[upkeep]
|upkeep
|turn|13
|
|t:|1730147276
|move|p1a: Jirachi|Hidden Power|p2a: Claydol
|-supereffective|p2a: Claydol
|-damage|p2a: Claydol|43/100
|move|p2a: Claydol|Earthquake|p1a: Jirachi
|-supereffective|p1a: Jirachi
|-damage|p1a: Jirachi|23/100
|
|-weather|Sandstorm|[upkeep]
|-heal|p2a: Claydol|49/100|[from] item: Leftovers
|upkeep
|turn|14
|
|t:|1730147286
|switch|p1a: Tyranitar|Tyranitar, M|100/100
|move|p2a: Claydol|Earthquake|p1a: Tyranitar
|-supereffective|p1a: Tyranitar
|-damage|p1a: Tyranitar|31/100
|
|-weather|Sandstorm|[upkeep]
|-heal|p2a: Claydol|55/100|[from] item: Leftovers
|upkeep
|turn|15
|
|t:|1730147294
|switch|p2a: Hariyama|Hariyama, M|49/100
|move|p1a: Tyranitar|Hidden Power|p2a: Hariyama
|-crit|p2a: Hariyama
|-damage|p2a: Hariyama|10/100
|
|-weather|Sandstorm|[upkeep]
|-damage|p2a: Hariyama|4/100|[from] Sandstorm
|-heal|p2a: Hariyama|10/100|[from] item: Leftovers
|upkeep
|turn|16
|
|t:|1730147298
|move|p1a: Tyranitar|Brick Break|p2a: Hariyama
|-damage|p2a: Hariyama|0 fnt
|faint|p2a: Hariyama
|
|t:|1730147301
|switch|p2a: Salamence|Salamence, F|100/100
|-ability|p2a: Salamence|Intimidate|boost
|-unboost|p1a: Tyranitar|atk|1
|
|-weather|Sandstorm|[upkeep]
|-damage|p2a: Salamence|94/100|[from] Sandstorm
|-heal|p2a: Salamence|100/100|[from] item: Leftovers
|upkeep
|turn|17
|
|t:|1730147307
|switch|p1a: Swampert|Swampert, M|100/100
|move|p2a: Salamence|Earthquake|p1a: Swampert
|-damage|p1a: Swampert|65/100
|
|-weather|Sandstorm|[upkeep]
|-damage|p2a: Salamence|94/100|[from] Sandstorm
|-heal|p2a: Salamence|100/100|[from] item: Leftovers
|-heal|p1a: Swampert|71/100|[from] item: Leftovers
|upkeep
|turn|18
|
|t:|1730147314
|-singleturn|p1a: Swampert|move: Focus Punch
|switch|p2a: Jirachi|Jirachi|100/100
|move|p1a: Swampert|Focus Punch|p2a: Jirachi
|-damage|p2a: Jirachi|77/100
|
|-weather|Sandstorm|[upkeep]
|-heal|p2a: Jirachi|83/100|[from] item: Leftovers
|-heal|p1a: Swampert|77/100|[from] item: Leftovers
|upkeep
|turn|19
|
|t:|1730147320
|switch|p1a: Tyranitar|Tyranitar, M|31/100
|move|p2a: Jirachi|Toxic|p1a: Tyranitar
|-status|p1a: Tyranitar|tox
|-enditem|p1a: Tyranitar|Lum Berry|[eat]
|-curestatus|p1a: Tyranitar|tox|[msg]
|
|-weather|Sandstorm|[upkeep]
|-heal|p2a: Jirachi|89/100|[from] item: Leftovers
|upkeep
|turn|20
|
|t:|1730147327
|switch|p2a: Salamence|Salamence, F|100/100
|-ability|p2a: Salamence|Intimidate|boost
|-unboost|p1a: Tyranitar|atk|1
|move|p1a: Tyranitar|Fire Blast|p2a: Salamence
|-resisted|p2a: Salamence
|-damage|p2a: Salamence|82/100
|
|-weather|Sandstorm|[upkeep]
|-damage|p2a: Salamence|76/100|[from] Sandstorm
|-heal|p2a: Salamence|82/100|[from] item: Leftovers
|upkeep
|turn|21
|
|t:|1730147331
|move|p2a: Salamence|Earthquake|p1a: Tyranitar
|-supereffective|p1a: Tyranitar
|-damage|p1a: Tyranitar|0 fnt
|faint|p1a: Tyranitar
|
|t:|1730147334
|switch|p1a: Swampert|Swampert, M|77/100
|
|-weather|Sandstorm|[upkeep]
|-damage|p2a: Salamence|76/100|[from] Sandstorm
|-heal|p2a: Salamence|82/100|[from] item: Leftovers
|-heal|p1a: Swampert|84/100|[from] item: Leftovers
|upkeep
|turn|22
|
|t:|1730147342
|switch|p2a: Jirachi|Jirachi|89/100
|move|p1a: Swampert|Ice Beam|p2a: Jirachi
|-resisted|p2a: Jirachi
|-damage|p2a: Jirachi|79/100
|
|-weather|Sandstorm|[upkeep]
|-heal|p2a: Jirachi|85/100|[from] item: Leftovers
|-heal|p1a: Swampert|90/100|[from] item: Leftovers
|upkeep
|turn|23
|
|t:|1730147345
|switch|p1a: Jirachi|Jirachi|23/100
|move|p2a: Jirachi|Toxic|p1a: Jirachi
|-immune|p1a: Jirachi
|
|-weather|Sandstorm|[upkeep]
|-heal|p2a: Jirachi|91/100|[from] item: Leftovers
|upkeep
|turn|24
|
|t:|1730147347
|move|p1a: Jirachi|Fire Punch|p2a: Jirachi
|-supereffective|p2a: Jirachi
|-damage|p2a: Jirachi|56/100
|move|p2a: Jirachi|Fire Punch|p1a: Jirachi
|-supereffective|p1a: Jirachi
|-damage|p1a: Jirachi|0 fnt
|faint|p1a: Jirachi
|
|t:|1730147356
|switch|p1a: Swampert|Swampert, M|90/100
|
|-weather|Sandstorm|[upkeep]
|-heal|p2a: Jirachi|62/100|[from] item: Leftovers
|-heal|p1a: Swampert|96/100|[from] item: Leftovers
|upkeep
|turn|25
|
|t:|1730147362
|move|p2a: Jirachi|Protect|p2a: Jirachi
|-singleturn|p2a: Jirachi|Protect
|move|p1a: Swampert|Earthquake|p2a: Jirachi
|-activate|p2a: Jirachi|Protect
|
|-weather|Sandstorm|[upkeep]
|-heal|p2a: Jirachi|68/100|[from] item: Leftovers
|-heal|p1a: Swampert|100/100|[from] item: Leftovers
|upkeep
|turn|26
|
|t:|1730147365
|move|p2a: Jirachi|Toxic|p1a: Swampert
|-status|p1a: Swampert|tox
|move|p1a: Swampert|Earthquake|p2a: Jirachi
|-supereffective|p2a: Jirachi
|-damage|p2a: Jirachi|19/100
|
|-weather|Sandstorm|[upkeep]
|-heal|p2a: Jirachi|25/100|[from] item: Leftovers
|-damage|p1a: Swampert|94/100 tox|[from] psn
|upkeep
|turn|27
|
|t:|1730147368
|switch|p1a: Salamence|Salamence, F|100/100
|-ability|p1a: Salamence|Intimidate|boost
|-unboost|p2a: Jirachi|atk|1
|move|p2a: Jirachi|Protect||[still]
|-fail|p2a: Jirachi
|
|-weather|Sandstorm|[upkeep]
|-damage|p1a: Salamence|94/100|[from] Sandstorm
|-heal|p1a: Salamence|100/100|[from] item: Leftovers
|-heal|p2a: Jirachi|31/100|[from] item: Leftovers
|upkeep
|turn|28
|
|t:|1730147373
|move|p2a: Jirachi|Protect|p2a: Jirachi
|-singleturn|p2a: Jirachi|Protect
|move|p1a: Salamence|Dragon Dance|p1a: Salamence
|-boost|p1a: Salamence|atk|1
|-boost|p1a: Salamence|spe|1
|
|-weather|Sandstorm|[upkeep]
|-damage|p1a: Salamence|94/100|[from] Sandstorm
|-heal|p1a: Salamence|100/100|[from] item: Leftovers
|-heal|p2a: Jirachi|37/100|[from] item: Leftovers
|upkeep
|turn|29
|inactive|Faantome has 270 seconds left.
|inactive|Faantome has 240 seconds left.
|
|t:|1730147435
|switch|p2a: Claydol|Claydol|55/100
|move|p1a: Salamence|Earthquake|p2a: Claydol
|-immune|p2a: Claydol
|
|-weather|Sandstorm|[upkeep]
|-damage|p1a: Salamence|94/100|[from] Sandstorm
|-heal|p1a: Salamence|100/100|[from] item: Leftovers
|-heal|p2a: Claydol|62/100|[from] item: Leftovers
|upkeep
|turn|30
|
|t:|1730147447
|move|p1a: Salamence|Hidden Power|p2a: Claydol
|-damage|p2a: Claydol|2/100
|move|p2a: Claydol|Explosion|p1a: Salamence
|-damage|p1a: Salamence|0 fnt
|faint|p2a: Claydol
|faint|p1a: Salamence
|c|☆cloud bolt|horribly play ed 
|c|☆cloud bolt|gg
|-message|cloud bolt forfeited.
|
|win|Faantome
|player|p1|
|c|☆Faantome|gg

</script>
<script type="application/json" class="data" id="replaydata-smogtours-gen3ou-803134">
{"id":"smogtours-gen3ou-803134","format":"[Gen 3] OU","players":["cloud bolt","Faantome"],"uploadtime":1730147456,"views":85,"formatid":"gen3ou","rating":null,"private":0,"password":null}
</script>

<script defer src="js/replays.js?9d40a366"></script>
