<!DOCTYPE html>
<meta charset="utf-8" />
<meta name="viewport" content="width=device-width" />

<title>[Gen 3] OU: hitmonYEE vs. naisuneicha - Replays - Pok&eacute;mon Showdown!</title>

<meta name="description" content="Watch a replay of a Pok&eacute;mon battle between hitmonYEE and naisuneicha! Format: [Gen 3] OU; Date: Nov 9, 2024" />
<!--

Hey, you! Looking in the source for the replay log?

You can find them in JSON format, just add `.json` at the end of a replay URL.

https://replay.pokemonshowdown.com/gen7randomdoublesbattle-865046831.json

Or, if you only need the log itself, add `.log` instead:

https://replay.pokemonshowdown.com/gen7randomdoublesbattle-865046831.log

-->

<link rel="stylesheet" href="//pokemonshowdown.com/style/global.css?0.023195364461161105" />
<link rel="stylesheet" href="//play.pokemonshowdown.com/style/font-awesome.css?0.13261647063804238" />
<link rel="stylesheet" href="//play.pokemonshowdown.com/style/battle.css?0.8753245789963631" />
<link rel="stylesheet" href="//play.pokemonshowdown.com/style/utilichart.css?0.8627959624976733" />

<!-- Global site tag (gtag.js) - Google Analytics -->
<script async src="https://www.googletagmanager.com/gtag/js?id=UA-26211653-1"></script>
<script>
  window.dataLayer = window.dataLayer || [];
  function gtag(){dataLayer.push(arguments);}
  gtag('js', new Date());

  gtag('config', 'UA-26211653-1');
</script>
<!-- End Google Analytics -->
<!-- Venatus Ad Manager - Install in <HEAD> of page -->
	<script src="https://hb.vntsm.com/v3/live/ad-manager.min.js" type="text/javascript" data-site-id="642aba63ec9a7b11c3c9c1be" data-mode="scan" async></script>
<!-- / Venatus Ad Manager -->

<style>
	@media (max-width:820px) {
		.battle {
			margin: 0 auto;
		}
		.battle-log {
			margin: 7px auto 0;
			max-width: 640px;
			height: 300px;
			position: static;
		}
	}
	.optgroup {
		display: inline-block;
		line-height: 22px;
		font-size: 10pt;
	}
	.optgroup .button {
		height: 25px;
		padding-top: 0;
		padding-bottom: 0;
	}
	.optgroup button.button {
		padding-left: 12px;
		padding-right: 12px;
	}
	.linklist {
		list-style: none;
		margin: 0.5em 0;
		padding: 0;
	}
	.linklist li {
		padding: 2px 0;
	}
	.sidebar {
		float: left;
		width: 320px;
	}
	.bar-wrapper {
		max-width: 1100px;
		margin: 0 auto;
	}
	.bar-wrapper.has-sidebar {
		max-width: 1430px;
	}
	.mainbar {
		margin: 0;
		padding-right: 1px;
	}
	.mainbar.has-sidebar {
		margin-left: 330px;
	}
	@media (min-width: 1511px) {
		.sidebar {
			width: 400px;
		}
		.bar-wrapper.has-sidebar {
			max-width: 1510px;
		}
		.mainbar.has-sidebar {
			margin-left: 410px;
		}
	}
	.section.first-section {
		margin-top: 9px;
	}
	.blocklink small {
		white-space: normal;
	}
	.button {
		vertical-align: middle;
	}
	.replay-controls {
		padding-top: 10px;
	}
	.replay-controls h1 {
		font-size: 16pt;
		font-weight: normal;
		color: #CCC;
	}
	.pagelink {
		text-align: center;
	}
	.pagelink a {
		width: 150px;
	}
	.textbox, .button {
		font-size: 11pt;
		vertical-align: middle;
	}
	@media (max-width: 450px) {
		.button {
			font-size: 9pt;
		}
	}
</style>

<div>

	<header>
		<div class="nav-wrapper"><ul class="nav">
			<li><a class="button nav-first" href="//pokemonshowdown.com/"><img src="//pokemonshowdown.com/images/pokemonshowdownbeta.png" srcset="//pokemonshowdown.com/images/pokemonshowdownbeta.png 1x, //pokemonshowdown.com/images/pokemonshowdownbeta@2x.png 2x" alt="Pok&eacute;mon Showdown" width="146" height="44" /> Home</a></li>
			<li><a class="button" href="//pokemonshowdown.com/dex/">Pok&eacute;dex</a></li>
			<li><a class="button cur" href="/">Replays</a></li>
			<li><a class="button" href="//pokemonshowdown.com/ladder/">Ladder</a></li>
			<li><a class="button nav-last" href="//pokemonshowdown.com/forums/">Forum</a></li>
			<li><a class="button greenbutton nav-first nav-last" href="//play.pokemonshowdown.com/">Play</a></li>
		</ul></div>
	</header>

	<div class="main" id="main">

		<noscript><section class="section">You need to enable JavaScript to use this page; sorry!</section></noscript>

	</div>

</div>

<script defer nomodule src="//play.pokemonshowdown.com/js/lib/ps-polyfill.js"></script>
<script defer src="//play.pokemonshowdown.com/js/lib/preact.min.js"></script>

<script defer src="//play.pokemonshowdown.com/config/config.js?2bddbc15"></script>
<script defer src="//play.pokemonshowdown.com/js/lib/jquery-1.11.0.min.js"></script>
<script defer src="//play.pokemonshowdown.com/js/lib/html-sanitizer-minified.js"></script>
<script defer src="//play.pokemonshowdown.com/js/battle-sound.js"></script>
<script defer src="//play.pokemonshowdown.com/js/battledata.js?0.7209276989879541"></script>
<script defer src="//play.pokemonshowdown.com/data/pokedex-mini.js?0.6111056340867951"></script>
<script defer src="//play.pokemonshowdown.com/data/pokedex-mini-bw.js?0.3532142036491459"></script>
<script defer src="//play.pokemonshowdown.com/data/graphics.js?0.24223875632456182"></script>
<script defer src="//play.pokemonshowdown.com/data/pokedex.js?0.38839984266356864"></script>
<script defer src="//play.pokemonshowdown.com/data/moves.js?0.21866028504024015"></script>
<script defer src="//play.pokemonshowdown.com/data/abilities.js?0.2005157953846628"></script>
<script defer src="//play.pokemonshowdown.com/data/items.js?0.9894211263848525"></script>
<script defer src="//play.pokemonshowdown.com/data/teambuilder-tables.js?0.6008791140282215"></script>
<script defer src="//play.pokemonshowdown.com/js/battle-tooltips.js?0.7580118955022959"></script>
<script defer src="//play.pokemonshowdown.com/js/battle.js?0.6057722274234274"></script>

<script defer src="js/utils.js?e31f9a17"></script>
<script defer src="js/replays-battle.js?7008c182"></script>

<!-- don't scrape this data! just add .json or .log after the URL!
Full API docs: https://github.com/smogon/pokemon-showdown-client/blob/master/WEB-API.md -->
<script type="text/plain" class="log" id="replaylog-smogtours-gen3ou-805553">
|inactive|Battle timer is ON: inactive players will automatically lose when time's up.
|t:|1731183545
|gametype|singles
|player|p1|hitmonYEE|266|
|player|p2|naisuneicha|karen|
|teamsize|p1|6
|teamsize|p2|6
|gen|3
|tier|[Gen 3] OU
|rule|Sleep Clause Mod: Limit one foe put to sleep
|rule|Switch Priority Clause Mod: Faster Pokémon switch first
|rule|Species Clause: Limit one of each Pokémon
|rule|OHKO Clause: OHKO moves are banned
|rule|Evasion Items Clause: Evasion items are banned
|rule|Evasion Moves Clause: Evasion moves are banned
|rule|Endless Battle Clause: Forcing endless battles is banned
|rule|HP Percentage Mod: HP is shown in percentages
|rule|One Boost Passer Clause: Limit one Baton Passer that has a way to boost its stats
|rule|Freeze Clause Mod: Limit one foe frozen
|
|t:|1731183545
|start
|switch|p1a: Salamence|Salamence, M|100/100
|switch|p2a: Smeargle|Smeargle, F|100/100
|-ability|p1a: Salamence|Intimidate|boost
|-unboost|p2a: Smeargle|atk|1
|turn|1
|c|☆hitmonYEE|gl
|inactive|naisuneicha has 270 seconds left.
|c|☆naisuneicha|u2
|
|t:|1731183578
|switch|p1a: Blissey|Blissey, F|100/100
|switch|p2a: Gengar|Gengar, F|100/100
|
|upkeep
|turn|2
|inactive|naisuneicha has 270 seconds left.
|
|t:|1731183610
|switch|p2a: Smeargle|Smeargle, F|100/100
|switch|p1a: Metagross|Metagross|100/100
|
|upkeep
|turn|3
|inactive|naisuneicha has 270 seconds left.
|
|t:|1731183620
|move|p2a: Smeargle|Spore|p1a: Metagross
|-status|p1a: Metagross|slp|[from] move: Spore
|cant|p1a: Metagross|slp
|
|upkeep
|turn|4
|
|t:|1731183624
|switch|p1a: Salamence|Salamence, M|100/100
|-ability|p1a: Salamence|Intimidate|boost
|-unboost|p2a: Smeargle|atk|1
|move|p2a: Smeargle|Spikes|p1a: Salamence
|-sidestart|p1: hitmonYEE|Spikes
|
|upkeep
|turn|5
|
|t:|1731183636
|move|p2a: Smeargle|Endure|p2a: Smeargle
|-singleturn|p2a: Smeargle|move: Endure
|move|p1a: Salamence|Dragon Claw|p2a: Smeargle
|-damage|p2a: Smeargle|38/100
|
|upkeep
|turn|6
|inactive|naisuneicha has 270 seconds left.
|
|t:|1731183681
|switch|p2a: Gengar|Gengar, F|100/100
|move|p1a: Salamence|Dragon Claw|p2a: Gengar
|-damage|p2a: Gengar|52/100
|
|-heal|p2a: Gengar|58/100|[from] item: Leftovers
|upkeep
|turn|7
|
|t:|1731183691
|switch|p1a: Metagross|Metagross|100/100 slp
|-damage|p1a: Metagross|88/100 slp|[from] Spikes
|move|p2a: Gengar|Will-O-Wisp|p1a: Metagross|[miss]
|-miss|p2a: Gengar|p1a: Metagross
|
|-heal|p2a: Gengar|64/100|[from] item: Leftovers
|upkeep
|turn|8
|
|t:|1731183704
|switch|p2a: Swampert|Swampert, M|100/100
|cant|p1a: Metagross|slp
|
|upkeep
|turn|9
|
|t:|1731183713
|switch|p1a: Skarmory|Skarmory, F|100/100
|move|p2a: Swampert|Substitute|p2a: Swampert
|-start|p2a: Swampert|Substitute
|-damage|p2a: Swampert|76/100
|
|upkeep
|turn|10
|inactive|naisuneicha has 270 seconds left.
|
|t:|1731183719
|move|p2a: Swampert|Roar|p1a: Skarmory
|drag|p1a: Suicune|Suicune|100/100
|-damage|p1a: Suicune|88/100|[from] Spikes
|
|-heal|p1a: Suicune|94/100|[from] item: Leftovers
|upkeep
|turn|11
|inactive|naisuneicha has 270 seconds left.
|
|t:|1731183735
|move|p2a: Swampert|Roar|p1a: Suicune
|drag|p1a: Metagross|Metagross|88/100 slp
|-damage|p1a: Metagross|76/100 slp|[from] Spikes
|
|upkeep
|turn|12
|inactive|naisuneicha has 270 seconds left.
|
|t:|1731183742
|move|p2a: Swampert|Surf|p1a: Metagross
|-damage|p1a: Metagross|31/100 slp
|cant|p1a: Metagross|slp
|
|upkeep
|turn|13
|
|t:|1731183745
|move|p2a: Swampert|Surf|p1a: Metagross
|-damage|p1a: Metagross|0 fnt
|faint|p1a: Metagross
|
|t:|1731183749
|switch|p1a: Skarmory|Skarmory, F|100/100
|
|upkeep
|turn|14
|
|t:|1731183757
|move|p2a: Swampert|Surf|p1a: Skarmory
|-damage|p1a: Skarmory|65/100
|move|p1a: Skarmory|Roar|p2a: Swampert
|drag|p2a: Smeargle|Smeargle, F|38/100
|
|-heal|p1a: Skarmory|71/100|[from] item: Leftovers
|upkeep
|turn|15
|
|t:|1731183764
|switch|p1a: Blissey|Blissey, F|100/100
|-damage|p1a: Blissey|88/100|[from] Spikes
|move|p2a: Smeargle|Spore|p1a: Blissey
|-status|p1a: Blissey|slp|[from] move: Spore
|
|-heal|p1a: Blissey|94/100 slp|[from] item: Leftovers
|upkeep
|turn|16
|
|t:|1731183770
|-curestatus|p1a: Blissey|slp|[from] ability: Natural Cure
|switch|p1a: Skarmory|Skarmory, F|71/100
|move|p2a: Smeargle|Spikes|p1a: Skarmory
|-sidestart|p1: hitmonYEE|Spikes
|
|-heal|p1a: Skarmory|77/100|[from] item: Leftovers
|upkeep
|turn|17
|
|t:|1731183776
|move|p2a: Smeargle|Spore|p1a: Skarmory
|-status|p1a: Skarmory|slp|[from] move: Spore
|cant|p1a: Skarmory|slp
|
|-heal|p1a: Skarmory|83/100 slp|[from] item: Leftovers
|upkeep
|turn|18
|
|t:|1731183779
|move|p2a: Smeargle|Spikes|p1a: Skarmory
|-sidestart|p1: hitmonYEE|Spikes
|cant|p1a: Skarmory|slp
|
|-heal|p1a: Skarmory|89/100 slp|[from] item: Leftovers
|upkeep
|turn|19
|
|t:|1731183786
|move|p2a: Smeargle|Taunt|p1a: Skarmory
|-start|p1a: Skarmory|move: Taunt
|cant|p1a: Skarmory|slp
|
|-heal|p1a: Skarmory|95/100 slp|[from] item: Leftovers
|upkeep
|turn|20
|
|t:|1731183812
|switch|p2a: Moltres|Moltres|100/100
|cant|p1a: Skarmory|slp
|
|-heal|p1a: Skarmory|100/100 slp|[from] item: Leftovers
|-end|p1a: Skarmory|move: Taunt|[silent]
|upkeep
|turn|21
|
|t:|1731183823
|switch|p1a: Blissey|Blissey, F|94/100
|-damage|p1a: Blissey|69/100|[from] Spikes
|move|p2a: Moltres|Roar|p1a: Blissey
|drag|p1a: Salamence|Salamence, M|100/100
|-ability|p1a: Salamence|Intimidate|boost
|-unboost|p2a: Moltres|atk|1
|
|upkeep
|turn|22
|
|t:|1731183834
|switch|p2a: Gengar|Gengar, F|64/100
|move|p1a: Salamence|Rock Slide|p2a: Gengar
|-damage|p2a: Gengar|30/100
|
|-heal|p2a: Gengar|36/100|[from] item: Leftovers
|upkeep
|turn|23
|
|t:|1731183851
|switch|p1a: Claydol|Claydol|100/100
|move|p2a: Gengar|Destiny Bond|p2a: Gengar
|-singlemove|p2a: Gengar|Destiny Bond
|
|-heal|p2a: Gengar|43/100|[from] item: Leftovers
|upkeep
|turn|24
|c|☆hitmonYEE|!data destiny bond
|raw|<ul class="utilichart"><li class="result"><span class="col movenamecol"><a href="https://dex.pokemonshowdown.com/moves/destinybond">Destiny Bond<\/a><\/span> <span class="col typecol"><img src="//play.pokemonshowdown.com/sprites/types/Ghost.png" alt="Ghost" width="32" height="14"><img src="//play.pokemonshowdown.com/sprites/categories/Status.png" alt="Status" width="32" height="14"><\/span> <span class="col widelabelcol"><em>Accuracy<\/em><br>—<\/span> <span class="col pplabelcol"><em>PP<\/em><br>8<\/span> <span class="col movedesccol">If an opponent knocks out the user, it also faints.<\/span> <\/li><li style="clear:both"><\/li><\/ul>

|c|☆hitmonYEE|thats real helpful thanks smogon
|c|☆hitmonYEE|;-;
|inactive|hitmonYEE has 270 seconds left.
|inactive|naisuneicha has 270 seconds left.
|c|☆naisuneicha|lol
|
|t:|1731183896
|switch|p2a: Smeargle|Smeargle, F|38/100
|move|p1a: Claydol|Psychic|p2a: Smeargle
|-damage|p2a: Smeargle|3/100
|
|-enditem|p2a: Smeargle|Salac Berry|[eat]
|-boost|p2a: Smeargle|spe|1|[from] item: Salac Berry
|upkeep
|turn|25
|
|t:|1731183913
|switch|p2a: Gengar|Gengar, F|43/100
|move|p1a: Claydol|Rapid Spin|p2a: Gengar
|-immune|p2a: Gengar
|
|-heal|p2a: Gengar|49/100|[from] item: Leftovers
|upkeep
|turn|26
|
|t:|1731183925
|switch|p1a: Suicune|Suicune|94/100
|-damage|p1a: Suicune|69/100|[from] Spikes
|move|p2a: Gengar|Destiny Bond|p2a: Gengar
|-singlemove|p2a: Gengar|Destiny Bond
|
|-heal|p2a: Gengar|55/100|[from] item: Leftovers
|-heal|p1a: Suicune|76/100|[from] item: Leftovers
|upkeep
|turn|27
|
|t:|1731183933
|move|p2a: Gengar|Taunt|p1a: Suicune
|-start|p1a: Suicune|move: Taunt
|cant|p1a: Suicune|move: Taunt|Calm Mind
|
|-heal|p2a: Gengar|61/100|[from] item: Leftovers
|-heal|p1a: Suicune|82/100|[from] item: Leftovers
|upkeep
|turn|28
|inactive|naisuneicha has 270 seconds left.
|
|t:|1731183945
|move|p2a: Gengar|Thunderbolt|p1a: Suicune
|-supereffective|p1a: Suicune
|-damage|p1a: Suicune|42/100
|move|p1a: Suicune|Surf|p2a: Gengar
|-damage|p2a: Gengar|22/100
|
|-heal|p2a: Gengar|28/100|[from] item: Leftovers
|-heal|p1a: Suicune|49/100|[from] item: Leftovers
|-end|p1a: Suicune|move: Taunt|[silent]
|upkeep
|turn|29
|inactive|naisuneicha has 270 seconds left.
|inactive|naisuneicha has 240 seconds left.
|
|t:|1731183986
|move|p2a: Gengar|Thunderbolt|p1a: Suicune
|-supereffective|p1a: Suicune
|-damage|p1a: Suicune|5/100
|move|p1a: Suicune|Surf|p2a: Gengar
|-damage|p2a: Gengar|0 fnt
|faint|p2a: Gengar
|
|t:|1731184005
|switch|p2a: Swampert|Swampert, M|76/100
|
|-heal|p1a: Suicune|11/100|[from] item: Leftovers
|upkeep
|turn|30
|
|t:|1731184012
|move|p2a: Swampert|Surf|p1a: Suicune
|-resisted|p1a: Suicune
|-damage|p1a: Suicune|0 fnt
|faint|p1a: Suicune
|
|t:|1731184025
|switch|p1a: Claydol|Claydol|100/100
|
|upkeep
|turn|31
|
|t:|1731184031
|move|p2a: Swampert|Substitute|p2a: Swampert
|-start|p2a: Swampert|Substitute
|-damage|p2a: Swampert|51/100
|move|p1a: Claydol|Rapid Spin|p2a: Swampert
|-activate|p2a: Swampert|Substitute|[damage]
|-sideend|p1: hitmonYEE|Spikes|[from] move: Rapid Spin|[of] p1a: Claydol
|
|upkeep
|turn|32
|
|t:|1731184037
|move|p2a: Swampert|Surf|p1a: Claydol
|-supereffective|p1a: Claydol
|-damage|p1a: Claydol|43/100
|move|p1a: Claydol|Psychic|p2a: Swampert
|-end|p2a: Swampert|Substitute
|
|-heal|p1a: Claydol|49/100|[from] item: Leftovers
|upkeep
|turn|33
|
|t:|1731184047
|switch|p1a: Blissey|Blissey, F|69/100
|move|p2a: Swampert|Substitute|p2a: Swampert
|-start|p2a: Swampert|Substitute
|-damage|p2a: Swampert|26/100
|
|-heal|p1a: Blissey|75/100|[from] item: Leftovers
|upkeep
|turn|34
|
|t:|1731184061
|move|p2a: Swampert|Surf|p1a: Blissey
|-damage|p1a: Blissey|52/100
|move|p1a: Blissey|Ice Beam|p2a: Swampert
|-end|p2a: Swampert|Substitute
|
|-heal|p1a: Blissey|58/100|[from] item: Leftovers
|upkeep
|turn|35
|
|t:|1731184066
|move|p2a: Swampert|Substitute|p2a: Swampert
|-start|p2a: Swampert|Substitute
|-damage|p2a: Swampert|1/100
|move|p1a: Blissey|Ice Beam|p2a: Swampert
|-end|p2a: Swampert|Substitute
|
|-enditem|p2a: Swampert|Salac Berry|[eat]
|-boost|p2a: Swampert|spe|1|[from] item: Salac Berry
|-heal|p1a: Blissey|65/100|[from] item: Leftovers
|upkeep
|turn|36
|
|t:|1731184077
|move|p2a: Swampert|Endeavor|p1a: Blissey
|-damage|p1a: Blissey|1/100
|move|p1a: Blissey|Soft-Boiled|p1a: Blissey
|-heal|p1a: Blissey|51/100
|
|-heal|p1a: Blissey|57/100|[from] item: Leftovers
|upkeep
|turn|37
|
|t:|1731184083
|move|p2a: Swampert|Endeavor|p1a: Blissey
|-damage|p1a: Blissey|1/100
|move|p1a: Blissey|Soft-Boiled|p1a: Blissey
|-heal|p1a: Blissey|51/100
|
|-heal|p1a: Blissey|57/100|[from] item: Leftovers
|upkeep
|turn|38
|
|t:|1731184086
|move|p2a: Swampert|Surf|p1a: Blissey
|-damage|p1a: Blissey|36/100
|move|p1a: Blissey|Soft-Boiled|p1a: Blissey
|-heal|p1a: Blissey|86/100
|
|-heal|p1a: Blissey|92/100|[from] item: Leftovers
|upkeep
|turn|39
|
|t:|1731184095
|move|p2a: Swampert|Endeavor|p1a: Blissey
|-damage|p1a: Blissey|1/100
|move|p1a: Blissey|Soft-Boiled|p1a: Blissey
|-heal|p1a: Blissey|51/100
|
|-heal|p1a: Blissey|57/100|[from] item: Leftovers
|upkeep
|turn|40
|
|t:|1731184098
|move|p1a: Blissey|Soft-Boiled|p1a: Blissey
|-heal|p1a: Blissey|100/100
|move|p2a: Swampert|Roar|p1a: Blissey
|drag|p1a: Salamence|Salamence, M|100/100
|-ability|p1a: Salamence|Intimidate|boost
|-unboost|p2a: Swampert|atk|1
|
|upkeep
|turn|41
|inactive|hitmonYEE has 270 seconds left.
|
|t:|1731184130
|move|p2a: Swampert|Endeavor|p1a: Salamence
|-damage|p1a: Salamence|1/100
|move|p1a: Salamence|Brick Break|p2a: Swampert
|-damage|p2a: Swampert|0 fnt
|faint|p2a: Swampert
|
|t:|1731184143
|switch|p2a: Moltres|Moltres|100/100
|
|-heal|p1a: Salamence|7/100|[from] item: Leftovers
|upkeep
|turn|42
|
|t:|1731184148
|move|p1a: Salamence|Rock Slide|p2a: Moltres
|-supereffective|p2a: Moltres
|-damage|p2a: Moltres|0 fnt
|faint|p2a: Moltres
|
|t:|1731184157
|switch|p2a: Snorlax|Snorlax, F|100/100
|
|-heal|p1a: Salamence|13/100|[from] item: Leftovers
|upkeep
|turn|43
|
|t:|1731184168
|switch|p1a: Skarmory|Skarmory, F|100/100 slp
|move|p2a: Snorlax|Body Slam|p1a: Skarmory
|-resisted|p1a: Skarmory
|-damage|p1a: Skarmory|86/100 slp
|
|-heal|p1a: Skarmory|92/100 slp|[from] item: Leftovers
|upkeep
|turn|44
|
|t:|1731184174
|switch|p2a: Smeargle|Smeargle, F|3/100
|-curestatus|p1a: Skarmory|slp|[msg]
|move|p1a: Skarmory|Spikes|p2a: Smeargle
|-sidestart|p2: naisuneicha|Spikes
|
|-heal|p1a: Skarmory|98/100|[from] item: Leftovers
|upkeep
|turn|45
|
|t:|1731184179
|move|p2a: Smeargle|Spore|p1a: Skarmory
|-status|p1a: Skarmory|slp|[from] move: Spore
|cant|p1a: Skarmory|slp
|
|-heal|p1a: Skarmory|100/100 slp|[from] item: Leftovers
|upkeep
|turn|46
|
|t:|1731184194
|switch|p2a: Snorlax|Snorlax, F|100/100
|-damage|p2a: Snorlax|88/100|[from] Spikes
|cant|p1a: Skarmory|slp
|
|-heal|p2a: Snorlax|94/100|[from] item: Leftovers
|upkeep
|turn|47
|
|t:|1731184200
|-singleturn|p2a: Snorlax|move: Focus Punch
|move|p2a: Snorlax|Focus Punch|p1a: Skarmory
|-damage|p1a: Skarmory|67/100 slp
|cant|p1a: Skarmory|slp
|
|-heal|p1a: Skarmory|73/100 slp|[from] item: Leftovers
|-heal|p2a: Snorlax|100/100|[from] item: Leftovers
|upkeep
|turn|48
|
|t:|1731184212
|switch|p2a: Smeargle|Smeargle, F|3/100
|-damage|p2a: Smeargle|0 fnt|[from] Spikes
|faint|p2a: Smeargle
|
|t:|1731184214
|switch|p2a: Snorlax|Snorlax, F|100/100
|-damage|p2a: Snorlax|88/100|[from] Spikes
|
|-heal|p1a: Skarmory|79/100 slp|[from] item: Leftovers
|-heal|p2a: Snorlax|94/100|[from] item: Leftovers
|upkeep
|turn|49
|
|t:|1731184218
|move|p2a: Snorlax|Self-Destruct|p1a: Skarmory
|-resisted|p1a: Skarmory
|-damage|p1a: Skarmory|10/100 slp
|faint|p2a: Snorlax
|
|t:|1731184221
|switch|p2a: Metagross|Metagross|100/100
|-damage|p2a: Metagross|88/100|[from] Spikes
|
|-heal|p1a: Skarmory|16/100 slp|[from] item: Leftovers
|upkeep
|turn|50
|
|t:|1731184233
|switch|p1a: Blissey|Blissey, F|100/100
|move|p2a: Metagross|Agility|p2a: Metagross
|-boost|p2a: Metagross|spe|2
|
|upkeep
|turn|51
|
|t:|1731184239
|move|p2a: Metagross|Meteor Mash|p1a: Blissey
|-damage|p1a: Blissey|39/100
|move|p1a: Blissey|Ice Beam|p2a: Metagross
|-resisted|p2a: Metagross
|-damage|p2a: Metagross|76/100
|
|-heal|p1a: Blissey|45/100|[from] item: Leftovers
|upkeep
|turn|52
|
|t:|1731184242
|move|p2a: Metagross|Meteor Mash|p1a: Blissey
|-damage|p1a: Blissey|0 fnt
|-boost|p2a: Metagross|atk|1
|faint|p1a: Blissey
|c|☆hitmonYEE|fuck
|c|☆hitmonYEE|the atk boost
|
|t:|1731184260
|switch|p1a: Claydol|Claydol|49/100
|
|-heal|p1a: Claydol|55/100|[from] item: Leftovers
|upkeep
|turn|53
|
|t:|1731184267
|move|p2a: Metagross|Meteor Mash|p1a: Claydol
|-damage|p1a: Claydol|0 fnt
|-boost|p2a: Metagross|atk|1
|faint|p1a: Claydol
|
|t:|1731184269
|switch|p1a: Salamence|Salamence, M|13/100
|-ability|p1a: Salamence|Intimidate|boost
|-fail|p2a: Metagross|unboost|[from] ability: Clear Body|[of] p2a: Metagross
|
|-heal|p1a: Salamence|19/100|[from] item: Leftovers
|upkeep
|turn|54
|
|t:|1731184273
|move|p2a: Metagross|Meteor Mash|p1a: Salamence
|-damage|p1a: Salamence|0 fnt
|faint|p1a: Salamence
|
|t:|1731184275
|switch|p1a: Skarmory|Skarmory, F|16/100 slp
|
|-heal|p1a: Skarmory|22/100 slp|[from] item: Leftovers
|upkeep
|turn|55
|
|t:|1731184279
|move|p2a: Metagross|Meteor Mash|p1a: Skarmory
|-resisted|p1a: Skarmory
|-damage|p1a: Skarmory|0 fnt
|-boost|p2a: Metagross|atk|1
|faint|p1a: Skarmory
|
|win|naisuneicha
|c|☆hitmonYEE|gg
|c|☆naisuneicha|gg 
|c|☆hitmonYEE|!data meteor mash
|raw|<ul class="utilichart"><li class="result"><span class="col movenamecol"><a href="https://dex.pokemonshowdown.com/moves/meteormash">Meteor Mash<\/a><\/span> <span class="col typecol"><img src="//play.pokemonshowdown.com/sprites/types/Steel.png" alt="Steel" width="32" height="14"><img src="//play.pokemonshowdown.com/sprites/categories/Physical.png" alt="Physical" width="32" height="14"><\/span> <span class="col labelcol"><em>Power<\/em><br>100<\/span> <span class="col widelabelcol"><em>Accuracy<\/em><br>85%<\/span> <span class="col pplabelcol"><em>PP<\/em><br>16<\/span> <span class="col movedesccol">20% chance to raise the user's Attack by 1.<\/span> <\/li><li style="clear:both"><\/li><\/ul>

|c|☆hitmonYEE|85 acc my ass lmao

</script>
<script type="application/json" class="data" id="replaydata-smogtours-gen3ou-805553">
{"id":"smogtours-gen3ou-805553","format":"[Gen 3] OU","players":["hitmonYEE","naisuneicha"],"uploadtime":1731184279,"views":16,"formatid":"gen3ou","rating":null,"private":0,"password":null}
</script>

<script defer src="js/replays.js?9d40a366"></script>
