<!DOCTYPE html>
<meta charset="utf-8" />
<meta name="viewport" content="width=device-width" />

<title>[Gen 3] OU: RaskaPork vs. blanched - Replays - Pok&eacute;mon Showdown!</title>

<meta name="description" content="Watch a replay of a Pok&eacute;mon battle between RaskaPork and blanched! Format: [Gen 3] OU; Date: Oct 26, 2024" />
<!--

Hey, you! Looking in the source for the replay log?

You can find them in JSON format, just add `.json` at the end of a replay URL.

https://replay.pokemonshowdown.com/gen7randomdoublesbattle-865046831.json

Or, if you only need the log itself, add `.log` instead:

https://replay.pokemonshowdown.com/gen7randomdoublesbattle-865046831.log

-->

<link rel="stylesheet" href="//pokemonshowdown.com/style/global.css?0.023195364461161105" />
<link rel="stylesheet" href="//play.pokemonshowdown.com/style/font-awesome.css?0.13261647063804238" />
<link rel="stylesheet" href="//play.pokemonshowdown.com/style/battle.css?0.8753245789963631" />
<link rel="stylesheet" href="//play.pokemonshowdown.com/style/utilichart.css?0.8627959624976733" />

<!-- Global site tag (gtag.js) - Google Analytics -->
<script async src="https://www.googletagmanager.com/gtag/js?id=UA-26211653-1"></script>
<script>
  window.dataLayer = window.dataLayer || [];
  function gtag(){dataLayer.push(arguments);}
  gtag('js', new Date());

  gtag('config', 'UA-26211653-1');
</script>
<!-- End Google Analytics -->
<!-- Venatus Ad Manager - Install in <HEAD> of page -->
	<script src="https://hb.vntsm.com/v3/live/ad-manager.min.js" type="text/javascript" data-site-id="642aba63ec9a7b11c3c9c1be" data-mode="scan" async></script>
<!-- / Venatus Ad Manager -->

<style>
	@media (max-width:820px) {
		.battle {
			margin: 0 auto;
		}
		.battle-log {
			margin: 7px auto 0;
			max-width: 640px;
			height: 300px;
			position: static;
		}
	}
	.optgroup {
		display: inline-block;
		line-height: 22px;
		font-size: 10pt;
	}
	.optgroup .button {
		height: 25px;
		padding-top: 0;
		padding-bottom: 0;
	}
	.optgroup button.button {
		padding-left: 12px;
		padding-right: 12px;
	}
	.linklist {
		list-style: none;
		margin: 0.5em 0;
		padding: 0;
	}
	.linklist li {
		padding: 2px 0;
	}
	.sidebar {
		float: left;
		width: 320px;
	}
	.bar-wrapper {
		max-width: 1100px;
		margin: 0 auto;
	}
	.bar-wrapper.has-sidebar {
		max-width: 1430px;
	}
	.mainbar {
		margin: 0;
		padding-right: 1px;
	}
	.mainbar.has-sidebar {
		margin-left: 330px;
	}
	@media (min-width: 1511px) {
		.sidebar {
			width: 400px;
		}
		.bar-wrapper.has-sidebar {
			max-width: 1510px;
		}
		.mainbar.has-sidebar {
			margin-left: 410px;
		}
	}
	.section.first-section {
		margin-top: 9px;
	}
	.blocklink small {
		white-space: normal;
	}
	.button {
		vertical-align: middle;
	}
	.replay-controls {
		padding-top: 10px;
	}
	.replay-controls h1 {
		font-size: 16pt;
		font-weight: normal;
		color: #CCC;
	}
	.pagelink {
		text-align: center;
	}
	.pagelink a {
		width: 150px;
	}
	.textbox, .button {
		font-size: 11pt;
		vertical-align: middle;
	}
	@media (max-width: 450px) {
		.button {
			font-size: 9pt;
		}
	}
</style>

<div>

	<header>
		<div class="nav-wrapper"><ul class="nav">
			<li><a class="button nav-first" href="//pokemonshowdown.com/"><img src="//pokemonshowdown.com/images/pokemonshowdownbeta.png" srcset="//pokemonshowdown.com/images/pokemonshowdownbeta.png 1x, //pokemonshowdown.com/images/pokemonshowdownbeta@2x.png 2x" alt="Pok&eacute;mon Showdown" width="146" height="44" /> Home</a></li>
			<li><a class="button" href="//pokemonshowdown.com/dex/">Pok&eacute;dex</a></li>
			<li><a class="button cur" href="/">Replays</a></li>
			<li><a class="button" href="//pokemonshowdown.com/ladder/">Ladder</a></li>
			<li><a class="button nav-last" href="//pokemonshowdown.com/forums/">Forum</a></li>
			<li><a class="button greenbutton nav-first nav-last" href="//play.pokemonshowdown.com/">Play</a></li>
		</ul></div>
	</header>

	<div class="main" id="main">

		<noscript><section class="section">You need to enable JavaScript to use this page; sorry!</section></noscript>

	</div>

</div>

<script defer nomodule src="//play.pokemonshowdown.com/js/lib/ps-polyfill.js"></script>
<script defer src="//play.pokemonshowdown.com/js/lib/preact.min.js"></script>

<script defer src="//play.pokemonshowdown.com/config/config.js?2bddbc15"></script>
<script defer src="//play.pokemonshowdown.com/js/lib/jquery-1.11.0.min.js"></script>
<script defer src="//play.pokemonshowdown.com/js/lib/html-sanitizer-minified.js"></script>
<script defer src="//play.pokemonshowdown.com/js/battle-sound.js"></script>
<script defer src="//play.pokemonshowdown.com/js/battledata.js?0.7209276989879541"></script>
<script defer src="//play.pokemonshowdown.com/data/pokedex-mini.js?0.6111056340867951"></script>
<script defer src="//play.pokemonshowdown.com/data/pokedex-mini-bw.js?0.3532142036491459"></script>
<script defer src="//play.pokemonshowdown.com/data/graphics.js?0.24223875632456182"></script>
<script defer src="//play.pokemonshowdown.com/data/pokedex.js?0.38839984266356864"></script>
<script defer src="//play.pokemonshowdown.com/data/moves.js?0.21866028504024015"></script>
<script defer src="//play.pokemonshowdown.com/data/abilities.js?0.2005157953846628"></script>
<script defer src="//play.pokemonshowdown.com/data/items.js?0.9894211263848525"></script>
<script defer src="//play.pokemonshowdown.com/data/teambuilder-tables.js?0.6008791140282215"></script>
<script defer src="//play.pokemonshowdown.com/js/battle-tooltips.js?0.7580118955022959"></script>
<script defer src="//play.pokemonshowdown.com/js/battle.js?0.6057722274234274"></script>

<script defer src="js/utils.js?e31f9a17"></script>
<script defer src="js/replays-battle.js?7008c182"></script>

<!-- don't scrape this data! just add .json or .log after the URL!
Full API docs: https://github.com/smogon/pokemon-showdown-client/blob/master/WEB-API.md -->
<script type="text/plain" class="log" id="replaylog-smogtours-gen3ou-801990">
|inactive|Battle timer is ON: inactive players will automatically lose when time's up.
|t:|1729901067
|gametype|singles
|player|p1|RaskaPork|ingo|
|player|p2|blanched|#1v1plviiithwackeys|
|teamsize|p1|6
|teamsize|p2|6
|gen|3
|tier|[Gen 3] OU
|rule|Sleep Clause Mod: Limit one foe put to sleep
|rule|Switch Priority Clause Mod: Faster Pokémon switch first
|rule|Species Clause: Limit one of each Pokémon
|rule|OHKO Clause: OHKO moves are banned
|rule|Evasion Items Clause: Evasion items are banned
|rule|Evasion Moves Clause: Evasion moves are banned
|rule|Endless Battle Clause: Forcing endless battles is banned
|rule|HP Percentage Mod: HP is shown in percentages
|rule|One Boost Passer Clause: Limit one Baton Passer that has a way to boost its stats
|rule|Freeze Clause Mod: Limit one foe frozen
|
|t:|1729901067
|start
|switch|p1a: Salamence|Salamence, F|100/100
|switch|p2a: Jynx|Jynx, F|100/100
|-ability|p1a: Salamence|Intimidate|boost
|-unboost|p2a: Jynx|atk|1
|turn|1
|c|☆blanched|hf
|
|t:|1729901091
|switch|p2a: Suicune|Suicune|100/100
|switch|p1a: Tyranitar|Tyranitar, M|100/100
|-weather|Sandstorm|[from] ability: Sand Stream|[of] p1a: Tyranitar
|
|-weather|Sandstorm|[upkeep]
|-damage|p2a: Suicune|94/100|[from] Sandstorm
|-heal|p2a: Suicune|100/100|[from] item: Leftovers
|upkeep
|turn|2
|
|t:|1729901107
|switch|p1a: Raikou|Raikou|100/100
|move|p2a: Suicune|Hydro Pump|p1a: Raikou
|-damage|p1a: Raikou|50/100
|
|-weather|Sandstorm|[upkeep]
|-damage|p1a: Raikou|44/100|[from] Sandstorm
|-damage|p2a: Suicune|94/100|[from] Sandstorm
|-heal|p1a: Raikou|50/100|[from] item: Leftovers
|-heal|p2a: Suicune|100/100|[from] item: Leftovers
|upkeep
|turn|3
|
|t:|1729901116
|switch|p2a: Dugtrio|Dugtrio, M|100/100
|move|p1a: Raikou|Thunderbolt|p2a: Dugtrio
|-immune|p2a: Dugtrio
|
|-weather|Sandstorm|[upkeep]
|-damage|p1a: Raikou|44/100|[from] Sandstorm
|-heal|p1a: Raikou|50/100|[from] item: Leftovers
|upkeep
|turn|4
|
|t:|1729901118
|move|p1a: Raikou|Hidden Power|p2a: Dugtrio
|-supereffective|p2a: Dugtrio
|-damage|p2a: Dugtrio|10/100
|move|p2a: Dugtrio|Earthquake|p1a: Raikou
|-supereffective|p1a: Raikou
|-damage|p1a: Raikou|0 fnt
|faint|p1a: Raikou
|
|t:|1729901122
|switch|p1a: Salamence|Salamence, F|100/100
|-ability|p1a: Salamence|Intimidate|boost
|-unboost|p2a: Dugtrio|atk|1
|
|-weather|Sandstorm|[upkeep]
|-damage|p1a: Salamence|94/100|[from] Sandstorm
|upkeep
|turn|5
|
|t:|1729901127
|switch|p2a: Suicune|Suicune|100/100
|move|p1a: Salamence|Hidden Power|p2a: Suicune
|-damage|p2a: Suicune|54/100
|
|-weather|Sandstorm|[upkeep]
|-damage|p1a: Salamence|88/100|[from] Sandstorm
|-damage|p2a: Suicune|48/100|[from] Sandstorm
|-heal|p2a: Suicune|54/100|[from] item: Leftovers
|upkeep
|turn|6
|
|t:|1729901139
|switch|p1a: Suicune|Suicune|100/100
|move|p2a: Suicune|Ice Beam|p1a: Suicune
|-resisted|p1a: Suicune
|-damage|p1a: Suicune|90/100
|
|-weather|Sandstorm|[upkeep]
|-damage|p2a: Suicune|48/100|[from] Sandstorm
|-damage|p1a: Suicune|84/100|[from] Sandstorm
|-heal|p2a: Suicune|54/100|[from] item: Leftovers
|-heal|p1a: Suicune|90/100|[from] item: Leftovers
|upkeep
|turn|7
|
|t:|1729901166
|move|p1a: Suicune|Surf|p2a: Suicune
|-resisted|p2a: Suicune
|-damage|p2a: Suicune|43/100
|move|p2a: Suicune|Roar|p1a: Suicune
|drag|p1a: Salamence|Salamence, F|88/100
|-ability|p1a: Salamence|Intimidate|boost
|-unboost|p2a: Suicune|atk|1
|
|-weather|Sandstorm|[upkeep]
|-damage|p1a: Salamence|82/100|[from] Sandstorm
|-damage|p2a: Suicune|37/100|[from] Sandstorm
|-heal|p2a: Suicune|43/100|[from] item: Leftovers
|upkeep
|turn|8
|
|t:|1729901193
|move|p1a: Salamence|Earthquake|p2a: Suicune
|-damage|p2a: Suicune|0 fnt
|faint|p2a: Suicune
|
|t:|1729901197
|switch|p2a: Gengar|Gengar, M|100/100
|
|-weather|Sandstorm|[upkeep]
|-damage|p2a: Gengar|94/100|[from] Sandstorm
|-damage|p1a: Salamence|76/100|[from] Sandstorm
|-heal|p2a: Gengar|100/100|[from] item: Leftovers
|upkeep
|turn|9
|
|t:|1729901201
|switch|p1a: Tyranitar|Tyranitar, M|100/100
|move|p2a: Gengar|Thunderbolt|p1a: Tyranitar
|-damage|p1a: Tyranitar|76/100
|-status|p1a: Tyranitar|par
|
|-weather|Sandstorm|[upkeep]
|-damage|p2a: Gengar|94/100|[from] Sandstorm
|-heal|p2a: Gengar|100/100|[from] item: Leftovers
|-heal|p1a: Tyranitar|82/100 par|[from] item: Leftovers
|upkeep
|turn|10
|
|t:|1729901215
|switch|p2a: Dugtrio|Dugtrio, M|10/100
|cant|p1a: Tyranitar|par
|
|-weather|Sandstorm|[upkeep]
|-heal|p1a: Tyranitar|89/100 par|[from] item: Leftovers
|upkeep
|turn|11
|
|t:|1729901217
|move|p2a: Dugtrio|Earthquake|p1a: Tyranitar
|-supereffective|p1a: Tyranitar
|-damage|p1a: Tyranitar|0 fnt
|faint|p1a: Tyranitar
|
|t:|1729901222
|switch|p1a: Salamence|Salamence, F|76/100
|-ability|p1a: Salamence|Intimidate|boost
|-unboost|p2a: Dugtrio|atk|1
|
|-weather|Sandstorm|[upkeep]
|-damage|p1a: Salamence|70/100|[from] Sandstorm
|upkeep
|turn|12
|
|t:|1729901225
|move|p2a: Dugtrio|Earthquake|p1a: Salamence
|-immune|p1a: Salamence
|move|p1a: Salamence|Hidden Power|p2a: Dugtrio
|-damage|p2a: Dugtrio|0 fnt
|faint|p2a: Dugtrio
|
|t:|1729901229
|switch|p2a: Jirachi|Jirachi|100/100
|
|-weather|Sandstorm|[upkeep]
|-damage|p1a: Salamence|64/100|[from] Sandstorm
|upkeep
|turn|13
|
|t:|1729901232
|switch|p1a: Dugtrio|Dugtrio, M|100/100
|move|p2a: Jirachi|Calm Mind|p2a: Jirachi
|-boost|p2a: Jirachi|spa|1
|-boost|p2a: Jirachi|spd|1
|
|-weather|Sandstorm|[upkeep]
|upkeep
|turn|14
|
|t:|1729901238
|move|p1a: Dugtrio|Earthquake|p2a: Jirachi
|-supereffective|p2a: Jirachi
|-damage|p2a: Jirachi|11/100
|move|p2a: Jirachi|Psychic|p1a: Dugtrio
|-damage|p1a: Dugtrio|0 fnt
|faint|p1a: Dugtrio
|
|t:|1729901256
|switch|p1a: Claydol|Claydol|100/100
|
|-weather|Sandstorm|[upkeep]
|-heal|p2a: Jirachi|17/100|[from] item: Leftovers
|upkeep
|turn|15
|
|t:|1729901260
|move|p2a: Jirachi|Hidden Power|p1a: Claydol
|-supereffective|p1a: Claydol
|-damage|p1a: Claydol|46/100
|move|p1a: Claydol|Earthquake|p2a: Jirachi
|-supereffective|p2a: Jirachi
|-damage|p2a: Jirachi|0 fnt
|faint|p2a: Jirachi
|
|t:|1729901264
|switch|p2a: Jynx|Jynx, F|100/100
|
|-weather|Sandstorm|[upkeep]
|-damage|p2a: Jynx|95/100|[from] Sandstorm
|-heal|p2a: Jynx|100/100|[from] item: Leftovers
|-heal|p1a: Claydol|52/100|[from] item: Leftovers
|upkeep
|turn|16
|inactive|RaskaPork has 270 seconds left.
|
|t:|1729901303
|switch|p1a: Suicune|Suicune|90/100
|move|p2a: Jynx|Ice Beam|p1a: Suicune
|-resisted|p1a: Suicune
|-damage|p1a: Suicune|72/100
|
|-weather|Sandstorm|[upkeep]
|-damage|p2a: Jynx|95/100|[from] Sandstorm
|-damage|p1a: Suicune|65/100|[from] Sandstorm
|-heal|p2a: Jynx|100/100|[from] item: Leftovers
|-heal|p1a: Suicune|72/100|[from] item: Leftovers
|upkeep
|turn|17
|inactive|RaskaPork has 270 seconds left.
|
|t:|1729901310
|move|p2a: Jynx|Lovely Kiss|p1a: Suicune
|-status|p1a: Suicune|slp|[from] move: Lovely Kiss
|cant|p1a: Suicune|slp
|
|-weather|Sandstorm|[upkeep]
|-damage|p2a: Jynx|95/100|[from] Sandstorm
|-damage|p1a: Suicune|65/100 slp|[from] Sandstorm
|-heal|p2a: Jynx|100/100|[from] item: Leftovers
|-heal|p1a: Suicune|72/100 slp|[from] item: Leftovers
|upkeep
|turn|18
|
|t:|1729901312
|move|p2a: Jynx|Calm Mind|p2a: Jynx
|-boost|p2a: Jynx|spa|1
|-boost|p2a: Jynx|spd|1
|cant|p1a: Suicune|slp
|
|-weather|Sandstorm|[upkeep]
|-damage|p2a: Jynx|95/100|[from] Sandstorm
|-damage|p1a: Suicune|65/100 slp|[from] Sandstorm
|-heal|p2a: Jynx|100/100|[from] item: Leftovers
|-heal|p1a: Suicune|72/100 slp|[from] item: Leftovers
|upkeep
|turn|19
|
|t:|1729901314
|move|p2a: Jynx|Ice Beam|p1a: Suicune
|-resisted|p1a: Suicune
|-damage|p1a: Suicune|47/100 slp
|cant|p1a: Suicune|slp
|
|-weather|Sandstorm|[upkeep]
|-damage|p2a: Jynx|95/100|[from] Sandstorm
|-damage|p1a: Suicune|41/100 slp|[from] Sandstorm
|-heal|p2a: Jynx|100/100|[from] item: Leftovers
|-heal|p1a: Suicune|47/100 slp|[from] item: Leftovers
|upkeep
|turn|20
|
|t:|1729901316
|move|p2a: Jynx|Ice Beam|p1a: Suicune
|-resisted|p1a: Suicune
|-damage|p1a: Suicune|21/100 slp
|-curestatus|p1a: Suicune|slp|[msg]
|move|p1a: Suicune|Roar|p2a: Jynx
|drag|p2a: Tyranitar|Tyranitar, M|100/100
|
|-weather|Sandstorm|[upkeep]
|-damage|p1a: Suicune|15/100|[from] Sandstorm
|-heal|p1a: Suicune|21/100|[from] item: Leftovers
|upkeep
|turn|21
|inactive|blanched has 270 seconds left.
|
|t:|1729901351
|move|p2a: Tyranitar|Rock Slide|p1a: Suicune
|-damage|p1a: Suicune|0 fnt
|faint|p1a: Suicune
|
|t:|1729901366
|switch|p1a: Salamence|Salamence, F|64/100
|-ability|p1a: Salamence|Intimidate|boost
|-unboost|p2a: Tyranitar|atk|1
|
|-weather|Sandstorm|[upkeep]
|-damage|p1a: Salamence|58/100|[from] Sandstorm
|upkeep
|turn|22
|
|t:|1729901373
|switch|p1a: Claydol|Claydol|52/100
|move|p2a: Tyranitar|Rock Slide|p1a: Claydol
|-resisted|p1a: Claydol
|-damage|p1a: Claydol|38/100
|
|-weather|Sandstorm|[upkeep]
|-heal|p1a: Claydol|44/100|[from] item: Leftovers
|upkeep
|turn|23
|
|t:|1729901376
|move|p2a: Tyranitar|Dragon Dance|p2a: Tyranitar
|-boost|p2a: Tyranitar|atk|1
|-boost|p2a: Tyranitar|spe|1
|move|p1a: Claydol|Psychic|p2a: Tyranitar
|-immune|p2a: Tyranitar
|
|-weather|Sandstorm|[upkeep]
|-heal|p1a: Claydol|50/100|[from] item: Leftovers
|upkeep
|turn|24
|
|t:|1729901381
|switch|p1a: Salamence|Salamence, F|58/100
|-ability|p1a: Salamence|Intimidate|boost
|-unboost|p2a: Tyranitar|atk|1
|move|p2a: Tyranitar|Dragon Dance|p2a: Tyranitar
|-boost|p2a: Tyranitar|atk|1
|-boost|p2a: Tyranitar|spe|1
|
|-weather|Sandstorm|[upkeep]
|-damage|p1a: Salamence|52/100|[from] Sandstorm
|upkeep
|turn|25
|
|t:|1729901385
|switch|p1a: Claydol|Claydol|50/100
|move|p2a: Tyranitar|Rock Slide|p1a: Claydol
|-resisted|p1a: Claydol
|-damage|p1a: Claydol|26/100
|
|-weather|Sandstorm|[upkeep]
|-heal|p1a: Claydol|32/100|[from] item: Leftovers
|upkeep
|turn|26
|
|t:|1729901391
|move|p2a: Tyranitar|Rock Slide|p1a: Claydol
|-resisted|p1a: Claydol
|-damage|p1a: Claydol|9/100
|move|p1a: Claydol|Earthquake|p2a: Tyranitar
|-supereffective|p2a: Tyranitar
|-damage|p2a: Tyranitar|32/100
|
|-weather|Sandstorm|[upkeep]
|-heal|p1a: Claydol|16/100|[from] item: Leftovers
|upkeep
|turn|27
|
|t:|1729901402
|move|p2a: Tyranitar|Rock Slide|p1a: Claydol
|-resisted|p1a: Claydol
|-damage|p1a: Claydol|0 fnt
|faint|p1a: Claydol
|
|t:|1729901405
|switch|p1a: Salamence|Salamence, F|52/100
|-ability|p1a: Salamence|Intimidate|boost
|-unboost|p2a: Tyranitar|atk|1
|
|-weather|Sandstorm|[upkeep]
|-damage|p1a: Salamence|46/100|[from] Sandstorm
|upkeep
|turn|28
|
|t:|1729901407
|move|p2a: Tyranitar|Rock Slide|p1a: Salamence
|-supereffective|p1a: Salamence
|-damage|p1a: Salamence|0 fnt
|faint|p1a: Salamence
|
|win|blanched
|c|☆blanched|gg
|c|☆RaskaPork|gg
|player|p1|
|player|p2|
|player|p1|RaskaPork|ingo|

</script>
<script type="application/json" class="data" id="replaydata-smogtours-gen3ou-801990">
{"id":"smogtours-gen3ou-801990","format":"[Gen 3] OU","players":["RaskaPork","blanched"],"uploadtime":1729901407,"views":73,"formatid":"gen3ou","rating":null,"private":0,"password":null}
</script>

<script defer src="js/replays.js?9d40a366"></script>
