<!DOCTYPE html>
<meta charset="utf-8" />
<meta name="viewport" content="width=device-width" />

<title>[Gen 3] OU: mrsunsmash vs. bugcondition - Replays - Pok&eacute;mon Showdown!</title>

<meta name="description" content="Watch a replay of a Pok&eacute;mon battle between mrsunsmash and bugcondition! Format: [Gen 3] OU; Date: Oct 9, 2024" />
<!--

Hey, you! Looking in the source for the replay log?

You can find them in JSON format, just add `.json` at the end of a replay URL.

https://replay.pokemonshowdown.com/gen7randomdoublesbattle-865046831.json

Or, if you only need the log itself, add `.log` instead:

https://replay.pokemonshowdown.com/gen7randomdoublesbattle-865046831.log

-->

<link rel="stylesheet" href="//pokemonshowdown.com/style/global.css?0.023195364461161105" />
<link rel="stylesheet" href="//play.pokemonshowdown.com/style/font-awesome.css?0.13261647063804238" />
<link rel="stylesheet" href="//play.pokemonshowdown.com/style/battle.css?0.8753245789963631" />
<link rel="stylesheet" href="//play.pokemonshowdown.com/style/utilichart.css?0.8627959624976733" />

<!-- Global site tag (gtag.js) - Google Analytics -->
<script async src="https://www.googletagmanager.com/gtag/js?id=UA-26211653-1"></script>
<script>
  window.dataLayer = window.dataLayer || [];
  function gtag(){dataLayer.push(arguments);}
  gtag('js', new Date());

  gtag('config', 'UA-26211653-1');
</script>
<!-- End Google Analytics -->
<!-- Venatus Ad Manager - Install in <HEAD> of page -->
	<script src="https://hb.vntsm.com/v3/live/ad-manager.min.js" type="text/javascript" data-site-id="642aba63ec9a7b11c3c9c1be" data-mode="scan" async></script>
<!-- / Venatus Ad Manager -->

<style>
	@media (max-width:820px) {
		.battle {
			margin: 0 auto;
		}
		.battle-log {
			margin: 7px auto 0;
			max-width: 640px;
			height: 300px;
			position: static;
		}
	}
	.optgroup {
		display: inline-block;
		line-height: 22px;
		font-size: 10pt;
	}
	.optgroup .button {
		height: 25px;
		padding-top: 0;
		padding-bottom: 0;
	}
	.optgroup button.button {
		padding-left: 12px;
		padding-right: 12px;
	}
	.linklist {
		list-style: none;
		margin: 0.5em 0;
		padding: 0;
	}
	.linklist li {
		padding: 2px 0;
	}
	.sidebar {
		float: left;
		width: 320px;
	}
	.bar-wrapper {
		max-width: 1100px;
		margin: 0 auto;
	}
	.bar-wrapper.has-sidebar {
		max-width: 1430px;
	}
	.mainbar {
		margin: 0;
		padding-right: 1px;
	}
	.mainbar.has-sidebar {
		margin-left: 330px;
	}
	@media (min-width: 1511px) {
		.sidebar {
			width: 400px;
		}
		.bar-wrapper.has-sidebar {
			max-width: 1510px;
		}
		.mainbar.has-sidebar {
			margin-left: 410px;
		}
	}
	.section.first-section {
		margin-top: 9px;
	}
	.blocklink small {
		white-space: normal;
	}
	.button {
		vertical-align: middle;
	}
	.replay-controls {
		padding-top: 10px;
	}
	.replay-controls h1 {
		font-size: 16pt;
		font-weight: normal;
		color: #CCC;
	}
	.pagelink {
		text-align: center;
	}
	.pagelink a {
		width: 150px;
	}
	.textbox, .button {
		font-size: 11pt;
		vertical-align: middle;
	}
	@media (max-width: 450px) {
		.button {
			font-size: 9pt;
		}
	}
</style>

<div>

	<header>
		<div class="nav-wrapper"><ul class="nav">
			<li><a class="button nav-first" href="//pokemonshowdown.com/"><img src="//pokemonshowdown.com/images/pokemonshowdownbeta.png" srcset="//pokemonshowdown.com/images/pokemonshowdownbeta.png 1x, //pokemonshowdown.com/images/pokemonshowdownbeta@2x.png 2x" alt="Pok&eacute;mon Showdown" width="146" height="44" /> Home</a></li>
			<li><a class="button" href="//pokemonshowdown.com/dex/">Pok&eacute;dex</a></li>
			<li><a class="button cur" href="/">Replays</a></li>
			<li><a class="button" href="//pokemonshowdown.com/ladder/">Ladder</a></li>
			<li><a class="button nav-last" href="//pokemonshowdown.com/forums/">Forum</a></li>
			<li><a class="button greenbutton nav-first nav-last" href="//play.pokemonshowdown.com/">Play</a></li>
		</ul></div>
	</header>

	<div class="main" id="main">

		<noscript><section class="section">You need to enable JavaScript to use this page; sorry!</section></noscript>

	</div>

</div>

<script defer nomodule src="//play.pokemonshowdown.com/js/lib/ps-polyfill.js"></script>
<script defer src="//play.pokemonshowdown.com/js/lib/preact.min.js"></script>

<script defer src="//play.pokemonshowdown.com/config/config.js?2bddbc15"></script>
<script defer src="//play.pokemonshowdown.com/js/lib/jquery-1.11.0.min.js"></script>
<script defer src="//play.pokemonshowdown.com/js/lib/html-sanitizer-minified.js"></script>
<script defer src="//play.pokemonshowdown.com/js/battle-sound.js"></script>
<script defer src="//play.pokemonshowdown.com/js/battledata.js?0.7209276989879541"></script>
<script defer src="//play.pokemonshowdown.com/data/pokedex-mini.js?0.6111056340867951"></script>
<script defer src="//play.pokemonshowdown.com/data/pokedex-mini-bw.js?0.3532142036491459"></script>
<script defer src="//play.pokemonshowdown.com/data/graphics.js?0.24223875632456182"></script>
<script defer src="//play.pokemonshowdown.com/data/pokedex.js?0.38839984266356864"></script>
<script defer src="//play.pokemonshowdown.com/data/moves.js?0.21866028504024015"></script>
<script defer src="//play.pokemonshowdown.com/data/abilities.js?0.2005157953846628"></script>
<script defer src="//play.pokemonshowdown.com/data/items.js?0.9894211263848525"></script>
<script defer src="//play.pokemonshowdown.com/data/teambuilder-tables.js?0.6008791140282215"></script>
<script defer src="//play.pokemonshowdown.com/js/battle-tooltips.js?0.7580118955022959"></script>
<script defer src="//play.pokemonshowdown.com/js/battle.js?0.6057722274234274"></script>

<script defer src="js/utils.js?e31f9a17"></script>
<script defer src="js/replays-battle.js?7008c182"></script>

<!-- don't scrape this data! just add .json or .log after the URL!
Full API docs: https://github.com/smogon/pokemon-showdown-client/blob/master/WEB-API.md -->
<script type="text/plain" class="log" id="replaylog-smogtours-gen3ou-796804">
|inactive|Battle timer is ON: inactive players will automatically lose when time's up.
|t:|1728514964
|gametype|singles
|player|p1|mrsunsmash|102|
|player|p2|bugcondition|misty|
|teamsize|p1|6
|teamsize|p2|6
|gen|3
|tier|[Gen 3] OU
|rule|Sleep Clause Mod: Limit one foe put to sleep
|rule|Switch Priority Clause Mod: Faster Pokémon switch first
|rule|Species Clause: Limit one of each Pokémon
|rule|OHKO Clause: OHKO moves are banned
|rule|Evasion Items Clause: Evasion items are banned
|rule|Evasion Moves Clause: Evasion moves are banned
|rule|Endless Battle Clause: Forcing endless battles is banned
|rule|HP Percentage Mod: HP is shown in percentages
|rule|One Boost Passer Clause: Limit one Baton Passer that has a way to boost its stats
|rule|Freeze Clause Mod: Limit one foe frozen
|
|t:|1728514964
|start
|switch|p1a: Tyranitar|Tyranitar, F|100/100
|switch|p2a: Ceres|Celebi|100/100
|-weather|Sandstorm|[from] ability: Sand Stream|[of] p1a: Tyranitar
|turn|1
|c|☆bugcondition|gl hf
|c|☆mrsunsmash|glhf
|inactive|bugcondition has 270 seconds left.
|
|t:|1728515010
|move|p2a: Ceres|Light Screen|p2a: Ceres
|-sidestart|p2: bugcondition|Light Screen
|move|p1a: Tyranitar|Crunch|p2a: Ceres
|-supereffective|p2a: Ceres
|-damage|p2a: Ceres|67/100
|
|-weather|Sandstorm|[upkeep]
|-damage|p2a: Ceres|61/100|[from] Sandstorm
|-heal|p2a: Ceres|67/100|[from] item: Leftovers
|upkeep
|turn|2
|
|t:|1728515018
|move|p2a: Ceres|Leech Seed|p1a: Tyranitar
|-start|p1a: Tyranitar|move: Leech Seed
|move|p1a: Tyranitar|Roar|p2a: Ceres
|drag|p2a: Io|Magneton, shiny|100/100
|
|-weather|Sandstorm|[upkeep]
|-damage|p1a: Tyranitar|88/100|[from] Leech Seed|[of] p2a: Io
|upkeep
|turn|3
|
|t:|1728515033
|switch|p2a: Luna-T|Skarmory, M|100/100
|switch|p1a: Blissey|Blissey, F|100/100
|
|-weather|Sandstorm|[upkeep]
|-damage|p1a: Blissey|94/100|[from] Sandstorm
|-heal|p1a: Blissey|100/100|[from] item: Leftovers
|upkeep
|turn|4
|
|t:|1728515045
|switch|p1a: Starmie|Starmie|100/100
|move|p2a: Luna-T|Spikes|p1a: Starmie
|-sidestart|p1: mrsunsmash|Spikes
|
|-weather|Sandstorm|[upkeep]
|-damage|p1a: Starmie|94/100|[from] Sandstorm
|-heal|p1a: Starmie|100/100|[from] item: Leftovers
|upkeep
|turn|5
|
|t:|1728515065
|move|p1a: Starmie|Thunder Wave|p2a: Luna-T
|-status|p2a: Luna-T|par
|move|p2a: Luna-T|Spikes|p1a: Starmie
|-sidestart|p1: mrsunsmash|Spikes
|
|-sideend|p2: bugcondition|Light Screen
|-weather|Sandstorm|[upkeep]
|-damage|p1a: Starmie|94/100|[from] Sandstorm
|-heal|p1a: Starmie|100/100|[from] item: Leftovers
|upkeep
|turn|6
|
|t:|1728515075
|move|p1a: Starmie|Rapid Spin|p2a: Luna-T
|-resisted|p2a: Luna-T
|-damage|p2a: Luna-T|99/100 par
|-sideend|p1: mrsunsmash|Spikes|[from] move: Rapid Spin|[of] p1a: Starmie
|move|p2a: Luna-T|Whirlwind|p1a: Starmie
|drag|p1a: Skarmory|Skarmory, M|100/100
|
|-weather|Sandstorm|[upkeep]
|-heal|p2a: Luna-T|100/100 par|[from] item: Leftovers
|upkeep
|turn|7
|
|t:|1728515084
|switch|p1a: Tyranitar|Tyranitar, F|88/100
|move|p2a: Luna-T|Spikes|p1a: Tyranitar
|-sidestart|p1: mrsunsmash|Spikes
|
|-weather|Sandstorm|[upkeep]
|-heal|p1a: Tyranitar|94/100|[from] item: Leftovers
|upkeep
|turn|8
|
|t:|1728515112
|switch|p2a: Europa|Swampert, F, shiny|100/100
|move|p1a: Tyranitar|Flamethrower|p2a: Europa
|-resisted|p2a: Europa
|-damage|p2a: Europa|89/100
|
|-weather|Sandstorm|[upkeep]
|-heal|p1a: Tyranitar|100/100|[from] item: Leftovers
|-heal|p2a: Europa|95/100|[from] item: Leftovers
|upkeep
|turn|9
|
|t:|1728515129
|switch|p1a: Starmie|Starmie|100/100
|-damage|p1a: Starmie|88/100|[from] Spikes
|move|p2a: Europa|Surf|p1a: Starmie
|-resisted|p1a: Starmie
|-damage|p1a: Starmie|71/100
|
|-weather|Sandstorm|[upkeep]
|-damage|p1a: Starmie|64/100|[from] Sandstorm
|-heal|p1a: Starmie|71/100|[from] item: Leftovers
|-heal|p2a: Europa|100/100|[from] item: Leftovers
|upkeep
|turn|10
|
|t:|1728515137
|move|p2a: Europa|Protect|p2a: Europa
|-singleturn|p2a: Europa|Protect
|move|p1a: Starmie|Rapid Spin|p2a: Europa
|-activate|p2a: Europa|Protect
|
|-weather|Sandstorm|[upkeep]
|-damage|p1a: Starmie|64/100|[from] Sandstorm
|-heal|p1a: Starmie|71/100|[from] item: Leftovers
|upkeep
|turn|11
|
|t:|1728515142
|move|p1a: Starmie|Recover|p1a: Starmie
|-heal|p1a: Starmie|100/100
|move|p2a: Europa|Toxic|p1a: Starmie
|-status|p1a: Starmie|tox
|
|-weather|Sandstorm|[upkeep]
|-damage|p1a: Starmie|94/100 tox|[from] Sandstorm
|-heal|p1a: Starmie|100/100 tox|[from] item: Leftovers
|-damage|p1a: Starmie|94/100 tox|[from] psn
|upkeep
|turn|12
|
|t:|1728515162
|-curestatus|p1a: Starmie|tox|[from] ability: Natural Cure
|switch|p1a: Skarmory|Skarmory, M|100/100
|switch|p2a: Luna-T|Skarmory, M|100/100 par
|
|-weather|Sandstorm|[upkeep]
|upkeep
|turn|13
|
|t:|1728515174
|move|p2a: Luna-T|Spikes|p1a: Skarmory
|-sidestart|p1: mrsunsmash|Spikes
|move|p1a: Skarmory|Roar|p2a: Luna-T
|drag|p2a: Io|Magneton, shiny|100/100
|
|-weather|Sandstorm|[upkeep]
|upkeep
|turn|14
|c|☆mrsunsmash|rip
|
|t:|1728515188
|move|p2a: Io|Thunder|p1a: Skarmory|[miss]
|-miss|p2a: Io|p1a: Skarmory
|move|p1a: Skarmory|Spikes|p2a: Io
|-sidestart|p2: bugcondition|Spikes
|
|-weather|Sandstorm|[upkeep]
|upkeep
|turn|15
|
|t:|1728515194
|move|p2a: Io|Thunder|p1a: Skarmory|[miss]
|-miss|p2a: Io|p1a: Skarmory
|move|p1a: Skarmory|Roar|p2a: Io
|drag|p2a: Theia|Aerodactyl, F, shiny|100/100
|
|-weather|Sandstorm|[upkeep]
|upkeep
|turn|16
|c|☆bugcondition|so it goes
|c|☆mrsunsmash|lol
|inactive|bugcondition has 270 seconds left.
|
|t:|1728515231
|move|p2a: Theia|Hidden Power|p1a: Skarmory
|-resisted|p1a: Skarmory
|-damage|p1a: Skarmory|95/100
|move|p1a: Skarmory|Roar|p2a: Theia
|drag|p2a: Europa|Swampert, F, shiny|100/100
|-damage|p2a: Europa|88/100|[from] Spikes
|
|-weather|Sandstorm|[upkeep]
|-heal|p1a: Skarmory|100/100|[from] item: Leftovers
|-heal|p2a: Europa|94/100|[from] item: Leftovers
|upkeep
|turn|17
|inactive|bugcondition has 270 seconds left.
|
|t:|1728515243
|move|p2a: Europa|Surf|p1a: Skarmory
|-damage|p1a: Skarmory|73/100
|move|p1a: Skarmory|Roar|p2a: Europa
|drag|p2a: Theia|Aerodactyl, F, shiny|100/100
|
|-weather|Sandstorm|[upkeep]
|-heal|p1a: Skarmory|79/100|[from] item: Leftovers
|upkeep
|turn|18
|
|t:|1728515256
|move|p2a: Theia|Rock Slide|p1a: Skarmory
|-damage|p1a: Skarmory|36/100
|cant|p1a: Skarmory|flinch
|
|-weather|Sandstorm|[upkeep]
|-heal|p1a: Skarmory|42/100|[from] item: Leftovers
|upkeep
|turn|19
|
|t:|1728515265
|switch|p1a: Metagross|Metagross|100/100
|-damage|p1a: Metagross|84/100|[from] Spikes
|move|p2a: Theia|Rock Slide|p1a: Metagross
|-resisted|p1a: Metagross
|-damage|p1a: Metagross|63/100
|
|-weather|Sandstorm|[upkeep]
|-heal|p1a: Metagross|69/100|[from] item: Leftovers
|upkeep
|turn|20
|inactive|bugcondition has 270 seconds left.
|
|t:|1728515312
|switch|p2a: Io|Magneton, shiny|100/100
|-damage|p2a: Io|88/100|[from] Spikes
|switch|p1a: Starmie|Starmie|94/100
|-damage|p1a: Starmie|78/100|[from] Spikes
|
|-weather|Sandstorm|[upkeep]
|-damage|p1a: Starmie|71/100|[from] Sandstorm
|-heal|p1a: Starmie|78/100|[from] item: Leftovers
|-heal|p2a: Io|94/100|[from] item: Leftovers
|upkeep
|turn|21
|
|t:|1728515336
|move|p1a: Starmie|Rapid Spin|p2a: Io
|-resisted|p2a: Io
|-damage|p2a: Io|92/100
|-sideend|p1: mrsunsmash|Spikes|[from] move: Rapid Spin|[of] p1a: Starmie
|move|p2a: Io|Thunder|p1a: Starmie
|-supereffective|p1a: Starmie
|-damage|p1a: Starmie|0 fnt
|faint|p1a: Starmie
|inactive|mrsunsmash has 270 seconds left.
|
|t:|1728515352
|switch|p1a: Salamence|Salamence, M|100/100
|-ability|p1a: Salamence|Intimidate|boost
|-unboost|p2a: Io|atk|1
|
|-weather|Sandstorm|[upkeep]
|-damage|p1a: Salamence|94/100|[from] Sandstorm
|-heal|p1a: Salamence|100/100|[from] item: Leftovers
|-heal|p2a: Io|98/100|[from] item: Leftovers
|upkeep
|turn|22
|inactive|bugcondition has 270 seconds left.
|
|t:|1728515367
|move|p1a: Salamence|Fire Blast|p2a: Io
|-supereffective|p2a: Io
|-damage|p2a: Io|0 fnt
|faint|p2a: Io
|inactive|bugcondition has 270 seconds left.
|
|t:|1728515379
|switch|p2a: Theia|Aerodactyl, F, shiny|100/100
|
|-weather|Sandstorm|[upkeep]
|-damage|p1a: Salamence|94/100|[from] Sandstorm
|-heal|p1a: Salamence|100/100|[from] item: Leftovers
|upkeep
|turn|23
|inactive|bugcondition has 270 seconds left.
|
|t:|1728515390
|switch|p1a: Tyranitar|Tyranitar, F|100/100
|move|p2a: Theia|Rock Slide|p1a: Tyranitar
|-damage|p1a: Tyranitar|59/100
|
|-weather|Sandstorm|[upkeep]
|-heal|p1a: Tyranitar|65/100|[from] item: Leftovers
|upkeep
|turn|24
|inactive|bugcondition has 270 seconds left.
|
|t:|1728515406
|-activate|p2a: Theia|move: Pursuit
|move|p1a: Tyranitar|Pursuit|p2a: Theia|[from]Pursuit
|-damage|p2a: Theia|46/100
|switch|p2a: Europa|Swampert, F, shiny|94/100
|-damage|p2a: Europa|82/100|[from] Spikes
|
|-weather|Sandstorm|[upkeep]
|-heal|p1a: Tyranitar|71/100|[from] item: Leftovers
|-heal|p2a: Europa|88/100|[from] item: Leftovers
|upkeep
|turn|25
|inactive|bugcondition has 270 seconds left.
|
|t:|1728515425
|switch|p1a: Blissey|Blissey, F|100/100
|move|p2a: Europa|Surf|p1a: Blissey
|-damage|p1a: Blissey|88/100
|
|-weather|Sandstorm|[upkeep]
|-damage|p1a: Blissey|82/100|[from] Sandstorm
|-heal|p1a: Blissey|88/100|[from] item: Leftovers
|-heal|p2a: Europa|94/100|[from] item: Leftovers
|upkeep
|turn|26
|inactive|bugcondition has 270 seconds left.
|
|t:|1728515436
|switch|p1a: Skarmory|Skarmory, M|42/100
|move|p2a: Europa|Protect||[still]
|-fail|p2a: Europa
|
|-weather|Sandstorm|[upkeep]
|-heal|p1a: Skarmory|48/100|[from] item: Leftovers
|-heal|p2a: Europa|100/100|[from] item: Leftovers
|upkeep
|turn|27
|
|t:|1728515440
|switch|p1a: Blissey|Blissey, F|88/100
|move|p2a: Europa|Surf|p1a: Blissey
|-damage|p1a: Blissey|76/100
|
|-weather|Sandstorm|[upkeep]
|-damage|p1a: Blissey|69/100|[from] Sandstorm
|-heal|p1a: Blissey|76/100|[from] item: Leftovers
|upkeep
|turn|28
|
|t:|1728515450
|move|p2a: Europa|Protect|p2a: Europa
|-singleturn|p2a: Europa|Protect
|move|p1a: Blissey|Ice Beam|p2a: Europa
|-activate|p2a: Europa|Protect
|
|-weather|Sandstorm|[upkeep]
|-damage|p1a: Blissey|69/100|[from] Sandstorm
|-heal|p1a: Blissey|76/100|[from] item: Leftovers
|upkeep
|turn|29
|
|t:|1728515466
|switch|p2a: Luna-T|Skarmory, M|100/100 par
|move|p1a: Blissey|Ice Beam|p2a: Luna-T
|-damage|p2a: Luna-T|77/100 par
|
|-weather|Sandstorm|[upkeep]
|-damage|p1a: Blissey|69/100|[from] Sandstorm
|-heal|p1a: Blissey|76/100|[from] item: Leftovers
|-heal|p2a: Luna-T|83/100 par|[from] item: Leftovers
|upkeep
|turn|30
|
|t:|1728515477
|move|p1a: Blissey|Thunderbolt|p2a: Luna-T
|-supereffective|p2a: Luna-T
|-damage|p2a: Luna-T|39/100 par
|move|p2a: Luna-T|Spikes|p1a: Blissey
|-sidestart|p1: mrsunsmash|Spikes
|
|-weather|Sandstorm|[upkeep]
|-damage|p1a: Blissey|69/100|[from] Sandstorm
|-heal|p1a: Blissey|76/100|[from] item: Leftovers
|-heal|p2a: Luna-T|45/100 par|[from] item: Leftovers
|upkeep
|turn|31
|
|t:|1728515489
|move|p2a: Luna-T|Protect|p2a: Luna-T
|-singleturn|p2a: Luna-T|Protect
|move|p1a: Blissey|Calm Mind|p1a: Blissey
|-boost|p1a: Blissey|spa|1
|-boost|p1a: Blissey|spd|1
|
|-weather|Sandstorm|[upkeep]
|-damage|p1a: Blissey|69/100|[from] Sandstorm
|-heal|p1a: Blissey|76/100|[from] item: Leftovers
|-heal|p2a: Luna-T|51/100 par|[from] item: Leftovers
|upkeep
|turn|32
|
|t:|1728515504
|switch|p2a: Europa|Swampert, F, shiny|100/100
|-damage|p2a: Europa|88/100|[from] Spikes
|move|p1a: Blissey|Thunderbolt|p2a: Europa
|-immune|p2a: Europa
|
|-weather|Sandstorm|[upkeep]
|-damage|p1a: Blissey|69/100|[from] Sandstorm
|-heal|p1a: Blissey|76/100|[from] item: Leftovers
|-heal|p2a: Europa|94/100|[from] item: Leftovers
|upkeep
|turn|33
|
|t:|1728515515
|switch|p1a: Skarmory|Skarmory, M|48/100
|move|p2a: Europa|Toxic|p1a: Skarmory
|-immune|p1a: Skarmory
|
|-weather|Sandstorm|[upkeep]
|-heal|p1a: Skarmory|54/100|[from] item: Leftovers
|-heal|p2a: Europa|100/100|[from] item: Leftovers
|upkeep
|turn|34
|
|t:|1728515526
|move|p1a: Skarmory|Protect|p1a: Skarmory
|-singleturn|p1a: Skarmory|Protect
|move|p2a: Europa|Surf|p1a: Skarmory
|-activate|p1a: Skarmory|Protect
|
|-weather|Sandstorm|[upkeep]
|-heal|p1a: Skarmory|60/100|[from] item: Leftovers
|upkeep
|turn|35
|
|t:|1728515530
|move|p1a: Skarmory|Spikes|p2a: Europa
|-sidestart|p2: bugcondition|Spikes
|move|p2a: Europa|Surf|p1a: Skarmory
|-damage|p1a: Skarmory|35/100
|
|-weather|Sandstorm|[upkeep]
|-heal|p1a: Skarmory|41/100|[from] item: Leftovers
|upkeep
|turn|36
|
|t:|1728515553
|move|p1a: Skarmory|Protect|p1a: Skarmory
|-singleturn|p1a: Skarmory|Protect
|move|p2a: Europa|Surf|p1a: Skarmory
|-activate|p1a: Skarmory|Protect
|
|-weather|Sandstorm|[upkeep]
|-heal|p1a: Skarmory|47/100|[from] item: Leftovers
|upkeep
|turn|37
|
|t:|1728515557
|switch|p1a: Blissey|Blissey, F|76/100
|-damage|p1a: Blissey|63/100|[from] Spikes
|move|p2a: Europa|Surf|p1a: Blissey
|-damage|p1a: Blissey|52/100
|
|-weather|Sandstorm|[upkeep]
|-damage|p1a: Blissey|46/100|[from] Sandstorm
|-heal|p1a: Blissey|52/100|[from] item: Leftovers
|upkeep
|turn|38
|
|t:|1728515562
|move|p1a: Blissey|Soft-Boiled|p1a: Blissey
|-heal|p1a: Blissey|100/100
|move|p2a: Europa|Toxic|p1a: Blissey|[miss]
|-miss|p2a: Europa|p1a: Blissey
|
|-weather|Sandstorm|[upkeep]
|-damage|p1a: Blissey|94/100|[from] Sandstorm
|-heal|p1a: Blissey|100/100|[from] item: Leftovers
|upkeep
|turn|39
|
|t:|1728515568
|move|p1a: Blissey|Calm Mind|p1a: Blissey
|-boost|p1a: Blissey|spa|1
|-boost|p1a: Blissey|spd|1
|move|p2a: Europa|Toxic|p1a: Blissey
|-status|p1a: Blissey|tox
|
|-weather|Sandstorm|[upkeep]
|-damage|p1a: Blissey|94/100 tox|[from] Sandstorm
|-heal|p1a: Blissey|100/100 tox|[from] item: Leftovers
|-damage|p1a: Blissey|94/100 tox|[from] psn
|upkeep
|turn|40
|
|t:|1728515575
|move|p1a: Blissey|Ice Beam|p2a: Europa
|-damage|p2a: Europa|69/100
|move|p2a: Europa|Surf|p1a: Blissey
|-damage|p1a: Blissey|87/100 tox
|
|-weather|Sandstorm|[upkeep]
|-damage|p1a: Blissey|81/100 tox|[from] Sandstorm
|-heal|p1a: Blissey|87/100 tox|[from] item: Leftovers
|-damage|p1a: Blissey|75/100 tox|[from] psn
|-heal|p2a: Europa|75/100|[from] item: Leftovers
|upkeep
|turn|41
|
|t:|1728515593
|-curestatus|p1a: Blissey|tox|[from] ability: Natural Cure
|switch|p1a: Skarmory|Skarmory, M|47/100
|move|p2a: Europa|Protect||[still]
|-fail|p2a: Europa
|
|-weather|Sandstorm|[upkeep]
|-heal|p1a: Skarmory|53/100|[from] item: Leftovers
|-heal|p2a: Europa|81/100|[from] item: Leftovers
|upkeep
|turn|42
|
|t:|1728515609
|switch|p2a: Theia|Aerodactyl, F, shiny|46/100
|move|p1a: Skarmory|Protect||[still]
|-fail|p1a: Skarmory
|
|-weather|Sandstorm|[upkeep]
|-heal|p1a: Skarmory|59/100|[from] item: Leftovers
|upkeep
|turn|43
|
|t:|1728515615
|move|p1a: Skarmory|Protect|p1a: Skarmory
|-singleturn|p1a: Skarmory|Protect
|move|p2a: Theia|Rock Slide|p1a: Skarmory
|-activate|p1a: Skarmory|Protect
|
|-weather|Sandstorm|[upkeep]
|-heal|p1a: Skarmory|65/100|[from] item: Leftovers
|upkeep
|turn|44
|
|t:|1728515622
|switch|p1a: Metagross|Metagross|69/100
|-damage|p1a: Metagross|56/100|[from] Spikes
|move|p2a: Theia|Rock Slide|p1a: Metagross|[miss]
|-miss|p2a: Theia|p1a: Metagross
|
|-weather|Sandstorm|[upkeep]
|-heal|p1a: Metagross|62/100|[from] item: Leftovers
|upkeep
|turn|45
|inactive|bugcondition has 270 seconds left.
|
|t:|1728515661
|switch|p2a: Luna-T|Skarmory, M|51/100 par
|switch|p1a: Skarmory|Skarmory, M|65/100
|
|-weather|Sandstorm|[upkeep]
|-heal|p1a: Skarmory|71/100|[from] item: Leftovers
|-heal|p2a: Luna-T|57/100 par|[from] item: Leftovers
|upkeep
|turn|46
|
|t:|1728515668
|move|p1a: Skarmory|Spikes|p2a: Luna-T
|-sidestart|p2: bugcondition|Spikes
|move|p2a: Luna-T|Spikes|p1a: Skarmory
|-sidestart|p1: mrsunsmash|Spikes
|
|-weather|Sandstorm|[upkeep]
|-heal|p1a: Skarmory|77/100|[from] item: Leftovers
|-heal|p2a: Luna-T|63/100 par|[from] item: Leftovers
|upkeep
|turn|47
|
|t:|1728515682
|switch|p1a: Blissey|Blissey, F|75/100
|-damage|p1a: Blissey|58/100|[from] Spikes
|move|p2a: Luna-T|Spikes|p1a: Blissey
|-sidestart|p1: mrsunsmash|Spikes
|
|-weather|Sandstorm|[upkeep]
|-damage|p1a: Blissey|52/100|[from] Sandstorm
|-heal|p1a: Blissey|58/100|[from] item: Leftovers
|-heal|p2a: Luna-T|69/100 par|[from] item: Leftovers
|upkeep
|turn|48
|
|t:|1728515691
|switch|p2a: Europa|Swampert, F, shiny|81/100
|-damage|p2a: Europa|56/100|[from] Spikes
|move|p1a: Blissey|Soft-Boiled|p1a: Blissey
|-heal|p1a: Blissey|100/100
|
|-weather|Sandstorm|[upkeep]
|-damage|p1a: Blissey|94/100|[from] Sandstorm
|-heal|p1a: Blissey|100/100|[from] item: Leftovers
|-heal|p2a: Europa|63/100|[from] item: Leftovers
|upkeep
|turn|49
|
|t:|1728515698
|switch|p1a: Skarmory|Skarmory, M|77/100
|move|p2a: Europa|Toxic|p1a: Skarmory|[miss]
|-miss|p2a: Europa|p1a: Skarmory
|
|-weather|Sandstorm|[upkeep]
|-heal|p1a: Skarmory|83/100|[from] item: Leftovers
|-heal|p2a: Europa|69/100|[from] item: Leftovers
|upkeep
|turn|50
|
|t:|1728515710
|switch|p2a: Theia|Aerodactyl, F, shiny|46/100
|move|p1a: Skarmory|Protect||[still]
|-fail|p1a: Skarmory
|
|-weather|Sandstorm|[upkeep]
|-heal|p1a: Skarmory|89/100|[from] item: Leftovers
|upkeep
|turn|51
|
|t:|1728515716
|move|p2a: Theia|Rock Slide|p1a: Skarmory
|-damage|p1a: Skarmory|49/100
|move|p1a: Skarmory|Toxic|p2a: Theia|[miss]
|-miss|p1a: Skarmory|p2a: Theia
|
|-weather|Sandstorm|[upkeep]
|-heal|p1a: Skarmory|55/100|[from] item: Leftovers
|upkeep
|turn|52
|
|t:|1728515722
|move|p1a: Skarmory|Protect|p1a: Skarmory
|-singleturn|p1a: Skarmory|Protect
|move|p2a: Theia|Rock Slide|p1a: Skarmory
|-activate|p1a: Skarmory|Protect
|
|-weather|Sandstorm|[upkeep]
|-heal|p1a: Skarmory|61/100|[from] item: Leftovers
|upkeep
|turn|53
|
|t:|1728515735
|move|p2a: Theia|Rock Slide|p1a: Skarmory
|-damage|p1a: Skarmory|19/100
|move|p1a: Skarmory|Toxic|p2a: Theia
|-status|p2a: Theia|tox
|
|-weather|Sandstorm|[upkeep]
|-damage|p2a: Theia|40/100 tox|[from] psn
|-heal|p1a: Skarmory|25/100|[from] item: Leftovers
|upkeep
|turn|54
|inactive|bugcondition has 270 seconds left.
|
|t:|1728515779
|move|p1a: Skarmory|Protect|p1a: Skarmory
|-singleturn|p1a: Skarmory|Protect
|move|p2a: Theia|Rock Slide|p1a: Skarmory
|-activate|p1a: Skarmory|Protect
|
|-weather|Sandstorm|[upkeep]
|-damage|p2a: Theia|28/100 tox|[from] psn
|-heal|p1a: Skarmory|31/100|[from] item: Leftovers
|upkeep
|turn|55
|
|t:|1728515786
|switch|p1a: Metagross|Metagross|62/100
|-damage|p1a: Metagross|37/100|[from] Spikes
|move|p2a: Theia|Rock Slide|p1a: Metagross
|-resisted|p1a: Metagross
|-damage|p1a: Metagross|15/100
|
|-weather|Sandstorm|[upkeep]
|-damage|p2a: Theia|10/100 tox|[from] psn
|-heal|p1a: Metagross|21/100|[from] item: Leftovers
|upkeep
|turn|56
|
|t:|1728515791
|move|p1a: Metagross|Protect|p1a: Metagross
|-singleturn|p1a: Metagross|Protect
|move|p2a: Theia|Rock Slide|p1a: Metagross
|-activate|p1a: Metagross|Protect
|
|-weather|Sandstorm|[upkeep]
|-damage|p2a: Theia|0 fnt|[from] psn
|faint|p2a: Theia
|-heal|p1a: Metagross|27/100|[from] item: Leftovers
|upkeep
|inactive|bugcondition has 270 seconds left.
|
|t:|1728515817
|switch|p2a: Europa|Swampert, F, shiny|69/100
|-damage|p2a: Europa|44/100|[from] Spikes
|turn|57
|
|t:|1728515848
|move|p2a: Europa|Protect|p2a: Europa
|-singleturn|p2a: Europa|Protect
|move|p1a: Metagross|Earthquake|p2a: Europa
|-activate|p2a: Europa|Protect
|
|-weather|Sandstorm|[upkeep]
|-heal|p1a: Metagross|33/100|[from] item: Leftovers
|-heal|p2a: Europa|50/100|[from] item: Leftovers
|upkeep
|turn|58
|
|t:|1728515851
|switch|p2a: Luna-T|Skarmory, M|69/100 par
|move|p1a: Metagross|Explosion|p2a: Luna-T
|-resisted|p2a: Luna-T
|-damage|p2a: Luna-T|0 fnt
|faint|p1a: Metagross
|faint|p2a: Luna-T
|
|t:|1728515857
|switch|p1a: Salamence|Salamence, M|100/100
|switch|p2a: Europa|Swampert, F, shiny|50/100
|-ability|p1a: Salamence|Intimidate|boost
|-unboost|p2a: Europa|atk|1
|-damage|p2a: Europa|25/100|[from] Spikes
|
|-weather|Sandstorm|[upkeep]
|-damage|p1a: Salamence|94/100|[from] Sandstorm
|-heal|p1a: Salamence|100/100|[from] item: Leftovers
|-heal|p2a: Europa|31/100|[from] item: Leftovers
|upkeep
|turn|59
|inactive|bugcondition has 270 seconds left.
|
|t:|1728515890
|move|p1a: Salamence|Hidden Power|p2a: Europa
|-supereffective|p2a: Europa
|-damage|p2a: Europa|0 fnt
|faint|p2a: Europa
|inactive|bugcondition has 240 seconds left.
|
|t:|1728515906
|switch|p2a: Ceres|Celebi|67/100
|-damage|p2a: Ceres|42/100|[from] Spikes
|
|-weather|Sandstorm|[upkeep]
|-damage|p1a: Salamence|94/100|[from] Sandstorm
|-damage|p2a: Ceres|36/100|[from] Sandstorm
|-heal|p1a: Salamence|100/100|[from] item: Leftovers
|-heal|p2a: Ceres|42/100|[from] item: Leftovers
|upkeep
|turn|60
|
|t:|1728515916
|move|p1a: Salamence|Fire Blast|p2a: Ceres|[miss]
|-miss|p1a: Salamence|p2a: Ceres
|move|p2a: Ceres|Leech Seed|p1a: Salamence
|-start|p1a: Salamence|move: Leech Seed
|
|-weather|Sandstorm|[upkeep]
|-damage|p1a: Salamence|94/100|[from] Sandstorm
|-damage|p2a: Ceres|36/100|[from] Sandstorm
|-heal|p1a: Salamence|100/100|[from] item: Leftovers
|-damage|p1a: Salamence|88/100|[from] Leech Seed|[of] p2a: Ceres
|-heal|p2a: Ceres|46/100|[silent]
|-heal|p2a: Ceres|52/100|[from] item: Leftovers
|upkeep
|turn|61
|inactive|bugcondition has 240 seconds left.
|
|t:|1728515932
|switch|p1a: Skarmory|Skarmory, M|31/100
|move|p2a: Ceres|Calm Mind|p2a: Ceres
|-boost|p2a: Ceres|spa|1
|-boost|p2a: Ceres|spd|1
|
|-weather|Sandstorm|[upkeep]
|-damage|p2a: Ceres|46/100|[from] Sandstorm
|-heal|p2a: Ceres|52/100|[from] item: Leftovers
|-heal|p1a: Skarmory|37/100|[from] item: Leftovers
|upkeep
|turn|62
|inactive|bugcondition has 240 seconds left.
|
|t:|1728515947
|move|p2a: Ceres|Leech Seed|p1a: Skarmory
|-start|p1a: Skarmory|move: Leech Seed
|move|p1a: Skarmory|Roar|p2a: Ceres
|drag|p2a: Mars|Tyranitar, F, shiny|100/100
|-damage|p2a: Mars|76/100|[from] Spikes
|
|-weather|Sandstorm|[upkeep]
|-heal|p1a: Skarmory|43/100|[from] item: Leftovers
|-damage|p1a: Skarmory|31/100|[from] Leech Seed|[of] p2a: Mars
|-heal|p2a: Mars|86/100|[silent]
|-heal|p2a: Mars|92/100|[from] item: Leftovers
|upkeep
|turn|63
|inactive|bugcondition has 240 seconds left.
|
|t:|1728515963
|move|p1a: Skarmory|Toxic|p2a: Mars
|-status|p2a: Mars|tox
|move|p2a: Mars|Fire Blast|p1a: Skarmory
|-supereffective|p1a: Skarmory
|-damage|p1a: Skarmory|0 fnt
|faint|p1a: Skarmory
|
|t:|1728515980
|switch|p1a: Blissey|Blissey, F|100/100
|-damage|p1a: Blissey|76/100|[from] Spikes
|
|-weather|Sandstorm|[upkeep]
|-damage|p1a: Blissey|69/100|[from] Sandstorm
|-heal|p1a: Blissey|76/100|[from] item: Leftovers
|-heal|p2a: Mars|98/100 tox|[from] item: Leftovers
|-damage|p2a: Mars|92/100 tox|[from] psn
|upkeep
|turn|64
|inactive|bugcondition has 240 seconds left.
|
|t:|1728516006
|move|p1a: Blissey|Soft-Boiled|p1a: Blissey
|-heal|p1a: Blissey|100/100
|move|p2a: Mars|Crunch|p1a: Blissey
|-damage|p1a: Blissey|85/100
|
|-weather|Sandstorm|[upkeep]
|-damage|p1a: Blissey|79/100|[from] Sandstorm
|-heal|p1a: Blissey|85/100|[from] item: Leftovers
|-heal|p2a: Mars|98/100 tox|[from] item: Leftovers
|-damage|p2a: Mars|86/100 tox|[from] psn
|upkeep
|turn|65
|
|t:|1728516017
|switch|p2a: Ceres|Celebi|52/100
|-damage|p2a: Ceres|27/100|[from] Spikes
|move|p1a: Blissey|Calm Mind|p1a: Blissey
|-boost|p1a: Blissey|spa|1
|-boost|p1a: Blissey|spd|1
|
|-weather|Sandstorm|[upkeep]
|-damage|p2a: Ceres|21/100|[from] Sandstorm
|-damage|p1a: Blissey|79/100|[from] Sandstorm
|-heal|p2a: Ceres|27/100|[from] item: Leftovers
|-heal|p1a: Blissey|85/100|[from] item: Leftovers
|upkeep
|turn|66
|inactive|bugcondition has 240 seconds left.
|
|t:|1728516040
|move|p2a: Ceres|Light Screen|p2a: Ceres
|-sidestart|p2: bugcondition|Light Screen
|move|p1a: Blissey|Ice Beam|p2a: Ceres
|-supereffective|p2a: Ceres
|-damage|p2a: Ceres|0 fnt
|faint|p2a: Ceres
|
|t:|1728516045
|switch|p2a: Mars|Tyranitar, F, shiny|86/100 tox
|-damage|p2a: Mars|61/100 tox|[from] Spikes
|
|-weather|Sandstorm|[upkeep]
|-damage|p1a: Blissey|79/100|[from] Sandstorm
|-heal|p1a: Blissey|85/100|[from] item: Leftovers
|-heal|p2a: Mars|67/100 tox|[from] item: Leftovers
|-damage|p2a: Mars|61/100 tox|[from] psn
|upkeep
|turn|67
|
|t:|1728516054
|move|p1a: Blissey|Ice Beam|p2a: Mars
|-damage|p2a: Mars|46/100 tox
|move|p2a: Mars|Crunch|p1a: Blissey
|-damage|p1a: Blissey|76/100
|
|-weather|Sandstorm|[upkeep]
|-damage|p1a: Blissey|70/100|[from] Sandstorm
|-heal|p1a: Blissey|76/100|[from] item: Leftovers
|-heal|p2a: Mars|53/100 tox|[from] item: Leftovers
|-damage|p2a: Mars|40/100 tox|[from] psn
|upkeep
|turn|68
|
|t:|1728516058
|move|p1a: Blissey|Ice Beam|p2a: Mars
|-damage|p2a: Mars|26/100 tox
|move|p2a: Mars|Crunch|p1a: Blissey
|-damage|p1a: Blissey|67/100
|
|-weather|Sandstorm|[upkeep]
|-damage|p1a: Blissey|61/100|[from] Sandstorm
|-heal|p1a: Blissey|67/100|[from] item: Leftovers
|-heal|p2a: Mars|32/100 tox|[from] item: Leftovers
|-damage|p2a: Mars|13/100 tox|[from] psn
|upkeep
|turn|69
|
|t:|1728516060
|move|p1a: Blissey|Ice Beam|p2a: Mars
|-damage|p2a: Mars|0 fnt
|faint|p2a: Mars
|
|win|mrsunsmash
|c|☆bugcondition|gg wp
|c|☆mrsunsmash|gg

</script>
<script type="application/json" class="data" id="replaydata-smogtours-gen3ou-796804">
{"id":"smogtours-gen3ou-796804","format":"[Gen 3] OU","players":["mrsunsmash","bugcondition"],"uploadtime":1728516060,"views":88,"formatid":"gen3ou","rating":null,"private":0,"password":null}
</script>

<script defer src="js/replays.js?9d40a366"></script>
