<!DOCTYPE html>
<meta charset="utf-8" />
<meta name="viewport" content="width=device-width" />

<title>[Gen 3] OU: Figull400 vs. GroundBack - Replays - Pok&eacute;mon Showdown!</title>

<meta name="description" content="Watch a replay of a Pok&eacute;mon battle between Figull400 and GroundBack! Format: [Gen 3] OU; Date: Oct 4, 2024" />
<!--

Hey, you! Looking in the source for the replay log?

You can find them in JSON format, just add `.json` at the end of a replay URL.

https://replay.pokemonshowdown.com/gen7randomdoublesbattle-865046831.json

Or, if you only need the log itself, add `.log` instead:

https://replay.pokemonshowdown.com/gen7randomdoublesbattle-865046831.log

-->

<link rel="stylesheet" href="//pokemonshowdown.com/style/global.css?0.767286132409787" />
<link rel="stylesheet" href="//play.pokemonshowdown.com/style/font-awesome.css?0.9266228007934947" />
<link rel="stylesheet" href="//play.pokemonshowdown.com/style/battle.css?0.7924700842790926" />
<link rel="stylesheet" href="//play.pokemonshowdown.com/style/utilichart.css?0.8777417872839479" />

<!-- Global site tag (gtag.js) - Google Analytics -->
<script async src="https://www.googletagmanager.com/gtag/js?id=UA-26211653-1"></script>
<script>
  window.dataLayer = window.dataLayer || [];
  function gtag(){dataLayer.push(arguments);}
  gtag('js', new Date());

  gtag('config', 'UA-26211653-1');
</script>
<!-- End Google Analytics -->
<!-- Venatus Ad Manager - Install in <HEAD> of page -->
	<script src="https://hb.vntsm.com/v3/live/ad-manager.min.js" type="text/javascript" data-site-id="642aba63ec9a7b11c3c9c1be" data-mode="scan" async></script>
<!-- / Venatus Ad Manager -->

<style>
	@media (max-width:820px) {
		.battle {
			margin: 0 auto;
		}
		.battle-log {
			margin: 7px auto 0;
			max-width: 640px;
			height: 300px;
			position: static;
		}
	}
	.optgroup {
		display: inline-block;
		line-height: 22px;
		font-size: 10pt;
	}
	.optgroup .button {
		height: 25px;
		padding-top: 0;
		padding-bottom: 0;
	}
	.optgroup button.button {
		padding-left: 12px;
		padding-right: 12px;
	}
	.linklist {
		list-style: none;
		margin: 0.5em 0;
		padding: 0;
	}
	.linklist li {
		padding: 2px 0;
	}
	.sidebar {
		float: left;
		width: 320px;
	}
	.bar-wrapper {
		max-width: 1100px;
		margin: 0 auto;
	}
	.bar-wrapper.has-sidebar {
		max-width: 1430px;
	}
	.mainbar {
		margin: 0;
		padding-right: 1px;
	}
	.mainbar.has-sidebar {
		margin-left: 330px;
	}
	@media (min-width: 1511px) {
		.sidebar {
			width: 400px;
		}
		.bar-wrapper.has-sidebar {
			max-width: 1510px;
		}
		.mainbar.has-sidebar {
			margin-left: 410px;
		}
	}
	.section.first-section {
		margin-top: 9px;
	}
	.blocklink small {
		white-space: normal;
	}
	.button {
		vertical-align: middle;
	}
	.replay-controls {
		padding-top: 10px;
	}
	.replay-controls h1 {
		font-size: 16pt;
		font-weight: normal;
		color: #CCC;
	}
	.pagelink {
		text-align: center;
	}
	.pagelink a {
		width: 150px;
	}
	.textbox, .button {
		font-size: 11pt;
		vertical-align: middle;
	}
	@media (max-width: 450px) {
		.button {
			font-size: 9pt;
		}
	}
</style>

<div>

	<header>
		<div class="nav-wrapper"><ul class="nav">
			<li><a class="button nav-first" href="//pokemonshowdown.com/"><img src="//pokemonshowdown.com/images/pokemonshowdownbeta.png" srcset="//pokemonshowdown.com/images/pokemonshowdownbeta.png 1x, //pokemonshowdown.com/images/pokemonshowdownbeta@2x.png 2x" alt="Pok&eacute;mon Showdown" width="146" height="44" /> Home</a></li>
			<li><a class="button" href="//pokemonshowdown.com/dex/">Pok&eacute;dex</a></li>
			<li><a class="button cur" href="/">Replays</a></li>
			<li><a class="button" href="//pokemonshowdown.com/ladder/">Ladder</a></li>
			<li><a class="button nav-last" href="//pokemonshowdown.com/forums/">Forum</a></li>
			<li><a class="button greenbutton nav-first nav-last" href="//play.pokemonshowdown.com/">Play</a></li>
		</ul></div>
	</header>

	<div class="main" id="main">

		<noscript><section class="section">You need to enable JavaScript to use this page; sorry!</section></noscript>

	</div>

</div>

<script defer nomodule src="//play.pokemonshowdown.com/js/lib/ps-polyfill.js"></script>
<script defer src="//play.pokemonshowdown.com/js/lib/preact.min.js"></script>

<script defer src="//play.pokemonshowdown.com/config/config.js?6dec07f6"></script>
<script defer src="//play.pokemonshowdown.com/js/lib/jquery-1.11.0.min.js"></script>
<script defer src="//play.pokemonshowdown.com/js/lib/html-sanitizer-minified.js"></script>
<script defer src="//play.pokemonshowdown.com/js/battle-sound.js"></script>
<script defer src="//play.pokemonshowdown.com/js/battledata.js?0.6315294753075389"></script>
<script defer src="//play.pokemonshowdown.com/data/pokedex-mini.js?0.7603743185311358"></script>
<script defer src="//play.pokemonshowdown.com/data/pokedex-mini-bw.js?0.030888842834281283"></script>
<script defer src="//play.pokemonshowdown.com/data/graphics.js?0.05593094747507488"></script>
<script defer src="//play.pokemonshowdown.com/data/pokedex.js?0.47064822249611904"></script>
<script defer src="//play.pokemonshowdown.com/data/moves.js?0.8583693120512459"></script>
<script defer src="//play.pokemonshowdown.com/data/abilities.js?0.16017181182386842"></script>
<script defer src="//play.pokemonshowdown.com/data/items.js?0.4163379185673943"></script>
<script defer src="//play.pokemonshowdown.com/data/teambuilder-tables.js?0.31075597372830477"></script>
<script defer src="//play.pokemonshowdown.com/js/battle-tooltips.js?0.6536193500708172"></script>
<script defer src="//play.pokemonshowdown.com/js/battle.js?0.1916591943277901"></script>

<script defer src="js/utils.js?e31f9a17"></script>
<script defer src="js/replays-battle.js?7008c182"></script>

<!-- don't scrape this data! just add .json or .log after the URL!
Full API docs: https://github.com/smogon/pokemon-showdown-client/blob/master/WEB-API.md -->
<script type="text/plain" class="log" id="replaylog-smogtours-gen3ou-794700">
|inactive|Battle timer is ON: inactive players will automatically lose when time's up.
|t:|1728073802
|gametype|singles
|player|p1|Figull400|gambler|
|player|p2|GroundBack|waiter-gen4dp|
|teamsize|p1|6
|teamsize|p2|6
|gen|3
|tier|[Gen 3] OU
|rule|Sleep Clause Mod: Limit one foe put to sleep
|rule|Switch Priority Clause Mod: Faster Pokémon switch first
|rule|Species Clause: Limit one of each Pokémon
|rule|OHKO Clause: OHKO moves are banned
|rule|Evasion Items Clause: Evasion items are banned
|rule|Evasion Moves Clause: Evasion moves are banned
|rule|Endless Battle Clause: Forcing endless battles is banned
|rule|HP Percentage Mod: HP is shown in percentages
|rule|One Boost Passer Clause: Limit one Baton Passer that has a way to boost its stats
|rule|Freeze Clause Mod: Limit one foe frozen
|
|t:|1728073802
|start
|switch|p1a: Skarmory|Skarmory, M|100/100
|switch|p2a: Jolteon|Jolteon, M|100/100
|turn|1
|c|☆Figull400|hf
|c|☆GroundBack|glhf
|
|t:|1728073810
|switch|p1a: Blissey|Blissey, F|100/100
|move|p2a: Jolteon|Thunder Wave|p1a: Blissey
|-status|p1a: Blissey|par
|
|upkeep
|turn|2
|
|t:|1728073819
|move|p2a: Jolteon|Baton Pass|p2a: Jolteon
|
|t:|1728073820
|switch|p2a: Skarmory|Skarmory, F|100/100|[from] Baton Pass
|move|p1a: Blissey|Ice Beam|p2a: Skarmory
|-damage|p2a: Skarmory|77/100
|
|-heal|p2a: Skarmory|83/100|[from] item: Leftovers
|upkeep
|turn|3
|
|t:|1728073822
|-curestatus|p1a: Blissey|par|[from] ability: Natural Cure
|switch|p1a: Skarmory|Skarmory, M|100/100
|move|p2a: Skarmory|Spikes|p1a: Skarmory
|-sidestart|p1: Figull400|Spikes
|
|-heal|p2a: Skarmory|89/100|[from] item: Leftovers
|upkeep
|turn|4
|
|t:|1728073836
|move|p2a: Skarmory|Spikes|p1a: Skarmory
|-sidestart|p1: Figull400|Spikes
|move|p1a: Skarmory|Spikes|p2a: Skarmory
|-sidestart|p2: GroundBack|Spikes
|
|-heal|p2a: Skarmory|95/100|[from] item: Leftovers
|upkeep
|turn|5
|
|t:|1728073839
|move|p2a: Skarmory|Spikes|p1a: Skarmory
|-sidestart|p1: Figull400|Spikes
|move|p1a: Skarmory|Spikes|p2a: Skarmory
|-sidestart|p2: GroundBack|Spikes
|
|-heal|p2a: Skarmory|100/100|[from] item: Leftovers
|upkeep
|turn|6
|
|t:|1728073844
|move|p1a: Skarmory|Spikes|p2a: Skarmory
|-sidestart|p2: GroundBack|Spikes
|move|p2a: Skarmory|Roar|p1a: Skarmory
|drag|p1a: Blissey|Blissey, F|100/100
|-damage|p1a: Blissey|76/100|[from] Spikes
|
|-heal|p1a: Blissey|82/100|[from] item: Leftovers
|upkeep
|turn|7
|
|t:|1728073849
|move|p2a: Skarmory|Toxic|p1a: Blissey
|-status|p1a: Blissey|tox
|move|p1a: Blissey|Seismic Toss|p2a: Skarmory
|-damage|p2a: Skarmory|71/100
|
|-heal|p2a: Skarmory|77/100|[from] item: Leftovers
|-heal|p1a: Blissey|88/100 tox|[from] item: Leftovers
|-damage|p1a: Blissey|82/100 tox|[from] psn
|upkeep
|turn|8
|
|t:|1728073856
|switch|p2a: Starmie|Starmie|100/100
|-damage|p2a: Starmie|76/100|[from] Spikes
|move|p1a: Blissey|Seismic Toss|p2a: Starmie
|-damage|p2a: Starmie|38/100
|
|-heal|p2a: Starmie|44/100|[from] item: Leftovers
|-heal|p1a: Blissey|88/100 tox|[from] item: Leftovers
|-damage|p1a: Blissey|76/100 tox|[from] psn
|upkeep
|turn|9
|
|t:|1728073861
|-curestatus|p1a: Blissey|tox|[from] ability: Natural Cure
|switch|p1a: Misdreavus|Misdreavus, F|100/100
|move|p2a: Starmie|Rapid Spin|p1a: Misdreavus
|-immune|p1a: Misdreavus
|
|-heal|p2a: Starmie|50/100|[from] item: Leftovers
|upkeep
|turn|10
|
|t:|1728073872
|switch|p2a: Skarmory|Skarmory, F|77/100
|move|p1a: Misdreavus|Thunderbolt|p2a: Skarmory
|-supereffective|p2a: Skarmory
|-damage|p2a: Skarmory|43/100
|
|-heal|p2a: Skarmory|49/100|[from] item: Leftovers
|upkeep
|turn|11
|
|t:|1728073876
|move|p2a: Skarmory|Protect|p2a: Skarmory
|-singleturn|p2a: Skarmory|Protect
|move|p1a: Misdreavus|Thunderbolt|p2a: Skarmory
|-activate|p2a: Skarmory|Protect
|
|-heal|p2a: Skarmory|55/100|[from] item: Leftovers
|upkeep
|turn|12
|
|t:|1728073883
|move|p1a: Misdreavus|Thunderbolt|p2a: Skarmory
|-supereffective|p2a: Skarmory
|-damage|p2a: Skarmory|17/100
|-status|p2a: Skarmory|par
|move|p2a: Skarmory|Toxic|p1a: Misdreavus
|-status|p1a: Misdreavus|tox
|
|-damage|p1a: Misdreavus|94/100 tox|[from] psn
|-heal|p2a: Skarmory|23/100 par|[from] item: Leftovers
|upkeep
|turn|13
|
|t:|1728073888
|switch|p1a: Blissey|Blissey, F|76/100
|-damage|p1a: Blissey|51/100|[from] Spikes
|move|p2a: Skarmory|Protect||[still]
|-fail|p2a: Skarmory
|
|-heal|p1a: Blissey|57/100|[from] item: Leftovers
|-heal|p2a: Skarmory|29/100 par|[from] item: Leftovers
|upkeep
|turn|14
|
|t:|1728073892
|move|p2a: Skarmory|Protect|p2a: Skarmory
|-singleturn|p2a: Skarmory|Protect
|move|p1a: Blissey|Aromatherapy|p1a: Blissey
|-cureteam|p1a: Blissey|[from] move: Aromatherapy
|
|-heal|p1a: Blissey|63/100|[from] item: Leftovers
|-heal|p2a: Skarmory|35/100 par|[from] item: Leftovers
|upkeep
|turn|15
|
|t:|1728073906
|move|p1a: Blissey|Soft-Boiled|p1a: Blissey
|-heal|p1a: Blissey|100/100
|move|p2a: Skarmory|Roar|p1a: Blissey
|drag|p1a: Skarmory|Skarmory, M|100/100
|
|-heal|p2a: Skarmory|41/100 par|[from] item: Leftovers
|upkeep
|turn|16
|
|t:|1728073917
|cant|p2a: Skarmory|par
|move|p1a: Skarmory|Roar|p2a: Skarmory
|drag|p2a: Gengar|Gengar, F|100/100
|
|upkeep
|turn|17
|
|t:|1728073923
|switch|p1a: Zapdos|Zapdos|100/100
|move|p2a: Gengar|Fire Punch|p1a: Zapdos
|-damage|p1a: Zapdos|82/100
|
|-heal|p1a: Zapdos|88/100|[from] item: Leftovers
|upkeep
|turn|18
|
|t:|1728073928
|move|p2a: Gengar|Ice Punch|p1a: Zapdos
|-supereffective|p1a: Zapdos
|-damage|p1a: Zapdos|49/100
|move|p1a: Zapdos|Thunderbolt|p2a: Gengar
|-damage|p2a: Gengar|37/100
|
|-heal|p2a: Gengar|43/100|[from] item: Leftovers
|-heal|p1a: Zapdos|55/100|[from] item: Leftovers
|upkeep
|turn|19
|
|t:|1728073936
|switch|p2a: Jolteon|Jolteon, M|100/100
|-damage|p2a: Jolteon|75/100|[from] Spikes
|move|p1a: Zapdos|Thunderbolt|p2a: Jolteon
|-heal|p2a: Jolteon|100/100|[from] ability: Volt Absorb|[of] p1a: Zapdos
|
|-heal|p1a: Zapdos|61/100|[from] item: Leftovers
|upkeep
|turn|20
|
|t:|1728073940
|move|p2a: Jolteon|Thunderbolt|p1a: Zapdos
|-damage|p1a: Zapdos|29/100
|move|p1a: Zapdos|Roar|p2a: Jolteon
|drag|p2a: Gengar|Gengar, F|43/100
|
|-heal|p2a: Gengar|49/100|[from] item: Leftovers
|-heal|p1a: Zapdos|35/100|[from] item: Leftovers
|upkeep
|turn|21
|
|t:|1728073953
|switch|p1a: Misdreavus|Misdreavus, F|94/100
|move|p2a: Gengar|Ice Punch|p1a: Misdreavus
|-damage|p1a: Misdreavus|72/100
|
|-heal|p2a: Gengar|55/100|[from] item: Leftovers
|-heal|p1a: Misdreavus|78/100|[from] item: Leftovers
|upkeep
|turn|22
|
|t:|1728073965
|move|p2a: Gengar|Ice Punch|p1a: Misdreavus
|-damage|p1a: Misdreavus|55/100
|move|p1a: Misdreavus|Perish Song|p1a: Misdreavus
|-start|p1a: Misdreavus|perish3|[silent]
|-start|p2a: Gengar|perish3|[silent]
|-fieldactivate|move: Perish Song
|
|-heal|p2a: Gengar|61/100|[from] item: Leftovers
|-heal|p1a: Misdreavus|61/100|[from] item: Leftovers
|-start|p2a: Gengar|perish3
|-start|p1a: Misdreavus|perish3
|upkeep
|turn|23
|
|t:|1728073973
|move|p2a: Gengar|Ice Punch|p1a: Misdreavus
|-damage|p1a: Misdreavus|41/100
|move|p1a: Misdreavus|Mean Look|p2a: Gengar
|-activate|p2a: Gengar|trapped
|
|-heal|p2a: Gengar|67/100|[from] item: Leftovers
|-heal|p1a: Misdreavus|47/100|[from] item: Leftovers
|-start|p2a: Gengar|perish2
|-start|p1a: Misdreavus|perish2
|upkeep
|turn|24
|
|t:|1728073977
|move|p2a: Gengar|Ice Punch|p1a: Misdreavus
|-damage|p1a: Misdreavus|26/100
|move|p1a: Misdreavus|Rest|p1a: Misdreavus
|-status|p1a: Misdreavus|slp|[from] move: Rest
|-heal|p1a: Misdreavus|100/100 slp|[silent]
|
|-heal|p2a: Gengar|73/100|[from] item: Leftovers
|-start|p2a: Gengar|perish1
|-start|p1a: Misdreavus|perish1
|upkeep
|turn|25
|
|t:|1728073983
|switch|p1a: Skarmory|Skarmory, M|100/100
|move|p2a: Gengar|Explosion|p1a: Skarmory
|-resisted|p1a: Skarmory
|-damage|p1a: Skarmory|69/100
|faint|p2a: Gengar
|
|t:|1728073989
|switch|p2a: Jolteon|Jolteon, M|100/100
|-damage|p2a: Jolteon|75/100|[from] Spikes
|
|-heal|p2a: Jolteon|82/100|[from] item: Leftovers
|-heal|p1a: Skarmory|75/100|[from] item: Leftovers
|upkeep
|turn|26
|
|t:|1728073993
|switch|p1a: Blissey|Blissey, F|100/100
|-damage|p1a: Blissey|76/100|[from] Spikes
|move|p2a: Jolteon|Baton Pass|p2a: Jolteon
|
|t:|1728073998
|switch|p2a: Skarmory|Skarmory, F|41/100 par|[from] Baton Pass
|
|-heal|p1a: Blissey|82/100|[from] item: Leftovers
|-heal|p2a: Skarmory|47/100 par|[from] item: Leftovers
|upkeep
|turn|27
|
|t:|1728074002
|move|p1a: Blissey|Aromatherapy|p1a: Blissey
|-cureteam|p1a: Blissey|[from] move: Aromatherapy
|move|p2a: Skarmory|Roar|p1a: Blissey
|drag|p1a: Misdreavus|Misdreavus, F|100/100
|
|-heal|p2a: Skarmory|53/100 par|[from] item: Leftovers
|upkeep
|turn|28
|
|t:|1728074007
|switch|p1a: Zapdos|Zapdos|35/100
|move|p2a: Skarmory|Protect||[still]
|-fail|p2a: Skarmory
|
|-heal|p1a: Zapdos|41/100|[from] item: Leftovers
|-heal|p2a: Skarmory|59/100 par|[from] item: Leftovers
|upkeep
|turn|29
|
|t:|1728074010
|move|p2a: Skarmory|Protect|p2a: Skarmory
|-singleturn|p2a: Skarmory|Protect
|move|p1a: Zapdos|Rest|p1a: Zapdos
|-status|p1a: Zapdos|slp|[from] move: Rest
|-heal|p1a: Zapdos|100/100 slp|[silent]
|
|-heal|p2a: Skarmory|65/100 par|[from] item: Leftovers
|upkeep
|turn|30
|
|t:|1728074015
|switch|p2a: Tyranitar|Tyranitar, F|100/100
|-damage|p2a: Tyranitar|76/100|[from] Spikes
|-weather|Sandstorm|[from] ability: Sand Stream|[of] p2a: Tyranitar
|cant|p1a: Zapdos|slp
|move|p1a: Zapdos|Sleep Talk|p1a: Zapdos
|move|p1a: Zapdos|Roar|p2a: Tyranitar|[from]Sleep Talk
|drag|p2a: Starmie|Starmie|50/100
|-damage|p2a: Starmie|25/100|[from] Spikes
|
|-weather|Sandstorm|[upkeep]
|-damage|p2a: Starmie|19/100|[from] Sandstorm
|-damage|p1a: Zapdos|94/100 slp|[from] Sandstorm
|-heal|p2a: Starmie|25/100|[from] item: Leftovers
|-heal|p1a: Zapdos|100/100 slp|[from] item: Leftovers
|upkeep
|turn|31
|
|t:|1728074019
|switch|p1a: Misdreavus|Misdreavus, F|100/100
|move|p2a: Starmie|Rapid Spin|p1a: Misdreavus
|-immune|p1a: Misdreavus
|
|-weather|Sandstorm|[upkeep]
|-damage|p2a: Starmie|19/100|[from] Sandstorm
|-damage|p1a: Misdreavus|94/100|[from] Sandstorm
|-heal|p2a: Starmie|25/100|[from] item: Leftovers
|-heal|p1a: Misdreavus|100/100|[from] item: Leftovers
|upkeep
|turn|32
|
|t:|1728074023
|switch|p2a: Jolteon|Jolteon, M|82/100
|-damage|p2a: Jolteon|57/100|[from] Spikes
|move|p1a: Misdreavus|Thunderbolt|p2a: Jolteon
|-heal|p2a: Jolteon|82/100|[from] ability: Volt Absorb|[of] p1a: Misdreavus
|
|-weather|Sandstorm|[upkeep]
|-damage|p2a: Jolteon|75/100|[from] Sandstorm
|-damage|p1a: Misdreavus|94/100|[from] Sandstorm
|-heal|p2a: Jolteon|82/100|[from] item: Leftovers
|-heal|p1a: Misdreavus|100/100|[from] item: Leftovers
|upkeep
|turn|33
|
|t:|1728074028
|move|p2a: Jolteon|Thunder Wave|p1a: Misdreavus
|-status|p1a: Misdreavus|par
|move|p1a: Misdreavus|Perish Song|p1a: Misdreavus
|-start|p1a: Misdreavus|perish3|[silent]
|-start|p2a: Jolteon|perish3|[silent]
|-fieldactivate|move: Perish Song
|
|-weather|Sandstorm|[upkeep]
|-damage|p2a: Jolteon|75/100|[from] Sandstorm
|-damage|p1a: Misdreavus|94/100 par|[from] Sandstorm
|-heal|p2a: Jolteon|82/100|[from] item: Leftovers
|-heal|p1a: Misdreavus|100/100 par|[from] item: Leftovers
|-start|p2a: Jolteon|perish3
|-start|p1a: Misdreavus|perish3
|upkeep
|turn|34
|
|t:|1728074039
|switch|p1a: Blissey|Blissey, F|82/100
|-damage|p1a: Blissey|57/100|[from] Spikes
|move|p2a: Jolteon|Thunderbolt|p1a: Blissey
|-damage|p1a: Blissey|39/100
|
|-weather|Sandstorm|[upkeep]
|-damage|p2a: Jolteon|75/100|[from] Sandstorm
|-damage|p1a: Blissey|33/100|[from] Sandstorm
|-heal|p2a: Jolteon|82/100|[from] item: Leftovers
|-heal|p1a: Blissey|39/100|[from] item: Leftovers
|-start|p2a: Jolteon|perish2
|upkeep
|turn|35
|
|t:|1728074048
|move|p2a: Jolteon|Thunder Wave|p1a: Blissey
|-status|p1a: Blissey|par
|move|p1a: Blissey|Soft-Boiled|p1a: Blissey
|-heal|p1a: Blissey|89/100 par
|
|-weather|Sandstorm|[upkeep]
|-damage|p2a: Jolteon|75/100|[from] Sandstorm
|-damage|p1a: Blissey|83/100 par|[from] Sandstorm
|-heal|p2a: Jolteon|82/100|[from] item: Leftovers
|-heal|p1a: Blissey|89/100 par|[from] item: Leftovers
|-start|p2a: Jolteon|perish1
|upkeep
|turn|36
|
|t:|1728074053
|move|p2a: Jolteon|Baton Pass|p2a: Jolteon
|
|t:|1728074054
|switch|p2a: Skarmory|Skarmory, F|65/100 par|[from] Baton Pass
|move|p1a: Blissey|Aromatherapy|p1a: Blissey
|-cureteam|p1a: Blissey|[from] move: Aromatherapy
|
|-weather|Sandstorm|[upkeep]
|-damage|p1a: Blissey|83/100|[from] Sandstorm
|-heal|p1a: Blissey|89/100|[from] item: Leftovers
|-heal|p2a: Skarmory|71/100 par|[from] item: Leftovers
|-start|p2a: Skarmory|perish0
|upkeep
|faint|p2a: Skarmory
|
|t:|1728074067
|switch|p2a: Metagross|Metagross|100/100
|-damage|p2a: Metagross|76/100|[from] Spikes
|turn|37
|
|t:|1728074071
|switch|p1a: Skarmory|Skarmory, M|75/100
|move|p2a: Metagross|Meteor Mash|p1a: Skarmory
|-resisted|p1a: Skarmory
|-damage|p1a: Skarmory|40/100
|
|-weather|Sandstorm|[upkeep]
|-heal|p1a: Skarmory|46/100|[from] item: Leftovers
|upkeep
|turn|38
|
|t:|1728074079
|move|p1a: Skarmory|Protect|p1a: Skarmory
|-singleturn|p1a: Skarmory|Protect
|move|p2a: Metagross|Meteor Mash|p1a: Skarmory
|-activate|p1a: Skarmory|Protect
|
|-weather|Sandstorm|[upkeep]
|-heal|p1a: Skarmory|52/100|[from] item: Leftovers
|upkeep
|turn|39
|
|t:|1728074081
|move|p2a: Metagross|Meteor Mash|p1a: Skarmory
|-resisted|p1a: Skarmory
|-damage|p1a: Skarmory|19/100
|move|p1a: Skarmory|Roar|p2a: Metagross
|drag|p2a: Jolteon|Jolteon, M|82/100
|-damage|p2a: Jolteon|57/100|[from] Spikes
|
|-weather|Sandstorm|[upkeep]
|-damage|p2a: Jolteon|50/100|[from] Sandstorm
|-heal|p2a: Jolteon|57/100|[from] item: Leftovers
|-heal|p1a: Skarmory|25/100|[from] item: Leftovers
|upkeep
|turn|40
|
|t:|1728074088
|switch|p1a: Blissey|Blissey, F|89/100
|-damage|p1a: Blissey|64/100|[from] Spikes
|move|p2a: Jolteon|Thunder Wave|p1a: Blissey
|-status|p1a: Blissey|par
|
|-weather|Sandstorm|[upkeep]
|-damage|p2a: Jolteon|50/100|[from] Sandstorm
|-damage|p1a: Blissey|58/100 par|[from] Sandstorm
|-heal|p2a: Jolteon|57/100|[from] item: Leftovers
|-heal|p1a: Blissey|64/100 par|[from] item: Leftovers
|upkeep
|turn|41
|
|t:|1728074094
|move|p2a: Jolteon|Baton Pass|p2a: Jolteon
|
|t:|1728074095
|switch|p2a: Tyranitar|Tyranitar, F|76/100|[from] Baton Pass
|-damage|p2a: Tyranitar|51/100|[from] Spikes
|move|p1a: Blissey|Soft-Boiled|p1a: Blissey
|-heal|p1a: Blissey|100/100 par
|
|-weather|Sandstorm|[upkeep]
|-damage|p1a: Blissey|94/100 par|[from] Sandstorm
|-heal|p2a: Tyranitar|57/100|[from] item: Leftovers
|-heal|p1a: Blissey|100/100 par|[from] item: Leftovers
|upkeep
|turn|42
|
|t:|1728074099
|-curestatus|p1a: Blissey|par|[from] ability: Natural Cure
|switch|p1a: Flygon|Flygon, M|100/100
|move|p2a: Tyranitar|Dragon Dance|p2a: Tyranitar
|-boost|p2a: Tyranitar|atk|1
|-boost|p2a: Tyranitar|spe|1
|
|-weather|Sandstorm|[upkeep]
|-heal|p2a: Tyranitar|63/100|[from] item: Leftovers
|upkeep
|turn|43
|
|t:|1728074114
|move|p2a: Tyranitar|Hidden Power|p1a: Flygon
|-damage|p1a: Flygon|69/100
|move|p1a: Flygon|Earthquake|p2a: Tyranitar
|-supereffective|p2a: Tyranitar
|-damage|p2a: Tyranitar|0 fnt
|faint|p2a: Tyranitar
|
|t:|1728074119
|switch|p2a: Starmie|Starmie|25/100
|-damage|p2a: Starmie|0 fnt|[from] Spikes
|faint|p2a: Starmie
|
|t:|1728074122
|switch|p2a: Metagross|Metagross|76/100
|-damage|p2a: Metagross|51/100|[from] Spikes
|
|-weather|Sandstorm|[upkeep]
|-heal|p1a: Flygon|75/100|[from] item: Leftovers
|upkeep
|turn|44
|
|t:|1728074124
|move|p1a: Flygon|Earthquake|p2a: Metagross
|-supereffective|p2a: Metagross
|-damage|p2a: Metagross|0 fnt
|faint|p2a: Metagross
|c|☆GroundBack|gg
|
|t:|1728074129
|switch|p2a: Jolteon|Jolteon, M|57/100
|-damage|p2a: Jolteon|32/100|[from] Spikes
|
|-weather|Sandstorm|[upkeep]
|-damage|p2a: Jolteon|25/100|[from] Sandstorm
|-heal|p2a: Jolteon|32/100|[from] item: Leftovers
|-heal|p1a: Flygon|81/100|[from] item: Leftovers
|upkeep
|turn|45
|c|☆Figull400|ggs
|
|t:|1728074134
|move|p2a: Jolteon|Hidden Power|p1a: Flygon
|-damage|p1a: Flygon|58/100
|move|p1a: Flygon|Earthquake|p2a: Jolteon
|-supereffective|p2a: Jolteon
|-damage|p2a: Jolteon|0 fnt
|faint|p2a: Jolteon
|
|win|Figull400
|c|☆GroundBack|so you're in charge of the replays iirc?

</script>
<script type="application/json" class="data" id="replaydata-smogtours-gen3ou-794700">
{"id":"smogtours-gen3ou-794700","format":"[Gen 3] OU","players":["Figull400","GroundBack"],"uploadtime":1728074134,"views":147,"formatid":"gen3ou","rating":null,"private":0,"password":null}
</script>

<script defer src="js/replays.js?9d40a366"></script>
