<!DOCTYPE html>
<meta charset="utf-8" />
<meta name="viewport" content="width=device-width" />

<title>[Gen 3] OU: Nardgo vs. caloominum - Replays - Pok&eacute;mon Showdown!</title>

<meta name="description" content="Watch a replay of a Pok&eacute;mon battle between Nardgo and caloominum! Format: [Gen 3] OU; Date: Nov 11, 2024" />
<!--

Hey, you! Looking in the source for the replay log?

You can find them in JSON format, just add `.json` at the end of a replay URL.

https://replay.pokemonshowdown.com/gen7randomdoublesbattle-865046831.json

Or, if you only need the log itself, add `.log` instead:

https://replay.pokemonshowdown.com/gen7randomdoublesbattle-865046831.log

-->

<link rel="stylesheet" href="//pokemonshowdown.com/style/global.css?0.767286132409787" />
<link rel="stylesheet" href="//play.pokemonshowdown.com/style/font-awesome.css?0.9266228007934947" />
<link rel="stylesheet" href="//play.pokemonshowdown.com/style/battle.css?0.7924700842790926" />
<link rel="stylesheet" href="//play.pokemonshowdown.com/style/utilichart.css?0.8777417872839479" />

<!-- Global site tag (gtag.js) - Google Analytics -->
<script async src="https://www.googletagmanager.com/gtag/js?id=UA-26211653-1"></script>
<script>
  window.dataLayer = window.dataLayer || [];
  function gtag(){dataLayer.push(arguments);}
  gtag('js', new Date());

  gtag('config', 'UA-26211653-1');
</script>
<!-- End Google Analytics -->
<!-- Venatus Ad Manager - Install in <HEAD> of page -->
	<script src="https://hb.vntsm.com/v3/live/ad-manager.min.js" type="text/javascript" data-site-id="642aba63ec9a7b11c3c9c1be" data-mode="scan" async></script>
<!-- / Venatus Ad Manager -->

<style>
	@media (max-width:820px) {
		.battle {
			margin: 0 auto;
		}
		.battle-log {
			margin: 7px auto 0;
			max-width: 640px;
			height: 300px;
			position: static;
		}
	}
	.optgroup {
		display: inline-block;
		line-height: 22px;
		font-size: 10pt;
	}
	.optgroup .button {
		height: 25px;
		padding-top: 0;
		padding-bottom: 0;
	}
	.optgroup button.button {
		padding-left: 12px;
		padding-right: 12px;
	}
	.linklist {
		list-style: none;
		margin: 0.5em 0;
		padding: 0;
	}
	.linklist li {
		padding: 2px 0;
	}
	.sidebar {
		float: left;
		width: 320px;
	}
	.bar-wrapper {
		max-width: 1100px;
		margin: 0 auto;
	}
	.bar-wrapper.has-sidebar {
		max-width: 1430px;
	}
	.mainbar {
		margin: 0;
		padding-right: 1px;
	}
	.mainbar.has-sidebar {
		margin-left: 330px;
	}
	@media (min-width: 1511px) {
		.sidebar {
			width: 400px;
		}
		.bar-wrapper.has-sidebar {
			max-width: 1510px;
		}
		.mainbar.has-sidebar {
			margin-left: 410px;
		}
	}
	.section.first-section {
		margin-top: 9px;
	}
	.blocklink small {
		white-space: normal;
	}
	.button {
		vertical-align: middle;
	}
	.replay-controls {
		padding-top: 10px;
	}
	.replay-controls h1 {
		font-size: 16pt;
		font-weight: normal;
		color: #CCC;
	}
	.pagelink {
		text-align: center;
	}
	.pagelink a {
		width: 150px;
	}
	.textbox, .button {
		font-size: 11pt;
		vertical-align: middle;
	}
	@media (max-width: 450px) {
		.button {
			font-size: 9pt;
		}
	}
</style>

<div>

	<header>
		<div class="nav-wrapper"><ul class="nav">
			<li><a class="button nav-first" href="//pokemonshowdown.com/"><img src="//pokemonshowdown.com/images/pokemonshowdownbeta.png" srcset="//pokemonshowdown.com/images/pokemonshowdownbeta.png 1x, //pokemonshowdown.com/images/pokemonshowdownbeta@2x.png 2x" alt="Pok&eacute;mon Showdown" width="146" height="44" /> Home</a></li>
			<li><a class="button" href="//pokemonshowdown.com/dex/">Pok&eacute;dex</a></li>
			<li><a class="button cur" href="/">Replays</a></li>
			<li><a class="button" href="//pokemonshowdown.com/ladder/">Ladder</a></li>
			<li><a class="button nav-last" href="//pokemonshowdown.com/forums/">Forum</a></li>
			<li><a class="button greenbutton nav-first nav-last" href="//play.pokemonshowdown.com/">Play</a></li>
		</ul></div>
	</header>

	<div class="main" id="main">

		<noscript><section class="section">You need to enable JavaScript to use this page; sorry!</section></noscript>

	</div>

</div>

<script defer nomodule src="//play.pokemonshowdown.com/js/lib/ps-polyfill.js"></script>
<script defer src="//play.pokemonshowdown.com/js/lib/preact.min.js"></script>

<script defer src="//play.pokemonshowdown.com/config/config.js?6dec07f6"></script>
<script defer src="//play.pokemonshowdown.com/js/lib/jquery-1.11.0.min.js"></script>
<script defer src="//play.pokemonshowdown.com/js/lib/html-sanitizer-minified.js"></script>
<script defer src="//play.pokemonshowdown.com/js/battle-sound.js"></script>
<script defer src="//play.pokemonshowdown.com/js/battledata.js?0.6315294753075389"></script>
<script defer src="//play.pokemonshowdown.com/data/pokedex-mini.js?0.7603743185311358"></script>
<script defer src="//play.pokemonshowdown.com/data/pokedex-mini-bw.js?0.030888842834281283"></script>
<script defer src="//play.pokemonshowdown.com/data/graphics.js?0.05593094747507488"></script>
<script defer src="//play.pokemonshowdown.com/data/pokedex.js?0.47064822249611904"></script>
<script defer src="//play.pokemonshowdown.com/data/moves.js?0.8583693120512459"></script>
<script defer src="//play.pokemonshowdown.com/data/abilities.js?0.16017181182386842"></script>
<script defer src="//play.pokemonshowdown.com/data/items.js?0.4163379185673943"></script>
<script defer src="//play.pokemonshowdown.com/data/teambuilder-tables.js?0.31075597372830477"></script>
<script defer src="//play.pokemonshowdown.com/js/battle-tooltips.js?0.6536193500708172"></script>
<script defer src="//play.pokemonshowdown.com/js/battle.js?0.1916591943277901"></script>

<script defer src="js/utils.js?e31f9a17"></script>
<script defer src="js/replays-battle.js?7008c182"></script>

<!-- don't scrape this data! just add .json or .log after the URL!
Full API docs: https://github.com/smogon/pokemon-showdown-client/blob/master/WEB-API.md -->
<script type="text/plain" class="log" id="replaylog-smogtours-gen3ou-806047">
|inactive|Battle timer is ON: inactive players will automatically lose when time's up.
|t:|1731364934
|gametype|singles
|player|p1|Nardgo|steven|
|player|p2|caloominum|#advpliii|
|teamsize|p1|6
|teamsize|p2|6
|gen|3
|tier|[Gen 3] OU
|rule|Sleep Clause Mod: Limit one foe put to sleep
|rule|Switch Priority Clause Mod: Faster Pokémon switch first
|rule|Species Clause: Limit one of each Pokémon
|rule|OHKO Clause: OHKO moves are banned
|rule|Evasion Items Clause: Evasion items are banned
|rule|Evasion Moves Clause: Evasion moves are banned
|rule|Endless Battle Clause: Forcing endless battles is banned
|rule|HP Percentage Mod: HP is shown in percentages
|rule|One Boost Passer Clause: Limit one Baton Passer that has a way to boost its stats
|rule|Freeze Clause Mod: Limit one foe frozen
|
|t:|1731364934
|start
|switch|p1a: Skarmory|Skarmory, M|100/100
|switch|p2a: Swampert|Swampert, M|100/100
|turn|1
|c|☆caloominum|glhf
|c|☆Nardgo|you too
|
|t:|1731364943
|move|p1a: Skarmory|Spikes|p2a: Swampert
|-sidestart|p2: caloominum|Spikes
|move|p2a: Swampert|Surf|p1a: Skarmory
|-damage|p1a: Skarmory|75/100
|
|-heal|p1a: Skarmory|81/100|[from] item: Leftovers
|upkeep
|turn|2
|
|t:|1731364952
|move|p1a: Skarmory|Spikes|p2a: Swampert
|-sidestart|p2: caloominum|Spikes
|move|p2a: Swampert|Surf|p1a: Skarmory
|-crit|p1a: Skarmory
|-damage|p1a: Skarmory|31/100
|
|-heal|p1a: Skarmory|37/100|[from] item: Leftovers
|upkeep
|turn|3
|
|t:|1731364956
|move|p1a: Skarmory|Protect|p1a: Skarmory
|-singleturn|p1a: Skarmory|Protect
|move|p2a: Swampert|Surf|p1a: Skarmory
|-activate|p1a: Skarmory|Protect
|
|-heal|p1a: Skarmory|43/100|[from] item: Leftovers
|upkeep
|turn|4
|
|t:|1731364958
|move|p1a: Skarmory|Spikes|p2a: Swampert
|-sidestart|p2: caloominum|Spikes
|move|p2a: Swampert|Surf|p1a: Skarmory
|-damage|p1a: Skarmory|17/100
|
|-heal|p1a: Skarmory|23/100|[from] item: Leftovers
|upkeep
|turn|5
|
|t:|1731364962
|move|p1a: Skarmory|Protect|p1a: Skarmory
|-singleturn|p1a: Skarmory|Protect
|move|p2a: Swampert|Surf|p1a: Skarmory
|-activate|p1a: Skarmory|Protect
|
|-heal|p1a: Skarmory|29/100|[from] item: Leftovers
|upkeep
|turn|6
|
|t:|1731364966
|switch|p1a: Zapdos|Zapdos|100/100
|move|p2a: Swampert|Surf|p1a: Zapdos
|-damage|p1a: Zapdos|80/100
|
|-heal|p1a: Zapdos|86/100|[from] item: Leftovers
|upkeep
|turn|7
|
|t:|1731364971
|switch|p2a: Claydol|Claydol|100/100
|move|p1a: Zapdos|Roar|p2a: Claydol
|drag|p2a: Swampert|Swampert, M|100/100
|-damage|p2a: Swampert|76/100|[from] Spikes
|
|-heal|p1a: Zapdos|92/100|[from] item: Leftovers
|-heal|p2a: Swampert|82/100|[from] item: Leftovers
|upkeep
|turn|8
|
|t:|1731364975
|move|p2a: Swampert|Protect|p2a: Swampert
|-singleturn|p2a: Swampert|Protect
|move|p1a: Zapdos|Roar|p2a: Swampert
|-activate|p2a: Swampert|Protect
|
|-heal|p1a: Zapdos|98/100|[from] item: Leftovers
|-heal|p2a: Swampert|88/100|[from] item: Leftovers
|upkeep
|turn|9
|
|t:|1731364979
|switch|p2a: Claydol|Claydol|100/100
|move|p1a: Zapdos|Roar|p2a: Claydol
|drag|p2a: Dugtrio|Dugtrio, F|100/100
|-damage|p2a: Dugtrio|76/100|[from] Spikes
|
|-heal|p1a: Zapdos|100/100|[from] item: Leftovers
|upkeep
|turn|10
|
|t:|1731364988
|move|p2a: Dugtrio|Rock Slide|p1a: Zapdos
|-supereffective|p1a: Zapdos
|-damage|p1a: Zapdos|32/100
|cant|p1a: Zapdos|flinch
|
|-heal|p1a: Zapdos|38/100|[from] item: Leftovers
|upkeep
|turn|11
|
|t:|1731364992
|switch|p2a: Claydol|Claydol|100/100
|switch|p1a: Flygon|Flygon, M|100/100
|
|upkeep
|turn|12
|
|t:|1731364995
|switch|p1a: Misdreavus|Misdreavus, F|100/100
|move|p2a: Claydol|Psychic|p1a: Misdreavus
|-damage|p1a: Misdreavus|80/100
|
|-heal|p1a: Misdreavus|87/100|[from] item: Leftovers
|upkeep
|turn|13
|
|t:|1731365004
|switch|p2a: Swampert|Swampert, M|88/100
|-damage|p2a: Swampert|63/100|[from] Spikes
|move|p1a: Misdreavus|Mean Look|p2a: Swampert
|-activate|p2a: Swampert|trapped
|
|-heal|p1a: Misdreavus|93/100|[from] item: Leftovers
|-heal|p2a: Swampert|69/100|[from] item: Leftovers
|upkeep
|turn|14
|
|t:|1731365009
|move|p2a: Swampert|Protect|p2a: Swampert
|-singleturn|p2a: Swampert|Protect
|move|p1a: Misdreavus|Perish Song|p1a: Misdreavus
|-start|p1a: Misdreavus|perish3|[silent]
|-start|p2a: Swampert|perish3|[silent]
|-fieldactivate|move: Perish Song
|
|-heal|p1a: Misdreavus|99/100|[from] item: Leftovers
|-heal|p2a: Swampert|76/100|[from] item: Leftovers
|-start|p1a: Misdreavus|perish3
|-start|p2a: Swampert|perish3
|upkeep
|turn|15
|
|t:|1731365017
|move|p1a: Misdreavus|Thunderbolt|p2a: Swampert
|-immune|p2a: Swampert
|move|p2a: Swampert|Surf|p1a: Misdreavus
|-damage|p1a: Misdreavus|75/100
|
|-heal|p1a: Misdreavus|81/100|[from] item: Leftovers
|-heal|p2a: Swampert|82/100|[from] item: Leftovers
|-start|p1a: Misdreavus|perish2
|-start|p2a: Swampert|perish2
|upkeep
|turn|16
|
|t:|1731365024
|move|p1a: Misdreavus|Thunderbolt|p2a: Swampert
|-immune|p2a: Swampert
|move|p2a: Swampert|Roar|p1a: Misdreavus
|drag|p1a: Flygon|Flygon, M|100/100
|
|-heal|p2a: Swampert|88/100|[from] item: Leftovers
|-start|p2a: Swampert|perish1
|upkeep
|turn|17
|
|t:|1731365028
|switch|p2a: Skarmory|Skarmory, M|100/100
|move|p1a: Flygon|Toxic|p2a: Skarmory|[miss]
|-miss|p1a: Flygon|p2a: Skarmory
|
|upkeep
|turn|18
|
|t:|1731365033
|switch|p1a: Moltres|Moltres|100/100
|move|p2a: Skarmory|Spikes|p1a: Moltres
|-sidestart|p1: Nardgo|Spikes
|
|upkeep
|turn|19
|
|t:|1731365037
|switch|p2a: Blissey|Blissey, F|100/100
|-damage|p2a: Blissey|76/100|[from] Spikes
|move|p1a: Moltres|Will-O-Wisp|p2a: Blissey|[miss]
|-miss|p1a: Moltres|p2a: Blissey
|
|-heal|p2a: Blissey|82/100|[from] item: Leftovers
|upkeep
|turn|20
|
|t:|1731365043
|switch|p1a: Misdreavus|Misdreavus, F|81/100
|move|p2a: Blissey|Wish|p2a: Blissey
|
|-heal|p1a: Misdreavus|87/100|[from] item: Leftovers
|-heal|p2a: Blissey|88/100|[from] item: Leftovers
|upkeep
|turn|21
|
|t:|1731365049
|switch|p2a: Swampert|Swampert, M|88/100
|-damage|p2a: Swampert|63/100|[from] Spikes
|move|p1a: Misdreavus|Mean Look|p2a: Swampert
|-activate|p2a: Swampert|trapped
|
|-heal|p2a: Swampert|100/100|[from] move: Wish|[wisher] Blissey
|-heal|p1a: Misdreavus|93/100|[from] item: Leftovers
|upkeep
|turn|22
|
|t:|1731365058
|move|p1a: Misdreavus|Perish Song|p1a: Misdreavus
|-start|p1a: Misdreavus|perish3|[silent]
|-start|p2a: Swampert|perish3|[silent]
|-fieldactivate|move: Perish Song
|move|p2a: Swampert|Surf|p1a: Misdreavus
|-damage|p1a: Misdreavus|70/100
|
|-heal|p1a: Misdreavus|76/100|[from] item: Leftovers
|-start|p1a: Misdreavus|perish3
|-start|p2a: Swampert|perish3
|upkeep
|turn|23
|
|t:|1731365064
|move|p1a: Misdreavus|Rest|p1a: Misdreavus
|-status|p1a: Misdreavus|slp|[from] move: Rest
|-heal|p1a: Misdreavus|100/100 slp|[silent]
|move|p2a: Swampert|Roar|p1a: Misdreavus
|drag|p1a: Flygon|Flygon, M|100/100
|
|-start|p2a: Swampert|perish2
|upkeep
|turn|24
|
|t:|1731365069
|switch|p1a: Moltres|Moltres|100/100
|switch|p2a: Skarmory|Skarmory, M|100/100
|
|upkeep
|turn|25
|
|t:|1731365076
|move|p2a: Skarmory|Protect|p2a: Skarmory
|-singleturn|p2a: Skarmory|Protect
|move|p1a: Moltres|Will-O-Wisp|p2a: Skarmory
|-activate|p2a: Skarmory|Protect
|
|upkeep
|turn|26
|
|t:|1731365082
|switch|p2a: Blissey|Blissey, F|88/100
|-damage|p2a: Blissey|63/100|[from] Spikes
|move|p1a: Moltres|Will-O-Wisp|p2a: Blissey
|-status|p2a: Blissey|brn
|
|-heal|p2a: Blissey|69/100 brn|[from] item: Leftovers
|-damage|p2a: Blissey|57/100 brn|[from] brn
|upkeep
|turn|27
|
|t:|1731365086
|move|p1a: Moltres|Flamethrower|p2a: Blissey
|-damage|p2a: Blissey|35/100 brn
|move|p2a: Blissey|Soft-Boiled|p2a: Blissey
|-heal|p2a: Blissey|85/100 brn
|
|-heal|p2a: Blissey|91/100 brn|[from] item: Leftovers
|-damage|p2a: Blissey|78/100 brn|[from] brn
|upkeep
|turn|28
|
|t:|1731365089
|move|p1a: Moltres|Flamethrower|p2a: Blissey
|-damage|p2a: Blissey|58/100 brn
|move|p2a: Blissey|Wish|p2a: Blissey
|
|-heal|p2a: Blissey|64/100 brn|[from] item: Leftovers
|-damage|p2a: Blissey|51/100 brn|[from] brn
|upkeep
|turn|29
|
|t:|1731365094
|move|p1a: Moltres|Hidden Power|p2a: Blissey
|-damage|p2a: Blissey|40/100 brn
|move|p2a: Blissey|Seismic Toss|p1a: Moltres
|-damage|p1a: Moltres|69/100
|
|-heal|p2a: Blissey|90/100 brn|[from] move: Wish|[wisher] Blissey
|-heal|p1a: Moltres|76/100|[from] item: Leftovers
|-heal|p2a: Blissey|96/100 brn|[from] item: Leftovers
|-damage|p2a: Blissey|84/100 brn|[from] brn
|upkeep
|turn|30
|
|t:|1731365099
|move|p1a: Moltres|Flamethrower|p2a: Blissey
|-damage|p2a: Blissey|63/100 brn
|move|p2a: Blissey|Seismic Toss|p1a: Moltres
|-damage|p1a: Moltres|44/100
|
|-heal|p1a: Moltres|51/100|[from] item: Leftovers
|-heal|p2a: Blissey|69/100 brn|[from] item: Leftovers
|-damage|p2a: Blissey|56/100 brn|[from] brn
|upkeep
|turn|31
|
|t:|1731365103
|move|p1a: Moltres|Flamethrower|p2a: Blissey
|-damage|p2a: Blissey|36/100 brn
|move|p2a: Blissey|Soft-Boiled|p2a: Blissey
|-heal|p2a: Blissey|86/100 brn
|
|-heal|p1a: Moltres|57/100|[from] item: Leftovers
|-heal|p2a: Blissey|92/100 brn|[from] item: Leftovers
|-damage|p2a: Blissey|79/100 brn|[from] brn
|upkeep
|turn|32
|
|t:|1731365106
|move|p1a: Moltres|Flamethrower|p2a: Blissey
|-damage|p2a: Blissey|56/100 brn
|move|p2a: Blissey|Seismic Toss|p1a: Moltres
|-damage|p1a: Moltres|26/100
|
|-heal|p1a: Moltres|32/100|[from] item: Leftovers
|-heal|p2a: Blissey|62/100 brn|[from] item: Leftovers
|-damage|p2a: Blissey|50/100 brn|[from] brn
|upkeep
|turn|33
|
|t:|1731365114
|move|p1a: Moltres|Flamethrower|p2a: Blissey
|-damage|p2a: Blissey|29/100 brn
|move|p2a: Blissey|Soft-Boiled|p2a: Blissey
|-heal|p2a: Blissey|79/100 brn
|
|-heal|p1a: Moltres|38/100|[from] item: Leftovers
|-heal|p2a: Blissey|85/100 brn|[from] item: Leftovers
|-damage|p2a: Blissey|73/100 brn|[from] brn
|upkeep
|turn|34
|
|t:|1731365119
|move|p1a: Moltres|Flamethrower|p2a: Blissey
|-damage|p2a: Blissey|51/100 brn
|move|p2a: Blissey|Wish|p2a: Blissey
|
|-heal|p1a: Moltres|44/100|[from] item: Leftovers
|-heal|p2a: Blissey|57/100 brn|[from] item: Leftovers
|-damage|p2a: Blissey|44/100 brn|[from] brn
|upkeep
|turn|35
|
|t:|1731365126
|move|p1a: Moltres|Hidden Power|p2a: Blissey
|-damage|p2a: Blissey|34/100 brn
|move|p2a: Blissey|Seismic Toss|p1a: Moltres
|-damage|p1a: Moltres|13/100
|
|-heal|p2a: Blissey|84/100 brn|[from] move: Wish|[wisher] Blissey
|-heal|p1a: Moltres|20/100|[from] item: Leftovers
|-heal|p2a: Blissey|90/100 brn|[from] item: Leftovers
|-damage|p2a: Blissey|78/100 brn|[from] brn
|upkeep
|turn|36
|
|t:|1731365133
|-curestatus|p2a: Blissey|brn|[from] ability: Natural Cure
|switch|p2a: Jirachi|Jirachi|100/100
|-damage|p2a: Jirachi|75/100|[from] Spikes
|move|p1a: Moltres|Rest|p1a: Moltres
|-status|p1a: Moltres|slp|[from] move: Rest
|-heal|p1a: Moltres|100/100 slp|[silent]
|
|-heal|p2a: Jirachi|82/100|[from] item: Leftovers
|upkeep
|turn|37
|
|t:|1731365142
|switch|p1a: Blissey|Blissey, F|100/100
|-damage|p1a: Blissey|88/100|[from] Spikes
|move|p2a: Jirachi|Calm Mind|p2a: Jirachi
|-boost|p2a: Jirachi|spa|1
|-boost|p2a: Jirachi|spd|1
|
|-heal|p2a: Jirachi|88/100|[from] item: Leftovers
|-heal|p1a: Blissey|94/100|[from] item: Leftovers
|upkeep
|turn|38
|
|t:|1731365146
|move|p2a: Jirachi|Substitute|p2a: Jirachi
|-start|p2a: Jirachi|Substitute
|-damage|p2a: Jirachi|63/100
|move|p1a: Blissey|Seismic Toss|p2a: Jirachi
|-activate|p2a: Jirachi|Substitute|[damage]
|
|-heal|p2a: Jirachi|69/100|[from] item: Leftovers
|-heal|p1a: Blissey|99/100|[from] item: Leftovers
|upkeep
|turn|39
|
|t:|1731365148
|move|p2a: Jirachi|Calm Mind|p2a: Jirachi
|-boost|p2a: Jirachi|spa|1
|-boost|p2a: Jirachi|spd|1
|move|p1a: Blissey|Seismic Toss|p2a: Jirachi
|-end|p2a: Jirachi|Substitute
|
|-heal|p2a: Jirachi|75/100|[from] item: Leftovers
|-heal|p1a: Blissey|100/100|[from] item: Leftovers
|upkeep
|turn|40
|
|t:|1731365153
|move|p2a: Jirachi|Substitute|p2a: Jirachi
|-start|p2a: Jirachi|Substitute
|-damage|p2a: Jirachi|50/100
|move|p1a: Blissey|Seismic Toss|p2a: Jirachi
|-activate|p2a: Jirachi|Substitute|[damage]
|
|-heal|p2a: Jirachi|56/100|[from] item: Leftovers
|upkeep
|turn|41
|
|t:|1731365155
|move|p2a: Jirachi|Thunderbolt|p1a: Blissey
|-damage|p1a: Blissey|79/100
|-status|p1a: Blissey|par
|move|p1a: Blissey|Seismic Toss|p2a: Jirachi
|-end|p2a: Jirachi|Substitute
|
|-heal|p2a: Jirachi|63/100|[from] item: Leftovers
|-heal|p1a: Blissey|85/100 par|[from] item: Leftovers
|upkeep
|turn|42
|
|t:|1731365159
|move|p2a: Jirachi|Substitute|p2a: Jirachi
|-start|p2a: Jirachi|Substitute
|-damage|p2a: Jirachi|38/100
|move|p1a: Blissey|Aromatherapy|p1a: Blissey
|-cureteam|p1a: Blissey|[from] move: Aromatherapy
|
|-heal|p2a: Jirachi|44/100|[from] item: Leftovers
|-heal|p1a: Blissey|92/100|[from] item: Leftovers
|upkeep
|turn|43
|
|t:|1731365168
|move|p2a: Jirachi|Calm Mind|p2a: Jirachi
|-boost|p2a: Jirachi|spa|1
|-boost|p2a: Jirachi|spd|1
|move|p1a: Blissey|Seismic Toss|p2a: Jirachi
|-activate|p2a: Jirachi|Substitute|[damage]
|
|-heal|p2a: Jirachi|50/100|[from] item: Leftovers
|-heal|p1a: Blissey|98/100|[from] item: Leftovers
|upkeep
|turn|44
|
|t:|1731365173
|move|p2a: Jirachi|Calm Mind|p2a: Jirachi
|-boost|p2a: Jirachi|spa|1
|-boost|p2a: Jirachi|spd|1
|move|p1a: Blissey|Seismic Toss|p2a: Jirachi
|-end|p2a: Jirachi|Substitute
|
|-heal|p2a: Jirachi|56/100|[from] item: Leftovers
|-heal|p1a: Blissey|100/100|[from] item: Leftovers
|upkeep
|turn|45
|
|t:|1731365175
|move|p2a: Jirachi|Substitute|p2a: Jirachi
|-start|p2a: Jirachi|Substitute
|-damage|p2a: Jirachi|31/100
|move|p1a: Blissey|Seismic Toss|p2a: Jirachi
|-activate|p2a: Jirachi|Substitute|[damage]
|
|-heal|p2a: Jirachi|37/100|[from] item: Leftovers
|upkeep
|turn|46
|
|t:|1731365177
|move|p2a: Jirachi|Ice Punch|p1a: Blissey
|-damage|p1a: Blissey|76/100
|move|p1a: Blissey|Seismic Toss|p2a: Jirachi
|-end|p2a: Jirachi|Substitute
|
|-heal|p2a: Jirachi|44/100|[from] item: Leftovers
|-heal|p1a: Blissey|82/100|[from] item: Leftovers
|upkeep
|turn|47
|
|t:|1731365182
|move|p2a: Jirachi|Substitute|p2a: Jirachi
|-start|p2a: Jirachi|Substitute
|-damage|p2a: Jirachi|19/100
|move|p1a: Blissey|Seismic Toss|p2a: Jirachi
|-activate|p2a: Jirachi|Substitute|[damage]
|
|-heal|p2a: Jirachi|25/100|[from] item: Leftovers
|-heal|p1a: Blissey|89/100|[from] item: Leftovers
|upkeep
|turn|48
|
|t:|1731365185
|move|p2a: Jirachi|Ice Punch|p1a: Blissey
|-damage|p1a: Blissey|63/100
|move|p1a: Blissey|Seismic Toss|p2a: Jirachi
|-end|p2a: Jirachi|Substitute
|
|-heal|p2a: Jirachi|31/100|[from] item: Leftovers
|-heal|p1a: Blissey|69/100|[from] item: Leftovers
|upkeep
|turn|49
|
|t:|1731365190
|move|p2a: Jirachi|Substitute|p2a: Jirachi
|-start|p2a: Jirachi|Substitute
|-damage|p2a: Jirachi|6/100
|move|p1a: Blissey|Seismic Toss|p2a: Jirachi
|-activate|p2a: Jirachi|Substitute|[damage]
|
|-heal|p2a: Jirachi|12/100|[from] item: Leftovers
|-heal|p1a: Blissey|76/100|[from] item: Leftovers
|upkeep
|turn|50
|
|t:|1731365193
|move|p2a: Jirachi|Ice Punch|p1a: Blissey
|-damage|p1a: Blissey|49/100
|-status|p1a: Blissey|frz
|cant|p1a: Blissey|frz
|
|-heal|p2a: Jirachi|18/100|[from] item: Leftovers
|-heal|p1a: Blissey|55/100 frz|[from] item: Leftovers
|upkeep
|turn|51
|
|t:|1731365197
|-curestatus|p1a: Blissey|frz|[from] ability: Natural Cure
|switch|p1a: Skarmory|Skarmory, M|29/100
|move|p2a: Jirachi|Thunderbolt|p1a: Skarmory
|-supereffective|p1a: Skarmory
|-damage|p1a: Skarmory|0 fnt
|faint|p1a: Skarmory
|
|t:|1731365204
|switch|p1a: Blissey|Blissey, F|55/100
|-damage|p1a: Blissey|42/100|[from] Spikes
|
|-heal|p2a: Jirachi|25/100|[from] item: Leftovers
|-heal|p1a: Blissey|49/100|[from] item: Leftovers
|upkeep
|turn|52
|
|t:|1731365209
|move|p2a: Jirachi|Thunderbolt|p1a: Blissey
|-damage|p1a: Blissey|13/100
|-status|p1a: Blissey|par
|cant|p1a: Blissey|par
|
|-heal|p2a: Jirachi|31/100|[from] item: Leftovers
|-heal|p1a: Blissey|19/100 par|[from] item: Leftovers
|upkeep
|turn|53
|
|t:|1731365214
|move|p2a: Jirachi|Ice Punch|p1a: Blissey
|-damage|p1a: Blissey|0 fnt
|faint|p1a: Blissey
|
|t:|1731365217
|switch|p1a: Misdreavus|Misdreavus, F|100/100
|
|-heal|p2a: Jirachi|37/100|[from] item: Leftovers
|upkeep
|turn|54
|
|t:|1731365219
|move|p2a: Jirachi|Thunderbolt|p1a: Misdreavus
|-damage|p1a: Misdreavus|29/100
|move|p1a: Misdreavus|Perish Song|p1a: Misdreavus
|-start|p1a: Misdreavus|perish3|[silent]
|-start|p2a: Jirachi|perish3|[silent]
|-fieldactivate|move: Perish Song
|
|-heal|p2a: Jirachi|43/100|[from] item: Leftovers
|-heal|p1a: Misdreavus|35/100|[from] item: Leftovers
|-start|p2a: Jirachi|perish3
|-start|p1a: Misdreavus|perish3
|upkeep
|turn|55
|
|t:|1731365224
|move|p2a: Jirachi|Ice Punch|p1a: Misdreavus
|-damage|p1a: Misdreavus|0 fnt
|faint|p1a: Misdreavus
|
|t:|1731365225
|switch|p1a: Flygon|Flygon, M|100/100
|
|-heal|p2a: Jirachi|49/100|[from] item: Leftovers
|-start|p2a: Jirachi|perish2
|upkeep
|turn|56
|
|t:|1731365233
|switch|p2a: Claydol|Claydol|100/100
|move|p1a: Flygon|Protect||[still]
|-fail|p1a: Flygon
|
|upkeep
|turn|57
|
|t:|1731365237
|move|p1a: Flygon|Toxic|p2a: Claydol|[miss]
|-miss|p1a: Flygon|p2a: Claydol
|move|p2a: Claydol|Rapid Spin|p1a: Flygon
|-damage|p1a: Flygon|97/100
|-sideend|p2: caloominum|Spikes|[from] move: Rapid Spin|[of] p2a: Claydol
|
|-heal|p1a: Flygon|100/100|[from] item: Leftovers
|upkeep
|turn|58
|
|t:|1731365239
|switch|p2a: Skarmory|Skarmory, M|100/100
|move|p1a: Flygon|Toxic|p2a: Skarmory
|-immune|p2a: Skarmory
|
|upkeep
|turn|59
|
|t:|1731365242
|switch|p1a: Zapdos|Zapdos|38/100
|move|p2a: Skarmory|Toxic|p1a: Zapdos
|-status|p1a: Zapdos|tox
|
|-heal|p1a: Zapdos|44/100 tox|[from] item: Leftovers
|-damage|p1a: Zapdos|38/100 tox|[from] psn
|upkeep
|turn|60
|
|t:|1731365246
|switch|p2a: Blissey|Blissey, F|78/100
|move|p1a: Zapdos|Rest|p1a: Zapdos
|-status|p1a: Zapdos|slp|[from] move: Rest
|-heal|p1a: Zapdos|100/100 slp|[silent]
|
|-heal|p2a: Blissey|84/100|[from] item: Leftovers
|upkeep
|turn|61
|
|t:|1731365249
|switch|p1a: Flygon|Flygon, M|100/100
|move|p2a: Blissey|Wish|p2a: Blissey
|
|-heal|p2a: Blissey|90/100|[from] item: Leftovers
|upkeep
|turn|62
|
|t:|1731365253
|switch|p1a: Moltres|Moltres|100/100
|switch|p2a: Skarmory|Skarmory, M|100/100
|
|upkeep
|turn|63
|
|t:|1731365257
|switch|p1a: Zapdos|Zapdos|100/100 slp
|switch|p2a: Blissey|Blissey, F|90/100
|
|-heal|p2a: Blissey|96/100|[from] item: Leftovers
|upkeep
|turn|64
|
|t:|1731365262
|switch|p1a: Moltres|Moltres|100/100
|switch|p2a: Claydol|Claydol|100/100
|
|upkeep
|turn|65
|
|t:|1731365267
|move|p1a: Moltres|Will-O-Wisp|p2a: Claydol|[miss]
|-miss|p1a: Moltres|p2a: Claydol
|move|p2a: Claydol|Psychic|p1a: Moltres
|-damage|p1a: Moltres|71/100
|
|-heal|p1a: Moltres|77/100|[from] item: Leftovers
|upkeep
|turn|66
|
|t:|1731365269
|move|p1a: Moltres|Will-O-Wisp|p2a: Claydol
|-status|p2a: Claydol|brn
|move|p2a: Claydol|Psychic|p1a: Moltres
|-damage|p1a: Moltres|51/100
|
|-heal|p1a: Moltres|58/100|[from] item: Leftovers
|-damage|p2a: Claydol|88/100 brn|[from] brn
|upkeep
|turn|67
|
|t:|1731365272
|move|p1a: Moltres|Rest|p1a: Moltres
|-status|p1a: Moltres|slp|[from] move: Rest
|-heal|p1a: Moltres|100/100 slp|[silent]
|move|p2a: Claydol|Refresh|p2a: Claydol
|-curestatus|p2a: Claydol|brn|[msg]
|
|-heal|p2a: Claydol|94/100|[from] item: Leftovers
|upkeep
|turn|68
|
|t:|1731365275
|switch|p2a: Jirachi|Jirachi|49/100
|cant|p1a: Moltres|slp
|
|-heal|p2a: Jirachi|55/100|[from] item: Leftovers
|upkeep
|turn|69
|
|t:|1731365278
|cant|p1a: Moltres|slp
|move|p2a: Jirachi|Thunderbolt|p1a: Moltres
|-supereffective|p1a: Moltres
|-damage|p1a: Moltres|39/100 slp
|
|-heal|p1a: Moltres|46/100 slp|[from] item: Leftovers
|-heal|p2a: Jirachi|62/100|[from] item: Leftovers
|upkeep
|turn|70
|
|t:|1731365284
|switch|p2a: Blissey|Blissey, F|96/100
|-curestatus|p1a: Moltres|slp|[msg]
|move|p1a: Moltres|Flamethrower|p2a: Blissey
|-damage|p2a: Blissey|76/100
|
|-heal|p1a: Moltres|52/100|[from] item: Leftovers
|-heal|p2a: Blissey|82/100|[from] item: Leftovers
|upkeep
|turn|71
|
|t:|1731365289
|move|p1a: Moltres|Will-O-Wisp|p2a: Blissey
|-status|p2a: Blissey|brn
|move|p2a: Blissey|Seismic Toss|p1a: Moltres
|-damage|p1a: Moltres|21/100
|
|-heal|p1a: Moltres|27/100|[from] item: Leftovers
|-heal|p2a: Blissey|89/100 brn|[from] item: Leftovers
|-damage|p2a: Blissey|76/100 brn|[from] brn
|upkeep
|turn|72
|
|t:|1731365294
|-curestatus|p2a: Blissey|brn|[from] ability: Natural Cure
|switch|p2a: Jirachi|Jirachi|62/100
|move|p1a: Moltres|Rest|p1a: Moltres
|-status|p1a: Moltres|slp|[from] move: Rest
|-heal|p1a: Moltres|100/100 slp|[silent]
|
|-heal|p2a: Jirachi|68/100|[from] item: Leftovers
|upkeep
|turn|73
|
|t:|1731365299
|switch|p1a: Flygon|Flygon, M|100/100
|move|p2a: Jirachi|Calm Mind|p2a: Jirachi
|-boost|p2a: Jirachi|spa|1
|-boost|p2a: Jirachi|spd|1
|
|-heal|p2a: Jirachi|74/100|[from] item: Leftovers
|upkeep
|turn|74
|
|t:|1731365300
|move|p2a: Jirachi|Ice Punch|p1a: Flygon
|-supereffective|p1a: Flygon
|-damage|p1a: Flygon|0 fnt
|faint|p1a: Flygon
|-message|Nardgo forfeited.
|
|win|caloominum
|player|p1|
|c|☆caloominum|that was a gane
|c|☆caloominum|game
|c|☆caloominum|sorry 

</script>
<script type="application/json" class="data" id="replaydata-smogtours-gen3ou-806047">
{"id":"smogtours-gen3ou-806047","format":"[Gen 3] OU","players":["Nardgo","caloominum"],"uploadtime":1731365304,"views":9,"formatid":"gen3ou","rating":null,"private":0,"password":null}
</script>

<script defer src="js/replays.js?9d40a366"></script>
