<!DOCTYPE html>
<meta charset="utf-8" />
<meta name="viewport" content="width=device-width" />

<title>[Gen 3] OU: ALlCE vs. Nardgo - Replays - Pok&eacute;mon Showdown!</title>

<meta name="description" content="Watch a replay of a Pok&eacute;mon battle between ALlCE and Nardgo! Format: [Gen 3] OU; Date: Oct 19, 2024" />
<!--

Hey, you! Looking in the source for the replay log?

You can find them in JSON format, just add `.json` at the end of a replay URL.

https://replay.pokemonshowdown.com/gen7randomdoublesbattle-865046831.json

Or, if you only need the log itself, add `.log` instead:

https://replay.pokemonshowdown.com/gen7randomdoublesbattle-865046831.log

-->

<link rel="stylesheet" href="//pokemonshowdown.com/style/global.css?0.023195364461161105" />
<link rel="stylesheet" href="//play.pokemonshowdown.com/style/font-awesome.css?0.13261647063804238" />
<link rel="stylesheet" href="//play.pokemonshowdown.com/style/battle.css?0.8753245789963631" />
<link rel="stylesheet" href="//play.pokemonshowdown.com/style/utilichart.css?0.8627959624976733" />

<!-- Global site tag (gtag.js) - Google Analytics -->
<script async src="https://www.googletagmanager.com/gtag/js?id=UA-26211653-1"></script>
<script>
  window.dataLayer = window.dataLayer || [];
  function gtag(){dataLayer.push(arguments);}
  gtag('js', new Date());

  gtag('config', 'UA-26211653-1');
</script>
<!-- End Google Analytics -->
<!-- Venatus Ad Manager - Install in <HEAD> of page -->
	<script src="https://hb.vntsm.com/v3/live/ad-manager.min.js" type="text/javascript" data-site-id="642aba63ec9a7b11c3c9c1be" data-mode="scan" async></script>
<!-- / Venatus Ad Manager -->

<style>
	@media (max-width:820px) {
		.battle {
			margin: 0 auto;
		}
		.battle-log {
			margin: 7px auto 0;
			max-width: 640px;
			height: 300px;
			position: static;
		}
	}
	.optgroup {
		display: inline-block;
		line-height: 22px;
		font-size: 10pt;
	}
	.optgroup .button {
		height: 25px;
		padding-top: 0;
		padding-bottom: 0;
	}
	.optgroup button.button {
		padding-left: 12px;
		padding-right: 12px;
	}
	.linklist {
		list-style: none;
		margin: 0.5em 0;
		padding: 0;
	}
	.linklist li {
		padding: 2px 0;
	}
	.sidebar {
		float: left;
		width: 320px;
	}
	.bar-wrapper {
		max-width: 1100px;
		margin: 0 auto;
	}
	.bar-wrapper.has-sidebar {
		max-width: 1430px;
	}
	.mainbar {
		margin: 0;
		padding-right: 1px;
	}
	.mainbar.has-sidebar {
		margin-left: 330px;
	}
	@media (min-width: 1511px) {
		.sidebar {
			width: 400px;
		}
		.bar-wrapper.has-sidebar {
			max-width: 1510px;
		}
		.mainbar.has-sidebar {
			margin-left: 410px;
		}
	}
	.section.first-section {
		margin-top: 9px;
	}
	.blocklink small {
		white-space: normal;
	}
	.button {
		vertical-align: middle;
	}
	.replay-controls {
		padding-top: 10px;
	}
	.replay-controls h1 {
		font-size: 16pt;
		font-weight: normal;
		color: #CCC;
	}
	.pagelink {
		text-align: center;
	}
	.pagelink a {
		width: 150px;
	}
	.textbox, .button {
		font-size: 11pt;
		vertical-align: middle;
	}
	@media (max-width: 450px) {
		.button {
			font-size: 9pt;
		}
	}
</style>

<div>

	<header>
		<div class="nav-wrapper"><ul class="nav">
			<li><a class="button nav-first" href="//pokemonshowdown.com/"><img src="//pokemonshowdown.com/images/pokemonshowdownbeta.png" srcset="//pokemonshowdown.com/images/pokemonshowdownbeta.png 1x, //pokemonshowdown.com/images/pokemonshowdownbeta@2x.png 2x" alt="Pok&eacute;mon Showdown" width="146" height="44" /> Home</a></li>
			<li><a class="button" href="//pokemonshowdown.com/dex/">Pok&eacute;dex</a></li>
			<li><a class="button cur" href="/">Replays</a></li>
			<li><a class="button" href="//pokemonshowdown.com/ladder/">Ladder</a></li>
			<li><a class="button nav-last" href="//pokemonshowdown.com/forums/">Forum</a></li>
			<li><a class="button greenbutton nav-first nav-last" href="//play.pokemonshowdown.com/">Play</a></li>
		</ul></div>
	</header>

	<div class="main" id="main">

		<noscript><section class="section">You need to enable JavaScript to use this page; sorry!</section></noscript>

	</div>

</div>

<script defer nomodule src="//play.pokemonshowdown.com/js/lib/ps-polyfill.js"></script>
<script defer src="//play.pokemonshowdown.com/js/lib/preact.min.js"></script>

<script defer src="//play.pokemonshowdown.com/config/config.js?2bddbc15"></script>
<script defer src="//play.pokemonshowdown.com/js/lib/jquery-1.11.0.min.js"></script>
<script defer src="//play.pokemonshowdown.com/js/lib/html-sanitizer-minified.js"></script>
<script defer src="//play.pokemonshowdown.com/js/battle-sound.js"></script>
<script defer src="//play.pokemonshowdown.com/js/battledata.js?0.7209276989879541"></script>
<script defer src="//play.pokemonshowdown.com/data/pokedex-mini.js?0.6111056340867951"></script>
<script defer src="//play.pokemonshowdown.com/data/pokedex-mini-bw.js?0.3532142036491459"></script>
<script defer src="//play.pokemonshowdown.com/data/graphics.js?0.24223875632456182"></script>
<script defer src="//play.pokemonshowdown.com/data/pokedex.js?0.38839984266356864"></script>
<script defer src="//play.pokemonshowdown.com/data/moves.js?0.21866028504024015"></script>
<script defer src="//play.pokemonshowdown.com/data/abilities.js?0.2005157953846628"></script>
<script defer src="//play.pokemonshowdown.com/data/items.js?0.9894211263848525"></script>
<script defer src="//play.pokemonshowdown.com/data/teambuilder-tables.js?0.6008791140282215"></script>
<script defer src="//play.pokemonshowdown.com/js/battle-tooltips.js?0.7580118955022959"></script>
<script defer src="//play.pokemonshowdown.com/js/battle.js?0.6057722274234274"></script>

<script defer src="js/utils.js?e31f9a17"></script>
<script defer src="js/replays-battle.js?7008c182"></script>

<!-- don't scrape this data! just add .json or .log after the URL!
Full API docs: https://github.com/smogon/pokemon-showdown-client/blob/master/WEB-API.md -->
<script type="text/plain" class="log" id="replaylog-smogtours-gen3ou-799921">
|inactive|Battle timer is ON: inactive players will automatically lose when time's up.
|t:|1729354239
|gametype|singles
|player|p1|ALlCE|#splxvsharks2|
|player|p2|Nardgo|265|
|teamsize|p1|6
|teamsize|p2|6
|gen|3
|tier|[Gen 3] OU
|rule|Sleep Clause Mod: Limit one foe put to sleep
|rule|Switch Priority Clause Mod: Faster Pokémon switch first
|rule|Species Clause: Limit one of each Pokémon
|rule|OHKO Clause: OHKO moves are banned
|rule|Evasion Items Clause: Evasion items are banned
|rule|Evasion Moves Clause: Evasion moves are banned
|rule|Endless Battle Clause: Forcing endless battles is banned
|rule|HP Percentage Mod: HP is shown in percentages
|rule|One Boost Passer Clause: Limit one Baton Passer that has a way to boost its stats
|rule|Freeze Clause Mod: Limit one foe frozen
|
|t:|1729354239
|start
|switch|p1a: claws|Tyranitar, M|100/100
|switch|p2a: Metagross|Metagross|100/100
|-weather|Sandstorm|[from] ability: Sand Stream|[of] p1a: claws
|turn|1
|c|☆Nardgo|Good luck and Have fun!
|c|☆ALlCE|hf!
|c|☆ALlCE|/log ALlCE made the replay of this battle unlisted.
|c|☆Nardgo|cool avatar
|c|☆ALlCE|tyy
|
|t:|1729354263
|switch|p1a: pink diamond|Forretress, M|100/100
|move|p2a: Metagross|Explosion|p1a: pink diamond
|-resisted|p1a: pink diamond
|-damage|p1a: pink diamond|1/100
|faint|p2a: Metagross
|
|t:|1729354268
|switch|p2a: Starmie|Starmie|100/100
|
|-weather|Sandstorm|[upkeep]
|-damage|p2a: Starmie|94/100|[from] Sandstorm
|-heal|p2a: Starmie|100/100|[from] item: Leftovers
|-heal|p1a: pink diamond|7/100|[from] item: Leftovers
|upkeep
|turn|2
|
|t:|1729354273
|switch|p1a: forever|Blissey, F|100/100
|move|p2a: Starmie|Thunderbolt|p1a: forever
|-damage|p1a: forever|91/100
|
|-weather|Sandstorm|[upkeep]
|-damage|p2a: Starmie|94/100|[from] Sandstorm
|-damage|p1a: forever|85/100|[from] Sandstorm
|-heal|p2a: Starmie|100/100|[from] item: Leftovers
|-heal|p1a: forever|91/100|[from] item: Leftovers
|upkeep
|turn|3
|
|t:|1729354279
|switch|p2a: Heracross|Heracross, M|100/100
|move|p1a: forever|Toxic|p2a: Heracross
|-status|p2a: Heracross|tox
|
|-weather|Sandstorm|[upkeep]
|-damage|p2a: Heracross|95/100 tox|[from] Sandstorm
|-damage|p1a: forever|85/100|[from] Sandstorm
|-damage|p2a: Heracross|89/100 tox|[from] psn
|-heal|p1a: forever|91/100|[from] item: Leftovers
|upkeep
|turn|4
|
|t:|1729354284
|switch|p1a: detonate|Gengar, M|100/100
|move|p2a: Heracross|Megahorn|p1a: detonate
|-resisted|p1a: detonate
|-damage|p1a: detonate|43/100
|
|-weather|Sandstorm|[upkeep]
|-damage|p1a: detonate|37/100|[from] Sandstorm
|-damage|p2a: Heracross|83/100 tox|[from] Sandstorm
|-heal|p1a: detonate|43/100|[from] item: Leftovers
|-damage|p2a: Heracross|71/100 tox|[from] psn
|upkeep
|turn|5
|
|t:|1729354291
|move|p1a: detonate|Fire Punch|p2a: Heracross
|-supereffective|p2a: Heracross
|-damage|p2a: Heracross|17/100 tox
|move|p2a: Heracross|Megahorn|p1a: detonate
|-resisted|p1a: detonate
|-damage|p1a: detonate|0 fnt
|faint|p1a: detonate
|
|t:|1729354297
|switch|p1a: enemy|Zapdos|100/100
|
|-weather|Sandstorm|[upkeep]
|-damage|p2a: Heracross|11/100 tox|[from] Sandstorm
|-damage|p1a: enemy|94/100|[from] Sandstorm
|-damage|p2a: Heracross|0 fnt|[from] psn
|faint|p2a: Heracross
|-heal|p1a: enemy|100/100|[from] item: Leftovers
|upkeep
|
|t:|1729354303
|switch|p2a: Registeel|Registeel|100/100
|turn|6
|
|t:|1729354311
|switch|p1a: forever|Blissey, F|91/100
|move|p2a: Registeel|Thunder Wave|p1a: forever
|-status|p1a: forever|par
|
|-weather|Sandstorm|[upkeep]
|-damage|p1a: forever|85/100 par|[from] Sandstorm
|-heal|p1a: forever|91/100 par|[from] item: Leftovers
|upkeep
|turn|7
|
|t:|1729354326
|move|p2a: Registeel|Seismic Toss|p1a: forever
|-damage|p1a: forever|77/100 par
|cant|p1a: forever|par
|
|-weather|Sandstorm|[upkeep]
|-damage|p1a: forever|71/100 par|[from] Sandstorm
|-heal|p1a: forever|77/100 par|[from] item: Leftovers
|upkeep
|turn|8
|
|t:|1729354336
|move|p2a: Registeel|Seismic Toss|p1a: forever
|-damage|p1a: forever|63/100 par
|move|p1a: forever|Wish|p1a: forever
|
|-weather|Sandstorm|[upkeep]
|-damage|p1a: forever|57/100 par|[from] Sandstorm
|-heal|p1a: forever|63/100 par|[from] item: Leftovers
|upkeep
|turn|9
|
|t:|1729354340
|move|p2a: Registeel|Seismic Toss|p1a: forever
|-damage|p1a: forever|49/100 par
|move|p1a: forever|Seismic Toss|p2a: Registeel
|-damage|p2a: Registeel|73/100
|
|-heal|p1a: forever|99/100 par|[from] move: Wish|[wisher] forever
|-weather|Sandstorm|[upkeep]
|-damage|p1a: forever|93/100 par|[from] Sandstorm
|-heal|p2a: Registeel|79/100|[from] item: Leftovers
|-heal|p1a: forever|99/100 par|[from] item: Leftovers
|upkeep
|turn|10
|
|t:|1729354348
|move|p2a: Registeel|Seismic Toss|p1a: forever
|-damage|p1a: forever|85/100 par
|cant|p1a: forever|par
|
|-weather|Sandstorm|[upkeep]
|-damage|p1a: forever|79/100 par|[from] Sandstorm
|-heal|p2a: Registeel|85/100|[from] item: Leftovers
|-heal|p1a: forever|85/100 par|[from] item: Leftovers
|upkeep
|turn|11
|
|t:|1729354353
|move|p2a: Registeel|Seismic Toss|p1a: forever
|-damage|p1a: forever|71/100 par
|move|p1a: forever|Wish|p1a: forever
|
|-weather|Sandstorm|[upkeep]
|-damage|p1a: forever|65/100 par|[from] Sandstorm
|-heal|p2a: Registeel|91/100|[from] item: Leftovers
|-heal|p1a: forever|71/100 par|[from] item: Leftovers
|upkeep
|turn|12
|
|t:|1729354355
|move|p2a: Registeel|Seismic Toss|p1a: forever
|-damage|p1a: forever|57/100 par
|move|p1a: forever|Seismic Toss|p2a: Registeel
|-damage|p2a: Registeel|64/100
|
|-heal|p1a: forever|100/100 par|[from] move: Wish|[wisher] forever
|-weather|Sandstorm|[upkeep]
|-damage|p1a: forever|94/100 par|[from] Sandstorm
|-heal|p2a: Registeel|70/100|[from] item: Leftovers
|-heal|p1a: forever|100/100 par|[from] item: Leftovers
|upkeep
|turn|13
|
|t:|1729354357
|move|p2a: Registeel|Seismic Toss|p1a: forever
|-damage|p1a: forever|86/100 par
|move|p1a: forever|Wish|p1a: forever
|
|-weather|Sandstorm|[upkeep]
|-damage|p1a: forever|80/100 par|[from] Sandstorm
|-heal|p2a: Registeel|76/100|[from] item: Leftovers
|-heal|p1a: forever|86/100 par|[from] item: Leftovers
|upkeep
|turn|14
|
|t:|1729354360
|move|p2a: Registeel|Seismic Toss|p1a: forever
|-damage|p1a: forever|72/100 par
|move|p1a: forever|Seismic Toss|p2a: Registeel
|-damage|p2a: Registeel|48/100
|
|-heal|p1a: forever|100/100 par|[from] move: Wish|[wisher] forever
|-weather|Sandstorm|[upkeep]
|-damage|p1a: forever|94/100 par|[from] Sandstorm
|-heal|p2a: Registeel|54/100|[from] item: Leftovers
|-heal|p1a: forever|100/100 par|[from] item: Leftovers
|upkeep
|turn|15
|
|t:|1729354362
|move|p2a: Registeel|Seismic Toss|p1a: forever
|-damage|p1a: forever|86/100 par
|move|p1a: forever|Seismic Toss|p2a: Registeel
|-damage|p2a: Registeel|27/100
|
|-weather|Sandstorm|[upkeep]
|-damage|p1a: forever|80/100 par|[from] Sandstorm
|-heal|p2a: Registeel|33/100|[from] item: Leftovers
|-heal|p1a: forever|86/100 par|[from] item: Leftovers
|upkeep
|turn|16
|
|t:|1729354374
|switch|p2a: Zapdos|Zapdos|100/100
|-curestatus|p1a: forever|par|[from] ability: Natural Cure
|switch|p1a: claws|Tyranitar, M|100/100
|
|-weather|Sandstorm|[upkeep]
|-damage|p2a: Zapdos|94/100|[from] Sandstorm
|-heal|p2a: Zapdos|100/100|[from] item: Leftovers
|upkeep
|turn|17
|
|t:|1729354379
|switch|p2a: Registeel|Registeel|33/100
|switch|p1a: forever|Blissey, F|86/100
|
|-weather|Sandstorm|[upkeep]
|-damage|p1a: forever|80/100|[from] Sandstorm
|-heal|p2a: Registeel|39/100|[from] item: Leftovers
|-heal|p1a: forever|86/100|[from] item: Leftovers
|upkeep
|turn|18
|
|t:|1729354391
|switch|p2a: Zapdos|Zapdos|100/100
|switch|p1a: anthems|Swampert, F|100/100
|
|-weather|Sandstorm|[upkeep]
|-damage|p2a: Zapdos|94/100|[from] Sandstorm
|-heal|p2a: Zapdos|100/100|[from] item: Leftovers
|upkeep
|turn|19
|
|t:|1729354393
|move|p1a: anthems|Protect|p1a: anthems
|-singleturn|p1a: anthems|Protect
|move|p2a: Zapdos|Agility|p2a: Zapdos
|-boost|p2a: Zapdos|spe|2
|
|-weather|Sandstorm|[upkeep]
|-damage|p2a: Zapdos|94/100|[from] Sandstorm
|-heal|p2a: Zapdos|100/100|[from] item: Leftovers
|upkeep
|turn|20
|
|t:|1729354403
|switch|p1a: enemy|Zapdos|100/100
|move|p2a: Zapdos|Baton Pass|p2a: Zapdos
|
|t:|1729354406
|switch|p2a: Snorlax|Snorlax, M|100/100|[from] Baton Pass
|
|-weather|Sandstorm|[upkeep]
|-damage|p2a: Snorlax|94/100|[from] Sandstorm
|-damage|p1a: enemy|94/100|[from] Sandstorm
|-heal|p2a: Snorlax|100/100|[from] item: Leftovers
|-heal|p1a: enemy|100/100|[from] item: Leftovers
|upkeep
|turn|21
|
|t:|1729354411
|move|p2a: Snorlax|Belly Drum|p2a: Snorlax
|-damage|p2a: Snorlax|51/100
|-setboost|p2a: Snorlax|atk|6|[from] move: Belly Drum
|move|p1a: enemy|Roar|p2a: Snorlax
|drag|p2a: Zapdos|Zapdos|100/100
|
|-weather|Sandstorm|[upkeep]
|-damage|p2a: Zapdos|94/100|[from] Sandstorm
|-damage|p1a: enemy|94/100|[from] Sandstorm
|-heal|p2a: Zapdos|100/100|[from] item: Leftovers
|-heal|p1a: enemy|100/100|[from] item: Leftovers
|upkeep
|turn|22
|c|☆Nardgo|F
|c|☆Nardgo|the highlight would have been great for that one
|c|☆ALlCE|that was scary
|
|t:|1729354423
|move|p2a: Zapdos|Thunderbolt|p1a: enemy
|-damage|p1a: enemy|67/100
|move|p1a: enemy|Thunderbolt|p2a: Zapdos
|-crit|p2a: Zapdos
|-damage|p2a: Zapdos|32/100
|-status|p2a: Zapdos|par
|
|-weather|Sandstorm|[upkeep]
|-damage|p1a: enemy|61/100|[from] Sandstorm
|-damage|p2a: Zapdos|25/100 par|[from] Sandstorm
|-heal|p1a: enemy|67/100|[from] item: Leftovers
|-heal|p2a: Zapdos|32/100 par|[from] item: Leftovers
|upkeep
|turn|23
|c|☆ALlCE|ouch
|c|☆ALlCE|mb
|
|t:|1729354431
|move|p1a: enemy|Thunderbolt|p2a: Zapdos
|-crit|p2a: Zapdos
|-damage|p2a: Zapdos|0 fnt
|faint|p2a: Zapdos
|
|t:|1729354435
|switch|p2a: Snorlax|Snorlax, M|51/100
|
|-weather|Sandstorm|[upkeep]
|-damage|p1a: enemy|61/100|[from] Sandstorm
|-damage|p2a: Snorlax|45/100|[from] Sandstorm
|-heal|p1a: enemy|67/100|[from] item: Leftovers
|-heal|p2a: Snorlax|51/100|[from] item: Leftovers
|upkeep
|turn|24
|
|t:|1729354446
|move|p1a: enemy|Thunderbolt|p2a: Snorlax
|-damage|p2a: Snorlax|22/100
|move|p2a: Snorlax|Return|p1a: enemy
|-damage|p1a: enemy|21/100
|
|-weather|Sandstorm|[upkeep]
|-damage|p1a: enemy|15/100|[from] Sandstorm
|-damage|p2a: Snorlax|16/100|[from] Sandstorm
|-heal|p1a: enemy|21/100|[from] item: Leftovers
|-heal|p2a: Snorlax|22/100|[from] item: Leftovers
|upkeep
|turn|25
|
|t:|1729354449
|move|p1a: enemy|Thunderbolt|p2a: Snorlax
|-damage|p2a: Snorlax|0 fnt
|faint|p2a: Snorlax
|
|t:|1729354451
|switch|p2a: Starmie|Starmie|100/100
|
|-weather|Sandstorm|[upkeep]
|-damage|p2a: Starmie|94/100|[from] Sandstorm
|-damage|p1a: enemy|15/100|[from] Sandstorm
|-heal|p2a: Starmie|100/100|[from] item: Leftovers
|-heal|p1a: enemy|21/100|[from] item: Leftovers
|upkeep
|turn|26
|
|t:|1729354456
|switch|p1a: forever|Blissey, F|86/100
|move|p2a: Starmie|Thunderbolt|p1a: forever
|-damage|p1a: forever|75/100
|
|-weather|Sandstorm|[upkeep]
|-damage|p2a: Starmie|94/100|[from] Sandstorm
|-damage|p1a: forever|69/100|[from] Sandstorm
|-heal|p2a: Starmie|100/100|[from] item: Leftovers
|-heal|p1a: forever|75/100|[from] item: Leftovers
|upkeep
|turn|27
|
|t:|1729354459
|switch|p2a: Registeel|Registeel|39/100
|move|p1a: forever|Wish|p1a: forever
|
|-weather|Sandstorm|[upkeep]
|-damage|p1a: forever|69/100|[from] Sandstorm
|-heal|p2a: Registeel|45/100|[from] item: Leftovers
|-heal|p1a: forever|75/100|[from] item: Leftovers
|upkeep
|turn|28
|
|t:|1729354466
|switch|p1a: pink diamond|Forretress, M|7/100
|move|p2a: Registeel|Seismic Toss|p1a: pink diamond
|-damage|p1a: pink diamond|0 fnt
|faint|p1a: pink diamond
|
|t:|1729354469
|switch|p1a: enemy|Zapdos|21/100
|
|-heal|p1a: enemy|70/100|[from] move: Wish|[wisher] forever
|-weather|Sandstorm|[upkeep]
|-damage|p1a: enemy|64/100|[from] Sandstorm
|-heal|p1a: enemy|70/100|[from] item: Leftovers
|-heal|p2a: Registeel|51/100|[from] item: Leftovers
|upkeep
|turn|29
|
|t:|1729354471
|move|p1a: enemy|Thunderbolt|p2a: Registeel
|-damage|p2a: Registeel|26/100
|move|p2a: Registeel|Thunder Wave|p1a: enemy
|-status|p1a: enemy|par
|
|-weather|Sandstorm|[upkeep]
|-damage|p1a: enemy|64/100 par|[from] Sandstorm
|-heal|p2a: Registeel|32/100|[from] item: Leftovers
|-heal|p1a: enemy|70/100 par|[from] item: Leftovers
|upkeep
|turn|30
|
|t:|1729354475
|move|p2a: Registeel|Seismic Toss|p1a: enemy
|-damage|p1a: enemy|44/100 par
|move|p1a: enemy|Rest|p1a: enemy
|-status|p1a: enemy|slp|[from] move: Rest
|-heal|p1a: enemy|100/100 slp|[silent]
|
|-weather|Sandstorm|[upkeep]
|-damage|p1a: enemy|94/100 slp|[from] Sandstorm
|-heal|p1a: enemy|100/100 slp|[from] item: Leftovers
|-heal|p2a: Registeel|38/100|[from] item: Leftovers
|upkeep
|turn|31
|
|t:|1729354481
|switch|p2a: Starmie|Starmie|100/100
|cant|p1a: enemy|slp
|move|p1a: enemy|Sleep Talk|p1a: enemy
|move|p1a: enemy|Rest|p1a: enemy|[from]Sleep Talk
|
|-weather|Sandstorm|[upkeep]
|-damage|p2a: Starmie|94/100|[from] Sandstorm
|-damage|p1a: enemy|94/100 slp|[from] Sandstorm
|-heal|p2a: Starmie|100/100|[from] item: Leftovers
|-heal|p1a: enemy|100/100 slp|[from] item: Leftovers
|upkeep
|turn|32
|
|t:|1729354483
|move|p2a: Starmie|Ice Beam|p1a: enemy
|-supereffective|p1a: enemy
|-damage|p1a: enemy|65/100 slp
|cant|p1a: enemy|slp
|move|p1a: enemy|Sleep Talk|p1a: enemy
|move|p1a: enemy|Rest|p1a: enemy|[from]Sleep Talk
|
|-weather|Sandstorm|[upkeep]
|-damage|p2a: Starmie|94/100|[from] Sandstorm
|-damage|p1a: enemy|59/100 slp|[from] Sandstorm
|-heal|p2a: Starmie|100/100|[from] item: Leftovers
|-heal|p1a: enemy|65/100 slp|[from] item: Leftovers
|upkeep
|turn|33
|
|t:|1729354487
|move|p2a: Starmie|Ice Beam|p1a: enemy
|-supereffective|p1a: enemy
|-damage|p1a: enemy|26/100 slp
|-curestatus|p1a: enemy|slp|[msg]
|move|p1a: enemy|Thunderbolt|p2a: Starmie
|-supereffective|p2a: Starmie
|-damage|p2a: Starmie|0 fnt
|faint|p2a: Starmie
|
|t:|1729354490
|switch|p2a: Registeel|Registeel|38/100
|
|-weather|Sandstorm|[upkeep]
|-damage|p1a: enemy|20/100|[from] Sandstorm
|-heal|p1a: enemy|26/100|[from] item: Leftovers
|-heal|p2a: Registeel|44/100|[from] item: Leftovers
|upkeep
|turn|34
|
|t:|1729354492
|move|p1a: enemy|Thunderbolt|p2a: Registeel
|-damage|p2a: Registeel|17/100
|move|p2a: Registeel|Seismic Toss|p1a: enemy
|-damage|p1a: enemy|0 fnt
|faint|p1a: enemy
|
|t:|1729354494
|switch|p1a: anthems|Swampert, F|100/100
|
|-weather|Sandstorm|[upkeep]
|-heal|p2a: Registeel|23/100|[from] item: Leftovers
|upkeep
|turn|35
|
|t:|1729354497
|move|p2a: Registeel|Seismic Toss|p1a: anthems
|-damage|p1a: anthems|76/100
|move|p1a: anthems|Earthquake|p2a: Registeel
|-supereffective|p2a: Registeel
|-damage|p2a: Registeel|0 fnt
|faint|p2a: Registeel
|
|win|ALlCE
|c|☆ALlCE|gg
|c|☆Nardgo|gg
|player|p2|

</script>
<script type="application/json" class="data" id="replaydata-smogtours-gen3ou-799921">
{"id":"smogtours-gen3ou-799921","format":"[Gen 3] OU","players":["ALlCE","Nardgo"],"uploadtime":1729354497,"views":95,"formatid":"gen3ou","rating":null,"private":1,"password":null}
</script>

<script defer src="js/replays.js?9d40a366"></script>
