<!DOCTYPE html>
<meta charset="utf-8" />
<meta name="viewport" content="width=device-width" />

<title>[Gen 3] OU: lemoncholy vs. jozin457 - Replays - Pok&eacute;mon Showdown!</title>

<meta name="description" content="Watch a replay of a Pok&eacute;mon battle between lemoncholy and jozin457! Format: [Gen 3] OU; Date: Oct 2, 2024" />
<!--

Hey, you! Looking in the source for the replay log?

You can find them in JSON format, just add `.json` at the end of a replay URL.

https://replay.pokemonshowdown.com/gen7randomdoublesbattle-865046831.json

Or, if you only need the log itself, add `.log` instead:

https://replay.pokemonshowdown.com/gen7randomdoublesbattle-865046831.log

-->

<link rel="stylesheet" href="//pokemonshowdown.com/style/global.css?0.767286132409787" />
<link rel="stylesheet" href="//play.pokemonshowdown.com/style/font-awesome.css?0.9266228007934947" />
<link rel="stylesheet" href="//play.pokemonshowdown.com/style/battle.css?0.7924700842790926" />
<link rel="stylesheet" href="//play.pokemonshowdown.com/style/utilichart.css?0.8777417872839479" />

<!-- Global site tag (gtag.js) - Google Analytics -->
<script async src="https://www.googletagmanager.com/gtag/js?id=UA-26211653-1"></script>
<script>
  window.dataLayer = window.dataLayer || [];
  function gtag(){dataLayer.push(arguments);}
  gtag('js', new Date());

  gtag('config', 'UA-26211653-1');
</script>
<!-- End Google Analytics -->
<!-- Venatus Ad Manager - Install in <HEAD> of page -->
	<script src="https://hb.vntsm.com/v3/live/ad-manager.min.js" type="text/javascript" data-site-id="642aba63ec9a7b11c3c9c1be" data-mode="scan" async></script>
<!-- / Venatus Ad Manager -->

<style>
	@media (max-width:820px) {
		.battle {
			margin: 0 auto;
		}
		.battle-log {
			margin: 7px auto 0;
			max-width: 640px;
			height: 300px;
			position: static;
		}
	}
	.optgroup {
		display: inline-block;
		line-height: 22px;
		font-size: 10pt;
	}
	.optgroup .button {
		height: 25px;
		padding-top: 0;
		padding-bottom: 0;
	}
	.optgroup button.button {
		padding-left: 12px;
		padding-right: 12px;
	}
	.linklist {
		list-style: none;
		margin: 0.5em 0;
		padding: 0;
	}
	.linklist li {
		padding: 2px 0;
	}
	.sidebar {
		float: left;
		width: 320px;
	}
	.bar-wrapper {
		max-width: 1100px;
		margin: 0 auto;
	}
	.bar-wrapper.has-sidebar {
		max-width: 1430px;
	}
	.mainbar {
		margin: 0;
		padding-right: 1px;
	}
	.mainbar.has-sidebar {
		margin-left: 330px;
	}
	@media (min-width: 1511px) {
		.sidebar {
			width: 400px;
		}
		.bar-wrapper.has-sidebar {
			max-width: 1510px;
		}
		.mainbar.has-sidebar {
			margin-left: 410px;
		}
	}
	.section.first-section {
		margin-top: 9px;
	}
	.blocklink small {
		white-space: normal;
	}
	.button {
		vertical-align: middle;
	}
	.replay-controls {
		padding-top: 10px;
	}
	.replay-controls h1 {
		font-size: 16pt;
		font-weight: normal;
		color: #CCC;
	}
	.pagelink {
		text-align: center;
	}
	.pagelink a {
		width: 150px;
	}
	.textbox, .button {
		font-size: 11pt;
		vertical-align: middle;
	}
	@media (max-width: 450px) {
		.button {
			font-size: 9pt;
		}
	}
</style>

<div>

	<header>
		<div class="nav-wrapper"><ul class="nav">
			<li><a class="button nav-first" href="//pokemonshowdown.com/"><img src="//pokemonshowdown.com/images/pokemonshowdownbeta.png" srcset="//pokemonshowdown.com/images/pokemonshowdownbeta.png 1x, //pokemonshowdown.com/images/pokemonshowdownbeta@2x.png 2x" alt="Pok&eacute;mon Showdown" width="146" height="44" /> Home</a></li>
			<li><a class="button" href="//pokemonshowdown.com/dex/">Pok&eacute;dex</a></li>
			<li><a class="button cur" href="/">Replays</a></li>
			<li><a class="button" href="//pokemonshowdown.com/ladder/">Ladder</a></li>
			<li><a class="button nav-last" href="//pokemonshowdown.com/forums/">Forum</a></li>
			<li><a class="button greenbutton nav-first nav-last" href="//play.pokemonshowdown.com/">Play</a></li>
		</ul></div>
	</header>

	<div class="main" id="main">

		<noscript><section class="section">You need to enable JavaScript to use this page; sorry!</section></noscript>

	</div>

</div>

<script defer nomodule src="//play.pokemonshowdown.com/js/lib/ps-polyfill.js"></script>
<script defer src="//play.pokemonshowdown.com/js/lib/preact.min.js"></script>

<script defer src="//play.pokemonshowdown.com/config/config.js?6dec07f6"></script>
<script defer src="//play.pokemonshowdown.com/js/lib/jquery-1.11.0.min.js"></script>
<script defer src="//play.pokemonshowdown.com/js/lib/html-sanitizer-minified.js"></script>
<script defer src="//play.pokemonshowdown.com/js/battle-sound.js"></script>
<script defer src="//play.pokemonshowdown.com/js/battledata.js?0.6315294753075389"></script>
<script defer src="//play.pokemonshowdown.com/data/pokedex-mini.js?0.7603743185311358"></script>
<script defer src="//play.pokemonshowdown.com/data/pokedex-mini-bw.js?0.030888842834281283"></script>
<script defer src="//play.pokemonshowdown.com/data/graphics.js?0.05593094747507488"></script>
<script defer src="//play.pokemonshowdown.com/data/pokedex.js?0.47064822249611904"></script>
<script defer src="//play.pokemonshowdown.com/data/moves.js?0.8583693120512459"></script>
<script defer src="//play.pokemonshowdown.com/data/abilities.js?0.16017181182386842"></script>
<script defer src="//play.pokemonshowdown.com/data/items.js?0.4163379185673943"></script>
<script defer src="//play.pokemonshowdown.com/data/teambuilder-tables.js?0.31075597372830477"></script>
<script defer src="//play.pokemonshowdown.com/js/battle-tooltips.js?0.6536193500708172"></script>
<script defer src="//play.pokemonshowdown.com/js/battle.js?0.1916591943277901"></script>

<script defer src="js/utils.js?e31f9a17"></script>
<script defer src="js/replays-battle.js?7008c182"></script>

<!-- don't scrape this data! just add .json or .log after the URL!
Full API docs: https://github.com/smogon/pokemon-showdown-client/blob/master/WEB-API.md -->
<script type="text/plain" class="log" id="replaylog-smogtours-gen3ou-793949">
|inactive|Battle timer is ON: inactive players will automatically lose when time's up.
|t:|1727881461
|gametype|singles
|player|p1|lemoncholy|will|
|player|p2|jozin457|infielder|
|teamsize|p1|6
|teamsize|p2|6
|gen|3
|tier|[Gen 3] OU
|rule|Sleep Clause Mod: Limit one foe put to sleep
|rule|Switch Priority Clause Mod: Faster Pokémon switch first
|rule|Species Clause: Limit one of each Pokémon
|rule|OHKO Clause: OHKO moves are banned
|rule|Evasion Items Clause: Evasion items are banned
|rule|Evasion Moves Clause: Evasion moves are banned
|rule|Endless Battle Clause: Forcing endless battles is banned
|rule|HP Percentage Mod: HP is shown in percentages
|rule|One Boost Passer Clause: Limit one Baton Passer that has a way to boost its stats
|rule|Freeze Clause Mod: Limit one foe frozen
|
|t:|1727881461
|start
|switch|p1a: Salamence|Salamence, F|100/100
|switch|p2a: Zapdos|Zapdos|100/100
|-ability|p1a: Salamence|Intimidate|boost
|-unboost|p2a: Zapdos|atk|1
|turn|1
|c|☆jozin457|hf
|c|☆lemoncholy|hf
|
|t:|1727881476
|switch|p2a: Swampert|Swampert, M|100/100
|move|p1a: Salamence|Dragon Claw|p2a: Swampert
|-damage|p2a: Swampert|64/100
|
|-heal|p2a: Swampert|70/100|[from] item: Leftovers
|upkeep
|turn|2
|
|t:|1727881483
|move|p1a: Salamence|Hidden Power|p2a: Swampert
|-supereffective|p2a: Swampert
|-damage|p2a: Swampert|0 fnt
|faint|p2a: Swampert
|
|t:|1727881485
|switch|p2a: Regice|Regice|100/100
|
|upkeep
|turn|3
|
|t:|1727881491
|switch|p1a: Metagross|Metagross|100/100
|move|p2a: Regice|Thunder Wave|p1a: Metagross
|-status|p1a: Metagross|par
|
|upkeep
|turn|4
|
|t:|1727881504
|switch|p2a: Zapdos|Zapdos|100/100
|move|p1a: Metagross|Meteor Mash|p2a: Zapdos
|-resisted|p2a: Zapdos
|-damage|p2a: Zapdos|71/100
|
|-heal|p2a: Zapdos|77/100|[from] item: Leftovers
|upkeep
|turn|5
|
|t:|1727881521
|switch|p1a: Blissey|Blissey, F|100/100
|move|p2a: Zapdos|Thunderbolt|p1a: Blissey
|-damage|p1a: Blissey|80/100
|
|-heal|p2a: Zapdos|83/100|[from] item: Leftovers
|-heal|p1a: Blissey|86/100|[from] item: Leftovers
|upkeep
|turn|6
|
|t:|1727881530
|switch|p2a: Metagross|Metagross|100/100
|switch|p1a: Tyranitar|Tyranitar, F|100/100
|-weather|Sandstorm|[from] ability: Sand Stream|[of] p1a: Tyranitar
|
|-weather|Sandstorm|[upkeep]
|upkeep
|turn|7
|
|t:|1727881534
|switch|p1a: Skarmory|Skarmory, F|100/100
|move|p2a: Metagross|Meteor Mash|p1a: Skarmory
|-resisted|p1a: Skarmory
|-damage|p1a: Skarmory|68/100
|
|-weather|Sandstorm|[upkeep]
|-heal|p1a: Skarmory|74/100|[from] item: Leftovers
|upkeep
|turn|8
|
|t:|1727881542
|switch|p2a: Zapdos|Zapdos|83/100
|move|p1a: Skarmory|Spikes|p2a: Zapdos
|-sidestart|p2: jozin457|Spikes
|
|-weather|Sandstorm|[upkeep]
|-damage|p2a: Zapdos|77/100|[from] Sandstorm
|-heal|p2a: Zapdos|83/100|[from] item: Leftovers
|-heal|p1a: Skarmory|80/100|[from] item: Leftovers
|upkeep
|turn|9
|
|t:|1727881548
|switch|p1a: Blissey|Blissey, F|86/100
|move|p2a: Zapdos|Baton Pass|p2a: Zapdos
|
|t:|1727881557
|switch|p2a: Metagross|Metagross|100/100|[from] Baton Pass
|-damage|p2a: Metagross|88/100|[from] Spikes
|
|-weather|Sandstorm|[upkeep]
|-damage|p1a: Blissey|80/100|[from] Sandstorm
|-heal|p1a: Blissey|86/100|[from] item: Leftovers
|upkeep
|turn|10
|
|t:|1727881562
|switch|p1a: Skarmory|Skarmory, F|80/100
|move|p2a: Metagross|Meteor Mash|p1a: Skarmory
|-resisted|p1a: Skarmory
|-damage|p1a: Skarmory|47/100
|
|-weather|Sandstorm|[upkeep]
|-heal|p1a: Skarmory|53/100|[from] item: Leftovers
|upkeep
|turn|11
|
|t:|1727881567
|move|p2a: Metagross|Meteor Mash|p1a: Skarmory
|-resisted|p1a: Skarmory
|-damage|p1a: Skarmory|19/100
|-boost|p2a: Metagross|atk|1
|move|p1a: Skarmory|Roar|p2a: Metagross
|drag|p2a: Regice|Regice|100/100
|-damage|p2a: Regice|88/100|[from] Spikes
|
|-weather|Sandstorm|[upkeep]
|-damage|p2a: Regice|82/100|[from] Sandstorm
|-heal|p1a: Skarmory|25/100|[from] item: Leftovers
|-heal|p2a: Regice|88/100|[from] item: Leftovers
|upkeep
|turn|12
|
|t:|1727881576
|move|p1a: Skarmory|Protect|p1a: Skarmory
|-singleturn|p1a: Skarmory|Protect
|move|p2a: Regice|Thunderbolt|p1a: Skarmory
|-activate|p1a: Skarmory|Protect
|
|-weather|Sandstorm|[upkeep]
|-damage|p2a: Regice|82/100|[from] Sandstorm
|-heal|p1a: Skarmory|31/100|[from] item: Leftovers
|-heal|p2a: Regice|88/100|[from] item: Leftovers
|upkeep
|turn|13
|
|t:|1727881591
|switch|p1a: Metagross|Metagross|100/100 par
|move|p2a: Regice|Ice Beam|p1a: Metagross
|-resisted|p1a: Metagross
|-damage|p1a: Metagross|80/100 par
|
|-weather|Sandstorm|[upkeep]
|-damage|p2a: Regice|82/100|[from] Sandstorm
|-heal|p2a: Regice|88/100|[from] item: Leftovers
|-heal|p1a: Metagross|86/100 par|[from] item: Leftovers
|upkeep
|turn|14
|
|t:|1727881596
|switch|p2a: Zapdos|Zapdos|83/100
|move|p1a: Metagross|Meteor Mash|p2a: Zapdos|[miss]
|-miss|p1a: Metagross|p2a: Zapdos
|
|-weather|Sandstorm|[upkeep]
|-damage|p2a: Zapdos|77/100|[from] Sandstorm
|-heal|p2a: Zapdos|83/100|[from] item: Leftovers
|-heal|p1a: Metagross|92/100 par|[from] item: Leftovers
|upkeep
|turn|15
|
|t:|1727881602
|move|p2a: Zapdos|Thunderbolt|p1a: Metagross
|-crit|p1a: Metagross
|-damage|p1a: Metagross|0 fnt
|faint|p1a: Metagross
|c|☆jozin457|ok this series sucks
|c|☆jozin457|I'm really sorry
|inactive|lemoncholy has 270 seconds left.
|
|t:|1727881632
|switch|p1a: Tyranitar|Tyranitar, F|100/100
|
|-weather|Sandstorm|[upkeep]
|-damage|p2a: Zapdos|77/100|[from] Sandstorm
|-heal|p2a: Zapdos|83/100|[from] item: Leftovers
|upkeep
|turn|16
|
|t:|1727881643
|move|p1a: Tyranitar|Dragon Dance|p1a: Tyranitar
|-boost|p1a: Tyranitar|atk|1
|-boost|p1a: Tyranitar|spe|1
|move|p2a: Zapdos|Roar|p1a: Tyranitar
|drag|p1a: Blissey|Blissey, F|86/100
|
|-weather|Sandstorm|[upkeep]
|-damage|p2a: Zapdos|77/100|[from] Sandstorm
|-damage|p1a: Blissey|80/100|[from] Sandstorm
|-heal|p2a: Zapdos|83/100|[from] item: Leftovers
|-heal|p1a: Blissey|86/100|[from] item: Leftovers
|upkeep
|turn|17
|c|☆lemoncholy|dont worry about it
|
|t:|1727881659
|switch|p1a: Salamence|Salamence, F|100/100
|-ability|p1a: Salamence|Intimidate|boost
|-unboost|p2a: Zapdos|atk|1
|move|p2a: Zapdos|Baton Pass|p2a: Zapdos
|
|t:|1727881681
|switch|p2a: Gengar|Gengar, F|100/100|[from] Baton Pass
|
|-weather|Sandstorm|[upkeep]
|-damage|p2a: Gengar|95/100|[from] Sandstorm
|-damage|p1a: Salamence|94/100|[from] Sandstorm
|-heal|p2a: Gengar|100/100|[from] item: Leftovers
|-heal|p1a: Salamence|100/100|[from] item: Leftovers
|upkeep
|turn|18
|
|t:|1727881689
|switch|p1a: Blissey|Blissey, F|86/100
|move|p2a: Gengar|Ice Punch|p1a: Blissey
|-damage|p1a: Blissey|75/100
|
|-weather|Sandstorm|[upkeep]
|-damage|p2a: Gengar|95/100|[from] Sandstorm
|-damage|p1a: Blissey|69/100|[from] Sandstorm
|-heal|p2a: Gengar|100/100|[from] item: Leftovers
|-heal|p1a: Blissey|75/100|[from] item: Leftovers
|upkeep
|turn|19
|
|t:|1727881698
|switch|p2a: Metagross|Metagross|88/100
|-damage|p2a: Metagross|76/100|[from] Spikes
|move|p1a: Blissey|Thunderbolt|p2a: Metagross
|-damage|p2a: Metagross|47/100
|
|-weather|Sandstorm|[upkeep]
|-damage|p1a: Blissey|69/100|[from] Sandstorm
|-heal|p1a: Blissey|75/100|[from] item: Leftovers
|upkeep
|turn|20
|
|t:|1727881702
|switch|p1a: Skarmory|Skarmory, F|31/100
|move|p2a: Metagross|Meteor Mash|p1a: Skarmory
|-resisted|p1a: Skarmory
|-damage|p1a: Skarmory|0 fnt
|faint|p1a: Skarmory
|
|t:|1727881706
|switch|p1a: Salamence|Salamence, F|100/100
|-ability|p1a: Salamence|Intimidate|boost
|-fail|p2a: Metagross|unboost|[from] ability: Clear Body|[of] p2a: Metagross
|
|-weather|Sandstorm|[upkeep]
|-damage|p1a: Salamence|94/100|[from] Sandstorm
|-heal|p1a: Salamence|100/100|[from] item: Leftovers
|upkeep
|turn|21
|
|t:|1727881713
|switch|p2a: Gengar|Gengar, F|100/100
|move|p1a: Salamence|Fire Blast|p2a: Gengar
|-damage|p2a: Gengar|38/100
|
|-weather|Sandstorm|[upkeep]
|-damage|p2a: Gengar|32/100|[from] Sandstorm
|-damage|p1a: Salamence|94/100|[from] Sandstorm
|-heal|p2a: Gengar|38/100|[from] item: Leftovers
|-heal|p1a: Salamence|100/100|[from] item: Leftovers
|upkeep
|turn|22
|
|t:|1727881718
|switch|p1a: Blissey|Blissey, F|75/100
|move|p2a: Gengar|Ice Punch|p1a: Blissey
|-damage|p1a: Blissey|65/100
|
|-weather|Sandstorm|[upkeep]
|-damage|p2a: Gengar|32/100|[from] Sandstorm
|-damage|p1a: Blissey|59/100|[from] Sandstorm
|-heal|p2a: Gengar|38/100|[from] item: Leftovers
|-heal|p1a: Blissey|65/100|[from] item: Leftovers
|upkeep
|turn|23
|
|t:|1727881745
|switch|p1a: Claydol|Claydol|100/100
|move|p2a: Gengar|Explosion|p1a: Claydol
|-damage|p1a: Claydol|21/100
|faint|p2a: Gengar
|inactive|jozin457 has 270 seconds left.
|
|t:|1727881786
|switch|p2a: Zapdos|Zapdos|83/100
|
|-weather|Sandstorm|[upkeep]
|-damage|p2a: Zapdos|77/100|[from] Sandstorm
|-heal|p2a: Zapdos|83/100|[from] item: Leftovers
|-heal|p1a: Claydol|28/100|[from] item: Leftovers
|upkeep
|turn|24
|inactive|lemoncholy has 270 seconds left.
|
|t:|1727881814
|switch|p1a: Blissey|Blissey, F|65/100
|move|p2a: Zapdos|Hidden Power|p1a: Blissey
|-damage|p1a: Blissey|54/100
|
|-weather|Sandstorm|[upkeep]
|-damage|p2a: Zapdos|77/100|[from] Sandstorm
|-damage|p1a: Blissey|48/100|[from] Sandstorm
|-heal|p2a: Zapdos|83/100|[from] item: Leftovers
|-heal|p1a: Blissey|54/100|[from] item: Leftovers
|upkeep
|turn|25
|inactive|lemoncholy has 270 seconds left.
|
|t:|1727881822
|switch|p1a: Claydol|Claydol|28/100
|move|p2a: Zapdos|Baton Pass|p2a: Zapdos
|
|t:|1727881846
|switch|p2a: Salamence|Salamence, F|100/100|[from] Baton Pass
|-ability|p2a: Salamence|Intimidate|boost
|-unboost|p1a: Claydol|atk|1
|
|-weather|Sandstorm|[upkeep]
|-damage|p2a: Salamence|94/100|[from] Sandstorm
|-heal|p2a: Salamence|100/100|[from] item: Leftovers
|-heal|p1a: Claydol|34/100|[from] item: Leftovers
|upkeep
|turn|26
|inactive|lemoncholy has 270 seconds left.
|
|t:|1727881869
|move|p2a: Salamence|Dragon Dance|p2a: Salamence
|-boost|p2a: Salamence|atk|1
|-boost|p2a: Salamence|spe|1
|move|p1a: Claydol|Explosion|p2a: Salamence
|-damage|p2a: Salamence|5/100
|faint|p1a: Claydol
|
|t:|1727881878
|switch|p1a: Salamence|Salamence, F|100/100
|-ability|p1a: Salamence|Intimidate|boost
|-unboost|p2a: Salamence|atk|1
|
|-weather|Sandstorm|[upkeep]
|-damage|p2a: Salamence|0 fnt|[from] Sandstorm
|-damage|p1a: Salamence|94/100|[from] Sandstorm
|faint|p2a: Salamence
|-heal|p1a: Salamence|100/100|[from] item: Leftovers
|upkeep
|
|t:|1727881883
|switch|p2a: Regice|Regice|88/100
|-damage|p2a: Regice|76/100|[from] Spikes
|turn|27
|
|t:|1727881889
|switch|p1a: Blissey|Blissey, F|54/100
|move|p2a: Regice|Thunder Wave|p1a: Blissey
|-status|p1a: Blissey|par
|
|-weather|Sandstorm|[upkeep]
|-damage|p2a: Regice|70/100|[from] Sandstorm
|-damage|p1a: Blissey|48/100 par|[from] Sandstorm
|-heal|p2a: Regice|76/100|[from] item: Leftovers
|-heal|p1a: Blissey|54/100 par|[from] item: Leftovers
|upkeep
|turn|28
|inactive|jozin457 has 270 seconds left.
|
|t:|1727881895
|switch|p2a: Metagross|Metagross|47/100
|-damage|p2a: Metagross|35/100|[from] Spikes
|move|p1a: Blissey|Soft-Boiled|p1a: Blissey
|-heal|p1a: Blissey|100/100 par
|
|-weather|Sandstorm|[upkeep]
|-damage|p1a: Blissey|94/100 par|[from] Sandstorm
|-heal|p1a: Blissey|100/100 par|[from] item: Leftovers
|upkeep
|turn|29
|inactive|lemoncholy has 270 seconds left.
|inactive|lemoncholy has 240 seconds left.
|
|t:|1727881969
|move|p2a: Metagross|Meteor Mash|p1a: Blissey
|-damage|p1a: Blissey|16/100 par
|-boost|p2a: Metagross|atk|1
|move|p1a: Blissey|Thunderbolt|p2a: Metagross
|-damage|p2a: Metagross|4/100
|
|-weather|Sandstorm|[upkeep]
|-damage|p1a: Blissey|10/100 par|[from] Sandstorm
|-heal|p1a: Blissey|16/100 par|[from] item: Leftovers
|upkeep
|turn|30
|
|t:|1727881976
|move|p2a: Metagross|Meteor Mash|p1a: Blissey
|-crit|p1a: Blissey
|-damage|p1a: Blissey|0 fnt
|faint|p1a: Blissey
|
|t:|1727881979
|switch|p1a: Salamence|Salamence, F|100/100
|-ability|p1a: Salamence|Intimidate|boost
|-fail|p2a: Metagross|unboost|[from] ability: Clear Body|[of] p2a: Metagross
|
|-weather|Sandstorm|[upkeep]
|-damage|p1a: Salamence|94/100|[from] Sandstorm
|-heal|p1a: Salamence|100/100|[from] item: Leftovers
|upkeep
|turn|31
|
|t:|1727881982
|move|p1a: Salamence|Dragon Claw|p2a: Metagross
|-resisted|p2a: Metagross
|-damage|p2a: Metagross|0 fnt
|faint|p2a: Metagross
|
|t:|1727881985
|switch|p2a: Regice|Regice|76/100
|-damage|p2a: Regice|63/100|[from] Spikes
|
|-weather|Sandstorm|[upkeep]
|-damage|p1a: Salamence|94/100|[from] Sandstorm
|-damage|p2a: Regice|57/100|[from] Sandstorm
|-heal|p1a: Salamence|100/100|[from] item: Leftovers
|-heal|p2a: Regice|63/100|[from] item: Leftovers
|upkeep
|turn|32
|
|t:|1727881998
|move|p1a: Salamence|Brick Break|p2a: Regice
|-supereffective|p2a: Regice
|-damage|p2a: Regice|22/100
|move|p2a: Regice|Ice Beam|p1a: Salamence
|-supereffective|p1a: Salamence
|-damage|p1a: Salamence|0 fnt
|faint|p1a: Salamence
|
|t:|1727882002
|switch|p1a: Tyranitar|Tyranitar, F|100/100
|
|-weather|Sandstorm|[upkeep]
|-damage|p2a: Regice|16/100|[from] Sandstorm
|-heal|p2a: Regice|22/100|[from] item: Leftovers
|upkeep
|turn|33
|
|t:|1727882014
|move|p1a: Tyranitar|Dragon Dance|p1a: Tyranitar
|-boost|p1a: Tyranitar|atk|1
|-boost|p1a: Tyranitar|spe|1
|move|p2a: Regice|Thunder Wave|p1a: Tyranitar
|-status|p1a: Tyranitar|par
|
|-weather|Sandstorm|[upkeep]
|-damage|p2a: Regice|16/100|[from] Sandstorm
|-heal|p2a: Regice|22/100|[from] item: Leftovers
|upkeep
|turn|34
|
|t:|1727882031
|move|p2a: Regice|Ice Beam|p1a: Tyranitar
|-damage|p1a: Tyranitar|65/100 par
|move|p1a: Tyranitar|Earthquake|p2a: Regice
|-damage|p2a: Regice|0 fnt
|faint|p2a: Regice
|
|t:|1727882034
|switch|p2a: Zapdos|Zapdos|83/100
|
|-weather|Sandstorm|[upkeep]
|-damage|p2a: Zapdos|77/100|[from] Sandstorm
|-heal|p2a: Zapdos|83/100|[from] item: Leftovers
|-heal|p1a: Tyranitar|71/100 par|[from] item: Leftovers
|upkeep
|turn|35
|
|t:|1727882036
|move|p2a: Zapdos|Thunderbolt|p1a: Tyranitar
|-damage|p1a: Tyranitar|27/100 par
|cant|p1a: Tyranitar|par
|
|-weather|Sandstorm|[upkeep]
|-damage|p2a: Zapdos|77/100|[from] Sandstorm
|-heal|p2a: Zapdos|83/100|[from] item: Leftovers
|-heal|p1a: Tyranitar|33/100 par|[from] item: Leftovers
|upkeep
|turn|36
|
|t:|1727882040
|move|p2a: Zapdos|Thunderbolt|p1a: Tyranitar
|-damage|p1a: Tyranitar|0 fnt
|faint|p1a: Tyranitar
|
|win|jozin457
|c|☆lemoncholy|ggwp
|c|☆jozin457|ggs out of respect
|c|☆jozin457|sorry again
|c|☆lemoncholy|i thought i was lum at the end there

</script>
<script type="application/json" class="data" id="replaydata-smogtours-gen3ou-793949">
{"id":"smogtours-gen3ou-793949","format":"[Gen 3] OU","players":["lemoncholy","jozin457"],"uploadtime":1727882040,"views":113,"formatid":"gen3ou","rating":null,"private":1,"password":null}
</script>

<script defer src="js/replays.js?9d40a366"></script>
