<!DOCTYPE html>
<meta charset="utf-8" />
<meta name="viewport" content="width=device-width" />

<title>[Gen 3] OU: Schmohg vs. Quarante8 - Replays - Pok&eacute;mon Showdown!</title>

<meta name="description" content="Watch a replay of a Pok&eacute;mon battle between Schmohg and Quarante8! Format: [Gen 3] OU; Date: Oct 3, 2024" />
<!--

Hey, you! Looking in the source for the replay log?

You can find them in JSON format, just add `.json` at the end of a replay URL.

https://replay.pokemonshowdown.com/gen7randomdoublesbattle-865046831.json

Or, if you only need the log itself, add `.log` instead:

https://replay.pokemonshowdown.com/gen7randomdoublesbattle-865046831.log

-->

<link rel="stylesheet" href="//pokemonshowdown.com/style/global.css?0.767286132409787" />
<link rel="stylesheet" href="//play.pokemonshowdown.com/style/font-awesome.css?0.9266228007934947" />
<link rel="stylesheet" href="//play.pokemonshowdown.com/style/battle.css?0.7924700842790926" />
<link rel="stylesheet" href="//play.pokemonshowdown.com/style/utilichart.css?0.8777417872839479" />

<!-- Global site tag (gtag.js) - Google Analytics -->
<script async src="https://www.googletagmanager.com/gtag/js?id=UA-26211653-1"></script>
<script>
  window.dataLayer = window.dataLayer || [];
  function gtag(){dataLayer.push(arguments);}
  gtag('js', new Date());

  gtag('config', 'UA-26211653-1');
</script>
<!-- End Google Analytics -->
<!-- Venatus Ad Manager - Install in <HEAD> of page -->
	<script src="https://hb.vntsm.com/v3/live/ad-manager.min.js" type="text/javascript" data-site-id="642aba63ec9a7b11c3c9c1be" data-mode="scan" async></script>
<!-- / Venatus Ad Manager -->

<style>
	@media (max-width:820px) {
		.battle {
			margin: 0 auto;
		}
		.battle-log {
			margin: 7px auto 0;
			max-width: 640px;
			height: 300px;
			position: static;
		}
	}
	.optgroup {
		display: inline-block;
		line-height: 22px;
		font-size: 10pt;
	}
	.optgroup .button {
		height: 25px;
		padding-top: 0;
		padding-bottom: 0;
	}
	.optgroup button.button {
		padding-left: 12px;
		padding-right: 12px;
	}
	.linklist {
		list-style: none;
		margin: 0.5em 0;
		padding: 0;
	}
	.linklist li {
		padding: 2px 0;
	}
	.sidebar {
		float: left;
		width: 320px;
	}
	.bar-wrapper {
		max-width: 1100px;
		margin: 0 auto;
	}
	.bar-wrapper.has-sidebar {
		max-width: 1430px;
	}
	.mainbar {
		margin: 0;
		padding-right: 1px;
	}
	.mainbar.has-sidebar {
		margin-left: 330px;
	}
	@media (min-width: 1511px) {
		.sidebar {
			width: 400px;
		}
		.bar-wrapper.has-sidebar {
			max-width: 1510px;
		}
		.mainbar.has-sidebar {
			margin-left: 410px;
		}
	}
	.section.first-section {
		margin-top: 9px;
	}
	.blocklink small {
		white-space: normal;
	}
	.button {
		vertical-align: middle;
	}
	.replay-controls {
		padding-top: 10px;
	}
	.replay-controls h1 {
		font-size: 16pt;
		font-weight: normal;
		color: #CCC;
	}
	.pagelink {
		text-align: center;
	}
	.pagelink a {
		width: 150px;
	}
	.textbox, .button {
		font-size: 11pt;
		vertical-align: middle;
	}
	@media (max-width: 450px) {
		.button {
			font-size: 9pt;
		}
	}
</style>

<div>

	<header>
		<div class="nav-wrapper"><ul class="nav">
			<li><a class="button nav-first" href="//pokemonshowdown.com/"><img src="//pokemonshowdown.com/images/pokemonshowdownbeta.png" srcset="//pokemonshowdown.com/images/pokemonshowdownbeta.png 1x, //pokemonshowdown.com/images/pokemonshowdownbeta@2x.png 2x" alt="Pok&eacute;mon Showdown" width="146" height="44" /> Home</a></li>
			<li><a class="button" href="//pokemonshowdown.com/dex/">Pok&eacute;dex</a></li>
			<li><a class="button cur" href="/">Replays</a></li>
			<li><a class="button" href="//pokemonshowdown.com/ladder/">Ladder</a></li>
			<li><a class="button nav-last" href="//pokemonshowdown.com/forums/">Forum</a></li>
			<li><a class="button greenbutton nav-first nav-last" href="//play.pokemonshowdown.com/">Play</a></li>
		</ul></div>
	</header>

	<div class="main" id="main">

		<noscript><section class="section">You need to enable JavaScript to use this page; sorry!</section></noscript>

	</div>

</div>

<script defer nomodule src="//play.pokemonshowdown.com/js/lib/ps-polyfill.js"></script>
<script defer src="//play.pokemonshowdown.com/js/lib/preact.min.js"></script>

<script defer src="//play.pokemonshowdown.com/config/config.js?6dec07f6"></script>
<script defer src="//play.pokemonshowdown.com/js/lib/jquery-1.11.0.min.js"></script>
<script defer src="//play.pokemonshowdown.com/js/lib/html-sanitizer-minified.js"></script>
<script defer src="//play.pokemonshowdown.com/js/battle-sound.js"></script>
<script defer src="//play.pokemonshowdown.com/js/battledata.js?0.6315294753075389"></script>
<script defer src="//play.pokemonshowdown.com/data/pokedex-mini.js?0.7603743185311358"></script>
<script defer src="//play.pokemonshowdown.com/data/pokedex-mini-bw.js?0.030888842834281283"></script>
<script defer src="//play.pokemonshowdown.com/data/graphics.js?0.05593094747507488"></script>
<script defer src="//play.pokemonshowdown.com/data/pokedex.js?0.47064822249611904"></script>
<script defer src="//play.pokemonshowdown.com/data/moves.js?0.8583693120512459"></script>
<script defer src="//play.pokemonshowdown.com/data/abilities.js?0.16017181182386842"></script>
<script defer src="//play.pokemonshowdown.com/data/items.js?0.4163379185673943"></script>
<script defer src="//play.pokemonshowdown.com/data/teambuilder-tables.js?0.31075597372830477"></script>
<script defer src="//play.pokemonshowdown.com/js/battle-tooltips.js?0.6536193500708172"></script>
<script defer src="//play.pokemonshowdown.com/js/battle.js?0.1916591943277901"></script>

<script defer src="js/utils.js?e31f9a17"></script>
<script defer src="js/replays-battle.js?7008c182"></script>

<!-- don't scrape this data! just add .json or .log after the URL!
Full API docs: https://github.com/smogon/pokemon-showdown-client/blob/master/WEB-API.md -->
<script type="text/plain" class="log" id="replaylog-smogtours-gen3ou-794306">
|inactive|Battle timer is ON: inactive players will automatically lose when time's up.
|t:|1727980956
|gametype|singles
|player|p1|Schmohg|1|
|player|p2|Quarante8|pilot|
|teamsize|p1|6
|teamsize|p2|6
|gen|3
|tier|[Gen 3] OU
|rule|Sleep Clause Mod: Limit one foe put to sleep
|rule|Switch Priority Clause Mod: Faster Pokémon switch first
|rule|Species Clause: Limit one of each Pokémon
|rule|OHKO Clause: OHKO moves are banned
|rule|Evasion Items Clause: Evasion items are banned
|rule|Evasion Moves Clause: Evasion moves are banned
|rule|Endless Battle Clause: Forcing endless battles is banned
|rule|HP Percentage Mod: HP is shown in percentages
|rule|One Boost Passer Clause: Limit one Baton Passer that has a way to boost its stats
|rule|Freeze Clause Mod: Limit one foe frozen
|
|t:|1727980956
|start
|switch|p1a: Suicune|Suicune|100/100
|switch|p2a: Stormraider|Tyranitar, F|100/100
|-weather|Sandstorm|[from] ability: Sand Stream|[of] p2a: Stormraider
|turn|1
|c|☆Quarante8|hf!
|c|☆Schmohg|glhf!
|
|t:|1727980983
|switch|p2a: Serendipity|Blissey, F|100/100
|move|p1a: Suicune|Hydro Pump|p2a: Serendipity
|-damage|p2a: Serendipity|80/100
|
|-weather|Sandstorm|[upkeep]
|-damage|p1a: Suicune|94/100|[from] Sandstorm
|-damage|p2a: Serendipity|74/100|[from] Sandstorm
|-heal|p1a: Suicune|100/100|[from] item: Leftovers
|-heal|p2a: Serendipity|80/100|[from] item: Leftovers
|upkeep
|turn|2
|inactive|Quarante8 has 270 seconds left.
|
|t:|1727981016
|switch|p1a: Metagross|Metagross|100/100
|switch|p2a: Spread the Rot|Skarmory, M|100/100
|
|-weather|Sandstorm|[upkeep]
|upkeep
|turn|3
|inactive|Schmohg has 270 seconds left.
|
|t:|1727981040
|switch|p1a: Magneton|Magneton|100/100
|move|p2a: Spread the Rot|Spikes|p1a: Magneton
|-sidestart|p1: Schmohg|Spikes
|
|-weather|Sandstorm|[upkeep]
|upkeep
|turn|4
|
|t:|1727981045
|move|p1a: Magneton|Thunderbolt|p2a: Spread the Rot
|-supereffective|p2a: Spread the Rot
|-damage|p2a: Spread the Rot|1/100
|move|p2a: Spread the Rot|Roar|p1a: Magneton
|drag|p1a: Suicune|Suicune|100/100
|-damage|p1a: Suicune|88/100|[from] Spikes
|
|-weather|Sandstorm|[upkeep]
|-damage|p1a: Suicune|82/100|[from] Sandstorm
|-heal|p1a: Suicune|88/100|[from] item: Leftovers
|-heal|p2a: Spread the Rot|7/100|[from] item: Leftovers
|upkeep
|turn|5
|
|t:|1727981056
|switch|p2a: Serendipity|Blissey, F|80/100
|move|p1a: Suicune|Ice Beam|p2a: Serendipity
|-damage|p2a: Serendipity|69/100
|
|-weather|Sandstorm|[upkeep]
|-damage|p1a: Suicune|82/100|[from] Sandstorm
|-damage|p2a: Serendipity|63/100|[from] Sandstorm
|-heal|p1a: Suicune|88/100|[from] item: Leftovers
|-heal|p2a: Serendipity|69/100|[from] item: Leftovers
|upkeep
|turn|6
|inactive|Schmohg has 270 seconds left.
|
|t:|1727981077
|switch|p1a: Salamence|Salamence, F|100/100
|-ability|p1a: Salamence|Intimidate|boost
|-unboost|p2a: Serendipity|atk|1
|move|p2a: Serendipity|Thunderbolt|p1a: Salamence
|-damage|p1a: Salamence|65/100
|
|-weather|Sandstorm|[upkeep]
|-damage|p1a: Salamence|59/100|[from] Sandstorm
|-damage|p2a: Serendipity|63/100|[from] Sandstorm
|-heal|p1a: Salamence|65/100|[from] item: Leftovers
|-heal|p2a: Serendipity|69/100|[from] item: Leftovers
|upkeep
|turn|7
|
|t:|1727981094
|move|p1a: Salamence|Brick Break|p2a: Serendipity
|-supereffective|p2a: Serendipity
|-damage|p2a: Serendipity|19/100
|move|p2a: Serendipity|Soft-Boiled|p2a: Serendipity
|-heal|p2a: Serendipity|69/100
|
|-weather|Sandstorm|[upkeep]
|-damage|p1a: Salamence|59/100|[from] Sandstorm
|-damage|p2a: Serendipity|63/100|[from] Sandstorm
|-heal|p1a: Salamence|65/100|[from] item: Leftovers
|-heal|p2a: Serendipity|69/100|[from] item: Leftovers
|upkeep
|turn|8
|
|t:|1727981106
|switch|p2a: Resilience|Jirachi|100/100
|move|p1a: Salamence|Brick Break|p2a: Resilience
|-damage|p2a: Resilience|86/100
|
|-weather|Sandstorm|[upkeep]
|-damage|p1a: Salamence|59/100|[from] Sandstorm
|-heal|p1a: Salamence|65/100|[from] item: Leftovers
|-heal|p2a: Resilience|92/100|[from] item: Leftovers
|upkeep
|turn|9
|inactive|Schmohg has 270 seconds left.
|
|t:|1727981122
|switch|p1a: Snorlax|Snorlax, M|100/100
|-damage|p1a: Snorlax|88/100|[from] Spikes
|move|p2a: Resilience|Toxic|p1a: Snorlax
|-immune|p1a: Snorlax|[from] ability: Immunity
|
|-weather|Sandstorm|[upkeep]
|-damage|p1a: Snorlax|82/100|[from] Sandstorm
|-heal|p2a: Resilience|98/100|[from] item: Leftovers
|-heal|p1a: Snorlax|88/100|[from] item: Leftovers
|upkeep
|turn|10
|inactive|Schmohg has 270 seconds left.
|
|t:|1727981137
|move|p2a: Resilience|Wish|p2a: Resilience
|move|p1a: Snorlax|Earthquake|p2a: Resilience
|-supereffective|p2a: Resilience
|-damage|p2a: Resilience|53/100
|
|-weather|Sandstorm|[upkeep]
|-damage|p1a: Snorlax|82/100|[from] Sandstorm
|-heal|p2a: Resilience|59/100|[from] item: Leftovers
|-heal|p1a: Snorlax|88/100|[from] item: Leftovers
|upkeep
|turn|11
|inactive|Schmohg has 270 seconds left.
|
|t:|1727981153
|move|p2a: Resilience|Fire Punch|p1a: Snorlax
|-damage|p1a: Snorlax|78/100
|move|p1a: Snorlax|Body Slam|p2a: Resilience
|-resisted|p2a: Resilience
|-damage|p2a: Resilience|45/100
|-status|p2a: Resilience|par
|
|-heal|p2a: Resilience|95/100 par|[from] move: Wish|[wisher] Resilience
|-weather|Sandstorm|[upkeep]
|-damage|p1a: Snorlax|72/100|[from] Sandstorm
|-heal|p1a: Snorlax|78/100|[from] item: Leftovers
|-heal|p2a: Resilience|100/100 par|[from] item: Leftovers
|upkeep
|turn|12
|
|t:|1727981159
|move|p1a: Snorlax|Earthquake|p2a: Resilience
|-supereffective|p2a: Resilience
|-damage|p2a: Resilience|57/100 par
|move|p2a: Resilience|Wish|p2a: Resilience
|
|-weather|Sandstorm|[upkeep]
|-damage|p1a: Snorlax|72/100|[from] Sandstorm
|-heal|p1a: Snorlax|78/100|[from] item: Leftovers
|-heal|p2a: Resilience|63/100 par|[from] item: Leftovers
|upkeep
|turn|13
|
|t:|1727981166
|switch|p2a: Stormraider|Tyranitar, F|100/100
|move|p1a: Snorlax|Earthquake|p2a: Stormraider
|-supereffective|p2a: Stormraider
|-damage|p2a: Stormraider|45/100
|
|-heal|p2a: Stormraider|95/100|[from] move: Wish|[wisher] Resilience
|-weather|Sandstorm|[upkeep]
|-damage|p1a: Snorlax|72/100|[from] Sandstorm
|-heal|p2a: Stormraider|100/100|[from] item: Leftovers
|-heal|p1a: Snorlax|78/100|[from] item: Leftovers
|upkeep
|turn|14
|
|t:|1727981185
|switch|p1a: Suicune|Suicune|88/100
|-damage|p1a: Suicune|76/100|[from] Spikes
|move|p2a: Stormraider|Earthquake|p1a: Suicune
|-crit|p1a: Suicune
|-damage|p1a: Suicune|13/100
|
|-weather|Sandstorm|[upkeep]
|-damage|p1a: Suicune|7/100|[from] Sandstorm
|-heal|p1a: Suicune|13/100|[from] item: Leftovers
|upkeep
|turn|15
|
|t:|1727981191
|switch|p2a: Serendipity|Blissey, F|69/100
|move|p1a: Suicune|Hydro Pump|p2a: Serendipity
|-damage|p2a: Serendipity|46/100
|
|-weather|Sandstorm|[upkeep]
|-damage|p1a: Suicune|7/100|[from] Sandstorm
|-damage|p2a: Serendipity|39/100|[from] Sandstorm
|-heal|p1a: Suicune|13/100|[from] item: Leftovers
|-heal|p2a: Serendipity|46/100|[from] item: Leftovers
|upkeep
|turn|16
|
|t:|1727981205
|move|p1a: Suicune|Hydro Pump|p2a: Serendipity
|-damage|p2a: Serendipity|23/100
|move|p2a: Serendipity|Soft-Boiled|p2a: Serendipity
|-heal|p2a: Serendipity|73/100
|
|-weather|Sandstorm|[upkeep]
|-damage|p1a: Suicune|7/100|[from] Sandstorm
|-damage|p2a: Serendipity|67/100|[from] Sandstorm
|-heal|p1a: Suicune|13/100|[from] item: Leftovers
|-heal|p2a: Serendipity|73/100|[from] item: Leftovers
|upkeep
|turn|17
|
|t:|1727981209
|move|p2a: Serendipity|Soft-Boiled|p2a: Serendipity
|-heal|p2a: Serendipity|100/100
|move|p1a: Suicune|Roar|p2a: Serendipity
|drag|p2a: Stormraider|Tyranitar, F|100/100
|
|-weather|Sandstorm|[upkeep]
|-damage|p1a: Suicune|7/100|[from] Sandstorm
|-heal|p1a: Suicune|13/100|[from] item: Leftovers
|upkeep
|turn|18
|
|t:|1727981215
|switch|p2a: Serendipity|Blissey, F|100/100
|move|p1a: Suicune|Hydro Pump|p2a: Serendipity
|-crit|p2a: Serendipity
|-damage|p2a: Serendipity|59/100
|
|-weather|Sandstorm|[upkeep]
|-damage|p1a: Suicune|7/100|[from] Sandstorm
|-damage|p2a: Serendipity|53/100|[from] Sandstorm
|-heal|p1a: Suicune|13/100|[from] item: Leftovers
|-heal|p2a: Serendipity|59/100|[from] item: Leftovers
|upkeep
|turn|19
|
|t:|1727981222
|move|p1a: Suicune|Calm Mind|p1a: Suicune
|-boost|p1a: Suicune|spa|1
|-boost|p1a: Suicune|spd|1
|move|p2a: Serendipity|Soft-Boiled|p2a: Serendipity
|-heal|p2a: Serendipity|100/100
|
|-weather|Sandstorm|[upkeep]
|-damage|p1a: Suicune|7/100|[from] Sandstorm
|-damage|p2a: Serendipity|94/100|[from] Sandstorm
|-heal|p1a: Suicune|13/100|[from] item: Leftovers
|-heal|p2a: Serendipity|100/100|[from] item: Leftovers
|upkeep
|turn|20
|
|t:|1727981227
|move|p1a: Suicune|Ice Beam|p2a: Serendipity
|-damage|p2a: Serendipity|83/100
|move|p2a: Serendipity|Thunderbolt|p1a: Suicune
|-supereffective|p1a: Suicune
|-damage|p1a: Suicune|0 fnt
|faint|p1a: Suicune
|
|t:|1727981242
|switch|p1a: Metagross|Metagross|100/100
|-damage|p1a: Metagross|88/100|[from] Spikes
|
|-weather|Sandstorm|[upkeep]
|-damage|p2a: Serendipity|77/100|[from] Sandstorm
|-heal|p2a: Serendipity|83/100|[from] item: Leftovers
|upkeep
|turn|21
|
|t:|1727981253
|switch|p1a: Magneton|Magneton|100/100
|-damage|p1a: Magneton|88/100|[from] Spikes
|switch|p2a: Resilience|Jirachi|63/100 par
|
|-weather|Sandstorm|[upkeep]
|-heal|p2a: Resilience|69/100 par|[from] item: Leftovers
|upkeep
|turn|22
|
|t:|1727981284
|move|p1a: Magneton|Thunderbolt|p2a: Resilience
|-damage|p2a: Resilience|27/100 par
|move|p2a: Resilience|Wish|p2a: Resilience
|
|-weather|Sandstorm|[upkeep]
|-heal|p2a: Resilience|33/100 par|[from] item: Leftovers
|upkeep
|turn|23
|
|t:|1727981291
|move|p2a: Resilience|Protect|p2a: Resilience
|-singleturn|p2a: Resilience|Protect
|move|p1a: Magneton|Thunderbolt|p2a: Resilience
|-activate|p2a: Resilience|Protect
|
|-heal|p2a: Resilience|83/100 par|[from] move: Wish|[wisher] Resilience
|-weather|Sandstorm|[upkeep]
|-heal|p2a: Resilience|89/100 par|[from] item: Leftovers
|upkeep
|turn|24
|
|t:|1727981295
|move|p1a: Magneton|Thunderbolt|p2a: Resilience
|-damage|p2a: Resilience|48/100 par
|move|p2a: Resilience|Wish|p2a: Resilience
|
|-weather|Sandstorm|[upkeep]
|-heal|p2a: Resilience|54/100 par|[from] item: Leftovers
|upkeep
|turn|25
|
|t:|1727981297
|move|p2a: Resilience|Protect|p2a: Resilience
|-singleturn|p2a: Resilience|Protect
|move|p1a: Magneton|Rain Dance|p1a: Magneton
|-weather|RainDance
|
|-heal|p2a: Resilience|100/100 par|[from] move: Wish|[wisher] Resilience
|-weather|RainDance|[upkeep]
|upkeep
|turn|26
|
|t:|1727981303
|move|p1a: Magneton|Thunderbolt|p2a: Resilience
|-damage|p2a: Resilience|55/100 par
|move|p2a: Resilience|Wish|p2a: Resilience
|
|-weather|RainDance|[upkeep]
|-heal|p2a: Resilience|62/100 par|[from] item: Leftovers
|upkeep
|turn|27
|
|t:|1727981306
|move|p2a: Resilience|Protect|p2a: Resilience
|-singleturn|p2a: Resilience|Protect
|move|p1a: Magneton|Thunderbolt|p2a: Resilience
|-activate|p2a: Resilience|Protect
|
|-heal|p2a: Resilience|100/100 par|[from] move: Wish|[wisher] Resilience
|-weather|RainDance|[upkeep]
|upkeep
|turn|28
|
|t:|1727981309
|move|p1a: Magneton|Thunderbolt|p2a: Resilience
|-damage|p2a: Resilience|56/100 par
|cant|p2a: Resilience|par
|
|-weather|RainDance|[upkeep]
|-heal|p2a: Resilience|62/100 par|[from] item: Leftovers
|upkeep
|turn|29
|
|t:|1727981314
|move|p1a: Magneton|Thunderbolt|p2a: Resilience
|-damage|p2a: Resilience|16/100 par
|move|p2a: Resilience|Wish|p2a: Resilience
|
|-weather|none
|-heal|p2a: Resilience|22/100 par|[from] item: Leftovers
|upkeep
|turn|30
|
|t:|1727981318
|move|p2a: Resilience|Protect|p2a: Resilience
|-singleturn|p2a: Resilience|Protect
|move|p1a: Magneton|Thunderbolt|p2a: Resilience
|-activate|p2a: Resilience|Protect
|
|-heal|p2a: Resilience|72/100 par|[from] move: Wish|[wisher] Resilience
|-heal|p2a: Resilience|78/100 par|[from] item: Leftovers
|upkeep
|turn|31
|
|t:|1727981323
|move|p1a: Magneton|Thunderbolt|p2a: Resilience
|-damage|p2a: Resilience|33/100 par
|cant|p2a: Resilience|par
|
|-heal|p2a: Resilience|40/100 par|[from] item: Leftovers
|upkeep
|turn|32
|
|t:|1727981327
|move|p2a: Resilience|Protect|p2a: Resilience
|-singleturn|p2a: Resilience|Protect
|move|p1a: Magneton|Thunderbolt|p2a: Resilience
|-activate|p2a: Resilience|Protect
|
|-heal|p2a: Resilience|46/100 par|[from] item: Leftovers
|upkeep
|turn|33
|
|t:|1727981330
|move|p1a: Magneton|Thunderbolt|p2a: Resilience
|-damage|p2a: Resilience|2/100 par
|move|p2a: Resilience|Wish|p2a: Resilience
|
|-heal|p2a: Resilience|8/100 par|[from] item: Leftovers
|upkeep
|turn|34
|
|t:|1727981333
|move|p2a: Resilience|Protect|p2a: Resilience
|-singleturn|p2a: Resilience|Protect
|move|p1a: Magneton|Hidden Power|p2a: Resilience
|-activate|p2a: Resilience|Protect
|
|-heal|p2a: Resilience|58/100 par|[from] move: Wish|[wisher] Resilience
|-heal|p2a: Resilience|64/100 par|[from] item: Leftovers
|upkeep
|turn|35
|
|t:|1727981337
|move|p1a: Magneton|Thunderbolt|p2a: Resilience
|-damage|p2a: Resilience|23/100 par
|cant|p2a: Resilience|par
|
|-heal|p2a: Resilience|29/100 par|[from] item: Leftovers
|upkeep
|turn|36
|
|t:|1727981341
|move|p2a: Resilience|Protect|p2a: Resilience
|-singleturn|p2a: Resilience|Protect
|move|p1a: Magneton|Thunderbolt|p2a: Resilience
|-activate|p2a: Resilience|Protect
|
|-heal|p2a: Resilience|36/100 par|[from] item: Leftovers
|upkeep
|turn|37
|
|t:|1727981343
|move|p2a: Resilience|Protect|p2a: Resilience
|-singleturn|p2a: Resilience|Protect
|move|p1a: Magneton|Thunderbolt|p2a: Resilience
|-activate|p2a: Resilience|Protect
|
|-heal|p2a: Resilience|42/100 par|[from] item: Leftovers
|upkeep
|turn|38
|
|t:|1727981372
|move|p1a: Magneton|Thunderbolt|p2a: Resilience
|-damage|p2a: Resilience|0 fnt
|faint|p2a: Resilience
|
|t:|1727981380
|switch|p2a: Stormraider|Tyranitar, F|100/100
|-weather|Sandstorm|[from] ability: Sand Stream|[of] p2a: Stormraider
|
|-weather|Sandstorm|[upkeep]
|upkeep
|turn|39
|
|t:|1727981392
|switch|p1a: Salamence|Salamence, F|65/100
|-ability|p1a: Salamence|Intimidate|boost
|-unboost|p2a: Stormraider|atk|1
|move|p2a: Stormraider|Earthquake|p1a: Salamence
|-immune|p1a: Salamence
|
|-weather|Sandstorm|[upkeep]
|-damage|p1a: Salamence|59/100|[from] Sandstorm
|-heal|p1a: Salamence|65/100|[from] item: Leftovers
|upkeep
|turn|40
|
|t:|1727981400
|switch|p2a: Mend the Fields|Claydol|100/100
|move|p1a: Salamence|Brick Break|p2a: Mend the Fields
|-resisted|p2a: Mend the Fields
|-damage|p2a: Mend the Fields|89/100
|
|-weather|Sandstorm|[upkeep]
|-damage|p1a: Salamence|59/100|[from] Sandstorm
|-heal|p1a: Salamence|65/100|[from] item: Leftovers
|-heal|p2a: Mend the Fields|95/100|[from] item: Leftovers
|upkeep
|turn|41
|
|t:|1727981407
|switch|p1a: Metagross|Metagross|88/100
|-damage|p1a: Metagross|76/100|[from] Spikes
|move|p2a: Mend the Fields|Earthquake|p1a: Metagross
|-supereffective|p1a: Metagross
|-damage|p1a: Metagross|16/100
|
|-weather|Sandstorm|[upkeep]
|-heal|p2a: Mend the Fields|100/100|[from] item: Leftovers
|upkeep
|turn|42
|
|t:|1727981421
|switch|p2a: Spread the Rot|Skarmory, M|7/100
|move|p1a: Metagross|Explosion|p2a: Spread the Rot
|-resisted|p2a: Spread the Rot
|-damage|p2a: Spread the Rot|0 fnt
|faint|p1a: Metagross
|faint|p2a: Spread the Rot
|
|t:|1727981432
|switch|p1a: Salamence|Salamence, F|65/100
|switch|p2a: Stormraider|Tyranitar, F|100/100
|-ability|p1a: Salamence|Intimidate|boost
|-unboost|p2a: Stormraider|atk|1
|
|-weather|Sandstorm|[upkeep]
|-damage|p1a: Salamence|59/100|[from] Sandstorm
|-heal|p1a: Salamence|65/100|[from] item: Leftovers
|upkeep
|turn|43
|inactive|Quarante8 has 270 seconds left.
|inactive|Quarante8 has 240 seconds left.
|
|t:|1727981505
|switch|p2a: Mend the Fields|Claydol|100/100
|move|p1a: Salamence|Brick Break|p2a: Mend the Fields
|-resisted|p2a: Mend the Fields
|-damage|p2a: Mend the Fields|88/100
|
|-weather|Sandstorm|[upkeep]
|-damage|p1a: Salamence|59/100|[from] Sandstorm
|-heal|p1a: Salamence|65/100|[from] item: Leftovers
|-heal|p2a: Mend the Fields|95/100|[from] item: Leftovers
|upkeep
|turn|44
|
|t:|1727981513
|switch|p1a: Magneton|Magneton|88/100
|-damage|p1a: Magneton|76/100|[from] Spikes
|switch|p2a: Serendipity|Blissey, F|83/100
|
|-weather|Sandstorm|[upkeep]
|-damage|p2a: Serendipity|77/100|[from] Sandstorm
|-heal|p2a: Serendipity|83/100|[from] item: Leftovers
|upkeep
|turn|45
|inactive|Quarante8 has 240 seconds left.
|
|t:|1727981521
|move|p1a: Magneton|Thunder Wave|p2a: Serendipity
|-status|p2a: Serendipity|par
|move|p2a: Serendipity|Thunderbolt|p1a: Magneton
|-resisted|p1a: Magneton
|-damage|p1a: Magneton|53/100
|
|-weather|Sandstorm|[upkeep]
|-damage|p2a: Serendipity|77/100 par|[from] Sandstorm
|-heal|p2a: Serendipity|83/100 par|[from] item: Leftovers
|upkeep
|turn|46
|
|t:|1727981528
|-curestatus|p2a: Serendipity|par|[from] ability: Natural Cure
|switch|p2a: Mend the Fields|Claydol|95/100
|move|p1a: Magneton|Rain Dance|p1a: Magneton
|-weather|RainDance
|
|-weather|RainDance|[upkeep]
|-heal|p2a: Mend the Fields|100/100|[from] item: Leftovers
|upkeep
|turn|47
|
|t:|1727981537
|switch|p2a: Serendipity|Blissey, F|83/100
|move|p1a: Magneton|Hidden Power|p2a: Serendipity
|-damage|p2a: Serendipity|78/100
|
|-weather|RainDance|[upkeep]
|-heal|p2a: Serendipity|84/100|[from] item: Leftovers
|upkeep
|turn|48
|
|t:|1727981546
|move|p1a: Magneton|Thunder Wave|p2a: Serendipity
|-status|p2a: Serendipity|par
|move|p2a: Serendipity|Ice Beam|p1a: Magneton
|-resisted|p1a: Magneton
|-damage|p1a: Magneton|32/100
|
|-weather|RainDance|[upkeep]
|-heal|p2a: Serendipity|90/100 par|[from] item: Leftovers
|upkeep
|turn|49
|
|t:|1727981556
|switch|p1a: Heracross|Heracross, M|100/100
|-damage|p1a: Heracross|88/100|[from] Spikes
|move|p2a: Serendipity|Ice Beam|p1a: Heracross
|-damage|p1a: Heracross|58/100
|
|-weather|RainDance|[upkeep]
|-heal|p2a: Serendipity|96/100 par|[from] item: Leftovers
|upkeep
|turn|50
|inactive|Quarante8 has 270 seconds left.
|
|t:|1727981568
|-curestatus|p2a: Serendipity|par|[from] ability: Natural Cure
|switch|p2a: Stormraider|Tyranitar, F|100/100
|-weather|Sandstorm|[from] ability: Sand Stream|[of] p2a: Stormraider
|move|p1a: Heracross|Substitute|p1a: Heracross
|-start|p1a: Heracross|Substitute
|-damage|p1a: Heracross|33/100
|
|-weather|Sandstorm|[upkeep]
|-damage|p1a: Heracross|27/100|[from] Sandstorm
|upkeep
|turn|51
|inactive|Quarante8 has 270 seconds left.
|
|t:|1727981575
|switch|p2a: Finale|Aerodactyl, M|100/100
|move|p1a: Heracross|Megahorn|p2a: Finale
|-resisted|p2a: Finale
|-damage|p2a: Finale|20/100
|
|-weather|Sandstorm|[upkeep]
|-damage|p1a: Heracross|21/100|[from] Sandstorm
|-enditem|p1a: Heracross|Salac Berry|[eat]
|-boost|p1a: Heracross|spe|1|[from] item: Salac Berry
|upkeep
|turn|52
|inactive|Quarante8 has 270 seconds left.
|
|t:|1727981586
|switch|p2a: Serendipity|Blissey, F|96/100
|move|p1a: Heracross|Rock Slide|p2a: Serendipity
|-damage|p2a: Serendipity|67/100
|
|-weather|Sandstorm|[upkeep]
|-damage|p1a: Heracross|15/100|[from] Sandstorm
|-damage|p2a: Serendipity|61/100|[from] Sandstorm
|-heal|p2a: Serendipity|67/100|[from] item: Leftovers
|upkeep
|turn|53
|
|t:|1727981596
|switch|p2a: Mend the Fields|Claydol|100/100
|move|p1a: Heracross|Swords Dance|p1a: Heracross
|-boost|p1a: Heracross|atk|2
|
|-weather|Sandstorm|[upkeep]
|-damage|p1a: Heracross|9/100|[from] Sandstorm
|upkeep
|turn|54
|inactive|Quarante8 has 270 seconds left.
|
|t:|1727981629
|switch|p2a: Serendipity|Blissey, F|67/100
|move|p1a: Heracross|Megahorn|p2a: Serendipity|[miss]
|-miss|p1a: Heracross|p2a: Serendipity
|
|-weather|Sandstorm|[upkeep]
|-damage|p1a: Heracross|3/100|[from] Sandstorm
|-damage|p2a: Serendipity|61/100|[from] Sandstorm
|-heal|p2a: Serendipity|67/100|[from] item: Leftovers
|upkeep
|turn|55
|
|t:|1727981643
|move|p1a: Heracross|Megahorn|p2a: Serendipity|[miss]
|-miss|p1a: Heracross|p2a: Serendipity
|move|p2a: Serendipity|Soft-Boiled|p2a: Serendipity
|-heal|p2a: Serendipity|100/100
|
|-weather|Sandstorm|[upkeep]
|-damage|p1a: Heracross|0 fnt|[from] Sandstorm
|-damage|p2a: Serendipity|94/100|[from] Sandstorm
|faint|p1a: Heracross
|-heal|p2a: Serendipity|100/100|[from] item: Leftovers
|upkeep
|
|t:|1727981656
|switch|p1a: Salamence|Salamence, F|65/100
|-ability|p1a: Salamence|Intimidate|boost
|-unboost|p2a: Serendipity|atk|1
|turn|56
|
|t:|1727981669
|switch|p1a: Snorlax|Snorlax, M|78/100
|-damage|p1a: Snorlax|66/100|[from] Spikes
|move|p2a: Serendipity|Ice Beam|p1a: Snorlax
|-damage|p1a: Snorlax|49/100
|-status|p1a: Snorlax|frz
|
|-weather|Sandstorm|[upkeep]
|-damage|p2a: Serendipity|94/100|[from] Sandstorm
|-damage|p1a: Snorlax|43/100 frz|[from] Sandstorm
|-heal|p2a: Serendipity|100/100|[from] item: Leftovers
|-heal|p1a: Snorlax|49/100 frz|[from] item: Leftovers
|upkeep
|turn|57
|c|☆Quarante8|--
|c|☆Quarante8|this is getting stupid
|inactive|Quarante8 has 270 seconds left.
|c|☆Schmohg|rip
|
|t:|1727981685
|switch|p2a: Stormraider|Tyranitar, F|100/100
|-curestatus|p1a: Snorlax|frz|[msg]
|move|p1a: Snorlax|Body Slam|p2a: Stormraider
|-resisted|p2a: Stormraider
|-damage|p2a: Stormraider|85/100
|-status|p2a: Stormraider|par
|
|-weather|Sandstorm|[upkeep]
|-damage|p1a: Snorlax|43/100|[from] Sandstorm
|-heal|p1a: Snorlax|49/100|[from] item: Leftovers
|-heal|p2a: Stormraider|91/100 par|[from] item: Leftovers
|upkeep
|turn|58
|
|t:|1727981693
|move|p1a: Snorlax|Earthquake|p2a: Stormraider
|-supereffective|p2a: Stormraider
|-damage|p2a: Stormraider|34/100 par
|move|p2a: Stormraider|Earthquake|p1a: Snorlax
|-damage|p1a: Snorlax|15/100
|
|-weather|Sandstorm|[upkeep]
|-damage|p1a: Snorlax|8/100|[from] Sandstorm
|-heal|p1a: Snorlax|15/100|[from] item: Leftovers
|-heal|p2a: Stormraider|40/100 par|[from] item: Leftovers
|upkeep
|turn|59
|
|t:|1727981704
|move|p1a: Snorlax|Earthquake|p2a: Stormraider
|-supereffective|p2a: Stormraider
|-damage|p2a: Stormraider|0 fnt
|faint|p2a: Stormraider
|inactive|Quarante8 has 270 seconds left.
|
|t:|1727981722
|switch|p2a: Finale|Aerodactyl, M|20/100
|
|-weather|Sandstorm|[upkeep]
|-damage|p1a: Snorlax|8/100|[from] Sandstorm
|-heal|p1a: Snorlax|15/100|[from] item: Leftovers
|upkeep
|turn|60
|
|t:|1727981727
|move|p2a: Finale|Double-Edge|p1a: Snorlax
|-damage|p1a: Snorlax|0 fnt
|faint|p1a: Snorlax
|
|t:|1727981749
|switch|p1a: Salamence|Salamence, F|65/100
|-ability|p1a: Salamence|Intimidate|boost
|-unboost|p2a: Finale|atk|1
|
|-weather|Sandstorm|[upkeep]
|-damage|p1a: Salamence|59/100|[from] Sandstorm
|-heal|p1a: Salamence|65/100|[from] item: Leftovers
|upkeep
|turn|61
|
|t:|1727981759
|move|p2a: Finale|Double-Edge|p1a: Salamence
|-damage|p1a: Salamence|21/100
|move|p1a: Salamence|Dragon Claw|p2a: Finale
|-damage|p2a: Finale|0 fnt
|faint|p2a: Finale
|
|t:|1727981764
|switch|p2a: Mend the Fields|Claydol|100/100
|
|-weather|Sandstorm|[upkeep]
|-damage|p1a: Salamence|15/100|[from] Sandstorm
|-heal|p1a: Salamence|21/100|[from] item: Leftovers
|upkeep
|turn|62
|
|t:|1727981768
|switch|p1a: Magneton|Magneton|32/100
|-damage|p1a: Magneton|19/100|[from] Spikes
|move|p2a: Mend the Fields|Psychic|p1a: Magneton
|-resisted|p1a: Magneton
|-damage|p1a: Magneton|2/100
|
|-weather|Sandstorm|[upkeep]
|upkeep
|turn|63
|
|t:|1727981777
|switch|p2a: Serendipity|Blissey, F|100/100
|move|p1a: Magneton|Hidden Power|p2a: Serendipity
|-damage|p2a: Serendipity|91/100
|
|-weather|Sandstorm|[upkeep]
|-damage|p2a: Serendipity|85/100|[from] Sandstorm
|-heal|p2a: Serendipity|91/100|[from] item: Leftovers
|upkeep
|turn|64
|
|t:|1727981781
|move|p1a: Magneton|Thunder Wave|p2a: Serendipity
|-status|p2a: Serendipity|par
|move|p2a: Serendipity|Ice Beam|p1a: Magneton
|-resisted|p1a: Magneton
|-damage|p1a: Magneton|0 fnt
|faint|p1a: Magneton
|
|t:|1727981783
|switch|p1a: Salamence|Salamence, F|21/100
|-ability|p1a: Salamence|Intimidate|boost
|-unboost|p2a: Serendipity|atk|1
|
|-weather|Sandstorm|[upkeep]
|-damage|p1a: Salamence|15/100|[from] Sandstorm
|-damage|p2a: Serendipity|85/100 par|[from] Sandstorm
|-heal|p1a: Salamence|21/100|[from] item: Leftovers
|-heal|p2a: Serendipity|91/100 par|[from] item: Leftovers
|upkeep
|turn|65
|
|t:|1727981791
|move|p1a: Salamence|Brick Break|p2a: Serendipity
|-supereffective|p2a: Serendipity
|-damage|p2a: Serendipity|43/100 par
|move|p2a: Serendipity|Ice Beam|p1a: Salamence
|-supereffective|p1a: Salamence
|-damage|p1a: Salamence|0 fnt
|faint|p1a: Salamence
|
|win|Quarante8
|c|☆Schmohg|gg
|c|☆Quarante8|gg

</script>
<script type="application/json" class="data" id="replaydata-smogtours-gen3ou-794306">
{"id":"smogtours-gen3ou-794306","format":"[Gen 3] OU","players":["Schmohg","Quarante8"],"uploadtime":1727981791,"views":133,"formatid":"gen3ou","rating":null,"private":0,"password":null}
</script>

<script defer src="js/replays.js?9d40a366"></script>
