<!DOCTYPE html>
<meta charset="utf-8" />
<meta name="viewport" content="width=device-width" />

<title>[Gen 3] OU: b1urry vs. hipimochi - Replays - Pok&eacute;mon Showdown!</title>

<meta name="description" content="Watch a replay of a Pok&eacute;mon battle between b1urry and hipimochi! Format: [Gen 3] OU; Date: Oct 6, 2024" />
<!--

Hey, you! Looking in the source for the replay log?

You can find them in JSON format, just add `.json` at the end of a replay URL.

https://replay.pokemonshowdown.com/gen7randomdoublesbattle-865046831.json

Or, if you only need the log itself, add `.log` instead:

https://replay.pokemonshowdown.com/gen7randomdoublesbattle-865046831.log

-->

<link rel="stylesheet" href="//pokemonshowdown.com/style/global.css?0.023195364461161105" />
<link rel="stylesheet" href="//play.pokemonshowdown.com/style/font-awesome.css?0.13261647063804238" />
<link rel="stylesheet" href="//play.pokemonshowdown.com/style/battle.css?0.8753245789963631" />
<link rel="stylesheet" href="//play.pokemonshowdown.com/style/utilichart.css?0.8627959624976733" />

<!-- Global site tag (gtag.js) - Google Analytics -->
<script async src="https://www.googletagmanager.com/gtag/js?id=UA-26211653-1"></script>
<script>
  window.dataLayer = window.dataLayer || [];
  function gtag(){dataLayer.push(arguments);}
  gtag('js', new Date());

  gtag('config', 'UA-26211653-1');
</script>
<!-- End Google Analytics -->
<!-- Venatus Ad Manager - Install in <HEAD> of page -->
	<script src="https://hb.vntsm.com/v3/live/ad-manager.min.js" type="text/javascript" data-site-id="642aba63ec9a7b11c3c9c1be" data-mode="scan" async></script>
<!-- / Venatus Ad Manager -->

<style>
	@media (max-width:820px) {
		.battle {
			margin: 0 auto;
		}
		.battle-log {
			margin: 7px auto 0;
			max-width: 640px;
			height: 300px;
			position: static;
		}
	}
	.optgroup {
		display: inline-block;
		line-height: 22px;
		font-size: 10pt;
	}
	.optgroup .button {
		height: 25px;
		padding-top: 0;
		padding-bottom: 0;
	}
	.optgroup button.button {
		padding-left: 12px;
		padding-right: 12px;
	}
	.linklist {
		list-style: none;
		margin: 0.5em 0;
		padding: 0;
	}
	.linklist li {
		padding: 2px 0;
	}
	.sidebar {
		float: left;
		width: 320px;
	}
	.bar-wrapper {
		max-width: 1100px;
		margin: 0 auto;
	}
	.bar-wrapper.has-sidebar {
		max-width: 1430px;
	}
	.mainbar {
		margin: 0;
		padding-right: 1px;
	}
	.mainbar.has-sidebar {
		margin-left: 330px;
	}
	@media (min-width: 1511px) {
		.sidebar {
			width: 400px;
		}
		.bar-wrapper.has-sidebar {
			max-width: 1510px;
		}
		.mainbar.has-sidebar {
			margin-left: 410px;
		}
	}
	.section.first-section {
		margin-top: 9px;
	}
	.blocklink small {
		white-space: normal;
	}
	.button {
		vertical-align: middle;
	}
	.replay-controls {
		padding-top: 10px;
	}
	.replay-controls h1 {
		font-size: 16pt;
		font-weight: normal;
		color: #CCC;
	}
	.pagelink {
		text-align: center;
	}
	.pagelink a {
		width: 150px;
	}
	.textbox, .button {
		font-size: 11pt;
		vertical-align: middle;
	}
	@media (max-width: 450px) {
		.button {
			font-size: 9pt;
		}
	}
</style>

<div>

	<header>
		<div class="nav-wrapper"><ul class="nav">
			<li><a class="button nav-first" href="//pokemonshowdown.com/"><img src="//pokemonshowdown.com/images/pokemonshowdownbeta.png" srcset="//pokemonshowdown.com/images/pokemonshowdownbeta.png 1x, //pokemonshowdown.com/images/pokemonshowdownbeta@2x.png 2x" alt="Pok&eacute;mon Showdown" width="146" height="44" /> Home</a></li>
			<li><a class="button" href="//pokemonshowdown.com/dex/">Pok&eacute;dex</a></li>
			<li><a class="button cur" href="/">Replays</a></li>
			<li><a class="button" href="//pokemonshowdown.com/ladder/">Ladder</a></li>
			<li><a class="button nav-last" href="//pokemonshowdown.com/forums/">Forum</a></li>
			<li><a class="button greenbutton nav-first nav-last" href="//play.pokemonshowdown.com/">Play</a></li>
		</ul></div>
	</header>

	<div class="main" id="main">

		<noscript><section class="section">You need to enable JavaScript to use this page; sorry!</section></noscript>

	</div>

</div>

<script defer nomodule src="//play.pokemonshowdown.com/js/lib/ps-polyfill.js"></script>
<script defer src="//play.pokemonshowdown.com/js/lib/preact.min.js"></script>

<script defer src="//play.pokemonshowdown.com/config/config.js?2bddbc15"></script>
<script defer src="//play.pokemonshowdown.com/js/lib/jquery-1.11.0.min.js"></script>
<script defer src="//play.pokemonshowdown.com/js/lib/html-sanitizer-minified.js"></script>
<script defer src="//play.pokemonshowdown.com/js/battle-sound.js"></script>
<script defer src="//play.pokemonshowdown.com/js/battledata.js?0.7209276989879541"></script>
<script defer src="//play.pokemonshowdown.com/data/pokedex-mini.js?0.6111056340867951"></script>
<script defer src="//play.pokemonshowdown.com/data/pokedex-mini-bw.js?0.3532142036491459"></script>
<script defer src="//play.pokemonshowdown.com/data/graphics.js?0.24223875632456182"></script>
<script defer src="//play.pokemonshowdown.com/data/pokedex.js?0.38839984266356864"></script>
<script defer src="//play.pokemonshowdown.com/data/moves.js?0.21866028504024015"></script>
<script defer src="//play.pokemonshowdown.com/data/abilities.js?0.2005157953846628"></script>
<script defer src="//play.pokemonshowdown.com/data/items.js?0.9894211263848525"></script>
<script defer src="//play.pokemonshowdown.com/data/teambuilder-tables.js?0.6008791140282215"></script>
<script defer src="//play.pokemonshowdown.com/js/battle-tooltips.js?0.7580118955022959"></script>
<script defer src="//play.pokemonshowdown.com/js/battle.js?0.6057722274234274"></script>

<script defer src="js/utils.js?e31f9a17"></script>
<script defer src="js/replays-battle.js?7008c182"></script>

<!-- don't scrape this data! just add .json or .log after the URL!
Full API docs: https://github.com/smogon/pokemon-showdown-client/blob/master/WEB-API.md -->
<script type="text/plain" class="log" id="replaylog-smogtours-gen3ou-796000">
|inactive|Battle timer is ON: inactive players will automatically lose when time's up.
|t:|1728249047
|gametype|singles
|player|p1|b1urry|169|
|player|p2|hipimochi|iris-gen5bw2|
|teamsize|p1|6
|teamsize|p2|6
|gen|3
|tier|[Gen 3] OU
|rule|Sleep Clause Mod: Limit one foe put to sleep
|rule|Switch Priority Clause Mod: Faster Pokémon switch first
|rule|Species Clause: Limit one of each Pokémon
|rule|OHKO Clause: OHKO moves are banned
|rule|Evasion Items Clause: Evasion items are banned
|rule|Evasion Moves Clause: Evasion moves are banned
|rule|Endless Battle Clause: Forcing endless battles is banned
|rule|HP Percentage Mod: HP is shown in percentages
|rule|One Boost Passer Clause: Limit one Baton Passer that has a way to boost its stats
|rule|Freeze Clause Mod: Limit one foe frozen
|
|t:|1728249047
|start
|switch|p1a: Salamence|Salamence, F|100/100
|switch|p2a: Tyranitar|Tyranitar, M|100/100
|-ability|p1a: Salamence|Intimidate|boost
|-unboost|p2a: Tyranitar|atk|1
|-weather|Sandstorm|[from] ability: Sand Stream|[of] p2a: Tyranitar
|turn|1
|
|t:|1728249061
|move|p1a: Salamence|Earthquake|p2a: Tyranitar
|-supereffective|p2a: Tyranitar
|-damage|p2a: Tyranitar|43/100
|move|p2a: Tyranitar|Substitute|p2a: Tyranitar
|-start|p2a: Tyranitar|Substitute
|-damage|p2a: Tyranitar|18/100
|
|-weather|Sandstorm|[upkeep]
|-damage|p1a: Salamence|94/100|[from] Sandstorm
|-heal|p1a: Salamence|100/100|[from] item: Leftovers
|-heal|p2a: Tyranitar|24/100|[from] item: Leftovers
|upkeep
|turn|2
|
|t:|1728249070
|move|p1a: Salamence|Rock Slide|p2a: Tyranitar
|-activate|p2a: Tyranitar|Substitute|[damage]
|move|p2a: Tyranitar|Rock Slide|p1a: Salamence|[miss]
|-miss|p2a: Tyranitar|p1a: Salamence
|
|-weather|Sandstorm|[upkeep]
|-damage|p1a: Salamence|94/100|[from] Sandstorm
|-heal|p1a: Salamence|100/100|[from] item: Leftovers
|-heal|p2a: Tyranitar|30/100|[from] item: Leftovers
|upkeep
|turn|3
|
|t:|1728249076
|switch|p1a: Milotic|Milotic, F|100/100
|move|p2a: Tyranitar|Rock Slide|p1a: Milotic
|-damage|p1a: Milotic|70/100
|
|-weather|Sandstorm|[upkeep]
|-damage|p1a: Milotic|63/100|[from] Sandstorm
|-heal|p1a: Milotic|70/100|[from] item: Leftovers
|-heal|p2a: Tyranitar|36/100|[from] item: Leftovers
|upkeep
|turn|4
|
|t:|1728249087
|-singleturn|p2a: Tyranitar|move: Focus Punch
|move|p1a: Milotic|Surf|p2a: Tyranitar
|-supereffective|p2a: Tyranitar
|-end|p2a: Tyranitar|Substitute
|move|p2a: Tyranitar|Focus Punch|p1a: Milotic
|-damage|p1a: Milotic|29/100
|
|-weather|Sandstorm|[upkeep]
|-damage|p1a: Milotic|23/100|[from] Sandstorm
|-heal|p1a: Milotic|29/100|[from] item: Leftovers
|-heal|p2a: Tyranitar|42/100|[from] item: Leftovers
|upkeep
|turn|5
|
|t:|1728249105
|switch|p2a: Snorlax|Snorlax, M|100/100
|move|p1a: Milotic|Recover|p1a: Milotic
|-heal|p1a: Milotic|79/100
|
|-weather|Sandstorm|[upkeep]
|-damage|p1a: Milotic|73/100|[from] Sandstorm
|-damage|p2a: Snorlax|94/100|[from] Sandstorm
|-heal|p1a: Milotic|79/100|[from] item: Leftovers
|-heal|p2a: Snorlax|100/100|[from] item: Leftovers
|upkeep
|turn|6
|
|t:|1728249112
|switch|p1a: Metagross|Metagross|100/100
|move|p2a: Snorlax|Body Slam|p1a: Metagross
|-resisted|p1a: Metagross
|-damage|p1a: Metagross|86/100
|-status|p1a: Metagross|par
|
|-weather|Sandstorm|[upkeep]
|-damage|p2a: Snorlax|94/100|[from] Sandstorm
|-heal|p2a: Snorlax|100/100|[from] item: Leftovers
|upkeep
|turn|7
|
|t:|1728249121
|switch|p2a: Charizard|Charizard, F|100/100
|move|p1a: Metagross|Meteor Mash|p2a: Charizard
|-resisted|p2a: Charizard
|-damage|p2a: Charizard|29/100
|
|-weather|Sandstorm|[upkeep]
|-damage|p2a: Charizard|23/100|[from] Sandstorm
|-heal|p2a: Charizard|29/100|[from] item: Leftovers
|upkeep
|turn|8
|
|t:|1728249127
|switch|p1a: Salamence|Salamence, F|100/100
|-ability|p1a: Salamence|Intimidate|boost
|-unboost|p2a: Charizard|atk|1
|move|p2a: Charizard|Fire Blast|p1a: Salamence
|-resisted|p1a: Salamence
|-damage|p1a: Salamence|47/100
|
|-weather|Sandstorm|[upkeep]
|-damage|p2a: Charizard|23/100|[from] Sandstorm
|-damage|p1a: Salamence|41/100|[from] Sandstorm
|-heal|p2a: Charizard|29/100|[from] item: Leftovers
|-heal|p1a: Salamence|47/100|[from] item: Leftovers
|upkeep
|turn|9
|
|t:|1728249135
|move|p2a: Charizard|Fire Blast|p1a: Salamence
|-resisted|p1a: Salamence
|-damage|p1a: Salamence|0 fnt
|faint|p1a: Salamence
|
|t:|1728249145
|switch|p1a: Milotic|Milotic, F|79/100
|
|-weather|Sandstorm|[upkeep]
|-damage|p2a: Charizard|23/100|[from] Sandstorm
|-damage|p1a: Milotic|73/100|[from] Sandstorm
|-heal|p2a: Charizard|29/100|[from] item: Leftovers
|-heal|p1a: Milotic|79/100|[from] item: Leftovers
|upkeep
|turn|10
|
|t:|1728249153
|switch|p2a: Starmie|Starmie|100/100
|move|p1a: Milotic|Surf|p2a: Starmie
|-resisted|p2a: Starmie
|-damage|p2a: Starmie|78/100
|
|-weather|Sandstorm|[upkeep]
|-damage|p2a: Starmie|71/100|[from] Sandstorm
|-damage|p1a: Milotic|73/100|[from] Sandstorm
|-heal|p2a: Starmie|78/100|[from] item: Leftovers
|-heal|p1a: Milotic|79/100|[from] item: Leftovers
|upkeep
|turn|11
|
|t:|1728249161
|move|p2a: Starmie|Thunderbolt|p1a: Milotic
|-supereffective|p1a: Milotic
|-damage|p1a: Milotic|49/100
|move|p1a: Milotic|Toxic|p2a: Starmie
|-status|p2a: Starmie|tox
|
|-weather|Sandstorm|[upkeep]
|-damage|p2a: Starmie|71/100 tox|[from] Sandstorm
|-damage|p1a: Milotic|43/100|[from] Sandstorm
|-heal|p2a: Starmie|78/100 tox|[from] item: Leftovers
|-damage|p2a: Starmie|71/100 tox|[from] psn
|-heal|p1a: Milotic|49/100|[from] item: Leftovers
|upkeep
|turn|12
|
|t:|1728249170
|move|p2a: Starmie|Thunderbolt|p1a: Milotic
|-supereffective|p1a: Milotic
|-damage|p1a: Milotic|20/100
|move|p1a: Milotic|Recover|p1a: Milotic
|-heal|p1a: Milotic|70/100
|
|-weather|Sandstorm|[upkeep]
|-damage|p2a: Starmie|65/100 tox|[from] Sandstorm
|-damage|p1a: Milotic|64/100|[from] Sandstorm
|-heal|p2a: Starmie|71/100 tox|[from] item: Leftovers
|-damage|p2a: Starmie|59/100 tox|[from] psn
|-heal|p1a: Milotic|70/100|[from] item: Leftovers
|upkeep
|turn|13
|
|t:|1728249175
|move|p2a: Starmie|Thunderbolt|p1a: Milotic
|-supereffective|p1a: Milotic
|-damage|p1a: Milotic|42/100
|move|p1a: Milotic|Recover|p1a: Milotic
|-heal|p1a: Milotic|92/100
|
|-weather|Sandstorm|[upkeep]
|-damage|p2a: Starmie|53/100 tox|[from] Sandstorm
|-damage|p1a: Milotic|86/100|[from] Sandstorm
|-heal|p2a: Starmie|59/100 tox|[from] item: Leftovers
|-damage|p2a: Starmie|41/100 tox|[from] psn
|-heal|p1a: Milotic|92/100|[from] item: Leftovers
|upkeep
|turn|14
|
|t:|1728249181
|switch|p1a: Claydol|Claydol|100/100
|move|p2a: Starmie|Recover|p2a: Starmie
|-heal|p2a: Starmie|91/100 tox
|
|-weather|Sandstorm|[upkeep]
|-damage|p2a: Starmie|85/100 tox|[from] Sandstorm
|-heal|p2a: Starmie|91/100 tox|[from] item: Leftovers
|-damage|p2a: Starmie|67/100 tox|[from] psn
|upkeep
|turn|15
|
|t:|1728249186
|switch|p1a: Snorlax|Snorlax, M|100/100
|move|p2a: Starmie|Hydro Pump|p1a: Snorlax|[miss]
|-miss|p2a: Starmie|p1a: Snorlax
|
|-weather|Sandstorm|[upkeep]
|-damage|p2a: Starmie|60/100 tox|[from] Sandstorm
|-damage|p1a: Snorlax|94/100|[from] Sandstorm
|-heal|p2a: Starmie|67/100 tox|[from] item: Leftovers
|-damage|p2a: Starmie|36/100 tox|[from] psn
|-heal|p1a: Snorlax|100/100|[from] item: Leftovers
|upkeep
|turn|16
|
|t:|1728249196
|move|p2a: Starmie|Recover|p2a: Starmie
|-heal|p2a: Starmie|86/100 tox
|move|p1a: Snorlax|Curse|p1a: Snorlax
|-unboost|p1a: Snorlax|spe|1
|-boost|p1a: Snorlax|atk|1
|-boost|p1a: Snorlax|def|1
|
|-weather|Sandstorm|[upkeep]
|-damage|p2a: Starmie|80/100 tox|[from] Sandstorm
|-damage|p1a: Snorlax|94/100|[from] Sandstorm
|-heal|p2a: Starmie|86/100 tox|[from] item: Leftovers
|-damage|p2a: Starmie|49/100 tox|[from] psn
|-heal|p1a: Snorlax|100/100|[from] item: Leftovers
|upkeep
|turn|17
|
|t:|1728249199
|-curestatus|p2a: Starmie|tox|[from] ability: Natural Cure
|switch|p2a: Tyranitar|Tyranitar, M|42/100
|move|p1a: Snorlax|Curse|p1a: Snorlax
|-unboost|p1a: Snorlax|spe|1
|-boost|p1a: Snorlax|atk|1
|-boost|p1a: Snorlax|def|1
|
|-weather|Sandstorm|[upkeep]
|-damage|p1a: Snorlax|94/100|[from] Sandstorm
|-heal|p2a: Tyranitar|49/100|[from] item: Leftovers
|-heal|p1a: Snorlax|100/100|[from] item: Leftovers
|upkeep
|turn|18
|
|t:|1728249208
|-singleturn|p2a: Tyranitar|move: Focus Punch
|move|p1a: Snorlax|Body Slam|p2a: Tyranitar
|-resisted|p2a: Tyranitar
|-damage|p2a: Tyranitar|21/100
|move|p2a: Tyranitar|Focus Punch||[still]
|cant|p2a: Tyranitar|Focus Punch|Focus Punch
|
|-weather|Sandstorm|[upkeep]
|-damage|p1a: Snorlax|94/100|[from] Sandstorm
|-heal|p2a: Tyranitar|27/100|[from] item: Leftovers
|-heal|p1a: Snorlax|100/100|[from] item: Leftovers
|upkeep
|turn|19
|
|t:|1728249216
|move|p2a: Tyranitar|Rock Slide|p1a: Snorlax
|-damage|p1a: Snorlax|82/100
|move|p1a: Snorlax|Body Slam|p2a: Tyranitar
|-resisted|p2a: Tyranitar
|-damage|p2a: Tyranitar|0 fnt
|faint|p2a: Tyranitar
|
|t:|1728249237
|switch|p2a: Claydol|Claydol|100/100
|
|-weather|Sandstorm|[upkeep]
|-damage|p1a: Snorlax|76/100|[from] Sandstorm
|-heal|p1a: Snorlax|82/100|[from] item: Leftovers
|upkeep
|turn|20
|
|t:|1728249244
|move|p2a: Claydol|Explosion|p1a: Snorlax
|-crit|p1a: Snorlax
|-damage|p1a: Snorlax|0 fnt
|faint|p2a: Claydol
|faint|p1a: Snorlax
|
|t:|1728249258
|switch|p2a: Snorlax|Snorlax, M|100/100
|switch|p1a: Claydol|Claydol|100/100
|
|-weather|Sandstorm|[upkeep]
|-damage|p2a: Snorlax|94/100|[from] Sandstorm
|-heal|p2a: Snorlax|100/100|[from] item: Leftovers
|upkeep
|turn|21
|
|t:|1728249267
|move|p1a: Claydol|Psychic|p2a: Snorlax
|-damage|p2a: Snorlax|88/100
|move|p2a: Snorlax|Shadow Ball|p1a: Claydol
|-supereffective|p1a: Claydol
|-damage|p1a: Claydol|47/100
|
|-weather|Sandstorm|[upkeep]
|-damage|p2a: Snorlax|82/100|[from] Sandstorm
|-heal|p1a: Claydol|53/100|[from] item: Leftovers
|-heal|p2a: Snorlax|88/100|[from] item: Leftovers
|upkeep
|turn|22
|
|t:|1728249273
|move|p1a: Claydol|Explosion|p2a: Snorlax
|-damage|p2a: Snorlax|0 fnt
|faint|p1a: Claydol
|faint|p2a: Snorlax
|
|t:|1728249279
|switch|p1a: Magneton|Magneton|100/100
|switch|p2a: Starmie|Starmie|49/100
|
|-weather|Sandstorm|[upkeep]
|-damage|p2a: Starmie|43/100|[from] Sandstorm
|-heal|p2a: Starmie|49/100|[from] item: Leftovers
|upkeep
|turn|23
|
|t:|1728249290
|move|p2a: Starmie|Hydro Pump|p1a: Magneton
|-damage|p1a: Magneton|0 fnt
|faint|p1a: Magneton
|
|t:|1728249294
|switch|p1a: Milotic|Milotic, F|92/100
|
|-weather|Sandstorm|[upkeep]
|-damage|p2a: Starmie|43/100|[from] Sandstorm
|-damage|p1a: Milotic|86/100|[from] Sandstorm
|-heal|p2a: Starmie|49/100|[from] item: Leftovers
|-heal|p1a: Milotic|92/100|[from] item: Leftovers
|upkeep
|turn|24
|
|t:|1728249307
|move|p2a: Starmie|Recover|p2a: Starmie
|-heal|p2a: Starmie|99/100
|move|p1a: Milotic|Toxic|p2a: Starmie
|-status|p2a: Starmie|tox
|
|-weather|Sandstorm|[upkeep]
|-damage|p2a: Starmie|93/100 tox|[from] Sandstorm
|-damage|p1a: Milotic|86/100|[from] Sandstorm
|-heal|p2a: Starmie|99/100 tox|[from] item: Leftovers
|-damage|p2a: Starmie|93/100 tox|[from] psn
|-heal|p1a: Milotic|92/100|[from] item: Leftovers
|upkeep
|turn|25
|
|t:|1728249317
|move|p2a: Starmie|Thunderbolt|p1a: Milotic
|-supereffective|p1a: Milotic
|-damage|p1a: Milotic|59/100
|move|p1a: Milotic|Surf|p2a: Starmie
|-resisted|p2a: Starmie
|-damage|p2a: Starmie|67/100 tox
|
|-weather|Sandstorm|[upkeep]
|-damage|p2a: Starmie|61/100 tox|[from] Sandstorm
|-damage|p1a: Milotic|53/100|[from] Sandstorm
|-heal|p2a: Starmie|67/100 tox|[from] item: Leftovers
|-damage|p2a: Starmie|55/100 tox|[from] psn
|-heal|p1a: Milotic|59/100|[from] item: Leftovers
|upkeep
|turn|26
|
|t:|1728249325
|move|p2a: Starmie|Thunderbolt|p1a: Milotic
|-supereffective|p1a: Milotic
|-damage|p1a: Milotic|32/100
|move|p1a: Milotic|Recover|p1a: Milotic
|-heal|p1a: Milotic|82/100
|
|-weather|Sandstorm|[upkeep]
|-damage|p2a: Starmie|49/100 tox|[from] Sandstorm
|-damage|p1a: Milotic|76/100|[from] Sandstorm
|-heal|p2a: Starmie|55/100 tox|[from] item: Leftovers
|-damage|p2a: Starmie|37/100 tox|[from] psn
|-heal|p1a: Milotic|82/100|[from] item: Leftovers
|upkeep
|turn|27
|
|t:|1728249329
|move|p2a: Starmie|Recover|p2a: Starmie
|-heal|p2a: Starmie|87/100 tox
|move|p1a: Milotic|Surf|p2a: Starmie
|-resisted|p2a: Starmie
|-damage|p2a: Starmie|62/100 tox
|
|-weather|Sandstorm|[upkeep]
|-damage|p2a: Starmie|56/100 tox|[from] Sandstorm
|-damage|p1a: Milotic|76/100|[from] Sandstorm
|-heal|p2a: Starmie|62/100 tox|[from] item: Leftovers
|-damage|p2a: Starmie|38/100 tox|[from] psn
|-heal|p1a: Milotic|82/100|[from] item: Leftovers
|upkeep
|turn|28
|inactive|hipimochi has 270 seconds left.
|
|t:|1728249361
|move|p2a: Starmie|Recover|p2a: Starmie
|-heal|p2a: Starmie|88/100 tox
|move|p1a: Milotic|Surf|p2a: Starmie
|-resisted|p2a: Starmie
|-damage|p2a: Starmie|63/100 tox
|
|-weather|Sandstorm|[upkeep]
|-damage|p2a: Starmie|57/100 tox|[from] Sandstorm
|-damage|p1a: Milotic|76/100|[from] Sandstorm
|-heal|p2a: Starmie|63/100 tox|[from] item: Leftovers
|-damage|p2a: Starmie|33/100 tox|[from] psn
|-heal|p1a: Milotic|82/100|[from] item: Leftovers
|upkeep
|turn|29
|
|t:|1728249375
|-curestatus|p2a: Starmie|tox|[from] ability: Natural Cure
|switch|p2a: Metagross|Metagross|100/100
|move|p1a: Milotic|Surf|p2a: Metagross
|-damage|p2a: Metagross|69/100
|
|-weather|Sandstorm|[upkeep]
|-damage|p1a: Milotic|76/100|[from] Sandstorm
|-heal|p2a: Metagross|75/100|[from] item: Leftovers
|-heal|p1a: Milotic|82/100|[from] item: Leftovers
|upkeep
|turn|30
|
|t:|1728249387
|switch|p1a: Metagross|Metagross|86/100 par
|move|p2a: Metagross|Earthquake|p1a: Metagross
|-supereffective|p1a: Metagross
|-damage|p1a: Metagross|32/100 par
|
|-weather|Sandstorm|[upkeep]
|-heal|p2a: Metagross|82/100|[from] item: Leftovers
|upkeep
|turn|31
|
|t:|1728249392
|move|p2a: Metagross|Earthquake|p1a: Metagross
|-supereffective|p1a: Metagross
|-damage|p1a: Metagross|0 fnt
|faint|p1a: Metagross
|
|t:|1728249394
|switch|p1a: Milotic|Milotic, F|82/100
|
|-weather|Sandstorm|[upkeep]
|-damage|p1a: Milotic|76/100|[from] Sandstorm
|-heal|p2a: Metagross|88/100|[from] item: Leftovers
|-heal|p1a: Milotic|82/100|[from] item: Leftovers
|upkeep
|turn|32
|
|t:|1728249398
|move|p2a: Metagross|Explosion|p1a: Milotic
|-damage|p1a: Milotic|0 fnt
|faint|p2a: Metagross
|faint|p1a: Milotic
|
|win|hipimochi
|c|☆b1urry|gg
|c|☆hipimochi|gg

</script>
<script type="application/json" class="data" id="replaydata-smogtours-gen3ou-796000">
{"id":"smogtours-gen3ou-796000","format":"[Gen 3] OU","players":["b1urry","hipimochi"],"uploadtime":1728249398,"views":80,"formatid":"gen3ou","rating":null,"private":0,"password":null}
</script>

<script defer src="js/replays.js?9d40a366"></script>
