<!DOCTYPE html>
<meta charset="utf-8" />
<meta name="viewport" content="width=device-width" />

<title>[Gen 3] OU: Levy&#039;s Chair vs. 100techs - Replays - Pok&eacute;mon Showdown!</title>

<meta name="description" content="Watch a replay of a Pok&eacute;mon battle between Levy&#039;s Chair and 100techs! Format: [Gen 3] OU; Date: Oct 5, 2024" />
<!--

Hey, you! Looking in the source for the replay log?

You can find them in JSON format, just add `.json` at the end of a replay URL.

https://replay.pokemonshowdown.com/gen7randomdoublesbattle-865046831.json

Or, if you only need the log itself, add `.log` instead:

https://replay.pokemonshowdown.com/gen7randomdoublesbattle-865046831.log

-->

<link rel="stylesheet" href="//pokemonshowdown.com/style/global.css?0.023195364461161105" />
<link rel="stylesheet" href="//play.pokemonshowdown.com/style/font-awesome.css?0.13261647063804238" />
<link rel="stylesheet" href="//play.pokemonshowdown.com/style/battle.css?0.8753245789963631" />
<link rel="stylesheet" href="//play.pokemonshowdown.com/style/utilichart.css?0.8627959624976733" />

<!-- Global site tag (gtag.js) - Google Analytics -->
<script async src="https://www.googletagmanager.com/gtag/js?id=UA-26211653-1"></script>
<script>
  window.dataLayer = window.dataLayer || [];
  function gtag(){dataLayer.push(arguments);}
  gtag('js', new Date());

  gtag('config', 'UA-26211653-1');
</script>
<!-- End Google Analytics -->
<!-- Venatus Ad Manager - Install in <HEAD> of page -->
	<script src="https://hb.vntsm.com/v3/live/ad-manager.min.js" type="text/javascript" data-site-id="642aba63ec9a7b11c3c9c1be" data-mode="scan" async></script>
<!-- / Venatus Ad Manager -->

<style>
	@media (max-width:820px) {
		.battle {
			margin: 0 auto;
		}
		.battle-log {
			margin: 7px auto 0;
			max-width: 640px;
			height: 300px;
			position: static;
		}
	}
	.optgroup {
		display: inline-block;
		line-height: 22px;
		font-size: 10pt;
	}
	.optgroup .button {
		height: 25px;
		padding-top: 0;
		padding-bottom: 0;
	}
	.optgroup button.button {
		padding-left: 12px;
		padding-right: 12px;
	}
	.linklist {
		list-style: none;
		margin: 0.5em 0;
		padding: 0;
	}
	.linklist li {
		padding: 2px 0;
	}
	.sidebar {
		float: left;
		width: 320px;
	}
	.bar-wrapper {
		max-width: 1100px;
		margin: 0 auto;
	}
	.bar-wrapper.has-sidebar {
		max-width: 1430px;
	}
	.mainbar {
		margin: 0;
		padding-right: 1px;
	}
	.mainbar.has-sidebar {
		margin-left: 330px;
	}
	@media (min-width: 1511px) {
		.sidebar {
			width: 400px;
		}
		.bar-wrapper.has-sidebar {
			max-width: 1510px;
		}
		.mainbar.has-sidebar {
			margin-left: 410px;
		}
	}
	.section.first-section {
		margin-top: 9px;
	}
	.blocklink small {
		white-space: normal;
	}
	.button {
		vertical-align: middle;
	}
	.replay-controls {
		padding-top: 10px;
	}
	.replay-controls h1 {
		font-size: 16pt;
		font-weight: normal;
		color: #CCC;
	}
	.pagelink {
		text-align: center;
	}
	.pagelink a {
		width: 150px;
	}
	.textbox, .button {
		font-size: 11pt;
		vertical-align: middle;
	}
	@media (max-width: 450px) {
		.button {
			font-size: 9pt;
		}
	}
</style>

<div>

	<header>
		<div class="nav-wrapper"><ul class="nav">
			<li><a class="button nav-first" href="//pokemonshowdown.com/"><img src="//pokemonshowdown.com/images/pokemonshowdownbeta.png" srcset="//pokemonshowdown.com/images/pokemonshowdownbeta.png 1x, //pokemonshowdown.com/images/pokemonshowdownbeta@2x.png 2x" alt="Pok&eacute;mon Showdown" width="146" height="44" /> Home</a></li>
			<li><a class="button" href="//pokemonshowdown.com/dex/">Pok&eacute;dex</a></li>
			<li><a class="button cur" href="/">Replays</a></li>
			<li><a class="button" href="//pokemonshowdown.com/ladder/">Ladder</a></li>
			<li><a class="button nav-last" href="//pokemonshowdown.com/forums/">Forum</a></li>
			<li><a class="button greenbutton nav-first nav-last" href="//play.pokemonshowdown.com/">Play</a></li>
		</ul></div>
	</header>

	<div class="main" id="main">

		<noscript><section class="section">You need to enable JavaScript to use this page; sorry!</section></noscript>

	</div>

</div>

<script defer nomodule src="//play.pokemonshowdown.com/js/lib/ps-polyfill.js"></script>
<script defer src="//play.pokemonshowdown.com/js/lib/preact.min.js"></script>

<script defer src="//play.pokemonshowdown.com/config/config.js?2bddbc15"></script>
<script defer src="//play.pokemonshowdown.com/js/lib/jquery-1.11.0.min.js"></script>
<script defer src="//play.pokemonshowdown.com/js/lib/html-sanitizer-minified.js"></script>
<script defer src="//play.pokemonshowdown.com/js/battle-sound.js"></script>
<script defer src="//play.pokemonshowdown.com/js/battledata.js?0.7209276989879541"></script>
<script defer src="//play.pokemonshowdown.com/data/pokedex-mini.js?0.6111056340867951"></script>
<script defer src="//play.pokemonshowdown.com/data/pokedex-mini-bw.js?0.3532142036491459"></script>
<script defer src="//play.pokemonshowdown.com/data/graphics.js?0.24223875632456182"></script>
<script defer src="//play.pokemonshowdown.com/data/pokedex.js?0.38839984266356864"></script>
<script defer src="//play.pokemonshowdown.com/data/moves.js?0.21866028504024015"></script>
<script defer src="//play.pokemonshowdown.com/data/abilities.js?0.2005157953846628"></script>
<script defer src="//play.pokemonshowdown.com/data/items.js?0.9894211263848525"></script>
<script defer src="//play.pokemonshowdown.com/data/teambuilder-tables.js?0.6008791140282215"></script>
<script defer src="//play.pokemonshowdown.com/js/battle-tooltips.js?0.7580118955022959"></script>
<script defer src="//play.pokemonshowdown.com/js/battle.js?0.6057722274234274"></script>

<script defer src="js/utils.js?e31f9a17"></script>
<script defer src="js/replays-battle.js?7008c182"></script>

<!-- don't scrape this data! just add .json or .log after the URL!
Full API docs: https://github.com/smogon/pokemon-showdown-client/blob/master/WEB-API.md -->
<script type="text/plain" class="log" id="replaylog-smogtours-gen3ou-795290">
|inactive|Battle timer is ON: inactive players will automatically lose when time's up.
|t:|1728170974
|gametype|singles
|player|p1|Levy's Chair|2|
|player|p2|100techs|101|
|teamsize|p1|6
|teamsize|p2|6
|gen|3
|tier|[Gen 3] OU
|rule|Sleep Clause Mod: Limit one foe put to sleep
|rule|Switch Priority Clause Mod: Faster Pokémon switch first
|rule|Species Clause: Limit one of each Pokémon
|rule|OHKO Clause: OHKO moves are banned
|rule|Evasion Items Clause: Evasion items are banned
|rule|Evasion Moves Clause: Evasion moves are banned
|rule|Endless Battle Clause: Forcing endless battles is banned
|rule|HP Percentage Mod: HP is shown in percentages
|rule|One Boost Passer Clause: Limit one Baton Passer that has a way to boost its stats
|rule|Freeze Clause Mod: Limit one foe frozen
|
|t:|1728170974
|start
|switch|p1a: Z2|Zapdos|100/100
|switch|p2a: Tyranitar|Tyranitar, F|100/100
|-weather|Sandstorm|[from] ability: Sand Stream|[of] p2a: Tyranitar
|turn|1
|c|☆100techs|Good luck!!!
|c|☆Levy's Chair|u2 :)
|
|t:|1728170992
|switch|p1a: Yucky|Metagross|100/100
|move|p2a: Tyranitar|Ice Beam|p1a: Yucky
|-resisted|p1a: Yucky
|-damage|p1a: Yucky|83/100
|
|-weather|Sandstorm|[upkeep]
|upkeep
|turn|2
|inactive|Levy's Chair has 270 seconds left.
|
|t:|1728171042
|switch|p2a: Skarmory|Skarmory, M|100/100
|move|p1a: Yucky|Meteor Mash|p2a: Skarmory
|-resisted|p2a: Skarmory
|-damage|p2a: Skarmory|68/100
|
|-weather|Sandstorm|[upkeep]
|-heal|p2a: Skarmory|74/100|[from] item: Leftovers
|upkeep
|turn|3
|
|t:|1728171049
|switch|p1a: 3Head|Magneton|100/100
|move|p2a: Skarmory|Protect||[still]
|-fail|p2a: Skarmory
|
|-weather|Sandstorm|[upkeep]
|-heal|p2a: Skarmory|80/100|[from] item: Leftovers
|upkeep
|turn|4
|
|t:|1728171053
|move|p1a: 3Head|Thunderbolt|p2a: Skarmory
|-supereffective|p2a: Skarmory
|-damage|p2a: Skarmory|0 fnt
|faint|p2a: Skarmory
|
|t:|1728171061
|switch|p2a: Moltres|Moltres|100/100
|
|-weather|Sandstorm|[upkeep]
|-damage|p2a: Moltres|94/100|[from] Sandstorm
|-heal|p2a: Moltres|100/100|[from] item: Leftovers
|upkeep
|turn|5
|inactive|Levy's Chair has 270 seconds left.
|
|t:|1728171099
|switch|p1a: Z2|Zapdos|100/100
|move|p2a: Moltres|Will-O-Wisp|p1a: Z2
|-status|p1a: Z2|brn
|
|-weather|Sandstorm|[upkeep]
|-damage|p2a: Moltres|94/100|[from] Sandstorm
|-damage|p1a: Z2|94/100 brn|[from] Sandstorm
|-heal|p2a: Moltres|100/100|[from] item: Leftovers
|-heal|p1a: Z2|100/100 brn|[from] item: Leftovers
|-damage|p1a: Z2|88/100 brn|[from] brn
|upkeep
|turn|6
|
|t:|1728171115
|move|p2a: Moltres|Protect|p2a: Moltres
|-singleturn|p2a: Moltres|Protect
|move|p1a: Z2|Thunder Wave|p2a: Moltres
|-activate|p2a: Moltres|Protect
|
|-weather|Sandstorm|[upkeep]
|-damage|p2a: Moltres|94/100|[from] Sandstorm
|-damage|p1a: Z2|82/100 brn|[from] Sandstorm
|-heal|p2a: Moltres|100/100|[from] item: Leftovers
|-heal|p1a: Z2|88/100 brn|[from] item: Leftovers
|-damage|p1a: Z2|75/100 brn|[from] brn
|upkeep
|turn|7
|inactive|100techs has 270 seconds left.
|
|t:|1728171140
|switch|p2a: Jirachi|Jirachi|100/100
|move|p1a: Z2|Thunder Wave|p2a: Jirachi
|-status|p2a: Jirachi|par
|
|-weather|Sandstorm|[upkeep]
|-damage|p1a: Z2|69/100 brn|[from] Sandstorm
|-heal|p1a: Z2|75/100 brn|[from] item: Leftovers
|-damage|p1a: Z2|63/100 brn|[from] brn
|upkeep
|turn|8
|inactive|100techs has 270 seconds left.
|inactive|Levy's Chair has 240 seconds left.
|
|t:|1728171163
|switch|p1a: Get Out of My|Swampert, M|100/100
|move|p2a: Jirachi|Body Slam|p1a: Get Out of My
|-crit|p1a: Get Out of My
|-damage|p1a: Get Out of My|71/100
|
|-weather|Sandstorm|[upkeep]
|-heal|p1a: Get Out of My|77/100|[from] item: Leftovers
|upkeep
|turn|9
|inactive|100techs has 270 seconds left.
|
|t:|1728171180
|switch|p2a: Gengar|Gengar, M|100/100
|move|p1a: Get Out of My|Earthquake|p2a: Gengar
|-immune|p2a: Gengar
|
|-weather|Sandstorm|[upkeep]
|-damage|p2a: Gengar|94/100|[from] Sandstorm
|-heal|p2a: Gengar|100/100|[from] item: Leftovers
|-heal|p1a: Get Out of My|83/100|[from] item: Leftovers
|upkeep
|turn|10
|inactive|100techs has 270 seconds left.
|
|t:|1728171187
|move|p1a: Get Out of My|Protect|p1a: Get Out of My
|-singleturn|p1a: Get Out of My|Protect
|move|p2a: Gengar|Will-O-Wisp|p1a: Get Out of My
|-activate|p1a: Get Out of My|Protect
|
|-weather|Sandstorm|[upkeep]
|-damage|p2a: Gengar|94/100|[from] Sandstorm
|-heal|p2a: Gengar|100/100|[from] item: Leftovers
|-heal|p1a: Get Out of My|90/100|[from] item: Leftovers
|upkeep
|turn|11
|
|t:|1728171197
|switch|p1a: Z2|Zapdos|63/100 brn
|move|p2a: Gengar|Will-O-Wisp|p1a: Z2
|-fail|p1a: Z2|brn
|
|-weather|Sandstorm|[upkeep]
|-damage|p2a: Gengar|94/100|[from] Sandstorm
|-damage|p1a: Z2|57/100 brn|[from] Sandstorm
|-heal|p2a: Gengar|100/100|[from] item: Leftovers
|-heal|p1a: Z2|63/100 brn|[from] item: Leftovers
|-damage|p1a: Z2|50/100 brn|[from] brn
|upkeep
|turn|12
|
|t:|1728171203
|move|p2a: Gengar|Ice Punch|p1a: Z2
|-supereffective|p1a: Z2
|-damage|p1a: Z2|21/100 brn
|move|p1a: Z2|Thunder Wave|p2a: Gengar
|-status|p2a: Gengar|par
|
|-weather|Sandstorm|[upkeep]
|-damage|p1a: Z2|14/100 brn|[from] Sandstorm
|-damage|p2a: Gengar|94/100 par|[from] Sandstorm
|-heal|p1a: Z2|21/100 brn|[from] item: Leftovers
|-damage|p1a: Z2|8/100 brn|[from] brn
|-heal|p2a: Gengar|100/100 par|[from] item: Leftovers
|upkeep
|turn|13
|
|t:|1728171212
|switch|p2a: Tyranitar|Tyranitar, F|100/100
|move|p1a: Z2|Rest|p1a: Z2
|-status|p1a: Z2|slp|[from] move: Rest
|-heal|p1a: Z2|100/100 slp|[silent]
|
|-weather|Sandstorm|[upkeep]
|-damage|p1a: Z2|94/100 slp|[from] Sandstorm
|-heal|p1a: Z2|100/100 slp|[from] item: Leftovers
|upkeep
|turn|14
|inactive|Levy's Chair has 270 seconds left.
|
|t:|1728171226
|switch|p1a: Get Out of My|Swampert, M|90/100
|move|p2a: Tyranitar|Crunch|p1a: Get Out of My
|-damage|p1a: Get Out of My|57/100
|-unboost|p1a: Get Out of My|spd|1
|
|-weather|Sandstorm|[upkeep]
|-heal|p1a: Get Out of My|63/100|[from] item: Leftovers
|upkeep
|turn|15
|inactive|Levy's Chair has 270 seconds left.
|
|t:|1728171240
|move|p2a: Tyranitar|Crunch|p1a: Get Out of My
|-crit|p1a: Get Out of My
|-damage|p1a: Get Out of My|0 fnt
|faint|p1a: Get Out of My
|inactive|Levy's Chair has 270 seconds left.
|
|t:|1728171250
|switch|p1a: Yucky|Metagross|83/100
|
|-weather|Sandstorm|[upkeep]
|upkeep
|turn|16
|c|☆100techs|Not what I was playing around oop
|inactive|Levy's Chair has 270 seconds left.
|
|t:|1728171265
|switch|p2a: Jirachi|Jirachi|100/100 par
|move|p1a: Yucky|Meteor Mash|p2a: Jirachi
|-resisted|p2a: Jirachi
|-damage|p2a: Jirachi|66/100 par
|
|-weather|Sandstorm|[upkeep]
|-heal|p2a: Jirachi|72/100 par|[from] item: Leftovers
|upkeep
|turn|17
|inactive|Levy's Chair has 270 seconds left.
|
|t:|1728171274
|switch|p1a: 3Head|Magneton|100/100
|move|p2a: Jirachi|Body Slam|p1a: 3Head
|-resisted|p1a: 3Head
|-damage|p1a: 3Head|84/100
|
|-weather|Sandstorm|[upkeep]
|-heal|p2a: Jirachi|78/100 par|[from] item: Leftovers
|upkeep
|turn|18
|
|t:|1728171279
|move|p1a: 3Head|Thunderbolt|p2a: Jirachi
|-damage|p2a: Jirachi|41/100 par
|cant|p2a: Jirachi|par
|
|-weather|Sandstorm|[upkeep]
|-heal|p2a: Jirachi|48/100 par|[from] item: Leftovers
|upkeep
|turn|19
|
|t:|1728171283
|move|p1a: 3Head|Thunderbolt|p2a: Jirachi
|-damage|p2a: Jirachi|11/100 par
|move|p2a: Jirachi|Fire Punch|p1a: 3Head
|-supereffective|p1a: 3Head
|-damage|p1a: 3Head|16/100
|
|-weather|Sandstorm|[upkeep]
|-heal|p2a: Jirachi|18/100 par|[from] item: Leftovers
|upkeep
|turn|20
|
|t:|1728171289
|cant|p2a: Jirachi|par
|move|p1a: 3Head|Thunderbolt|p2a: Jirachi
|-damage|p2a: Jirachi|0 fnt
|faint|p2a: Jirachi
|
|t:|1728171295
|switch|p2a: Moltres|Moltres|100/100
|
|-weather|Sandstorm|[upkeep]
|-damage|p2a: Moltres|94/100|[from] Sandstorm
|-heal|p2a: Moltres|100/100|[from] item: Leftovers
|upkeep
|turn|21
|
|t:|1728171298
|move|p2a: Moltres|Fire Blast|p1a: 3Head
|-supereffective|p1a: 3Head
|-damage|p1a: 3Head|0 fnt
|faint|p1a: 3Head
|
|t:|1728171311
|switch|p1a: G2|Gyarados, M|100/100
|-ability|p1a: G2|Intimidate|boost
|-unboost|p2a: Moltres|atk|1
|
|-weather|Sandstorm|[upkeep]
|-damage|p2a: Moltres|94/100|[from] Sandstorm
|-damage|p1a: G2|94/100|[from] Sandstorm
|-heal|p2a: Moltres|100/100|[from] item: Leftovers
|-heal|p1a: G2|100/100|[from] item: Leftovers
|upkeep
|turn|22
|
|t:|1728171318
|move|p2a: Moltres|Will-O-Wisp|p1a: G2
|-status|p1a: G2|brn
|move|p1a: G2|Thunder Wave|p2a: Moltres
|-status|p2a: Moltres|par
|
|-weather|Sandstorm|[upkeep]
|-damage|p1a: G2|94/100 brn|[from] Sandstorm
|-damage|p2a: Moltres|94/100 par|[from] Sandstorm
|-heal|p1a: G2|100/100 brn|[from] item: Leftovers
|-damage|p1a: G2|88/100 brn|[from] brn
|-heal|p2a: Moltres|100/100 par|[from] item: Leftovers
|upkeep
|turn|23
|
|t:|1728171331
|switch|p1a: Z2|Zapdos|100/100 slp
|switch|p2a: Gengar|Gengar, M|100/100 par
|
|-weather|Sandstorm|[upkeep]
|-damage|p1a: Z2|94/100 slp|[from] Sandstorm
|-damage|p2a: Gengar|94/100 par|[from] Sandstorm
|-heal|p1a: Z2|100/100 slp|[from] item: Leftovers
|-heal|p2a: Gengar|100/100 par|[from] item: Leftovers
|upkeep
|turn|24
|
|t:|1728171344
|switch|p1a: Yucky|Metagross|83/100
|move|p2a: Gengar|Thunderbolt|p1a: Yucky
|-damage|p1a: Yucky|55/100
|
|-weather|Sandstorm|[upkeep]
|-damage|p2a: Gengar|94/100 par|[from] Sandstorm
|-heal|p2a: Gengar|100/100 par|[from] item: Leftovers
|upkeep
|turn|25
|
|t:|1728171349
|move|p1a: Yucky|Meteor Mash|p2a: Gengar
|-damage|p2a: Gengar|0 fnt
|faint|p2a: Gengar
|
|t:|1728171360
|switch|p2a: Flygon|Flygon, M|100/100
|
|-weather|Sandstorm|[upkeep]
|upkeep
|turn|26
|inactive|Levy's Chair has 270 seconds left.
|inactive|Levy's Chair has 240 seconds left.
|
|t:|1728171421
|switch|p1a: G2|Gyarados, M|88/100 brn
|-ability|p1a: G2|Intimidate|boost
|-unboost|p2a: Flygon|atk|1
|move|p2a: Flygon|Rock Slide|p1a: G2
|-supereffective|p1a: G2
|-damage|p1a: G2|62/100 brn
|
|-weather|Sandstorm|[upkeep]
|-damage|p1a: G2|56/100 brn|[from] Sandstorm
|-heal|p1a: G2|62/100 brn|[from] item: Leftovers
|-damage|p1a: G2|49/100 brn|[from] brn
|upkeep
|turn|27
|
|t:|1728171430
|switch|p2a: Moltres|Moltres|100/100 par
|move|p1a: G2|Toxic||[still]
|-fail|p1a: G2
|
|-weather|Sandstorm|[upkeep]
|-damage|p1a: G2|43/100 brn|[from] Sandstorm
|-damage|p2a: Moltres|94/100 par|[from] Sandstorm
|-heal|p1a: G2|49/100 brn|[from] item: Leftovers
|-damage|p1a: G2|37/100 brn|[from] brn
|-heal|p2a: Moltres|100/100 par|[from] item: Leftovers
|upkeep
|turn|28
|
|t:|1728171438
|switch|p1a: Z2|Zapdos|100/100 slp
|cant|p2a: Moltres|par
|
|-weather|Sandstorm|[upkeep]
|-damage|p1a: Z2|94/100 slp|[from] Sandstorm
|-damage|p2a: Moltres|94/100 par|[from] Sandstorm
|-heal|p1a: Z2|100/100 slp|[from] item: Leftovers
|-heal|p2a: Moltres|100/100 par|[from] item: Leftovers
|upkeep
|turn|29
|
|t:|1728171443
|cant|p1a: Z2|slp
|move|p2a: Moltres|Fire Blast|p1a: Z2|[miss]
|-miss|p2a: Moltres|p1a: Z2
|
|-weather|Sandstorm|[upkeep]
|-damage|p1a: Z2|94/100 slp|[from] Sandstorm
|-damage|p2a: Moltres|94/100 par|[from] Sandstorm
|-heal|p1a: Z2|100/100 slp|[from] item: Leftovers
|-heal|p2a: Moltres|100/100 par|[from] item: Leftovers
|upkeep
|turn|30
|
|t:|1728171449
|cant|p1a: Z2|slp
|cant|p2a: Moltres|par
|
|-weather|Sandstorm|[upkeep]
|-damage|p1a: Z2|94/100 slp|[from] Sandstorm
|-damage|p2a: Moltres|94/100 par|[from] Sandstorm
|-heal|p1a: Z2|100/100 slp|[from] item: Leftovers
|-heal|p2a: Moltres|100/100 par|[from] item: Leftovers
|upkeep
|turn|31
|
|t:|1728171455
|switch|p2a: Tyranitar|Tyranitar, F|100/100
|-curestatus|p1a: Z2|slp|[msg]
|move|p1a: Z2|Thunderbolt|p2a: Tyranitar
|-damage|p2a: Tyranitar|65/100
|
|-weather|Sandstorm|[upkeep]
|-damage|p1a: Z2|94/100|[from] Sandstorm
|-heal|p1a: Z2|100/100|[from] item: Leftovers
|-heal|p2a: Tyranitar|72/100|[from] item: Leftovers
|upkeep
|turn|32
|
|t:|1728171461
|move|p1a: Z2|Thunder Wave|p2a: Tyranitar
|-status|p2a: Tyranitar|par
|move|p2a: Tyranitar|Crunch|p1a: Z2
|-damage|p1a: Z2|73/100
|
|-weather|Sandstorm|[upkeep]
|-damage|p1a: Z2|67/100|[from] Sandstorm
|-heal|p1a: Z2|73/100|[from] item: Leftovers
|-heal|p2a: Tyranitar|78/100 par|[from] item: Leftovers
|upkeep
|turn|33
|
|t:|1728171467
|move|p1a: Z2|Thunderbolt|p2a: Tyranitar
|-damage|p2a: Tyranitar|46/100 par
|move|p2a: Tyranitar|Ice Beam|p1a: Z2
|-supereffective|p1a: Z2
|-damage|p1a: Z2|31/100
|
|-weather|Sandstorm|[upkeep]
|-damage|p1a: Z2|25/100|[from] Sandstorm
|-heal|p1a: Z2|31/100|[from] item: Leftovers
|-heal|p2a: Tyranitar|52/100 par|[from] item: Leftovers
|upkeep
|turn|34
|inactive|Levy's Chair has 270 seconds left.
|
|t:|1728171505
|move|p1a: Z2|Thunderbolt|p2a: Tyranitar
|-damage|p2a: Tyranitar|21/100 par
|cant|p2a: Tyranitar|par
|
|-weather|Sandstorm|[upkeep]
|-damage|p1a: Z2|25/100|[from] Sandstorm
|-heal|p1a: Z2|31/100|[from] item: Leftovers
|-heal|p2a: Tyranitar|27/100 par|[from] item: Leftovers
|upkeep
|turn|35
|
|t:|1728171517
|switch|p2a: Flygon|Flygon, M|100/100
|move|p1a: Z2|Thunderbolt|p2a: Flygon
|-immune|p2a: Flygon
|
|-weather|Sandstorm|[upkeep]
|-damage|p1a: Z2|25/100|[from] Sandstorm
|-heal|p1a: Z2|31/100|[from] item: Leftovers
|upkeep
|turn|36
|
|t:|1728171533
|move|p2a: Flygon|Rock Slide|p1a: Z2
|-supereffective|p1a: Z2
|-crit|p1a: Z2
|-damage|p1a: Z2|0 fnt
|faint|p1a: Z2
|
|t:|1728171535
|switch|p1a: G2|Gyarados, M|37/100 brn
|-ability|p1a: G2|Intimidate|boost
|-unboost|p2a: Flygon|atk|1
|
|-weather|Sandstorm|[upkeep]
|-damage|p1a: G2|31/100 brn|[from] Sandstorm
|-heal|p1a: G2|37/100 brn|[from] item: Leftovers
|-damage|p1a: G2|24/100 brn|[from] brn
|upkeep
|turn|37
|
|t:|1728171545
|switch|p1a: Get Crossed|Heracross, M|100/100
|move|p2a: Flygon|Protect||[still]
|-fail|p2a: Flygon
|
|-weather|Sandstorm|[upkeep]
|-damage|p1a: Get Crossed|94/100|[from] Sandstorm
|upkeep
|turn|38
|
|t:|1728171559
|move|p1a: Get Crossed|Substitute|p1a: Get Crossed
|-start|p1a: Get Crossed|Substitute
|-damage|p1a: Get Crossed|69/100
|move|p2a: Flygon|Toxic||[still]
|-fail|p2a: Flygon
|
|-weather|Sandstorm|[upkeep]
|-damage|p1a: Get Crossed|63/100|[from] Sandstorm
|upkeep
|turn|39
|
|t:|1728171568
|move|p1a: Get Crossed|Swords Dance|p1a: Get Crossed
|-boost|p1a: Get Crossed|atk|2
|move|p2a: Flygon|Rock Slide|p1a: Get Crossed
|-activate|p1a: Get Crossed|Substitute|[damage]
|
|-weather|Sandstorm|[upkeep]
|-damage|p1a: Get Crossed|57/100|[from] Sandstorm
|upkeep
|turn|40
|
|t:|1728171572
|move|p1a: Get Crossed|Megahorn|p2a: Flygon
|-crit|p2a: Flygon
|-damage|p2a: Flygon|0 fnt
|faint|p2a: Flygon
|
|t:|1728171577
|switch|p2a: Moltres|Moltres|100/100 par
|
|-weather|Sandstorm|[upkeep]
|-damage|p1a: Get Crossed|51/100|[from] Sandstorm
|-damage|p2a: Moltres|94/100 par|[from] Sandstorm
|-heal|p2a: Moltres|100/100 par|[from] item: Leftovers
|upkeep
|turn|41
|
|t:|1728171580
|move|p1a: Get Crossed|Rock Slide|p2a: Moltres
|-supereffective|p2a: Moltres
|-damage|p2a: Moltres|0 fnt
|faint|p2a: Moltres
|
|t:|1728171584
|switch|p2a: Tyranitar|Tyranitar, F|27/100 par
|
|-weather|Sandstorm|[upkeep]
|-damage|p1a: Get Crossed|45/100|[from] Sandstorm
|-heal|p2a: Tyranitar|33/100 par|[from] item: Leftovers
|upkeep
|turn|42
|
|t:|1728171586
|move|p1a: Get Crossed|Megahorn|p2a: Tyranitar
|-supereffective|p2a: Tyranitar
|-damage|p2a: Tyranitar|0 fnt
|faint|p2a: Tyranitar
|
|win|Levy's Chair
|player|p2|
|c|☆Levy's Chair|gg

</script>
<script type="application/json" class="data" id="replaydata-smogtours-gen3ou-795290">
{"id":"smogtours-gen3ou-795290","format":"[Gen 3] OU","players":["Levy's Chair","100techs"],"uploadtime":1728171586,"views":91,"formatid":"gen3ou","rating":null,"private":0,"password":null}
</script>

<script defer src="js/replays.js?9d40a366"></script>
