<!DOCTYPE html>
<meta charset="utf-8" />
<meta name="viewport" content="width=device-width" />

<title>[Gen 3] OU: lucyisafish vs. squeenr - Replays - Pok&eacute;mon Showdown!</title>

<meta name="description" content="Watch a replay of a Pok&eacute;mon battle between lucyisafish and squeenr! Format: [Gen 3] OU; Date: Oct 15, 2024" />
<!--

Hey, you! Looking in the source for the replay log?

You can find them in JSON format, just add `.json` at the end of a replay URL.

https://replay.pokemonshowdown.com/gen7randomdoublesbattle-865046831.json

Or, if you only need the log itself, add `.log` instead:

https://replay.pokemonshowdown.com/gen7randomdoublesbattle-865046831.log

-->

<link rel="stylesheet" href="//pokemonshowdown.com/style/global.css?0.023195364461161105" />
<link rel="stylesheet" href="//play.pokemonshowdown.com/style/font-awesome.css?0.13261647063804238" />
<link rel="stylesheet" href="//play.pokemonshowdown.com/style/battle.css?0.8753245789963631" />
<link rel="stylesheet" href="//play.pokemonshowdown.com/style/utilichart.css?0.8627959624976733" />

<!-- Global site tag (gtag.js) - Google Analytics -->
<script async src="https://www.googletagmanager.com/gtag/js?id=UA-26211653-1"></script>
<script>
  window.dataLayer = window.dataLayer || [];
  function gtag(){dataLayer.push(arguments);}
  gtag('js', new Date());

  gtag('config', 'UA-26211653-1');
</script>
<!-- End Google Analytics -->
<!-- Venatus Ad Manager - Install in <HEAD> of page -->
	<script src="https://hb.vntsm.com/v3/live/ad-manager.min.js" type="text/javascript" data-site-id="642aba63ec9a7b11c3c9c1be" data-mode="scan" async></script>
<!-- / Venatus Ad Manager -->

<style>
	@media (max-width:820px) {
		.battle {
			margin: 0 auto;
		}
		.battle-log {
			margin: 7px auto 0;
			max-width: 640px;
			height: 300px;
			position: static;
		}
	}
	.optgroup {
		display: inline-block;
		line-height: 22px;
		font-size: 10pt;
	}
	.optgroup .button {
		height: 25px;
		padding-top: 0;
		padding-bottom: 0;
	}
	.optgroup button.button {
		padding-left: 12px;
		padding-right: 12px;
	}
	.linklist {
		list-style: none;
		margin: 0.5em 0;
		padding: 0;
	}
	.linklist li {
		padding: 2px 0;
	}
	.sidebar {
		float: left;
		width: 320px;
	}
	.bar-wrapper {
		max-width: 1100px;
		margin: 0 auto;
	}
	.bar-wrapper.has-sidebar {
		max-width: 1430px;
	}
	.mainbar {
		margin: 0;
		padding-right: 1px;
	}
	.mainbar.has-sidebar {
		margin-left: 330px;
	}
	@media (min-width: 1511px) {
		.sidebar {
			width: 400px;
		}
		.bar-wrapper.has-sidebar {
			max-width: 1510px;
		}
		.mainbar.has-sidebar {
			margin-left: 410px;
		}
	}
	.section.first-section {
		margin-top: 9px;
	}
	.blocklink small {
		white-space: normal;
	}
	.button {
		vertical-align: middle;
	}
	.replay-controls {
		padding-top: 10px;
	}
	.replay-controls h1 {
		font-size: 16pt;
		font-weight: normal;
		color: #CCC;
	}
	.pagelink {
		text-align: center;
	}
	.pagelink a {
		width: 150px;
	}
	.textbox, .button {
		font-size: 11pt;
		vertical-align: middle;
	}
	@media (max-width: 450px) {
		.button {
			font-size: 9pt;
		}
	}
</style>

<div>

	<header>
		<div class="nav-wrapper"><ul class="nav">
			<li><a class="button nav-first" href="//pokemonshowdown.com/"><img src="//pokemonshowdown.com/images/pokemonshowdownbeta.png" srcset="//pokemonshowdown.com/images/pokemonshowdownbeta.png 1x, //pokemonshowdown.com/images/pokemonshowdownbeta@2x.png 2x" alt="Pok&eacute;mon Showdown" width="146" height="44" /> Home</a></li>
			<li><a class="button" href="//pokemonshowdown.com/dex/">Pok&eacute;dex</a></li>
			<li><a class="button cur" href="/">Replays</a></li>
			<li><a class="button" href="//pokemonshowdown.com/ladder/">Ladder</a></li>
			<li><a class="button nav-last" href="//pokemonshowdown.com/forums/">Forum</a></li>
			<li><a class="button greenbutton nav-first nav-last" href="//play.pokemonshowdown.com/">Play</a></li>
		</ul></div>
	</header>

	<div class="main" id="main">

		<noscript><section class="section">You need to enable JavaScript to use this page; sorry!</section></noscript>

	</div>

</div>

<script defer nomodule src="//play.pokemonshowdown.com/js/lib/ps-polyfill.js"></script>
<script defer src="//play.pokemonshowdown.com/js/lib/preact.min.js"></script>

<script defer src="//play.pokemonshowdown.com/config/config.js?2bddbc15"></script>
<script defer src="//play.pokemonshowdown.com/js/lib/jquery-1.11.0.min.js"></script>
<script defer src="//play.pokemonshowdown.com/js/lib/html-sanitizer-minified.js"></script>
<script defer src="//play.pokemonshowdown.com/js/battle-sound.js"></script>
<script defer src="//play.pokemonshowdown.com/js/battledata.js?0.7209276989879541"></script>
<script defer src="//play.pokemonshowdown.com/data/pokedex-mini.js?0.6111056340867951"></script>
<script defer src="//play.pokemonshowdown.com/data/pokedex-mini-bw.js?0.3532142036491459"></script>
<script defer src="//play.pokemonshowdown.com/data/graphics.js?0.24223875632456182"></script>
<script defer src="//play.pokemonshowdown.com/data/pokedex.js?0.38839984266356864"></script>
<script defer src="//play.pokemonshowdown.com/data/moves.js?0.21866028504024015"></script>
<script defer src="//play.pokemonshowdown.com/data/abilities.js?0.2005157953846628"></script>
<script defer src="//play.pokemonshowdown.com/data/items.js?0.9894211263848525"></script>
<script defer src="//play.pokemonshowdown.com/data/teambuilder-tables.js?0.6008791140282215"></script>
<script defer src="//play.pokemonshowdown.com/js/battle-tooltips.js?0.7580118955022959"></script>
<script defer src="//play.pokemonshowdown.com/js/battle.js?0.6057722274234274"></script>

<script defer src="js/utils.js?e31f9a17"></script>
<script defer src="js/replays-battle.js?7008c182"></script>

<!-- don't scrape this data! just add .json or .log after the URL!
Full API docs: https://github.com/smogon/pokemon-showdown-client/blob/master/WEB-API.md -->
<script type="text/plain" class="log" id="replaylog-smogtours-gen3ou-799071">
|inactive|Battle timer is ON: inactive players will automatically lose when time's up.
|t:|1729034605
|gametype|singles
|player|p1|lucyisafish|flannery|
|player|p2|squeenr|102|
|teamsize|p1|6
|teamsize|p2|6
|gen|3
|tier|[Gen 3] OU
|rule|Sleep Clause Mod: Limit one foe put to sleep
|rule|Switch Priority Clause Mod: Faster Pokémon switch first
|rule|Species Clause: Limit one of each Pokémon
|rule|OHKO Clause: OHKO moves are banned
|rule|Evasion Items Clause: Evasion items are banned
|rule|Evasion Moves Clause: Evasion moves are banned
|rule|Endless Battle Clause: Forcing endless battles is banned
|rule|HP Percentage Mod: HP is shown in percentages
|rule|One Boost Passer Clause: Limit one Baton Passer that has a way to boost its stats
|rule|Freeze Clause Mod: Limit one foe frozen
|
|t:|1729034605
|start
|switch|p1a: Skarmory|Skarmory, F|100/100
|switch|p2a: Heracross|Heracross, F|100/100
|turn|1
|c|☆lucyisafish|glhf :)
|c|☆squeenr|same to you!
|inactive|lucyisafish has 270 seconds left.
|inactive|squeenr has 270 seconds left.
|
|t:|1729034651
|move|p2a: Heracross|Brick Break|p1a: Skarmory
|-damage|p1a: Skarmory|53/100
|move|p1a: Skarmory|Toxic|p2a: Heracross
|-status|p2a: Heracross|tox
|
|-damage|p2a: Heracross|95/100 tox|[from] psn
|-heal|p1a: Skarmory|59/100|[from] item: Leftovers
|upkeep
|turn|2
|
|t:|1729034658
|move|p1a: Skarmory|Protect|p1a: Skarmory
|-singleturn|p1a: Skarmory|Protect
|move|p2a: Heracross|Brick Break|p1a: Skarmory
|-activate|p1a: Skarmory|Protect
|
|-damage|p2a: Heracross|83/100 tox|[from] psn
|-heal|p1a: Skarmory|65/100|[from] item: Leftovers
|upkeep
|turn|3
|
|t:|1729034670
|switch|p2a: Magneton|Magneton|100/100
|switch|p1a: Milotic|Milotic, F, shiny|100/100
|
|upkeep
|turn|4
|
|t:|1729034677
|switch|p1a: Dugtrio|Dugtrio, F|100/100
|move|p2a: Magneton|Thunderbolt|p1a: Dugtrio
|-immune|p1a: Dugtrio
|
|upkeep
|turn|5
|
|t:|1729034687
|move|p1a: Dugtrio|Earthquake|p2a: Magneton
|-supereffective|p2a: Magneton
|-damage|p2a: Magneton|0 fnt
|faint|p2a: Magneton
|
|t:|1729034694
|switch|p2a: Salamence|Salamence, M|100/100
|-ability|p2a: Salamence|Intimidate|boost
|-unboost|p1a: Dugtrio|atk|1
|
|upkeep
|turn|6
|
|t:|1729034717
|switch|p1a: Milotic|Milotic, F, shiny|100/100
|move|p2a: Salamence|Dragon Dance|p2a: Salamence
|-boost|p2a: Salamence|atk|1
|-boost|p2a: Salamence|spe|1
|
|upkeep
|turn|7
|
|t:|1729034726
|switch|p2a: Snorlax|Snorlax, M|100/100
|move|p1a: Milotic|Toxic|p2a: Snorlax
|-immune|p2a: Snorlax|[from] ability: Immunity
|
|upkeep
|turn|8
|
|t:|1729034736
|switch|p1a: Skarmory|Skarmory, F|65/100
|move|p2a: Snorlax|Curse|p2a: Snorlax
|-unboost|p2a: Snorlax|spe|1
|-boost|p2a: Snorlax|atk|1
|-boost|p2a: Snorlax|def|1
|
|-heal|p1a: Skarmory|71/100|[from] item: Leftovers
|upkeep
|turn|9
|
|t:|1729034755
|move|p1a: Skarmory|Protect|p1a: Skarmory
|-singleturn|p1a: Skarmory|Protect
|move|p2a: Snorlax|Return|p1a: Skarmory
|-activate|p1a: Skarmory|Protect
|
|-heal|p1a: Skarmory|77/100|[from] item: Leftovers
|upkeep
|turn|10
|
|t:|1729034764
|move|p2a: Snorlax|Return|p1a: Skarmory
|-resisted|p1a: Skarmory
|-damage|p1a: Skarmory|53/100
|move|p1a: Skarmory|Roar|p2a: Snorlax
|drag|p2a: Salamence|Salamence, M|100/100
|-ability|p2a: Salamence|Intimidate|boost
|-unboost|p1a: Skarmory|atk|1
|
|-heal|p1a: Skarmory|59/100|[from] item: Leftovers
|upkeep
|turn|11
|
|t:|1729034795
|switch|p1a: Milotic|Milotic, F, shiny|100/100
|move|p2a: Salamence|Rock Slide|p1a: Milotic
|-damage|p1a: Milotic|80/100
|
|-heal|p1a: Milotic|87/100|[from] item: Leftovers
|upkeep
|turn|12
|inactive|lucyisafish has 270 seconds left.
|
|t:|1729034811
|switch|p2a: Snorlax|Snorlax, M|100/100
|move|p1a: Milotic|Recover|p1a: Milotic
|-heal|p1a: Milotic|100/100
|
|upkeep
|turn|13
|inactive|lucyisafish has 270 seconds left.
|
|t:|1729034823
|switch|p1a: Skarmory|Skarmory, F|59/100
|switch|p2a: Heracross|Heracross, F|83/100 tox
|
|-damage|p2a: Heracross|77/100 tox|[from] psn
|-heal|p1a: Skarmory|65/100|[from] item: Leftovers
|upkeep
|turn|14
|
|t:|1729034832
|move|p2a: Heracross|Brick Break|p1a: Skarmory
|-damage|p1a: Skarmory|17/100
|move|p1a: Skarmory|Spikes|p2a: Heracross
|-sidestart|p2: squeenr|Spikes
|
|-damage|p2a: Heracross|65/100 tox|[from] psn
|-heal|p1a: Skarmory|23/100|[from] item: Leftovers
|upkeep
|turn|15
|
|t:|1729034850
|switch|p2a: Salamence|Salamence, M|100/100
|-ability|p2a: Salamence|Intimidate|boost
|-unboost|p1a: Skarmory|atk|1
|move|p1a: Skarmory|Protect||[still]
|-fail|p1a: Skarmory
|
|-heal|p1a: Skarmory|29/100|[from] item: Leftovers
|upkeep
|turn|16
|
|t:|1729034859
|move|p1a: Skarmory|Protect|p1a: Skarmory
|-singleturn|p1a: Skarmory|Protect
|move|p2a: Salamence|Rock Slide|p1a: Skarmory
|-activate|p1a: Skarmory|Protect
|
|-heal|p1a: Skarmory|35/100|[from] item: Leftovers
|upkeep
|turn|17
|
|t:|1729034877
|move|p2a: Salamence|Rock Slide|p1a: Skarmory
|-damage|p1a: Skarmory|15/100
|move|p1a: Skarmory|Spikes|p2a: Salamence
|-sidestart|p2: squeenr|Spikes
|
|-heal|p1a: Skarmory|21/100|[from] item: Leftovers
|upkeep
|turn|18
|
|t:|1729034893
|move|p1a: Skarmory|Protect|p1a: Skarmory
|-singleturn|p1a: Skarmory|Protect
|move|p2a: Salamence|Dragon Dance|p2a: Salamence
|-boost|p2a: Salamence|atk|1
|-boost|p2a: Salamence|spe|1
|
|-heal|p1a: Skarmory|27/100|[from] item: Leftovers
|upkeep
|turn|19
|
|t:|1729034909
|move|p2a: Salamence|Rock Slide|p1a: Skarmory
|-damage|p1a: Skarmory|0 fnt
|faint|p1a: Skarmory
|
|t:|1729034918
|switch|p1a: Milotic|Milotic, F, shiny|100/100
|
|upkeep
|turn|20
|
|t:|1729034927
|switch|p2a: Snorlax|Snorlax, M|100/100
|-damage|p2a: Snorlax|84/100|[from] Spikes
|move|p1a: Milotic|Toxic|p2a: Snorlax
|-immune|p2a: Snorlax|[from] ability: Immunity
|
|-heal|p2a: Snorlax|90/100|[from] item: Leftovers
|upkeep
|turn|21
|
|t:|1729034945
|move|p1a: Milotic|Surf|p2a: Snorlax
|-damage|p2a: Snorlax|74/100
|move|p2a: Snorlax|Curse|p2a: Snorlax
|-unboost|p2a: Snorlax|spe|1
|-boost|p2a: Snorlax|atk|1
|-boost|p2a: Snorlax|def|1
|
|-heal|p2a: Snorlax|80/100|[from] item: Leftovers
|upkeep
|turn|22
|inactive|lucyisafish has 270 seconds left.
|
|t:|1729034977
|switch|p1a: Claydol|Claydol|100/100
|move|p2a: Snorlax|Curse|p2a: Snorlax
|-unboost|p2a: Snorlax|spe|1
|-boost|p2a: Snorlax|atk|1
|-boost|p2a: Snorlax|def|1
|
|-heal|p2a: Snorlax|86/100|[from] item: Leftovers
|upkeep
|turn|23
|inactive|lucyisafish has 270 seconds left.
|inactive|squeenr has 270 seconds left.
|
|t:|1729035008
|switch|p2a: Heracross|Heracross, F|65/100 tox
|-damage|p2a: Heracross|48/100 tox|[from] Spikes
|move|p1a: Claydol|Psychic|p2a: Heracross
|-supereffective|p2a: Heracross
|-damage|p2a: Heracross|0 fnt
|faint|p2a: Heracross
|
|t:|1729035024
|switch|p2a: Tyranitar|Tyranitar, F|100/100
|-damage|p2a: Tyranitar|84/100|[from] Spikes
|-weather|Sandstorm|[from] ability: Sand Stream|[of] p2a: Tyranitar
|
|-weather|Sandstorm|[upkeep]
|-heal|p2a: Tyranitar|90/100|[from] item: Leftovers
|upkeep
|turn|24
|
|t:|1729035035
|switch|p1a: Flygon|Flygon, F, shiny|100/100
|move|p2a: Tyranitar|Crunch|p1a: Flygon
|-damage|p1a: Flygon|63/100
|
|-weather|Sandstorm|[upkeep]
|-heal|p1a: Flygon|69/100|[from] item: Leftovers
|-heal|p2a: Tyranitar|96/100|[from] item: Leftovers
|upkeep
|turn|25
|inactive|lucyisafish has 270 seconds left.
|
|t:|1729035052
|move|p1a: Flygon|Earthquake|p2a: Tyranitar
|-supereffective|p2a: Tyranitar
|-damage|p2a: Tyranitar|43/100
|move|p2a: Tyranitar|Crunch|p1a: Flygon
|-damage|p1a: Flygon|30/100
|-unboost|p1a: Flygon|spd|1
|
|-weather|Sandstorm|[upkeep]
|-heal|p1a: Flygon|36/100|[from] item: Leftovers
|-heal|p2a: Tyranitar|50/100|[from] item: Leftovers
|upkeep
|turn|26
|inactive|lucyisafish has 270 seconds left.
|
|t:|1729035069
|switch|p2a: Salamence|Salamence, M|100/100
|-ability|p2a: Salamence|Intimidate|boost
|-unboost|p1a: Flygon|atk|1
|move|p1a: Flygon|Earthquake|p2a: Salamence
|-immune|p2a: Salamence
|
|-weather|Sandstorm|[upkeep]
|-damage|p2a: Salamence|94/100|[from] Sandstorm
|-heal|p2a: Salamence|100/100|[from] item: Leftovers
|-heal|p1a: Flygon|43/100|[from] item: Leftovers
|upkeep
|turn|27
|inactive|lucyisafish has 270 seconds left.
|
|t:|1729035085
|move|p2a: Salamence|Hidden Power|p1a: Flygon
|-damage|p1a: Flygon|11/100
|move|p1a: Flygon|Toxic|p2a: Salamence
|-status|p2a: Salamence|tox
|
|-weather|Sandstorm|[upkeep]
|-damage|p2a: Salamence|94/100 tox|[from] Sandstorm
|-heal|p2a: Salamence|100/100 tox|[from] item: Leftovers
|-damage|p2a: Salamence|94/100 tox|[from] psn
|-heal|p1a: Flygon|18/100|[from] item: Leftovers
|upkeep
|turn|28
|
|t:|1729035096
|move|p1a: Flygon|Protect|p1a: Flygon
|-singleturn|p1a: Flygon|Protect
|move|p2a: Salamence|Hidden Power|p1a: Flygon
|-activate|p1a: Flygon|Protect
|
|-weather|Sandstorm|[upkeep]
|-damage|p2a: Salamence|88/100 tox|[from] Sandstorm
|-heal|p2a: Salamence|94/100 tox|[from] item: Leftovers
|-damage|p2a: Salamence|82/100 tox|[from] psn
|-heal|p1a: Flygon|24/100|[from] item: Leftovers
|upkeep
|turn|29
|inactive|lucyisafish has 270 seconds left.
|
|t:|1729035108
|move|p1a: Flygon|Protect||[still]
|-fail|p1a: Flygon
|move|p2a: Salamence|Hidden Power|p1a: Flygon
|-damage|p1a: Flygon|0 fnt
|faint|p1a: Flygon
|inactive|lucyisafish has 270 seconds left.
|
|t:|1729035120
|switch|p1a: Milotic|Milotic, F, shiny|100/100
|
|-weather|Sandstorm|[upkeep]
|-damage|p2a: Salamence|76/100 tox|[from] Sandstorm
|-damage|p1a: Milotic|94/100|[from] Sandstorm
|-heal|p2a: Salamence|82/100 tox|[from] item: Leftovers
|-damage|p2a: Salamence|64/100 tox|[from] psn
|-heal|p1a: Milotic|100/100|[from] item: Leftovers
|upkeep
|turn|30
|inactive|lucyisafish has 270 seconds left.
|
|t:|1729035131
|switch|p2a: Snorlax|Snorlax, M|86/100
|-damage|p2a: Snorlax|70/100|[from] Spikes
|move|p1a: Milotic|Surf|p2a: Snorlax
|-damage|p2a: Snorlax|52/100
|
|-weather|Sandstorm|[upkeep]
|-damage|p1a: Milotic|94/100|[from] Sandstorm
|-damage|p2a: Snorlax|46/100|[from] Sandstorm
|-heal|p1a: Milotic|100/100|[from] item: Leftovers
|-heal|p2a: Snorlax|52/100|[from] item: Leftovers
|upkeep
|turn|31
|inactive|lucyisafish has 270 seconds left.
|
|t:|1729035146
|switch|p1a: Claydol|Claydol|100/100
|move|p2a: Snorlax|Return|p1a: Claydol
|-damage|p1a: Claydol|59/100
|
|-weather|Sandstorm|[upkeep]
|-damage|p2a: Snorlax|46/100|[from] Sandstorm
|-heal|p1a: Claydol|65/100|[from] item: Leftovers
|-heal|p2a: Snorlax|52/100|[from] item: Leftovers
|upkeep
|turn|32
|
|t:|1729035167
|switch|p2a: Tyranitar|Tyranitar, F|50/100
|-damage|p2a: Tyranitar|33/100|[from] Spikes
|move|p1a: Claydol|Psychic|p2a: Tyranitar
|-immune|p2a: Tyranitar
|
|-weather|Sandstorm|[upkeep]
|-heal|p1a: Claydol|71/100|[from] item: Leftovers
|-heal|p2a: Tyranitar|39/100|[from] item: Leftovers
|upkeep
|turn|33
|inactive|lucyisafish has 270 seconds left.
|
|t:|1729035194
|move|p1a: Claydol|Earthquake|p2a: Tyranitar
|-supereffective|p2a: Tyranitar
|-damage|p2a: Tyranitar|0 fnt
|faint|p2a: Tyranitar
|inactive|squeenr has 240 seconds left.
|
|t:|1729035216
|switch|p2a: Salamence|Salamence, M|64/100 tox
|-ability|p2a: Salamence|Intimidate|boost
|-unboost|p1a: Claydol|atk|1
|
|-weather|Sandstorm|[upkeep]
|-damage|p2a: Salamence|58/100 tox|[from] Sandstorm
|-heal|p2a: Salamence|64/100 tox|[from] item: Leftovers
|-damage|p2a: Salamence|58/100 tox|[from] psn
|-heal|p1a: Claydol|78/100|[from] item: Leftovers
|upkeep
|turn|34
|inactive|lucyisafish has 270 seconds left.
|inactive|squeenr has 240 seconds left.
|
|t:|1729035227
|switch|p1a: Milotic|Milotic, F, shiny|100/100
|move|p2a: Salamence|Hidden Power|p1a: Milotic
|-damage|p1a: Milotic|71/100
|
|-weather|Sandstorm|[upkeep]
|-damage|p2a: Salamence|52/100 tox|[from] Sandstorm
|-damage|p1a: Milotic|65/100|[from] Sandstorm
|-heal|p2a: Salamence|58/100 tox|[from] item: Leftovers
|-damage|p2a: Salamence|46/100 tox|[from] psn
|-heal|p1a: Milotic|71/100|[from] item: Leftovers
|upkeep
|turn|35
|inactive|lucyisafish has 270 seconds left.
|inactive|squeenr has 240 seconds left.
|
|t:|1729035248
|switch|p2a: Miltank|Miltank, F|100/100
|-damage|p2a: Miltank|84/100|[from] Spikes
|move|p1a: Milotic|Recover|p1a: Milotic
|-heal|p1a: Milotic|100/100
|
|-weather|Sandstorm|[upkeep]
|-damage|p2a: Miltank|78/100|[from] Sandstorm
|-damage|p1a: Milotic|94/100|[from] Sandstorm
|-heal|p2a: Miltank|84/100|[from] item: Leftovers
|-heal|p1a: Milotic|100/100|[from] item: Leftovers
|upkeep
|turn|36
|
|t:|1729035263
|move|p2a: Miltank|Body Slam|p1a: Milotic
|-damage|p1a: Milotic|80/100
|move|p1a: Milotic|Toxic|p2a: Miltank|[miss]
|-miss|p1a: Milotic|p2a: Miltank
|
|-weather|Sandstorm|[upkeep]
|-damage|p2a: Miltank|78/100|[from] Sandstorm
|-damage|p1a: Milotic|74/100|[from] Sandstorm
|-heal|p2a: Miltank|84/100|[from] item: Leftovers
|-heal|p1a: Milotic|80/100|[from] item: Leftovers
|upkeep
|turn|37
|
|t:|1729035273
|move|p2a: Miltank|Body Slam|p1a: Milotic
|-damage|p1a: Milotic|59/100
|-status|p1a: Milotic|par
|cant|p1a: Milotic|par
|
|-weather|Sandstorm|[upkeep]
|-damage|p2a: Miltank|78/100|[from] Sandstorm
|-damage|p1a: Milotic|53/100 par|[from] Sandstorm
|-heal|p2a: Miltank|84/100|[from] item: Leftovers
|-heal|p1a: Milotic|59/100 par|[from] item: Leftovers
|upkeep
|turn|38
|
|t:|1729035285
|move|p2a: Miltank|Curse|p2a: Miltank
|-unboost|p2a: Miltank|spe|1
|-boost|p2a: Miltank|atk|1
|-boost|p2a: Miltank|def|1
|cant|p1a: Milotic|par
|
|-weather|Sandstorm|[upkeep]
|-damage|p2a: Miltank|78/100|[from] Sandstorm
|-damage|p1a: Milotic|53/100 par|[from] Sandstorm
|-heal|p2a: Miltank|84/100|[from] item: Leftovers
|-heal|p1a: Milotic|59/100 par|[from] item: Leftovers
|upkeep
|turn|39
|
|t:|1729035295
|move|p2a: Miltank|Curse|p2a: Miltank
|-unboost|p2a: Miltank|spe|1
|-boost|p2a: Miltank|atk|1
|-boost|p2a: Miltank|def|1
|move|p1a: Milotic|Toxic|p2a: Miltank
|-status|p2a: Miltank|tox
|
|-weather|Sandstorm|[upkeep]
|-damage|p2a: Miltank|78/100 tox|[from] Sandstorm
|-damage|p1a: Milotic|53/100 par|[from] Sandstorm
|-heal|p2a: Miltank|84/100 tox|[from] item: Leftovers
|-damage|p2a: Miltank|78/100 tox|[from] psn
|-heal|p1a: Milotic|59/100 par|[from] item: Leftovers
|upkeep
|turn|40
|
|t:|1729035321
|switch|p1a: Blissey|Blissey, F|100/100
|move|p2a: Miltank|Body Slam|p1a: Blissey
|-damage|p1a: Blissey|43/100
|
|-weather|Sandstorm|[upkeep]
|-damage|p1a: Blissey|37/100|[from] Sandstorm
|-damage|p2a: Miltank|71/100 tox|[from] Sandstorm
|-heal|p1a: Blissey|43/100|[from] item: Leftovers
|-heal|p2a: Miltank|78/100 tox|[from] item: Leftovers
|-damage|p2a: Miltank|65/100 tox|[from] psn
|upkeep
|turn|41
|
|t:|1729035331
|move|p1a: Blissey|Soft-Boiled|p1a: Blissey
|-heal|p1a: Blissey|93/100
|move|p2a: Miltank|Body Slam|p1a: Blissey
|-crit|p1a: Blissey
|-damage|p1a: Blissey|0 fnt
|faint|p1a: Blissey
|
|t:|1729035346
|switch|p1a: Claydol|Claydol|78/100
|
|-weather|Sandstorm|[upkeep]
|-damage|p2a: Miltank|59/100 tox|[from] Sandstorm
|-heal|p1a: Claydol|84/100|[from] item: Leftovers
|-heal|p2a: Miltank|65/100 tox|[from] item: Leftovers
|-damage|p2a: Miltank|47/100 tox|[from] psn
|upkeep
|turn|42
|
|t:|1729035363
|move|p1a: Claydol|Psychic|p2a: Miltank
|-damage|p2a: Miltank|20/100 tox
|move|p2a: Miltank|Heal Bell|p2a: Miltank
|-activate|p2a: Miltank|move: Heal Bell
|-curestatus|p2a: Miltank|tox|[silent]
|-curestatus|p2: Salamence|tox|[silent]
|
|-weather|Sandstorm|[upkeep]
|-damage|p2a: Miltank|13/100|[from] Sandstorm
|-heal|p1a: Claydol|90/100|[from] item: Leftovers
|-heal|p2a: Miltank|20/100|[from] item: Leftovers
|upkeep
|turn|43
|inactive|squeenr has 210 seconds left.
|
|t:|1729035390
|switch|p2a: Salamence|Salamence, M|46/100
|-ability|p2a: Salamence|Intimidate|boost
|-unboost|p1a: Claydol|atk|1
|move|p1a: Claydol|Psychic|p2a: Salamence
|-damage|p2a: Salamence|21/100
|-unboost|p2a: Salamence|spd|1
|
|-weather|Sandstorm|[upkeep]
|-damage|p2a: Salamence|15/100|[from] Sandstorm
|-heal|p2a: Salamence|21/100|[from] item: Leftovers
|-heal|p1a: Claydol|96/100|[from] item: Leftovers
|upkeep
|turn|44
|
|t:|1729035404
|move|p2a: Salamence|Hidden Power|p1a: Claydol
|-damage|p1a: Claydol|57/100
|move|p1a: Claydol|Psychic|p2a: Salamence
|-damage|p2a: Salamence|0 fnt
|faint|p2a: Salamence
|
|t:|1729035417
|switch|p2a: Miltank|Miltank, F|20/100
|-damage|p2a: Miltank|3/100|[from] Spikes
|
|-weather|Sandstorm|[upkeep]
|-damage|p2a: Miltank|0 fnt|[from] Sandstorm
|faint|p2a: Miltank
|-heal|p1a: Claydol|63/100|[from] item: Leftovers
|upkeep
|
|t:|1729035423
|switch|p2a: Snorlax|Snorlax, M|52/100
|-damage|p2a: Snorlax|36/100|[from] Spikes
|turn|45
|
|t:|1729035436
|move|p1a: Claydol|Psychic|p2a: Snorlax
|-damage|p2a: Snorlax|25/100
|move|p2a: Snorlax|Rest|p2a: Snorlax
|-status|p2a: Snorlax|slp|[from] move: Rest
|-heal|p2a: Snorlax|100/100 slp|[silent]
|
|-weather|Sandstorm|[upkeep]
|-damage|p2a: Snorlax|94/100 slp|[from] Sandstorm
|-heal|p1a: Claydol|69/100|[from] item: Leftovers
|-heal|p2a: Snorlax|100/100 slp|[from] item: Leftovers
|upkeep
|turn|46
|
|t:|1729035445
|switch|p1a: Milotic|Milotic, F, shiny|59/100 par
|cant|p2a: Snorlax|slp
|
|-weather|Sandstorm|[upkeep]
|-damage|p2a: Snorlax|94/100 slp|[from] Sandstorm
|-damage|p1a: Milotic|53/100 par|[from] Sandstorm
|-heal|p2a: Snorlax|100/100 slp|[from] item: Leftovers
|-heal|p1a: Milotic|59/100 par|[from] item: Leftovers
|upkeep
|turn|47
|inactive|squeenr has 210 seconds left.
|
|t:|1729035455
|cant|p2a: Snorlax|slp
|cant|p1a: Milotic|par
|
|-weather|Sandstorm|[upkeep]
|-damage|p2a: Snorlax|94/100 slp|[from] Sandstorm
|-damage|p1a: Milotic|53/100 par|[from] Sandstorm
|-heal|p2a: Snorlax|100/100 slp|[from] item: Leftovers
|-heal|p1a: Milotic|59/100 par|[from] item: Leftovers
|upkeep
|turn|48
|
|t:|1729035463
|-curestatus|p2a: Snorlax|slp|[msg]
|move|p2a: Snorlax|Curse|p2a: Snorlax
|-unboost|p2a: Snorlax|spe|1
|-boost|p2a: Snorlax|atk|1
|-boost|p2a: Snorlax|def|1
|move|p1a: Milotic|Recover|p1a: Milotic
|-heal|p1a: Milotic|100/100 par
|
|-weather|Sandstorm|[upkeep]
|-damage|p2a: Snorlax|94/100|[from] Sandstorm
|-damage|p1a: Milotic|94/100 par|[from] Sandstorm
|-heal|p2a: Snorlax|100/100|[from] item: Leftovers
|-heal|p1a: Milotic|100/100 par|[from] item: Leftovers
|upkeep
|turn|49
|
|t:|1729035481
|switch|p1a: Claydol|Claydol|69/100
|move|p2a: Snorlax|Curse|p2a: Snorlax
|-unboost|p2a: Snorlax|spe|1
|-boost|p2a: Snorlax|atk|1
|-boost|p2a: Snorlax|def|1
|
|-weather|Sandstorm|[upkeep]
|-damage|p2a: Snorlax|94/100|[from] Sandstorm
|-heal|p1a: Claydol|75/100|[from] item: Leftovers
|-heal|p2a: Snorlax|100/100|[from] item: Leftovers
|upkeep
|turn|50
|
|t:|1729035491
|move|p1a: Claydol|Psychic|p2a: Snorlax
|-damage|p2a: Snorlax|90/100
|move|p2a: Snorlax|Return|p1a: Claydol
|-damage|p1a: Claydol|0 fnt
|faint|p1a: Claydol
|
|t:|1729035499
|switch|p1a: Milotic|Milotic, F, shiny|100/100 par
|
|-weather|Sandstorm|[upkeep]
|-damage|p1a: Milotic|94/100 par|[from] Sandstorm
|-damage|p2a: Snorlax|84/100|[from] Sandstorm
|-heal|p1a: Milotic|100/100 par|[from] item: Leftovers
|-heal|p2a: Snorlax|90/100|[from] item: Leftovers
|upkeep
|turn|51
|
|t:|1729035514
|move|p1a: Milotic|Surf|p2a: Snorlax
|-damage|p2a: Snorlax|73/100
|move|p2a: Snorlax|Return|p1a: Milotic
|-damage|p1a: Milotic|63/100 par
|
|-weather|Sandstorm|[upkeep]
|-damage|p1a: Milotic|57/100 par|[from] Sandstorm
|-damage|p2a: Snorlax|67/100|[from] Sandstorm
|-heal|p1a: Milotic|63/100 par|[from] item: Leftovers
|-heal|p2a: Snorlax|73/100|[from] item: Leftovers
|upkeep
|turn|52
|
|t:|1729035526
|cant|p1a: Milotic|par
|move|p2a: Snorlax|Curse|p2a: Snorlax
|-unboost|p2a: Snorlax|spe|1
|-boost|p2a: Snorlax|atk|1
|-boost|p2a: Snorlax|def|1
|
|-weather|Sandstorm|[upkeep]
|-damage|p1a: Milotic|57/100 par|[from] Sandstorm
|-damage|p2a: Snorlax|67/100|[from] Sandstorm
|-heal|p1a: Milotic|63/100 par|[from] item: Leftovers
|-heal|p2a: Snorlax|73/100|[from] item: Leftovers
|upkeep
|turn|53
|
|t:|1729035537
|switch|p1a: Dugtrio|Dugtrio, F|100/100
|move|p2a: Snorlax|Return|p1a: Dugtrio
|-damage|p1a: Dugtrio|0 fnt
|faint|p1a: Dugtrio
|
|t:|1729035541
|switch|p1a: Milotic|Milotic, F, shiny|63/100 par
|
|-weather|Sandstorm|[upkeep]
|-damage|p1a: Milotic|57/100 par|[from] Sandstorm
|-damage|p2a: Snorlax|67/100|[from] Sandstorm
|-heal|p1a: Milotic|63/100 par|[from] item: Leftovers
|-heal|p2a: Snorlax|73/100|[from] item: Leftovers
|upkeep
|turn|54
|
|t:|1729035557
|cant|p1a: Milotic|par
|move|p2a: Snorlax|Return|p1a: Milotic
|-damage|p1a: Milotic|11/100 par
|
|-weather|Sandstorm|[upkeep]
|-damage|p1a: Milotic|5/100 par|[from] Sandstorm
|-damage|p2a: Snorlax|67/100|[from] Sandstorm
|-heal|p1a: Milotic|11/100 par|[from] item: Leftovers
|-heal|p2a: Snorlax|73/100|[from] item: Leftovers
|upkeep
|turn|55
|
|t:|1729035566
|move|p1a: Milotic|Recover|p1a: Milotic
|-heal|p1a: Milotic|61/100 par
|move|p2a: Snorlax|Return|p1a: Milotic
|-damage|p1a: Milotic|12/100 par
|
|-weather|Sandstorm|[upkeep]
|-damage|p1a: Milotic|6/100 par|[from] Sandstorm
|-damage|p2a: Snorlax|67/100|[from] Sandstorm
|-heal|p1a: Milotic|12/100 par|[from] item: Leftovers
|-heal|p2a: Snorlax|73/100|[from] item: Leftovers
|upkeep
|turn|56
|
|t:|1729035582
|move|p1a: Milotic|Recover|p1a: Milotic
|-heal|p1a: Milotic|62/100 par
|move|p2a: Snorlax|Curse|p2a: Snorlax
|-unboost|p2a: Snorlax|spe|1
|-boost|p2a: Snorlax|atk|1
|-boost|p2a: Snorlax|def|1
|
|-weather|Sandstorm|[upkeep]
|-damage|p1a: Milotic|56/100 par|[from] Sandstorm
|-damage|p2a: Snorlax|67/100|[from] Sandstorm
|-heal|p1a: Milotic|62/100 par|[from] item: Leftovers
|-heal|p2a: Snorlax|73/100|[from] item: Leftovers
|upkeep
|turn|57
|
|t:|1729035592
|move|p1a: Milotic|Recover|p1a: Milotic
|-heal|p1a: Milotic|100/100 par
|move|p2a: Snorlax|Return|p1a: Milotic
|-damage|p1a: Milotic|40/100 par
|
|-weather|Sandstorm|[upkeep]
|-damage|p1a: Milotic|34/100 par|[from] Sandstorm
|-damage|p2a: Snorlax|67/100|[from] Sandstorm
|-heal|p1a: Milotic|40/100 par|[from] item: Leftovers
|-heal|p2a: Snorlax|73/100|[from] item: Leftovers
|upkeep
|turn|58
|
|t:|1729035605
|move|p1a: Milotic|Recover|p1a: Milotic
|-heal|p1a: Milotic|90/100 par
|move|p2a: Snorlax|Return|p1a: Milotic
|-damage|p1a: Milotic|27/100 par
|
|-weather|Sandstorm|[upkeep]
|-damage|p1a: Milotic|21/100 par|[from] Sandstorm
|-damage|p2a: Snorlax|67/100|[from] Sandstorm
|-heal|p1a: Milotic|27/100 par|[from] item: Leftovers
|-heal|p2a: Snorlax|73/100|[from] item: Leftovers
|upkeep
|turn|59
|
|t:|1729035617
|move|p1a: Milotic|Surf|p2a: Snorlax
|-damage|p2a: Snorlax|57/100
|move|p2a: Snorlax|Return|p1a: Milotic
|-damage|p1a: Milotic|0 fnt
|faint|p1a: Milotic
|
|win|squeenr
|c|☆squeenr|gg wp
|c|☆lucyisafish|gg
|player|p1|

</script>
<script type="application/json" class="data" id="replaydata-smogtours-gen3ou-799071">
{"id":"smogtours-gen3ou-799071","format":"[Gen 3] OU","players":["lucyisafish","squeenr"],"uploadtime":1729035617,"views":92,"formatid":"gen3ou","rating":null,"private":0,"password":null}
</script>

<script defer src="js/replays.js?9d40a366"></script>
