<!DOCTYPE html>
<meta charset="utf-8" />
<meta name="viewport" content="width=device-width" />

<title>[Gen 3] OU: when the 2) vs. Vangaio - Replays - Pok&eacute;mon Showdown!</title>

<meta name="description" content="Watch a replay of a Pok&eacute;mon battle between when the 2) and Vangaio! Format: [Gen 3] OU; Date: Oct 15, 2024" />
<!--

Hey, you! Looking in the source for the replay log?

You can find them in JSON format, just add `.json` at the end of a replay URL.

https://replay.pokemonshowdown.com/gen7randomdoublesbattle-865046831.json

Or, if you only need the log itself, add `.log` instead:

https://replay.pokemonshowdown.com/gen7randomdoublesbattle-865046831.log

-->

<link rel="stylesheet" href="//pokemonshowdown.com/style/global.css?0.767286132409787" />
<link rel="stylesheet" href="//play.pokemonshowdown.com/style/font-awesome.css?0.9266228007934947" />
<link rel="stylesheet" href="//play.pokemonshowdown.com/style/battle.css?0.7924700842790926" />
<link rel="stylesheet" href="//play.pokemonshowdown.com/style/utilichart.css?0.8777417872839479" />

<!-- Global site tag (gtag.js) - Google Analytics -->
<script async src="https://www.googletagmanager.com/gtag/js?id=UA-26211653-1"></script>
<script>
  window.dataLayer = window.dataLayer || [];
  function gtag(){dataLayer.push(arguments);}
  gtag('js', new Date());

  gtag('config', 'UA-26211653-1');
</script>
<!-- End Google Analytics -->
<!-- Venatus Ad Manager - Install in <HEAD> of page -->
	<script src="https://hb.vntsm.com/v3/live/ad-manager.min.js" type="text/javascript" data-site-id="642aba63ec9a7b11c3c9c1be" data-mode="scan" async></script>
<!-- / Venatus Ad Manager -->

<style>
	@media (max-width:820px) {
		.battle {
			margin: 0 auto;
		}
		.battle-log {
			margin: 7px auto 0;
			max-width: 640px;
			height: 300px;
			position: static;
		}
	}
	.optgroup {
		display: inline-block;
		line-height: 22px;
		font-size: 10pt;
	}
	.optgroup .button {
		height: 25px;
		padding-top: 0;
		padding-bottom: 0;
	}
	.optgroup button.button {
		padding-left: 12px;
		padding-right: 12px;
	}
	.linklist {
		list-style: none;
		margin: 0.5em 0;
		padding: 0;
	}
	.linklist li {
		padding: 2px 0;
	}
	.sidebar {
		float: left;
		width: 320px;
	}
	.bar-wrapper {
		max-width: 1100px;
		margin: 0 auto;
	}
	.bar-wrapper.has-sidebar {
		max-width: 1430px;
	}
	.mainbar {
		margin: 0;
		padding-right: 1px;
	}
	.mainbar.has-sidebar {
		margin-left: 330px;
	}
	@media (min-width: 1511px) {
		.sidebar {
			width: 400px;
		}
		.bar-wrapper.has-sidebar {
			max-width: 1510px;
		}
		.mainbar.has-sidebar {
			margin-left: 410px;
		}
	}
	.section.first-section {
		margin-top: 9px;
	}
	.blocklink small {
		white-space: normal;
	}
	.button {
		vertical-align: middle;
	}
	.replay-controls {
		padding-top: 10px;
	}
	.replay-controls h1 {
		font-size: 16pt;
		font-weight: normal;
		color: #CCC;
	}
	.pagelink {
		text-align: center;
	}
	.pagelink a {
		width: 150px;
	}
	.textbox, .button {
		font-size: 11pt;
		vertical-align: middle;
	}
	@media (max-width: 450px) {
		.button {
			font-size: 9pt;
		}
	}
</style>

<div>

	<header>
		<div class="nav-wrapper"><ul class="nav">
			<li><a class="button nav-first" href="//pokemonshowdown.com/"><img src="//pokemonshowdown.com/images/pokemonshowdownbeta.png" srcset="//pokemonshowdown.com/images/pokemonshowdownbeta.png 1x, //pokemonshowdown.com/images/pokemonshowdownbeta@2x.png 2x" alt="Pok&eacute;mon Showdown" width="146" height="44" /> Home</a></li>
			<li><a class="button" href="//pokemonshowdown.com/dex/">Pok&eacute;dex</a></li>
			<li><a class="button cur" href="/">Replays</a></li>
			<li><a class="button" href="//pokemonshowdown.com/ladder/">Ladder</a></li>
			<li><a class="button nav-last" href="//pokemonshowdown.com/forums/">Forum</a></li>
			<li><a class="button greenbutton nav-first nav-last" href="//play.pokemonshowdown.com/">Play</a></li>
		</ul></div>
	</header>

	<div class="main" id="main">

		<noscript><section class="section">You need to enable JavaScript to use this page; sorry!</section></noscript>

	</div>

</div>

<script defer nomodule src="//play.pokemonshowdown.com/js/lib/ps-polyfill.js"></script>
<script defer src="//play.pokemonshowdown.com/js/lib/preact.min.js"></script>

<script defer src="//play.pokemonshowdown.com/config/config.js?6dec07f6"></script>
<script defer src="//play.pokemonshowdown.com/js/lib/jquery-1.11.0.min.js"></script>
<script defer src="//play.pokemonshowdown.com/js/lib/html-sanitizer-minified.js"></script>
<script defer src="//play.pokemonshowdown.com/js/battle-sound.js"></script>
<script defer src="//play.pokemonshowdown.com/js/battledata.js?0.6315294753075389"></script>
<script defer src="//play.pokemonshowdown.com/data/pokedex-mini.js?0.7603743185311358"></script>
<script defer src="//play.pokemonshowdown.com/data/pokedex-mini-bw.js?0.030888842834281283"></script>
<script defer src="//play.pokemonshowdown.com/data/graphics.js?0.05593094747507488"></script>
<script defer src="//play.pokemonshowdown.com/data/pokedex.js?0.47064822249611904"></script>
<script defer src="//play.pokemonshowdown.com/data/moves.js?0.8583693120512459"></script>
<script defer src="//play.pokemonshowdown.com/data/abilities.js?0.16017181182386842"></script>
<script defer src="//play.pokemonshowdown.com/data/items.js?0.4163379185673943"></script>
<script defer src="//play.pokemonshowdown.com/data/teambuilder-tables.js?0.31075597372830477"></script>
<script defer src="//play.pokemonshowdown.com/js/battle-tooltips.js?0.6536193500708172"></script>
<script defer src="//play.pokemonshowdown.com/js/battle.js?0.1916591943277901"></script>

<script defer src="js/utils.js?e31f9a17"></script>
<script defer src="js/replays-battle.js?7008c182"></script>

<!-- don't scrape this data! just add .json or .log after the URL!
Full API docs: https://github.com/smogon/pokemon-showdown-client/blob/master/WEB-API.md -->
<script type="text/plain" class="log" id="replaylog-smogtours-gen3ou-799001">
|inactive|Battle timer is ON: inactive players will automatically lose when time's up.
|t:|1729022949
|gametype|singles
|player|p1|when the 2)|102|
|player|p2|Vangaio|depotagent|
|teamsize|p1|6
|teamsize|p2|6
|gen|3
|tier|[Gen 3] OU
|rule|Sleep Clause Mod: Limit one foe put to sleep
|rule|Switch Priority Clause Mod: Faster Pokémon switch first
|rule|Species Clause: Limit one of each Pokémon
|rule|OHKO Clause: OHKO moves are banned
|rule|Evasion Items Clause: Evasion items are banned
|rule|Evasion Moves Clause: Evasion moves are banned
|rule|Endless Battle Clause: Forcing endless battles is banned
|rule|HP Percentage Mod: HP is shown in percentages
|rule|One Boost Passer Clause: Limit one Baton Passer that has a way to boost its stats
|rule|Freeze Clause Mod: Limit one foe frozen
|
|t:|1729022949
|start
|switch|p1a: Jolteon|Jolteon, M, shiny|100/100
|switch|p2a: Smeargle|Smeargle, F|100/100
|turn|1
|c|☆Vangaio|glhf
|
|t:|1729022970
|move|p1a: Jolteon|Thunderbolt|p2a: Smeargle
|-damage|p2a: Smeargle|24/100
|move|p2a: Smeargle|Spore|p1a: Jolteon
|-status|p1a: Jolteon|slp|[from] move: Spore
|
|-enditem|p2a: Smeargle|Salac Berry|[eat]
|-boost|p2a: Smeargle|spe|1|[from] item: Salac Berry
|upkeep
|turn|2
|c|☆when the 2)|glhf
|
|t:|1729022981
|switch|p1a: Swampert|Swampert, F|100/100
|move|p2a: Smeargle|Spikes|p1a: Swampert
|-sidestart|p1: when the 2)|Spikes
|
|upkeep
|turn|3
|
|t:|1729022986
|move|p2a: Smeargle|Spikes|p1a: Swampert
|-sidestart|p1: when the 2)|Spikes
|move|p1a: Swampert|Roar|p2a: Smeargle
|drag|p2a: Gengar|Gengar, F|100/100
|
|upkeep
|turn|4
|
|t:|1729022993
|move|p1a: Swampert|Protect|p1a: Swampert
|-singleturn|p1a: Swampert|Protect
|move|p2a: Gengar|Giga Drain|p1a: Swampert
|-activate|p1a: Swampert|Protect
|
|upkeep
|turn|5
|
|t:|1729023001
|-singleturn|p2a: Gengar|move: Focus Punch
|switch|p1a: Blissey|Blissey, F|100/100
|-damage|p1a: Blissey|84/100|[from] Spikes
|move|p2a: Gengar|Focus Punch|p1a: Blissey
|-supereffective|p1a: Blissey
|-damage|p1a: Blissey|21/100
|
|-heal|p1a: Blissey|27/100|[from] item: Leftovers
|upkeep
|turn|6
|
|t:|1729023021
|-singleturn|p2a: Gengar|move: Focus Punch
|switch|p1a: Gengar|Gengar, M|100/100
|move|p2a: Gengar|Focus Punch|p1a: Gengar
|-immune|p1a: Gengar
|
|upkeep
|turn|7
|inactive|Vangaio has 270 seconds left.
|
|t:|1729023055
|switch|p2a: Glalie|Glalie, F|100/100
|move|p1a: Gengar|Will-O-Wisp|p2a: Glalie|[miss]
|-miss|p1a: Gengar|p2a: Glalie
|
|upkeep
|turn|8
|
|t:|1729023072
|switch|p1a: Cloyster|Cloyster, M, shiny|100/100
|-damage|p1a: Cloyster|84/100|[from] Spikes
|move|p2a: Glalie|Spikes|p1a: Cloyster
|-sidestart|p1: when the 2)|Spikes
|
|-heal|p1a: Cloyster|90/100|[from] item: Leftovers
|upkeep
|turn|9
|
|t:|1729023082
|switch|p2a: Gengar|Gengar, F|100/100
|switch|p1a: Gengar|Gengar, M|100/100
|
|upkeep
|turn|10
|
|t:|1729023100
|switch|p2a: Glalie|Glalie, F|100/100
|move|p1a: Gengar|Thunderbolt|p2a: Glalie
|-damage|p2a: Glalie|77/100
|
|-heal|p2a: Glalie|83/100|[from] item: Leftovers
|upkeep
|turn|11
|
|t:|1729023107
|move|p1a: Gengar|Will-O-Wisp|p2a: Glalie
|-status|p2a: Glalie|brn
|move|p2a: Glalie|Ice Beam|p1a: Gengar
|-damage|p1a: Gengar|70/100
|
|-heal|p1a: Gengar|77/100|[from] item: Leftovers
|-heal|p2a: Glalie|89/100 brn|[from] item: Leftovers
|-damage|p2a: Glalie|76/100 brn|[from] brn
|upkeep
|turn|12
|
|t:|1729023116
|switch|p1a: Cloyster|Cloyster, M, shiny|90/100
|-damage|p1a: Cloyster|65/100|[from] Spikes
|switch|p2a: Gengar|Gengar, F|100/100
|
|-heal|p1a: Cloyster|72/100|[from] item: Leftovers
|upkeep
|turn|13
|
|t:|1729023122
|switch|p1a: Jolteon|Jolteon, M, shiny|100/100 slp
|-damage|p1a: Jolteon|76/100 slp|[from] Spikes
|move|p2a: Gengar|Thunderbolt|p1a: Jolteon
|-heal|p1a: Jolteon|100/100 slp|[from] ability: Volt Absorb|[of] p2a: Gengar
|
|upkeep
|turn|14
|
|t:|1729023131
|switch|p2a: Swampert|Swampert, M|100/100
|cant|p1a: Jolteon|slp
|
|upkeep
|turn|15
|inactive|when the 2) has 270 seconds left.
|
|t:|1729023181
|switch|p1a: Gengar|Gengar, M|77/100
|move|p2a: Swampert|Earthquake|p1a: Gengar
|-immune|p1a: Gengar
|
|-heal|p1a: Gengar|83/100|[from] item: Leftovers
|upkeep
|turn|16
|
|t:|1729023198
|switch|p1a: Cloyster|Cloyster, M, shiny|72/100
|-damage|p1a: Cloyster|47/100|[from] Spikes
|move|p2a: Swampert|Hydro Pump|p1a: Cloyster
|-resisted|p1a: Cloyster
|-damage|p1a: Cloyster|4/100
|
|-heal|p1a: Cloyster|11/100|[from] item: Leftovers
|upkeep
|turn|17
|inactive|Vangaio has 270 seconds left.
|
|t:|1729023229
|switch|p2a: Gengar|Gengar, F|100/100
|move|p1a: Cloyster|Spikes|p2a: Gengar
|-sidestart|p2: Vangaio|Spikes
|
|-heal|p1a: Cloyster|17/100|[from] item: Leftovers
|upkeep
|turn|18
|
|t:|1729023240
|move|p2a: Gengar|Thunderbolt|p1a: Cloyster
|-supereffective|p1a: Cloyster
|-damage|p1a: Cloyster|0 fnt
|faint|p1a: Cloyster
|
|t:|1729023242
|switch|p1a: Jolteon|Jolteon, M, shiny|100/100 slp
|-damage|p1a: Jolteon|76/100 slp|[from] Spikes
|
|-heal|p1a: Jolteon|82/100 slp|[from] item: Leftovers
|upkeep
|turn|19
|inactive|Vangaio has 270 seconds left.
|
|t:|1729023265
|switch|p2a: Swampert|Swampert, M|100/100
|-damage|p2a: Swampert|88/100|[from] Spikes
|cant|p1a: Jolteon|slp
|
|-heal|p1a: Jolteon|88/100 slp|[from] item: Leftovers
|-heal|p2a: Swampert|94/100|[from] item: Leftovers
|upkeep
|turn|20
|inactive|when the 2) has 240 seconds left.
|
|t:|1729023285
|switch|p1a: Gengar|Gengar, M|83/100
|move|p2a: Swampert|Hydro Pump|p1a: Gengar
|-damage|p1a: Gengar|30/100
|
|-heal|p1a: Gengar|36/100|[from] item: Leftovers
|-heal|p2a: Swampert|100/100|[from] item: Leftovers
|upkeep
|turn|21
|
|t:|1729023293
|move|p1a: Gengar|Will-O-Wisp|p2a: Swampert
|-status|p2a: Swampert|brn
|move|p2a: Swampert|Hydro Pump|p1a: Gengar
|-damage|p1a: Gengar|0 fnt
|faint|p1a: Gengar
|
|t:|1729023302
|switch|p1a: Swampert|Swampert, F|100/100
|-damage|p1a: Swampert|76/100|[from] Spikes
|
|-damage|p2a: Swampert|88/100 brn|[from] brn
|-heal|p1a: Swampert|82/100|[from] item: Leftovers
|upkeep
|turn|22
|
|t:|1729023314
|move|p2a: Swampert|Hydro Pump|p1a: Swampert
|-damage|p1a: Swampert|37/100
|move|p1a: Swampert|Roar|p2a: Swampert
|drag|p2a: Glalie|Glalie, F|76/100 brn
|-damage|p2a: Glalie|64/100 brn|[from] Spikes
|
|-heal|p2a: Glalie|70/100 brn|[from] item: Leftovers
|-damage|p2a: Glalie|58/100 brn|[from] brn
|-heal|p1a: Swampert|44/100|[from] item: Leftovers
|upkeep
|turn|23
|
|t:|1729023323
|move|p1a: Swampert|Protect|p1a: Swampert
|-singleturn|p1a: Swampert|Protect
|move|p2a: Glalie|Ice Beam|p1a: Swampert
|-activate|p1a: Swampert|Protect
|
|-heal|p2a: Glalie|64/100 brn|[from] item: Leftovers
|-damage|p2a: Glalie|51/100 brn|[from] brn
|-heal|p1a: Swampert|50/100|[from] item: Leftovers
|upkeep
|turn|24
|
|t:|1729023335
|switch|p1a: Blissey|Blissey, F|27/100
|-damage|p1a: Blissey|2/100|[from] Spikes
|move|p2a: Glalie|Ice Beam|p1a: Blissey
|-damage|p1a: Blissey|0 fnt
|faint|p1a: Blissey
|
|t:|1729023350
|switch|p1a: Jolteon|Jolteon, M, shiny|88/100 slp
|-damage|p1a: Jolteon|63/100 slp|[from] Spikes
|
|-heal|p1a: Jolteon|69/100 slp|[from] item: Leftovers
|-heal|p2a: Glalie|57/100 brn|[from] item: Leftovers
|-damage|p2a: Glalie|45/100 brn|[from] brn
|upkeep
|turn|25
|
|t:|1729023375
|cant|p1a: Jolteon|slp
|move|p2a: Glalie|Ice Beam|p1a: Jolteon
|-damage|p1a: Jolteon|33/100 slp
|
|-heal|p1a: Jolteon|39/100 slp|[from] item: Leftovers
|-heal|p2a: Glalie|51/100 brn|[from] item: Leftovers
|-damage|p2a: Glalie|39/100 brn|[from] brn
|upkeep
|turn|26
|
|t:|1729023380
|-curestatus|p1a: Jolteon|slp|[msg]
|move|p1a: Jolteon|Thunderbolt|p2a: Glalie
|-damage|p2a: Glalie|0 fnt
|faint|p2a: Glalie
|
|t:|1729023399
|switch|p2a: Swampert|Swampert, M|88/100 brn
|-damage|p2a: Swampert|76/100 brn|[from] Spikes
|
|-heal|p1a: Jolteon|45/100|[from] item: Leftovers
|-heal|p2a: Swampert|82/100 brn|[from] item: Leftovers
|-damage|p2a: Swampert|70/100 brn|[from] brn
|upkeep
|turn|27
|
|t:|1729023401
|move|p1a: Jolteon|Hidden Power|p2a: Swampert
|-supereffective|p2a: Swampert
|-damage|p2a: Swampert|0 fnt
|faint|p2a: Swampert
|
|t:|1729023413
|switch|p2a: Tyranitar|Tyranitar, F|100/100
|-damage|p2a: Tyranitar|88/100|[from] Spikes
|-weather|Sandstorm|[from] ability: Sand Stream|[of] p2a: Tyranitar
|
|-weather|Sandstorm|[upkeep]
|-damage|p1a: Jolteon|39/100|[from] Sandstorm
|-heal|p1a: Jolteon|45/100|[from] item: Leftovers
|upkeep
|turn|28
|inactive|when the 2) has 270 seconds left.
|
|t:|1729023423
|move|p1a: Jolteon|Thunderbolt|p2a: Tyranitar
|-damage|p2a: Tyranitar|44/100
|move|p2a: Tyranitar|Earthquake|p1a: Jolteon
|-supereffective|p1a: Jolteon
|-damage|p1a: Jolteon|0 fnt
|faint|p1a: Jolteon
|inactive|when the 2) has 270 seconds left.
|
|t:|1729023434
|switch|p1a: Swampert|Swampert, F|50/100
|-damage|p1a: Swampert|25/100|[from] Spikes
|
|-weather|Sandstorm|[upkeep]
|-heal|p1a: Swampert|31/100|[from] item: Leftovers
|upkeep
|turn|29
|inactive|when the 2) has 270 seconds left.
|
|t:|1729023444
|switch|p2a: Gengar|Gengar, F|100/100
|move|p1a: Swampert|Surf|p2a: Gengar
|-damage|p2a: Gengar|23/100
|
|-weather|Sandstorm|[upkeep]
|-damage|p2a: Gengar|17/100|[from] Sandstorm
|-heal|p2a: Gengar|23/100|[from] item: Leftovers
|-heal|p1a: Swampert|37/100|[from] item: Leftovers
|upkeep
|turn|30
|
|t:|1729023453
|move|p1a: Swampert|Protect|p1a: Swampert
|-singleturn|p1a: Swampert|Protect
|move|p2a: Gengar|Giga Drain|p1a: Swampert
|-activate|p1a: Swampert|Protect
|
|-weather|Sandstorm|[upkeep]
|-damage|p2a: Gengar|17/100|[from] Sandstorm
|-heal|p2a: Gengar|23/100|[from] item: Leftovers
|-heal|p1a: Swampert|44/100|[from] item: Leftovers
|upkeep
|turn|31
|
|t:|1729023461
|switch|p1a: Metagross|Metagross|100/100
|-damage|p1a: Metagross|75/100|[from] Spikes
|move|p2a: Gengar|Giga Drain|p1a: Metagross
|-resisted|p1a: Metagross
|-damage|p1a: Metagross|66/100
|-heal|p2a: Gengar|30/100|[from] drain|[of] p1a: Metagross
|
|-weather|Sandstorm|[upkeep]
|-damage|p2a: Gengar|24/100|[from] Sandstorm
|-heal|p2a: Gengar|30/100|[from] item: Leftovers
|upkeep
|turn|32
|inactive|when the 2) has 270 seconds left.
|
|t:|1729023483
|move|p2a: Gengar|Thunderbolt|p1a: Metagross
|-damage|p1a: Metagross|34/100
|-status|p1a: Metagross|par
|move|p1a: Metagross|Meteor Mash|p2a: Gengar|[miss]
|-miss|p1a: Metagross|p2a: Gengar
|
|-weather|Sandstorm|[upkeep]
|-damage|p2a: Gengar|24/100|[from] Sandstorm
|-heal|p2a: Gengar|30/100|[from] item: Leftovers
|upkeep
|turn|33
|
|t:|1729023490
|move|p2a: Gengar|Thunderbolt|p1a: Metagross
|-crit|p1a: Metagross
|-damage|p1a: Metagross|0 fnt
|faint|p1a: Metagross
|
|t:|1729023492
|switch|p1a: Swampert|Swampert, F|44/100
|-damage|p1a: Swampert|19/100|[from] Spikes
|
|-weather|Sandstorm|[upkeep]
|-damage|p2a: Gengar|24/100|[from] Sandstorm
|-heal|p2a: Gengar|30/100|[from] item: Leftovers
|-heal|p1a: Swampert|25/100|[from] item: Leftovers
|upkeep
|turn|34
|
|t:|1729023495
|move|p2a: Gengar|Giga Drain|p1a: Swampert
|-supereffective|p1a: Swampert
|-damage|p1a: Swampert|0 fnt
|-heal|p2a: Gengar|49/100|[from] drain|[of] p1a: Swampert
|faint|p1a: Swampert
|
|win|Vangaio
|c|☆Vangaio|ggs
|player|p1|

</script>
<script type="application/json" class="data" id="replaydata-smogtours-gen3ou-799001">
{"id":"smogtours-gen3ou-799001","format":"[Gen 3] OU","players":["when the 2)","Vangaio"],"uploadtime":1729023495,"views":91,"formatid":"gen3ou","rating":null,"private":0,"password":null}
</script>

<script defer src="js/replays.js?9d40a366"></script>
