<!DOCTYPE html>
<meta charset="utf-8" />
<meta name="viewport" content="width=device-width" />

<title>[Gen 3] OU: butter dk vs. PinjarraPanther - Replays - Pok&eacute;mon Showdown!</title>

<meta name="description" content="Watch a replay of a Pok&eacute;mon battle between butter dk and PinjarraPanther! Format: [Gen 3] OU; Date: Oct 4, 2024" />
<!--

Hey, you! Looking in the source for the replay log?

You can find them in JSON format, just add `.json` at the end of a replay URL.

https://replay.pokemonshowdown.com/gen7randomdoublesbattle-865046831.json

Or, if you only need the log itself, add `.log` instead:

https://replay.pokemonshowdown.com/gen7randomdoublesbattle-865046831.log

-->

<link rel="stylesheet" href="//pokemonshowdown.com/style/global.css?0.023195364461161105" />
<link rel="stylesheet" href="//play.pokemonshowdown.com/style/font-awesome.css?0.13261647063804238" />
<link rel="stylesheet" href="//play.pokemonshowdown.com/style/battle.css?0.8753245789963631" />
<link rel="stylesheet" href="//play.pokemonshowdown.com/style/utilichart.css?0.8627959624976733" />

<!-- Global site tag (gtag.js) - Google Analytics -->
<script async src="https://www.googletagmanager.com/gtag/js?id=UA-26211653-1"></script>
<script>
  window.dataLayer = window.dataLayer || [];
  function gtag(){dataLayer.push(arguments);}
  gtag('js', new Date());

  gtag('config', 'UA-26211653-1');
</script>
<!-- End Google Analytics -->
<!-- Venatus Ad Manager - Install in <HEAD> of page -->
	<script src="https://hb.vntsm.com/v3/live/ad-manager.min.js" type="text/javascript" data-site-id="642aba63ec9a7b11c3c9c1be" data-mode="scan" async></script>
<!-- / Venatus Ad Manager -->

<style>
	@media (max-width:820px) {
		.battle {
			margin: 0 auto;
		}
		.battle-log {
			margin: 7px auto 0;
			max-width: 640px;
			height: 300px;
			position: static;
		}
	}
	.optgroup {
		display: inline-block;
		line-height: 22px;
		font-size: 10pt;
	}
	.optgroup .button {
		height: 25px;
		padding-top: 0;
		padding-bottom: 0;
	}
	.optgroup button.button {
		padding-left: 12px;
		padding-right: 12px;
	}
	.linklist {
		list-style: none;
		margin: 0.5em 0;
		padding: 0;
	}
	.linklist li {
		padding: 2px 0;
	}
	.sidebar {
		float: left;
		width: 320px;
	}
	.bar-wrapper {
		max-width: 1100px;
		margin: 0 auto;
	}
	.bar-wrapper.has-sidebar {
		max-width: 1430px;
	}
	.mainbar {
		margin: 0;
		padding-right: 1px;
	}
	.mainbar.has-sidebar {
		margin-left: 330px;
	}
	@media (min-width: 1511px) {
		.sidebar {
			width: 400px;
		}
		.bar-wrapper.has-sidebar {
			max-width: 1510px;
		}
		.mainbar.has-sidebar {
			margin-left: 410px;
		}
	}
	.section.first-section {
		margin-top: 9px;
	}
	.blocklink small {
		white-space: normal;
	}
	.button {
		vertical-align: middle;
	}
	.replay-controls {
		padding-top: 10px;
	}
	.replay-controls h1 {
		font-size: 16pt;
		font-weight: normal;
		color: #CCC;
	}
	.pagelink {
		text-align: center;
	}
	.pagelink a {
		width: 150px;
	}
	.textbox, .button {
		font-size: 11pt;
		vertical-align: middle;
	}
	@media (max-width: 450px) {
		.button {
			font-size: 9pt;
		}
	}
</style>

<div>

	<header>
		<div class="nav-wrapper"><ul class="nav">
			<li><a class="button nav-first" href="//pokemonshowdown.com/"><img src="//pokemonshowdown.com/images/pokemonshowdownbeta.png" srcset="//pokemonshowdown.com/images/pokemonshowdownbeta.png 1x, //pokemonshowdown.com/images/pokemonshowdownbeta@2x.png 2x" alt="Pok&eacute;mon Showdown" width="146" height="44" /> Home</a></li>
			<li><a class="button" href="//pokemonshowdown.com/dex/">Pok&eacute;dex</a></li>
			<li><a class="button cur" href="/">Replays</a></li>
			<li><a class="button" href="//pokemonshowdown.com/ladder/">Ladder</a></li>
			<li><a class="button nav-last" href="//pokemonshowdown.com/forums/">Forum</a></li>
			<li><a class="button greenbutton nav-first nav-last" href="//play.pokemonshowdown.com/">Play</a></li>
		</ul></div>
	</header>

	<div class="main" id="main">

		<noscript><section class="section">You need to enable JavaScript to use this page; sorry!</section></noscript>

	</div>

</div>

<script defer nomodule src="//play.pokemonshowdown.com/js/lib/ps-polyfill.js"></script>
<script defer src="//play.pokemonshowdown.com/js/lib/preact.min.js"></script>

<script defer src="//play.pokemonshowdown.com/config/config.js?2bddbc15"></script>
<script defer src="//play.pokemonshowdown.com/js/lib/jquery-1.11.0.min.js"></script>
<script defer src="//play.pokemonshowdown.com/js/lib/html-sanitizer-minified.js"></script>
<script defer src="//play.pokemonshowdown.com/js/battle-sound.js"></script>
<script defer src="//play.pokemonshowdown.com/js/battledata.js?0.7209276989879541"></script>
<script defer src="//play.pokemonshowdown.com/data/pokedex-mini.js?0.6111056340867951"></script>
<script defer src="//play.pokemonshowdown.com/data/pokedex-mini-bw.js?0.3532142036491459"></script>
<script defer src="//play.pokemonshowdown.com/data/graphics.js?0.24223875632456182"></script>
<script defer src="//play.pokemonshowdown.com/data/pokedex.js?0.38839984266356864"></script>
<script defer src="//play.pokemonshowdown.com/data/moves.js?0.21866028504024015"></script>
<script defer src="//play.pokemonshowdown.com/data/abilities.js?0.2005157953846628"></script>
<script defer src="//play.pokemonshowdown.com/data/items.js?0.9894211263848525"></script>
<script defer src="//play.pokemonshowdown.com/data/teambuilder-tables.js?0.6008791140282215"></script>
<script defer src="//play.pokemonshowdown.com/js/battle-tooltips.js?0.7580118955022959"></script>
<script defer src="//play.pokemonshowdown.com/js/battle.js?0.6057722274234274"></script>

<script defer src="js/utils.js?e31f9a17"></script>
<script defer src="js/replays-battle.js?7008c182"></script>

<!-- don't scrape this data! just add .json or .log after the URL!
Full API docs: https://github.com/smogon/pokemon-showdown-client/blob/master/WEB-API.md -->
<script type="text/plain" class="log" id="replaylog-smogtours-gen3ou-794470">
|inactive|Battle timer is ON: inactive players will automatically lose when time's up.
|t:|1728006163
|gametype|singles
|player|p1|butter dk|proton|
|player|p2|PinjarraPanther|101|
|teamsize|p1|6
|teamsize|p2|6
|gen|3
|tier|[Gen 3] OU
|rule|Sleep Clause Mod: Limit one foe put to sleep
|rule|Switch Priority Clause Mod: Faster Pokémon switch first
|rule|Species Clause: Limit one of each Pokémon
|rule|OHKO Clause: OHKO moves are banned
|rule|Evasion Items Clause: Evasion items are banned
|rule|Evasion Moves Clause: Evasion moves are banned
|rule|Endless Battle Clause: Forcing endless battles is banned
|rule|HP Percentage Mod: HP is shown in percentages
|rule|One Boost Passer Clause: Limit one Baton Passer that has a way to boost its stats
|rule|Freeze Clause Mod: Limit one foe frozen
|
|t:|1728006163
|start
|switch|p1a: Tyranitar|Tyranitar, F|100/100
|switch|p2a: Hariyama|Hariyama, M, shiny|100/100
|-weather|Sandstorm|[from] ability: Sand Stream|[of] p1a: Tyranitar
|turn|1
|
|t:|1728006171
|switch|p1a: Skarmory|Skarmory, F|100/100
|move|p2a: Hariyama|Knock Off|p1a: Skarmory
|-resisted|p1a: Skarmory
|-damage|p1a: Skarmory|99/100
|-enditem|p1a: Skarmory|Leftovers|[from] move: Knock Off|[of] p2a: Hariyama
|-hint|In Gens 3-4, Knock Off only makes the target's item unusable; it cannot obtain a new item.
|
|-weather|Sandstorm|[upkeep]
|-damage|p2a: Hariyama|94/100|[from] Sandstorm
|-heal|p2a: Hariyama|100/100|[from] item: Leftovers
|upkeep
|turn|2
|
|t:|1728006175
|switch|p2a: Forretress|Forretress, F, shiny|100/100
|move|p1a: Skarmory|Toxic|p2a: Forretress
|-immune|p2a: Forretress
|
|-weather|Sandstorm|[upkeep]
|upkeep
|turn|3
|
|t:|1728006187
|switch|p1a: Charizard|Charizard, F|100/100
|move|p2a: Forretress|Earthquake|p1a: Charizard
|-immune|p1a: Charizard
|
|-weather|Sandstorm|[upkeep]
|-damage|p1a: Charizard|94/100|[from] Sandstorm
|-heal|p1a: Charizard|100/100|[from] item: Leftovers
|upkeep
|turn|4
|
|t:|1728006193
|switch|p2a: Blissey|Blissey, F|100/100
|move|p1a: Charizard|Substitute|p1a: Charizard
|-start|p1a: Charizard|Substitute
|-damage|p1a: Charizard|76/100
|
|-weather|Sandstorm|[upkeep]
|-damage|p1a: Charizard|70/100|[from] Sandstorm
|-damage|p2a: Blissey|94/100|[from] Sandstorm
|-heal|p1a: Charizard|76/100|[from] item: Leftovers
|-heal|p2a: Blissey|100/100|[from] item: Leftovers
|upkeep
|turn|5
|
|t:|1728006205
|-singleturn|p1a: Charizard|move: Focus Punch
|move|p2a: Blissey|Thunderbolt|p1a: Charizard
|-supereffective|p1a: Charizard
|-end|p1a: Charizard|Substitute
|move|p1a: Charizard|Focus Punch|p2a: Blissey
|-supereffective|p2a: Blissey
|-damage|p2a: Blissey|42/100
|
|-weather|Sandstorm|[upkeep]
|-damage|p1a: Charizard|70/100|[from] Sandstorm
|-damage|p2a: Blissey|36/100|[from] Sandstorm
|-heal|p1a: Charizard|76/100|[from] item: Leftovers
|-heal|p2a: Blissey|42/100|[from] item: Leftovers
|upkeep
|turn|6
|
|t:|1728006224
|switch|p1a: Tyranitar|Tyranitar, F|100/100
|switch|p2a: Salamence|Salamence, F|100/100
|-ability|p2a: Salamence|Intimidate|boost
|-unboost|p1a: Tyranitar|atk|1
|
|-weather|Sandstorm|[upkeep]
|-damage|p2a: Salamence|94/100|[from] Sandstorm
|-heal|p2a: Salamence|100/100|[from] item: Leftovers
|upkeep
|turn|7
|
|t:|1728006246
|switch|p2a: Forretress|Forretress, F, shiny|100/100
|move|p1a: Tyranitar|Rock Slide|p2a: Forretress
|-damage|p2a: Forretress|81/100
|
|-weather|Sandstorm|[upkeep]
|-heal|p2a: Forretress|88/100|[from] item: Leftovers
|upkeep
|turn|8
|inactive|butter dk has 270 seconds left.
|
|t:|1728006274
|switch|p1a: Skarmory|Skarmory, F|99/100
|move|p2a: Forretress|Spikes|p1a: Skarmory
|-sidestart|p1: butter dk|Spikes
|
|-weather|Sandstorm|[upkeep]
|-heal|p2a: Forretress|94/100|[from] item: Leftovers
|upkeep
|turn|9
|inactive|butter dk has 270 seconds left.
|
|t:|1728006286
|move|p1a: Skarmory|Spikes|p2a: Forretress
|-sidestart|p2: PinjarraPanther|Spikes
|move|p2a: Forretress|Zap Cannon|p1a: Skarmory|[miss]
|-miss|p2a: Forretress|p1a: Skarmory
|
|-weather|Sandstorm|[upkeep]
|-heal|p2a: Forretress|99/100|[from] item: Leftovers
|upkeep
|turn|10
|inactive|butter dk has 270 seconds left.
|
|t:|1728006306
|move|p1a: Skarmory|Protect|p1a: Skarmory
|-singleturn|p1a: Skarmory|Protect
|move|p2a: Forretress|Zap Cannon|p1a: Skarmory
|-activate|p1a: Skarmory|Protect
|
|-weather|Sandstorm|[upkeep]
|-heal|p2a: Forretress|100/100|[from] item: Leftovers
|upkeep
|turn|11
|
|t:|1728006319
|move|p1a: Skarmory|Spikes|p2a: Forretress
|-sidestart|p2: PinjarraPanther|Spikes
|move|p2a: Forretress|Zap Cannon|p1a: Skarmory|[miss]
|-miss|p2a: Forretress|p1a: Skarmory
|
|-weather|Sandstorm|[upkeep]
|upkeep
|turn|12
|
|t:|1728006324
|move|p1a: Skarmory|Spikes|p2a: Forretress
|-sidestart|p2: PinjarraPanther|Spikes
|move|p2a: Forretress|Spikes|p1a: Skarmory
|-sidestart|p1: butter dk|Spikes
|
|-weather|Sandstorm|[upkeep]
|upkeep
|turn|13
|
|t:|1728006327
|move|p2a: Forretress|Rapid Spin|p1a: Skarmory
|-resisted|p1a: Skarmory
|-damage|p1a: Skarmory|98/100
|-sideend|p2: PinjarraPanther|Spikes|[from] move: Rapid Spin|[of] p2a: Forretress
|move|p1a: Skarmory|Roar|p2a: Forretress
|drag|p2a: Swampert|Swampert, M, shiny|100/100
|
|-weather|Sandstorm|[upkeep]
|upkeep
|turn|14
|
|t:|1728006336
|switch|p2a: Venusaur|Venusaur, M, shiny|100/100
|move|p1a: Skarmory|Toxic|p2a: Venusaur
|-immune|p2a: Venusaur
|
|-weather|Sandstorm|[upkeep]
|-damage|p2a: Venusaur|94/100|[from] Sandstorm
|-heal|p2a: Venusaur|100/100|[from] item: Leftovers
|upkeep
|turn|15
|
|t:|1728006340
|move|p2a: Venusaur|Sleep Powder|p1a: Skarmory
|-status|p1a: Skarmory|slp|[from] move: Sleep Powder
|cant|p1a: Skarmory|slp
|
|-weather|Sandstorm|[upkeep]
|-damage|p2a: Venusaur|94/100|[from] Sandstorm
|-heal|p2a: Venusaur|100/100|[from] item: Leftovers
|upkeep
|turn|16
|
|t:|1728006347
|move|p2a: Venusaur|Leech Seed|p1a: Skarmory
|-start|p1a: Skarmory|move: Leech Seed
|-curestatus|p1a: Skarmory|slp|[msg]
|move|p1a: Skarmory|Spikes|p2a: Venusaur
|-sidestart|p2: PinjarraPanther|Spikes
|
|-weather|Sandstorm|[upkeep]
|-damage|p2a: Venusaur|94/100|[from] Sandstorm
|-heal|p2a: Venusaur|100/100|[from] item: Leftovers
|-damage|p1a: Skarmory|86/100|[from] Leech Seed|[of] p2a: Venusaur
|upkeep
|turn|17
|
|t:|1728006354
|switch|p1a: Charizard|Charizard, F|76/100
|move|p2a: Venusaur|Sleep Powder|p1a: Charizard
|-status|p1a: Charizard|slp|[from] move: Sleep Powder
|
|-weather|Sandstorm|[upkeep]
|-damage|p1a: Charizard|70/100 slp|[from] Sandstorm
|-damage|p2a: Venusaur|94/100|[from] Sandstorm
|-heal|p1a: Charizard|76/100 slp|[from] item: Leftovers
|-heal|p2a: Venusaur|100/100|[from] item: Leftovers
|upkeep
|turn|18
|
|t:|1728006376
|switch|p1a: Skarmory|Skarmory, F|86/100
|switch|p2a: Salamence|Salamence, F|100/100
|-ability|p2a: Salamence|Intimidate|boost
|-unboost|p1a: Skarmory|atk|1
|
|-weather|Sandstorm|[upkeep]
|-damage|p2a: Salamence|94/100|[from] Sandstorm
|-heal|p2a: Salamence|100/100|[from] item: Leftovers
|upkeep
|turn|19
|
|t:|1728006381
|move|p2a: Salamence|Flamethrower|p1a: Skarmory
|-supereffective|p1a: Skarmory
|-damage|p1a: Skarmory|44/100
|move|p1a: Skarmory|Toxic|p2a: Salamence
|-status|p2a: Salamence|tox
|
|-weather|Sandstorm|[upkeep]
|-damage|p2a: Salamence|94/100 tox|[from] Sandstorm
|-heal|p2a: Salamence|100/100 tox|[from] item: Leftovers
|-damage|p2a: Salamence|94/100 tox|[from] psn
|upkeep
|turn|20
|
|t:|1728006388
|switch|p2a: Forretress|Forretress, F, shiny|100/100
|-damage|p2a: Forretress|88/100|[from] Spikes
|switch|p1a: Charizard|Charizard, F|76/100 slp
|
|-weather|Sandstorm|[upkeep]
|-damage|p1a: Charizard|70/100 slp|[from] Sandstorm
|-heal|p1a: Charizard|76/100 slp|[from] item: Leftovers
|-heal|p2a: Forretress|94/100|[from] item: Leftovers
|upkeep
|turn|21
|
|t:|1728006392
|cant|p1a: Charizard|slp
|move|p2a: Forretress|Zap Cannon|p1a: Charizard|[miss]
|-miss|p2a: Forretress|p1a: Charizard
|
|-weather|Sandstorm|[upkeep]
|-damage|p1a: Charizard|70/100 slp|[from] Sandstorm
|-heal|p1a: Charizard|76/100 slp|[from] item: Leftovers
|-heal|p2a: Forretress|100/100|[from] item: Leftovers
|upkeep
|turn|22
|
|t:|1728006401
|switch|p2a: Hariyama|Hariyama, M, shiny|100/100
|-damage|p2a: Hariyama|88/100|[from] Spikes
|cant|p1a: Charizard|slp
|
|-weather|Sandstorm|[upkeep]
|-damage|p1a: Charizard|70/100 slp|[from] Sandstorm
|-damage|p2a: Hariyama|82/100|[from] Sandstorm
|-heal|p1a: Charizard|76/100 slp|[from] item: Leftovers
|-heal|p2a: Hariyama|88/100|[from] item: Leftovers
|upkeep
|turn|23
|
|t:|1728006411
|switch|p1a: Skarmory|Skarmory, F|44/100
|move|p2a: Hariyama|Whirlwind|p1a: Skarmory
|drag|p1a: Charizard|Charizard, F|76/100 slp
|
|-weather|Sandstorm|[upkeep]
|-damage|p1a: Charizard|70/100 slp|[from] Sandstorm
|-damage|p2a: Hariyama|82/100|[from] Sandstorm
|-heal|p1a: Charizard|76/100 slp|[from] item: Leftovers
|-heal|p2a: Hariyama|88/100|[from] item: Leftovers
|upkeep
|turn|24
|
|t:|1728006421
|-singleturn|p1a: Charizard|move: Focus Punch
|cant|p1a: Charizard|slp
|move|p2a: Hariyama|Whirlwind|p1a: Charizard
|drag|p1a: Blissey|Blissey, F|100/100
|-damage|p1a: Blissey|84/100|[from] Spikes
|
|-weather|Sandstorm|[upkeep]
|-damage|p1a: Blissey|78/100|[from] Sandstorm
|-damage|p2a: Hariyama|82/100|[from] Sandstorm
|-heal|p1a: Blissey|84/100|[from] item: Leftovers
|-heal|p2a: Hariyama|88/100|[from] item: Leftovers
|upkeep
|turn|25
|
|t:|1728006439
|switch|p1a: Skarmory|Skarmory, F|44/100
|move|p2a: Hariyama|Cross Chop|p1a: Skarmory
|-damage|p1a: Skarmory|9/100
|
|-weather|Sandstorm|[upkeep]
|-damage|p2a: Hariyama|82/100|[from] Sandstorm
|-heal|p2a: Hariyama|88/100|[from] item: Leftovers
|upkeep
|turn|26
|
|t:|1728006446
|move|p1a: Skarmory|Spikes|p2a: Hariyama
|-sidestart|p2: PinjarraPanther|Spikes
|move|p2a: Hariyama|Hidden Power|p1a: Skarmory
|-resisted|p1a: Skarmory
|-damage|p1a: Skarmory|1/100
|
|-weather|Sandstorm|[upkeep]
|-damage|p2a: Hariyama|82/100|[from] Sandstorm
|-heal|p2a: Hariyama|88/100|[from] item: Leftovers
|upkeep
|turn|27
|
|t:|1728006451
|move|p1a: Skarmory|Spikes|p2a: Hariyama
|-sidestart|p2: PinjarraPanther|Spikes
|move|p2a: Hariyama|Hidden Power|p1a: Skarmory
|-resisted|p1a: Skarmory
|-damage|p1a: Skarmory|0 fnt
|faint|p1a: Skarmory
|
|t:|1728006463
|switch|p1a: Metagross|Metagross|100/100
|-damage|p1a: Metagross|84/100|[from] Spikes
|
|-weather|Sandstorm|[upkeep]
|-damage|p2a: Hariyama|82/100|[from] Sandstorm
|-heal|p1a: Metagross|90/100|[from] item: Leftovers
|-heal|p2a: Hariyama|88/100|[from] item: Leftovers
|upkeep
|turn|28
|
|t:|1728006467
|move|p1a: Metagross|Meteor Mash|p2a: Hariyama
|-damage|p2a: Hariyama|40/100
|-boost|p1a: Metagross|atk|1
|move|p2a: Hariyama|Knock Off|p1a: Metagross
|-damage|p1a: Metagross|87/100
|-enditem|p1a: Metagross|Leftovers|[from] move: Knock Off|[of] p2a: Hariyama
|
|-weather|Sandstorm|[upkeep]
|-damage|p2a: Hariyama|34/100|[from] Sandstorm
|-heal|p2a: Hariyama|40/100|[from] item: Leftovers
|upkeep
|turn|29
|
|t:|1728006474
|switch|p2a: Swampert|Swampert, M, shiny|100/100
|-damage|p2a: Swampert|76/100|[from] Spikes
|move|p1a: Metagross|Meteor Mash|p2a: Swampert
|-resisted|p2a: Swampert
|-damage|p2a: Swampert|49/100
|
|-weather|Sandstorm|[upkeep]
|-heal|p2a: Swampert|56/100|[from] item: Leftovers
|upkeep
|turn|30
|
|t:|1728006485
|move|p2a: Swampert|Protect|p2a: Swampert
|-singleturn|p2a: Swampert|Protect
|move|p1a: Metagross|Earthquake|p2a: Swampert
|-activate|p2a: Swampert|Protect
|
|-weather|Sandstorm|[upkeep]
|-heal|p2a: Swampert|62/100|[from] item: Leftovers
|upkeep
|turn|31
|
|t:|1728006496
|move|p1a: Metagross|Explosion|p2a: Swampert
|-damage|p2a: Swampert|0 fnt
|faint|p1a: Metagross
|faint|p2a: Swampert
|
|t:|1728006509
|switch|p1a: Charizard|Charizard, F|76/100 slp
|switch|p2a: Salamence|Salamence, F|94/100 tox
|-ability|p2a: Salamence|Intimidate|boost
|-unboost|p1a: Charizard|atk|1
|
|-weather|Sandstorm|[upkeep]
|-damage|p1a: Charizard|70/100 slp|[from] Sandstorm
|-damage|p2a: Salamence|88/100 tox|[from] Sandstorm
|-heal|p1a: Charizard|76/100 slp|[from] item: Leftovers
|-heal|p2a: Salamence|94/100 tox|[from] item: Leftovers
|-damage|p2a: Salamence|88/100 tox|[from] psn
|upkeep
|turn|32
|
|t:|1728006518
|switch|p1a: Blissey|Blissey, F|84/100
|-damage|p1a: Blissey|67/100|[from] Spikes
|move|p2a: Salamence|Flamethrower|p1a: Blissey
|-damage|p1a: Blissey|57/100
|
|-weather|Sandstorm|[upkeep]
|-damage|p2a: Salamence|82/100 tox|[from] Sandstorm
|-damage|p1a: Blissey|51/100|[from] Sandstorm
|-heal|p2a: Salamence|88/100 tox|[from] item: Leftovers
|-damage|p2a: Salamence|76/100 tox|[from] psn
|-heal|p1a: Blissey|57/100|[from] item: Leftovers
|upkeep
|turn|33
|
|t:|1728006538
|switch|p2a: Forretress|Forretress, F, shiny|100/100
|-damage|p2a: Forretress|76/100|[from] Spikes
|switch|p1a: Charizard|Charizard, F|76/100 slp
|
|-weather|Sandstorm|[upkeep]
|-damage|p1a: Charizard|70/100 slp|[from] Sandstorm
|-heal|p1a: Charizard|76/100 slp|[from] item: Leftovers
|-heal|p2a: Forretress|82/100|[from] item: Leftovers
|upkeep
|turn|34
|
|t:|1728006545
|-curestatus|p1a: Charizard|slp|[msg]
|move|p1a: Charizard|Flamethrower|p2a: Forretress
|-supereffective|p2a: Forretress
|-damage|p2a: Forretress|0 fnt
|faint|p2a: Forretress
|
|t:|1728006549
|switch|p2a: Salamence|Salamence, F|76/100 tox
|-ability|p2a: Salamence|Intimidate|boost
|-unboost|p1a: Charizard|atk|1
|
|-weather|Sandstorm|[upkeep]
|-damage|p1a: Charizard|70/100|[from] Sandstorm
|-damage|p2a: Salamence|70/100 tox|[from] Sandstorm
|-heal|p1a: Charizard|76/100|[from] item: Leftovers
|-heal|p2a: Salamence|76/100 tox|[from] item: Leftovers
|-damage|p2a: Salamence|70/100 tox|[from] psn
|upkeep
|turn|35
|
|t:|1728006555
|switch|p1a: Blissey|Blissey, F|57/100
|-damage|p1a: Blissey|41/100|[from] Spikes
|move|p2a: Salamence|Toxic|p1a: Blissey
|-status|p1a: Blissey|tox
|
|-weather|Sandstorm|[upkeep]
|-damage|p2a: Salamence|64/100 tox|[from] Sandstorm
|-damage|p1a: Blissey|35/100 tox|[from] Sandstorm
|-heal|p2a: Salamence|70/100 tox|[from] item: Leftovers
|-damage|p2a: Salamence|58/100 tox|[from] psn
|-heal|p1a: Blissey|41/100 tox|[from] item: Leftovers
|-damage|p1a: Blissey|35/100 tox|[from] psn
|upkeep
|turn|36
|
|t:|1728006560
|move|p2a: Salamence|Wish|p2a: Salamence
|move|p1a: Blissey|Soft-Boiled|p1a: Blissey
|-heal|p1a: Blissey|85/100 tox
|
|-weather|Sandstorm|[upkeep]
|-damage|p2a: Salamence|52/100 tox|[from] Sandstorm
|-damage|p1a: Blissey|79/100 tox|[from] Sandstorm
|-heal|p2a: Salamence|58/100 tox|[from] item: Leftovers
|-damage|p2a: Salamence|40/100 tox|[from] psn
|-heal|p1a: Blissey|85/100 tox|[from] item: Leftovers
|-damage|p1a: Blissey|72/100 tox|[from] psn
|upkeep
|turn|37
|
|t:|1728006574
|switch|p2a: Blissey|Blissey, F|42/100
|-damage|p2a: Blissey|17/100|[from] Spikes
|move|p1a: Blissey|Ice Beam|p2a: Blissey
|-damage|p2a: Blissey|7/100
|
|-heal|p2a: Blissey|57/100|[from] move: Wish|[wisher] Salamence
|-weather|Sandstorm|[upkeep]
|-damage|p1a: Blissey|66/100 tox|[from] Sandstorm
|-damage|p2a: Blissey|51/100|[from] Sandstorm
|-heal|p2a: Blissey|57/100|[from] item: Leftovers
|-heal|p1a: Blissey|72/100 tox|[from] item: Leftovers
|-damage|p1a: Blissey|54/100 tox|[from] psn
|upkeep
|turn|38
|
|t:|1728006581
|-curestatus|p1a: Blissey|tox|[from] ability: Natural Cure
|switch|p1a: Tyranitar|Tyranitar, F|100/100
|-damage|p1a: Tyranitar|84/100|[from] Spikes
|move|p2a: Blissey|Heal Bell|p2a: Blissey
|-activate|p2a: Blissey|move: Heal Bell
|-curestatus|p2: Salamence|tox|[silent]
|
|-weather|Sandstorm|[upkeep]
|-damage|p2a: Blissey|51/100|[from] Sandstorm
|-heal|p2a: Blissey|57/100|[from] item: Leftovers
|upkeep
|turn|39
|
|t:|1728006588
|switch|p2a: Venusaur|Venusaur, M, shiny|100/100
|-damage|p2a: Venusaur|75/100|[from] Spikes
|move|p1a: Tyranitar|Dragon Dance|p1a: Tyranitar
|-boost|p1a: Tyranitar|atk|1
|-boost|p1a: Tyranitar|spe|1
|
|-weather|Sandstorm|[upkeep]
|-damage|p2a: Venusaur|69/100|[from] Sandstorm
|-heal|p2a: Venusaur|75/100|[from] item: Leftovers
|upkeep
|turn|40
|
|t:|1728006602
|move|p1a: Tyranitar|Dragon Dance|p1a: Tyranitar
|-boost|p1a: Tyranitar|atk|1
|-boost|p1a: Tyranitar|spe|1
|move|p2a: Venusaur|Sleep Powder|p1a: Tyranitar
|-status|p1a: Tyranitar|slp|[from] move: Sleep Powder
|-enditem|p1a: Tyranitar|Lum Berry|[eat]
|-curestatus|p1a: Tyranitar|slp|[msg]
|
|-weather|Sandstorm|[upkeep]
|-damage|p2a: Venusaur|69/100|[from] Sandstorm
|-heal|p2a: Venusaur|75/100|[from] item: Leftovers
|upkeep
|turn|41
|
|t:|1728006608
|switch|p2a: Salamence|Salamence, F|40/100
|-ability|p2a: Salamence|Intimidate|boost
|-unboost|p1a: Tyranitar|atk|1
|move|p1a: Tyranitar|Double-Edge|p2a: Salamence
|-damage|p2a: Salamence|0 fnt
|-damage|p1a: Tyranitar|71/100|[from] Recoil|[of] p2a: Salamence
|faint|p2a: Salamence
|
|t:|1728006612
|switch|p2a: Hariyama|Hariyama, M, shiny|40/100
|-damage|p2a: Hariyama|15/100|[from] Spikes
|
|-weather|Sandstorm|[upkeep]
|-damage|p2a: Hariyama|9/100|[from] Sandstorm
|-heal|p2a: Hariyama|15/100|[from] item: Leftovers
|upkeep
|turn|42
|
|t:|1728006619
|switch|p2a: Blissey|Blissey, F|57/100
|-damage|p2a: Blissey|32/100|[from] Spikes
|move|p1a: Tyranitar|Earthquake|p2a: Blissey
|-damage|p2a: Blissey|0 fnt
|faint|p2a: Blissey
|
|t:|1728006621
|switch|p2a: Venusaur|Venusaur, M, shiny|75/100
|-damage|p2a: Venusaur|50/100|[from] Spikes
|
|-weather|Sandstorm|[upkeep]
|-damage|p2a: Venusaur|44/100|[from] Sandstorm
|-heal|p2a: Venusaur|50/100|[from] item: Leftovers
|upkeep
|turn|43
|c|☆PinjarraPanther|gg
|
|t:|1728006625
|move|p1a: Tyranitar|Double-Edge|p2a: Venusaur
|-damage|p2a: Venusaur|0 fnt
|-damage|p1a: Tyranitar|56/100|[from] Recoil|[of] p2a: Venusaur
|faint|p2a: Venusaur
|c|☆butter dk|gg
|
|t:|1728006627
|switch|p2a: Hariyama|Hariyama, M, shiny|15/100
|-damage|p2a: Hariyama|0 fnt|[from] Spikes
|faint|p2a: Hariyama
|
|win|butter dk
|c|☆butter dk|gg

</script>
<script type="application/json" class="data" id="replaydata-smogtours-gen3ou-794470">
{"id":"smogtours-gen3ou-794470","format":"[Gen 3] OU","players":["butter dk","PinjarraPanther"],"uploadtime":1728006627,"views":115,"formatid":"gen3ou","rating":null,"private":0,"password":null}
</script>

<script defer src="js/replays.js?9d40a366"></script>
