<!DOCTYPE html>
<meta charset="utf-8" />
<meta name="viewport" content="width=device-width" />

<title>[Gen 3] OU: Genexys vs. draccuscomun - Replays - Pok&eacute;mon Showdown!</title>

<meta name="description" content="Watch a replay of a Pok&eacute;mon battle between Genexys and draccuscomun! Format: [Gen 3] OU; Date: Oct 18, 2024" />
<!--

Hey, you! Looking in the source for the replay log?

You can find them in JSON format, just add `.json` at the end of a replay URL.

https://replay.pokemonshowdown.com/gen7randomdoublesbattle-865046831.json

Or, if you only need the log itself, add `.log` instead:

https://replay.pokemonshowdown.com/gen7randomdoublesbattle-865046831.log

-->

<link rel="stylesheet" href="//pokemonshowdown.com/style/global.css?0.767286132409787" />
<link rel="stylesheet" href="//play.pokemonshowdown.com/style/font-awesome.css?0.9266228007934947" />
<link rel="stylesheet" href="//play.pokemonshowdown.com/style/battle.css?0.7924700842790926" />
<link rel="stylesheet" href="//play.pokemonshowdown.com/style/utilichart.css?0.8777417872839479" />

<!-- Global site tag (gtag.js) - Google Analytics -->
<script async src="https://www.googletagmanager.com/gtag/js?id=UA-26211653-1"></script>
<script>
  window.dataLayer = window.dataLayer || [];
  function gtag(){dataLayer.push(arguments);}
  gtag('js', new Date());

  gtag('config', 'UA-26211653-1');
</script>
<!-- End Google Analytics -->
<!-- Venatus Ad Manager - Install in <HEAD> of page -->
	<script src="https://hb.vntsm.com/v3/live/ad-manager.min.js" type="text/javascript" data-site-id="642aba63ec9a7b11c3c9c1be" data-mode="scan" async></script>
<!-- / Venatus Ad Manager -->

<style>
	@media (max-width:820px) {
		.battle {
			margin: 0 auto;
		}
		.battle-log {
			margin: 7px auto 0;
			max-width: 640px;
			height: 300px;
			position: static;
		}
	}
	.optgroup {
		display: inline-block;
		line-height: 22px;
		font-size: 10pt;
	}
	.optgroup .button {
		height: 25px;
		padding-top: 0;
		padding-bottom: 0;
	}
	.optgroup button.button {
		padding-left: 12px;
		padding-right: 12px;
	}
	.linklist {
		list-style: none;
		margin: 0.5em 0;
		padding: 0;
	}
	.linklist li {
		padding: 2px 0;
	}
	.sidebar {
		float: left;
		width: 320px;
	}
	.bar-wrapper {
		max-width: 1100px;
		margin: 0 auto;
	}
	.bar-wrapper.has-sidebar {
		max-width: 1430px;
	}
	.mainbar {
		margin: 0;
		padding-right: 1px;
	}
	.mainbar.has-sidebar {
		margin-left: 330px;
	}
	@media (min-width: 1511px) {
		.sidebar {
			width: 400px;
		}
		.bar-wrapper.has-sidebar {
			max-width: 1510px;
		}
		.mainbar.has-sidebar {
			margin-left: 410px;
		}
	}
	.section.first-section {
		margin-top: 9px;
	}
	.blocklink small {
		white-space: normal;
	}
	.button {
		vertical-align: middle;
	}
	.replay-controls {
		padding-top: 10px;
	}
	.replay-controls h1 {
		font-size: 16pt;
		font-weight: normal;
		color: #CCC;
	}
	.pagelink {
		text-align: center;
	}
	.pagelink a {
		width: 150px;
	}
	.textbox, .button {
		font-size: 11pt;
		vertical-align: middle;
	}
	@media (max-width: 450px) {
		.button {
			font-size: 9pt;
		}
	}
</style>

<div>

	<header>
		<div class="nav-wrapper"><ul class="nav">
			<li><a class="button nav-first" href="//pokemonshowdown.com/"><img src="//pokemonshowdown.com/images/pokemonshowdownbeta.png" srcset="//pokemonshowdown.com/images/pokemonshowdownbeta.png 1x, //pokemonshowdown.com/images/pokemonshowdownbeta@2x.png 2x" alt="Pok&eacute;mon Showdown" width="146" height="44" /> Home</a></li>
			<li><a class="button" href="//pokemonshowdown.com/dex/">Pok&eacute;dex</a></li>
			<li><a class="button cur" href="/">Replays</a></li>
			<li><a class="button" href="//pokemonshowdown.com/ladder/">Ladder</a></li>
			<li><a class="button nav-last" href="//pokemonshowdown.com/forums/">Forum</a></li>
			<li><a class="button greenbutton nav-first nav-last" href="//play.pokemonshowdown.com/">Play</a></li>
		</ul></div>
	</header>

	<div class="main" id="main">

		<noscript><section class="section">You need to enable JavaScript to use this page; sorry!</section></noscript>

	</div>

</div>

<script defer nomodule src="//play.pokemonshowdown.com/js/lib/ps-polyfill.js"></script>
<script defer src="//play.pokemonshowdown.com/js/lib/preact.min.js"></script>

<script defer src="//play.pokemonshowdown.com/config/config.js?6dec07f6"></script>
<script defer src="//play.pokemonshowdown.com/js/lib/jquery-1.11.0.min.js"></script>
<script defer src="//play.pokemonshowdown.com/js/lib/html-sanitizer-minified.js"></script>
<script defer src="//play.pokemonshowdown.com/js/battle-sound.js"></script>
<script defer src="//play.pokemonshowdown.com/js/battledata.js?0.6315294753075389"></script>
<script defer src="//play.pokemonshowdown.com/data/pokedex-mini.js?0.7603743185311358"></script>
<script defer src="//play.pokemonshowdown.com/data/pokedex-mini-bw.js?0.030888842834281283"></script>
<script defer src="//play.pokemonshowdown.com/data/graphics.js?0.05593094747507488"></script>
<script defer src="//play.pokemonshowdown.com/data/pokedex.js?0.47064822249611904"></script>
<script defer src="//play.pokemonshowdown.com/data/moves.js?0.8583693120512459"></script>
<script defer src="//play.pokemonshowdown.com/data/abilities.js?0.16017181182386842"></script>
<script defer src="//play.pokemonshowdown.com/data/items.js?0.4163379185673943"></script>
<script defer src="//play.pokemonshowdown.com/data/teambuilder-tables.js?0.31075597372830477"></script>
<script defer src="//play.pokemonshowdown.com/js/battle-tooltips.js?0.6536193500708172"></script>
<script defer src="//play.pokemonshowdown.com/js/battle.js?0.1916591943277901"></script>

<script defer src="js/utils.js?e31f9a17"></script>
<script defer src="js/replays-battle.js?7008c182"></script>

<!-- don't scrape this data! just add .json or .log after the URL!
Full API docs: https://github.com/smogon/pokemon-showdown-client/blob/master/WEB-API.md -->
<script type="text/plain" class="log" id="replaylog-smogtours-gen3ou-799586">
|inactive|Battle timer is ON: inactive players will automatically lose when time's up.
|t:|1729274986
|gametype|singles
|player|p1|Genexys|ghetsis|
|player|p2|draccuscomun|ruinmaniac|
|teamsize|p1|6
|teamsize|p2|6
|gen|3
|tier|[Gen 3] OU
|rule|Sleep Clause Mod: Limit one foe put to sleep
|rule|Switch Priority Clause Mod: Faster Pokémon switch first
|rule|Species Clause: Limit one of each Pokémon
|rule|OHKO Clause: OHKO moves are banned
|rule|Evasion Items Clause: Evasion items are banned
|rule|Evasion Moves Clause: Evasion moves are banned
|rule|Endless Battle Clause: Forcing endless battles is banned
|rule|HP Percentage Mod: HP is shown in percentages
|rule|One Boost Passer Clause: Limit one Baton Passer that has a way to boost its stats
|rule|Freeze Clause Mod: Limit one foe frozen
|
|t:|1729274986
|start
|switch|p1a: Crackdos|Zapdos|100/100
|switch|p2a: Hariyama|Hariyama, M|100/100
|turn|1
|c|☆Genexys|glhf
|
|t:|1729275000
|switch|p1a: DaExtinctionAgenda|Claydol|100/100
|move|p2a: Hariyama|Rock Slide|p1a: DaExtinctionAgenda
|-resisted|p1a: DaExtinctionAgenda
|-damage|p1a: DaExtinctionAgenda|89/100
|
|-heal|p1a: DaExtinctionAgenda|95/100|[from] item: Leftovers
|upkeep
|turn|2
|
|t:|1729275021
|switch|p2a: Zapdos|Zapdos|100/100
|move|p1a: DaExtinctionAgenda|Psychic|p2a: Zapdos
|-damage|p2a: Zapdos|86/100
|
|-heal|p2a: Zapdos|92/100|[from] item: Leftovers
|-heal|p1a: DaExtinctionAgenda|100/100|[from] item: Leftovers
|upkeep
|turn|3
|
|t:|1729275035
|switch|p1a: kebab|Blissey, F|100/100
|move|p2a: Zapdos|Toxic|p1a: kebab
|-status|p1a: kebab|tox
|
|-heal|p2a: Zapdos|98/100|[from] item: Leftovers
|-damage|p1a: kebab|94/100 tox|[from] psn
|upkeep
|turn|4
|inactive|draccuscomun has 270 seconds left.
|
|t:|1729275058
|switch|p2a: Hariyama|Hariyama, M|100/100
|move|p1a: kebab|Seismic Toss|p2a: Hariyama
|-damage|p2a: Hariyama|77/100
|
|-heal|p1a: kebab|100/100 tox|[from] item: Leftovers
|-damage|p1a: kebab|88/100 tox|[from] psn
|-heal|p2a: Hariyama|83/100|[from] item: Leftovers
|upkeep
|turn|5
|inactive|draccuscomun has 270 seconds left.
|
|t:|1729275069
|-curestatus|p1a: kebab|tox|[from] ability: Natural Cure
|switch|p1a: DaExtinctionAgenda|Claydol|100/100
|move|p2a: Hariyama|Knock Off|p1a: DaExtinctionAgenda
|-supereffective|p1a: DaExtinctionAgenda
|-damage|p1a: DaExtinctionAgenda|96/100
|-enditem|p1a: DaExtinctionAgenda|Leftovers|[from] move: Knock Off|[of] p2a: Hariyama
|-hint|In Gens 3-4, Knock Off only makes the target's item unusable; it cannot obtain a new item.
|
|-heal|p2a: Hariyama|89/100|[from] item: Leftovers
|upkeep
|turn|6
|inactive|draccuscomun has 270 seconds left.
|
|t:|1729275091
|switch|p2a: Forretress|Forretress, M|100/100
|move|p1a: DaExtinctionAgenda|Psychic|p2a: Forretress
|-resisted|p2a: Forretress
|-damage|p2a: Forretress|89/100
|
|-heal|p2a: Forretress|96/100|[from] item: Leftovers
|upkeep
|turn|7
|
|t:|1729275107
|switch|p1a: Crackdos|Zapdos|100/100
|move|p2a: Forretress|Spikes|p1a: Crackdos
|-sidestart|p1: Genexys|Spikes
|
|-heal|p2a: Forretress|100/100|[from] item: Leftovers
|upkeep
|turn|8
|inactive|draccuscomun has 240 seconds left.
|
|t:|1729275142
|move|p1a: Crackdos|Substitute|p1a: Crackdos
|-start|p1a: Crackdos|Substitute
|-damage|p1a: Crackdos|76/100
|move|p2a: Forretress|Explosion|p1a: Crackdos
|-end|p1a: Crackdos|Substitute
|faint|p2a: Forretress
|
|t:|1729275160
|switch|p2a: Miltank|Miltank, F|100/100
|
|-heal|p1a: Crackdos|82/100|[from] item: Leftovers
|upkeep
|turn|9
|
|t:|1729275168
|switch|p1a: DaExtinctionAgenda|Claydol|96/100
|move|p2a: Miltank|Seismic Toss|p1a: DaExtinctionAgenda
|-damage|p1a: DaExtinctionAgenda|66/100
|
|upkeep
|turn|10
|
|t:|1729275176
|move|p2a: Miltank|Seismic Toss|p1a: DaExtinctionAgenda
|-damage|p1a: DaExtinctionAgenda|35/100
|move|p1a: DaExtinctionAgenda|Rapid Spin|p2a: Miltank
|-damage|p2a: Miltank|97/100
|-sideend|p1: Genexys|Spikes|[from] move: Rapid Spin|[of] p1a: DaExtinctionAgenda
|
|-heal|p2a: Miltank|100/100|[from] item: Leftovers
|upkeep
|turn|11
|
|t:|1729275186
|switch|p2a: Metagross|Metagross|100/100
|switch|p1a: kebab|Blissey, F|88/100
|
|-heal|p1a: kebab|94/100|[from] item: Leftovers
|upkeep
|turn|12
|inactive|draccuscomun has 240 seconds left.
|
|t:|1729275196
|switch|p1a: glorp gnarp|Vaporeon, M|100/100
|move|p2a: Metagross|Meteor Mash|p1a: glorp gnarp|[miss]
|-miss|p2a: Metagross|p1a: glorp gnarp
|
|upkeep
|turn|13
|inactive|draccuscomun has 240 seconds left.
|
|t:|1729275223
|switch|p2a: Zapdos|Zapdos|98/100
|move|p1a: glorp gnarp|Surf|p2a: Zapdos
|-damage|p2a: Zapdos|71/100
|
|-heal|p2a: Zapdos|77/100|[from] item: Leftovers
|upkeep
|turn|14
|
|t:|1729275232
|switch|p1a: kebab|Blissey, F|94/100
|move|p2a: Zapdos|Toxic|p1a: kebab
|-status|p1a: kebab|tox
|
|-heal|p2a: Zapdos|84/100|[from] item: Leftovers
|-heal|p1a: kebab|100/100 tox|[from] item: Leftovers
|-damage|p1a: kebab|94/100 tox|[from] psn
|upkeep
|turn|15
|
|t:|1729275249
|move|p2a: Zapdos|Thunderbolt|p1a: kebab
|-damage|p1a: kebab|79/100 tox
|move|p1a: kebab|Wish|p1a: kebab
|
|-heal|p2a: Zapdos|90/100|[from] item: Leftovers
|-heal|p1a: kebab|85/100 tox|[from] item: Leftovers
|-damage|p1a: kebab|73/100 tox|[from] psn
|upkeep
|turn|16
|
|t:|1729275258
|-curestatus|p1a: kebab|tox|[from] ability: Natural Cure
|switch|p1a: DaExtinctionAgenda|Claydol|35/100
|move|p2a: Zapdos|Roar|p1a: DaExtinctionAgenda
|drag|p1a: glorp gnarp|Vaporeon, M|100/100
|
|-heal|p2a: Zapdos|96/100|[from] item: Leftovers
|upkeep
|turn|17
|
|t:|1729275269
|switch|p1a: kebab|Blissey, F|73/100
|move|p2a: Zapdos|Toxic|p1a: kebab
|-status|p1a: kebab|tox
|
|-heal|p2a: Zapdos|100/100|[from] item: Leftovers
|-heal|p1a: kebab|79/100 tox|[from] item: Leftovers
|-damage|p1a: kebab|73/100 tox|[from] psn
|upkeep
|turn|18
|
|t:|1729275286
|switch|p2a: Hariyama|Hariyama, M|89/100
|move|p1a: kebab|Wish|p1a: kebab
|
|-heal|p1a: kebab|79/100 tox|[from] item: Leftovers
|-damage|p1a: kebab|67/100 tox|[from] psn
|-heal|p2a: Hariyama|95/100|[from] item: Leftovers
|upkeep
|turn|19
|
|t:|1729275296
|-curestatus|p1a: kebab|tox|[from] ability: Natural Cure
|switch|p1a: DaExtinctionAgenda|Claydol|35/100
|move|p2a: Hariyama|Hidden Power|p1a: DaExtinctionAgenda
|-supereffective|p1a: DaExtinctionAgenda
|-damage|p1a: DaExtinctionAgenda|0 fnt
|faint|p1a: DaExtinctionAgenda
|
|t:|1729275301
|switch|p1a: MetaGROSS #OWNED|Metagross, shiny|100/100
|
|-heal|p2a: Hariyama|100/100|[from] item: Leftovers
|upkeep
|turn|20
|
|t:|1729275326
|move|p1a: MetaGROSS #OWNED|Meteor Mash|p2a: Hariyama
|-damage|p2a: Hariyama|20/100
|move|p2a: Hariyama|Knock Off|p1a: MetaGROSS #OWNED
|-damage|p1a: MetaGROSS #OWNED|97/100
|-enditem|p1a: MetaGROSS #OWNED|Choice Band|[from] move: Knock Off|[of] p2a: Hariyama
|
|-heal|p2a: Hariyama|26/100|[from] item: Leftovers
|upkeep
|turn|21
|
|t:|1729275342
|switch|p2a: Miltank|Miltank, F|100/100
|move|p1a: MetaGROSS #OWNED|Toxic|p2a: Miltank
|-status|p2a: Miltank|tox
|
|-damage|p2a: Miltank|94/100 tox|[from] psn
|upkeep
|turn|22
|
|t:|1729275354
|switch|p1a: Soulja Boy|Heracross, F|100/100
|move|p2a: Miltank|Thunder Wave|p1a: Soulja Boy
|-status|p1a: Soulja Boy|par
|
|-heal|p2a: Miltank|100/100 tox|[from] item: Leftovers
|-damage|p2a: Miltank|88/100 tox|[from] psn
|upkeep
|turn|23
|inactive|draccuscomun has 210 seconds left.
|
|t:|1729275385
|-singleturn|p1a: Soulja Boy|move: Focus Punch
|move|p2a: Miltank|Heal Bell|p2a: Miltank
|-activate|p2a: Miltank|move: Heal Bell
|-curestatus|p2a: Miltank|tox|[silent]
|move|p1a: Soulja Boy|Focus Punch|p2a: Miltank
|-supereffective|p2a: Miltank
|-damage|p2a: Miltank|0 fnt
|faint|p2a: Miltank
|
|t:|1729275405
|switch|p2a: Metagross|Metagross|100/100
|
|upkeep
|turn|24
|
|t:|1729275411
|switch|p1a: glorp gnarp|Vaporeon, M|100/100
|move|p2a: Metagross|Meteor Mash|p1a: glorp gnarp
|-resisted|p1a: glorp gnarp
|-damage|p1a: glorp gnarp|79/100
|-boost|p2a: Metagross|atk|1
|
|-heal|p1a: glorp gnarp|85/100|[from] item: Leftovers
|upkeep
|turn|25
|
|t:|1729275422
|move|p2a: Metagross|Earthquake|p1a: glorp gnarp
|-damage|p1a: glorp gnarp|45/100
|move|p1a: glorp gnarp|Surf|p2a: Metagross
|-damage|p2a: Metagross|61/100
|
|-heal|p2a: Metagross|67/100|[from] item: Leftovers
|-heal|p1a: glorp gnarp|51/100|[from] item: Leftovers
|upkeep
|turn|26
|
|t:|1729275433
|move|p2a: Metagross|Earthquake|p1a: glorp gnarp
|-damage|p1a: glorp gnarp|12/100
|move|p1a: glorp gnarp|Surf|p2a: Metagross
|-damage|p2a: Metagross|31/100
|
|-heal|p2a: Metagross|37/100|[from] item: Leftovers
|-heal|p1a: glorp gnarp|18/100|[from] item: Leftovers
|upkeep
|turn|27
|inactive|draccuscomun has 180 seconds left.
|
|t:|1729275453
|switch|p1a: Crackdos|Zapdos|82/100
|move|p2a: Metagross|Earthquake|p1a: Crackdos
|-immune|p1a: Crackdos
|
|-heal|p1a: Crackdos|88/100|[from] item: Leftovers
|-heal|p2a: Metagross|43/100|[from] item: Leftovers
|upkeep
|turn|28
|inactive|draccuscomun has 180 seconds left.
|
|t:|1729275464
|move|p1a: Crackdos|Thunderbolt|p2a: Metagross
|-crit|p2a: Metagross
|-damage|p2a: Metagross|0 fnt
|faint|p2a: Metagross
|inactive|draccuscomun has 180 seconds left.
|
|t:|1729275471
|switch|p2a: Zapdos|Zapdos|100/100
|
|-heal|p1a: Crackdos|94/100|[from] item: Leftovers
|upkeep
|turn|29
|
|t:|1729275476
|switch|p1a: kebab|Blissey, F|67/100
|move|p2a: Zapdos|Roar|p1a: kebab
|drag|p1a: glorp gnarp|Vaporeon, M|18/100
|
|-heal|p1a: glorp gnarp|24/100|[from] item: Leftovers
|upkeep
|turn|30
|
|t:|1729275486
|switch|p1a: kebab|Blissey, F|67/100
|move|p2a: Zapdos|Thunderbolt|p1a: kebab
|-damage|p1a: kebab|50/100
|
|-heal|p1a: kebab|56/100|[from] item: Leftovers
|upkeep
|turn|31
|
|t:|1729275500
|move|p2a: Zapdos|Toxic|p1a: kebab
|-status|p1a: kebab|tox
|move|p1a: kebab|Seismic Toss|p2a: Zapdos
|-damage|p2a: Zapdos|74/100
|
|-heal|p2a: Zapdos|80/100|[from] item: Leftovers
|-heal|p1a: kebab|62/100 tox|[from] item: Leftovers
|-damage|p1a: kebab|56/100 tox|[from] psn
|upkeep
|turn|32
|
|t:|1729275520
|move|p2a: Zapdos|Thunderbolt|p1a: kebab
|-damage|p1a: kebab|40/100 tox
|move|p1a: kebab|Soft-Boiled|p1a: kebab
|-heal|p1a: kebab|90/100 tox
|
|-heal|p2a: Zapdos|86/100|[from] item: Leftovers
|-heal|p1a: kebab|96/100 tox|[from] item: Leftovers
|-damage|p1a: kebab|84/100 tox|[from] psn
|upkeep
|turn|33
|
|t:|1729275531
|move|p2a: Zapdos|Thunderbolt|p1a: kebab
|-damage|p1a: kebab|68/100 tox
|move|p1a: kebab|Ice Beam|p2a: Zapdos
|-supereffective|p2a: Zapdos
|-damage|p2a: Zapdos|51/100
|
|-heal|p2a: Zapdos|57/100|[from] item: Leftovers
|-heal|p1a: kebab|74/100 tox|[from] item: Leftovers
|-damage|p1a: kebab|56/100 tox|[from] psn
|upkeep
|turn|34
|
|t:|1729275544
|switch|p2a: Hariyama|Hariyama, M|26/100
|-curestatus|p1a: kebab|tox|[from] ability: Natural Cure
|switch|p1a: glorp gnarp|Vaporeon, M|24/100
|
|-heal|p1a: glorp gnarp|31/100|[from] item: Leftovers
|-heal|p2a: Hariyama|32/100|[from] item: Leftovers
|upkeep
|turn|35
|inactive|draccuscomun has 180 seconds left.
|
|t:|1729275562
|switch|p2a: Zapdos|Zapdos|57/100
|move|p1a: glorp gnarp|Surf|p2a: Zapdos
|-damage|p2a: Zapdos|34/100
|
|-heal|p2a: Zapdos|40/100|[from] item: Leftovers
|-heal|p1a: glorp gnarp|37/100|[from] item: Leftovers
|upkeep
|turn|36
|inactive|draccuscomun has 180 seconds left.
|
|t:|1729275579
|switch|p1a: kebab|Blissey, F|56/100
|move|p2a: Zapdos|Toxic|p1a: kebab
|-status|p1a: kebab|tox
|
|-heal|p2a: Zapdos|46/100|[from] item: Leftovers
|-heal|p1a: kebab|62/100 tox|[from] item: Leftovers
|-damage|p1a: kebab|56/100 tox|[from] psn
|upkeep
|turn|37
|inactive|draccuscomun has 180 seconds left.
|
|t:|1729275590
|switch|p2a: Hariyama|Hariyama, M|32/100
|move|p1a: kebab|Ice Beam|p2a: Hariyama
|-damage|p2a: Hariyama|21/100
|
|-heal|p1a: kebab|62/100 tox|[from] item: Leftovers
|-damage|p1a: kebab|50/100 tox|[from] psn
|-heal|p2a: Hariyama|27/100|[from] item: Leftovers
|upkeep
|turn|38
|inactive|draccuscomun has 180 seconds left.
|
|t:|1729275621
|-curestatus|p1a: kebab|tox|[from] ability: Natural Cure
|switch|p1a: Crackdos|Zapdos|94/100
|move|p2a: Hariyama|Rock Slide|p1a: Crackdos
|-supereffective|p1a: Crackdos
|-damage|p1a: Crackdos|38/100
|
|-heal|p1a: Crackdos|44/100|[from] item: Leftovers
|-heal|p2a: Hariyama|33/100|[from] item: Leftovers
|upkeep
|turn|39
|
|t:|1729275637
|move|p1a: Crackdos|Thunderbolt|p2a: Hariyama
|-damage|p2a: Hariyama|0 fnt
|faint|p2a: Hariyama
|
|t:|1729275641
|switch|p2a: Zapdos|Zapdos|46/100
|
|-heal|p1a: Crackdos|50/100|[from] item: Leftovers
|-heal|p2a: Zapdos|52/100|[from] item: Leftovers
|upkeep
|turn|40
|
|t:|1729275648
|switch|p1a: kebab|Blissey, F|50/100
|move|p2a: Zapdos|Thunderbolt|p1a: kebab
|-crit|p1a: kebab
|-damage|p1a: kebab|16/100
|
|-heal|p2a: Zapdos|58/100|[from] item: Leftovers
|-heal|p1a: kebab|22/100|[from] item: Leftovers
|upkeep
|turn|41
|
|t:|1729275663
|move|p2a: Zapdos|Toxic|p1a: kebab
|-status|p1a: kebab|tox
|move|p1a: kebab|Soft-Boiled|p1a: kebab
|-heal|p1a: kebab|72/100 tox
|
|-heal|p2a: Zapdos|64/100|[from] item: Leftovers
|-heal|p1a: kebab|78/100 tox|[from] item: Leftovers
|-damage|p1a: kebab|72/100 tox|[from] psn
|upkeep
|turn|42
|
|t:|1729275679
|switch|p2a: Suicune|Suicune|100/100
|move|p1a: kebab|Ice Beam|p2a: Suicune
|-resisted|p2a: Suicune
|-damage|p2a: Suicune|91/100
|
|-heal|p2a: Suicune|97/100|[from] item: Leftovers
|-heal|p1a: kebab|78/100 tox|[from] item: Leftovers
|-damage|p1a: kebab|66/100 tox|[from] psn
|upkeep
|turn|43
|
|t:|1729275691
|-curestatus|p1a: kebab|tox|[from] ability: Natural Cure
|switch|p1a: glorp gnarp|Vaporeon, M|37/100
|move|p2a: Suicune|Calm Mind|p2a: Suicune
|-boost|p2a: Suicune|spa|1
|-boost|p2a: Suicune|spd|1
|
|-heal|p2a: Suicune|100/100|[from] item: Leftovers
|-heal|p1a: glorp gnarp|43/100|[from] item: Leftovers
|upkeep
|turn|44
|
|t:|1729275701
|move|p2a: Suicune|Calm Mind|p2a: Suicune
|-boost|p2a: Suicune|spa|1
|-boost|p2a: Suicune|spd|1
|move|p1a: glorp gnarp|Roar|p2a: Suicune
|drag|p2a: Zapdos|Zapdos|64/100
|
|-heal|p2a: Zapdos|71/100|[from] item: Leftovers
|-heal|p1a: glorp gnarp|49/100|[from] item: Leftovers
|upkeep
|turn|45
|
|t:|1729275717
|switch|p1a: kebab|Blissey, F|66/100
|move|p2a: Zapdos|Toxic|p1a: kebab
|-status|p1a: kebab|tox
|
|-heal|p2a: Zapdos|77/100|[from] item: Leftovers
|-heal|p1a: kebab|72/100 tox|[from] item: Leftovers
|-damage|p1a: kebab|66/100 tox|[from] psn
|upkeep
|turn|46
|
|t:|1729275730
|switch|p2a: Suicune|Suicune|100/100
|move|p1a: kebab|Wish|p1a: kebab
|
|-heal|p1a: kebab|72/100 tox|[from] item: Leftovers
|-damage|p1a: kebab|60/100 tox|[from] psn
|upkeep
|turn|47
|
|t:|1729275743
|-curestatus|p1a: kebab|tox|[from] ability: Natural Cure
|switch|p1a: Crackdos|Zapdos|50/100
|move|p2a: Suicune|Calm Mind|p2a: Suicune
|-boost|p2a: Suicune|spa|1
|-boost|p2a: Suicune|spd|1
|
|-heal|p1a: Crackdos|99/100|[from] move: Wish|[wisher] kebab
|-heal|p1a: Crackdos|100/100|[from] item: Leftovers
|upkeep
|turn|48
|
|t:|1729275756
|move|p1a: Crackdos|Thunderbolt|p2a: Suicune
|-supereffective|p2a: Suicune
|-damage|p2a: Suicune|55/100
|move|p2a: Suicune|Ice Beam|p1a: Crackdos
|-supereffective|p1a: Crackdos
|-damage|p1a: Crackdos|36/100
|
|-heal|p1a: Crackdos|42/100|[from] item: Leftovers
|-heal|p2a: Suicune|61/100|[from] item: Leftovers
|upkeep
|turn|49
|inactive|Genexys has 270 seconds left.
|
|t:|1729275799
|move|p1a: Crackdos|Thunderbolt|p2a: Suicune
|-supereffective|p2a: Suicune
|-damage|p2a: Suicune|16/100
|move|p2a: Suicune|Ice Beam|p1a: Crackdos
|-supereffective|p1a: Crackdos
|-damage|p1a: Crackdos|0 fnt
|faint|p1a: Crackdos
|
|t:|1729275803
|switch|p1a: MetaGROSS #OWNED|Metagross, shiny|97/100
|
|-heal|p2a: Suicune|23/100|[from] item: Leftovers
|upkeep
|turn|50
|inactive|Genexys has 270 seconds left.
|
|t:|1729275831
|move|p1a: MetaGROSS #OWNED|Earthquake|p2a: Suicune
|-damage|p2a: Suicune|0 fnt
|faint|p2a: Suicune
|
|t:|1729275837
|switch|p2a: Zapdos|Zapdos|77/100
|
|-heal|p2a: Zapdos|83/100|[from] item: Leftovers
|upkeep
|turn|51
|inactive|draccuscomun has 150 seconds left.
|c|☆draccuscomun|Gg
|c|☆Genexys|gg
|
|t:|1729275859
|move|p2a: Zapdos|Thunderbolt|p1a: MetaGROSS #OWNED
|-damage|p1a: MetaGROSS #OWNED|49/100
|move|p1a: MetaGROSS #OWNED|Explosion|p2a: Zapdos
|-damage|p2a: Zapdos|0 fnt
|faint|p1a: MetaGROSS #OWNED
|faint|p2a: Zapdos
|
|win|Genexys
|player|p2|

</script>
<script type="application/json" class="data" id="replaydata-smogtours-gen3ou-799586">
{"id":"smogtours-gen3ou-799586","format":"[Gen 3] OU","players":["Genexys","draccuscomun"],"uploadtime":1729275859,"views":90,"formatid":"gen3ou","rating":null,"private":0,"password":null}
</script>

<script defer src="js/replays.js?9d40a366"></script>
