<!DOCTYPE html>
<meta charset="utf-8" />
<meta name="viewport" content="width=device-width" />

<title>[Gen 3] OU: lemoncholy vs. True Lawbringer - Replays - Pok&eacute;mon Showdown!</title>

<meta name="description" content="Watch a replay of a Pok&eacute;mon battle between lemoncholy and True Lawbringer! Format: [Gen 3] OU; Date: Oct 18, 2024" />
<!--

Hey, you! Looking in the source for the replay log?

You can find them in JSON format, just add `.json` at the end of a replay URL.

https://replay.pokemonshowdown.com/gen7randomdoublesbattle-865046831.json

Or, if you only need the log itself, add `.log` instead:

https://replay.pokemonshowdown.com/gen7randomdoublesbattle-865046831.log

-->

<link rel="stylesheet" href="//pokemonshowdown.com/style/global.css?0.023195364461161105" />
<link rel="stylesheet" href="//play.pokemonshowdown.com/style/font-awesome.css?0.13261647063804238" />
<link rel="stylesheet" href="//play.pokemonshowdown.com/style/battle.css?0.8753245789963631" />
<link rel="stylesheet" href="//play.pokemonshowdown.com/style/utilichart.css?0.8627959624976733" />

<!-- Global site tag (gtag.js) - Google Analytics -->
<script async src="https://www.googletagmanager.com/gtag/js?id=UA-26211653-1"></script>
<script>
  window.dataLayer = window.dataLayer || [];
  function gtag(){dataLayer.push(arguments);}
  gtag('js', new Date());

  gtag('config', 'UA-26211653-1');
</script>
<!-- End Google Analytics -->
<!-- Venatus Ad Manager - Install in <HEAD> of page -->
	<script src="https://hb.vntsm.com/v3/live/ad-manager.min.js" type="text/javascript" data-site-id="642aba63ec9a7b11c3c9c1be" data-mode="scan" async></script>
<!-- / Venatus Ad Manager -->

<style>
	@media (max-width:820px) {
		.battle {
			margin: 0 auto;
		}
		.battle-log {
			margin: 7px auto 0;
			max-width: 640px;
			height: 300px;
			position: static;
		}
	}
	.optgroup {
		display: inline-block;
		line-height: 22px;
		font-size: 10pt;
	}
	.optgroup .button {
		height: 25px;
		padding-top: 0;
		padding-bottom: 0;
	}
	.optgroup button.button {
		padding-left: 12px;
		padding-right: 12px;
	}
	.linklist {
		list-style: none;
		margin: 0.5em 0;
		padding: 0;
	}
	.linklist li {
		padding: 2px 0;
	}
	.sidebar {
		float: left;
		width: 320px;
	}
	.bar-wrapper {
		max-width: 1100px;
		margin: 0 auto;
	}
	.bar-wrapper.has-sidebar {
		max-width: 1430px;
	}
	.mainbar {
		margin: 0;
		padding-right: 1px;
	}
	.mainbar.has-sidebar {
		margin-left: 330px;
	}
	@media (min-width: 1511px) {
		.sidebar {
			width: 400px;
		}
		.bar-wrapper.has-sidebar {
			max-width: 1510px;
		}
		.mainbar.has-sidebar {
			margin-left: 410px;
		}
	}
	.section.first-section {
		margin-top: 9px;
	}
	.blocklink small {
		white-space: normal;
	}
	.button {
		vertical-align: middle;
	}
	.replay-controls {
		padding-top: 10px;
	}
	.replay-controls h1 {
		font-size: 16pt;
		font-weight: normal;
		color: #CCC;
	}
	.pagelink {
		text-align: center;
	}
	.pagelink a {
		width: 150px;
	}
	.textbox, .button {
		font-size: 11pt;
		vertical-align: middle;
	}
	@media (max-width: 450px) {
		.button {
			font-size: 9pt;
		}
	}
</style>

<div>

	<header>
		<div class="nav-wrapper"><ul class="nav">
			<li><a class="button nav-first" href="//pokemonshowdown.com/"><img src="//pokemonshowdown.com/images/pokemonshowdownbeta.png" srcset="//pokemonshowdown.com/images/pokemonshowdownbeta.png 1x, //pokemonshowdown.com/images/pokemonshowdownbeta@2x.png 2x" alt="Pok&eacute;mon Showdown" width="146" height="44" /> Home</a></li>
			<li><a class="button" href="//pokemonshowdown.com/dex/">Pok&eacute;dex</a></li>
			<li><a class="button cur" href="/">Replays</a></li>
			<li><a class="button" href="//pokemonshowdown.com/ladder/">Ladder</a></li>
			<li><a class="button nav-last" href="//pokemonshowdown.com/forums/">Forum</a></li>
			<li><a class="button greenbutton nav-first nav-last" href="//play.pokemonshowdown.com/">Play</a></li>
		</ul></div>
	</header>

	<div class="main" id="main">

		<noscript><section class="section">You need to enable JavaScript to use this page; sorry!</section></noscript>

	</div>

</div>

<script defer nomodule src="//play.pokemonshowdown.com/js/lib/ps-polyfill.js"></script>
<script defer src="//play.pokemonshowdown.com/js/lib/preact.min.js"></script>

<script defer src="//play.pokemonshowdown.com/config/config.js?2bddbc15"></script>
<script defer src="//play.pokemonshowdown.com/js/lib/jquery-1.11.0.min.js"></script>
<script defer src="//play.pokemonshowdown.com/js/lib/html-sanitizer-minified.js"></script>
<script defer src="//play.pokemonshowdown.com/js/battle-sound.js"></script>
<script defer src="//play.pokemonshowdown.com/js/battledata.js?0.7209276989879541"></script>
<script defer src="//play.pokemonshowdown.com/data/pokedex-mini.js?0.6111056340867951"></script>
<script defer src="//play.pokemonshowdown.com/data/pokedex-mini-bw.js?0.3532142036491459"></script>
<script defer src="//play.pokemonshowdown.com/data/graphics.js?0.24223875632456182"></script>
<script defer src="//play.pokemonshowdown.com/data/pokedex.js?0.38839984266356864"></script>
<script defer src="//play.pokemonshowdown.com/data/moves.js?0.21866028504024015"></script>
<script defer src="//play.pokemonshowdown.com/data/abilities.js?0.2005157953846628"></script>
<script defer src="//play.pokemonshowdown.com/data/items.js?0.9894211263848525"></script>
<script defer src="//play.pokemonshowdown.com/data/teambuilder-tables.js?0.6008791140282215"></script>
<script defer src="//play.pokemonshowdown.com/js/battle-tooltips.js?0.7580118955022959"></script>
<script defer src="//play.pokemonshowdown.com/js/battle.js?0.6057722274234274"></script>

<script defer src="js/utils.js?e31f9a17"></script>
<script defer src="js/replays-battle.js?7008c182"></script>

<!-- don't scrape this data! just add .json or .log after the URL!
Full API docs: https://github.com/smogon/pokemon-showdown-client/blob/master/WEB-API.md -->
<script type="text/plain" class="log" id="replaylog-smogtours-gen3ou-799518">
|inactive|Battle timer is ON: inactive players will automatically lose when time's up.
|t:|1729263741
|gametype|singles
|player|p1|lemoncholy|will|
|player|p2|True Lawbringer|steven|
|teamsize|p1|6
|teamsize|p2|6
|gen|3
|tier|[Gen 3] OU
|rule|Sleep Clause Mod: Limit one foe put to sleep
|rule|Switch Priority Clause Mod: Faster Pokémon switch first
|rule|Species Clause: Limit one of each Pokémon
|rule|OHKO Clause: OHKO moves are banned
|rule|Evasion Items Clause: Evasion items are banned
|rule|Evasion Moves Clause: Evasion moves are banned
|rule|Endless Battle Clause: Forcing endless battles is banned
|rule|HP Percentage Mod: HP is shown in percentages
|rule|One Boost Passer Clause: Limit one Baton Passer that has a way to boost its stats
|rule|Freeze Clause Mod: Limit one foe frozen
|
|t:|1729263741
|start
|switch|p1a: Blaziken|Blaziken, M, shiny|100/100
|switch|p2a: Skarmory|Skarmory, F|100/100
|turn|1
|
|t:|1729263750
|-singleturn|p1a: Blaziken|move: Focus Punch
|move|p2a: Skarmory|Protect|p2a: Skarmory
|-singleturn|p2a: Skarmory|Protect
|move|p1a: Blaziken|Focus Punch|p2a: Skarmory
|-activate|p2a: Skarmory|Protect
|
|upkeep
|turn|2
|
|t:|1729263766
|-singleturn|p1a: Blaziken|move: Focus Punch
|switch|p2a: Gengar|Gengar, F|100/100
|move|p1a: Blaziken|Focus Punch|p2a: Gengar
|-immune|p2a: Gengar
|
|upkeep
|turn|3
|
|t:|1729263774
|move|p2a: Gengar|Curse|p1a: Blaziken
|-start|p1a: Blaziken|Curse|[of] p2a: Gengar
|-damage|p2a: Gengar|51/100
|move|p1a: Blaziken|Fire Blast|p2a: Gengar|[miss]
|-miss|p1a: Blaziken|p2a: Gengar
|
|-heal|p2a: Gengar|57/100|[from] item: Leftovers
|-damage|p1a: Blaziken|76/100|[from] Curse
|upkeep
|turn|4
|
|t:|1729263789
|move|p2a: Gengar|Thunderbolt|p1a: Blaziken
|-damage|p1a: Blaziken|33/100
|move|p1a: Blaziken|Fire Blast|p2a: Gengar|[miss]
|-miss|p1a: Blaziken|p2a: Gengar
|
|-heal|p2a: Gengar|63/100|[from] item: Leftovers
|-heal|p1a: Blaziken|39/100|[from] item: Leftovers
|-damage|p1a: Blaziken|14/100|[from] Curse
|upkeep
|turn|5
|
|t:|1729263801
|switch|p2a: Starmie|Starmie|100/100
|switch|p1a: Celebi|Celebi|100/100
|
|upkeep
|turn|6
|
|t:|1729263812
|switch|p2a: Aggron|Aggron, F|100/100
|move|p1a: Celebi|Leech Seed|p2a: Aggron
|-start|p2a: Aggron|move: Leech Seed
|
|-damage|p2a: Aggron|88/100|[from] Leech Seed|[of] p1a: Celebi
|upkeep
|turn|7
|
|t:|1729263825
|switch|p2a: Blissey|Blissey, F, shiny|100/100
|move|p1a: Celebi|Giga Drain|p2a: Blissey
|-damage|p2a: Blissey|89/100
|
|-heal|p2a: Blissey|96/100|[from] item: Leftovers
|upkeep
|turn|8
|
|t:|1729263845
|move|p1a: Celebi|Leech Seed|p2a: Blissey
|-start|p2a: Blissey|move: Leech Seed
|move|p2a: Blissey|Toxic|p1a: Celebi
|-status|p1a: Celebi|tox
|
|-damage|p1a: Celebi|94/100 tox|[from] psn
|-heal|p2a: Blissey|100/100|[from] item: Leftovers
|-damage|p2a: Blissey|88/100|[from] Leech Seed|[of] p1a: Celebi
|-heal|p1a: Celebi|100/100 tox|[silent]
|upkeep
|turn|9
|
|t:|1729263854
|-curestatus|p1a: Celebi|tox|[from] ability: Natural Cure
|switch|p1a: Metagross|Metagross|100/100
|move|p2a: Blissey|Wish|p2a: Blissey
|
|-heal|p2a: Blissey|94/100|[from] item: Leftovers
|-damage|p2a: Blissey|82/100|[from] Leech Seed|[of] p1a: Metagross
|upkeep
|turn|10
|
|t:|1729263863
|switch|p2a: Swampert|Swampert, F|100/100
|move|p1a: Metagross|Meteor Mash|p2a: Swampert
|-resisted|p2a: Swampert
|-damage|p2a: Swampert|70/100
|
|-heal|p2a: Swampert|100/100|[from] move: Wish|[wisher] Blissey
|upkeep
|turn|11
|
|t:|1729263873
|switch|p1a: Celebi|Celebi|100/100
|move|p2a: Swampert|Hydro Pump|p1a: Celebi
|-resisted|p1a: Celebi
|-damage|p1a: Celebi|84/100
|
|-heal|p1a: Celebi|90/100|[from] item: Leftovers
|upkeep
|turn|12
|
|t:|1729263880
|move|p1a: Celebi|Leech Seed|p2a: Swampert
|-start|p2a: Swampert|move: Leech Seed
|move|p2a: Swampert|Ice Beam|p1a: Celebi
|-supereffective|p1a: Celebi
|-damage|p1a: Celebi|51/100
|
|-heal|p1a: Celebi|57/100|[from] item: Leftovers
|-damage|p2a: Swampert|88/100|[from] Leech Seed|[of] p1a: Celebi
|-heal|p1a: Celebi|72/100|[silent]
|upkeep
|turn|13
|
|t:|1729263889
|switch|p2a: Gengar|Gengar, F|63/100
|move|p1a: Celebi|Leech Seed|p2a: Gengar
|-start|p2a: Gengar|move: Leech Seed
|
|-heal|p2a: Gengar|68/100|[from] item: Leftovers
|-damage|p2a: Gengar|56/100|[from] Leech Seed|[of] p1a: Celebi
|-heal|p1a: Celebi|83/100|[silent]
|-heal|p1a: Celebi|89/100|[from] item: Leftovers
|upkeep
|turn|14
|
|t:|1729263898
|switch|p1a: Metagross|Metagross|100/100
|move|p2a: Gengar|Curse|p1a: Metagross
|-start|p1a: Metagross|Curse|[of] p2a: Gengar
|-damage|p2a: Gengar|6/100
|
|-heal|p2a: Gengar|12/100|[from] item: Leftovers
|-damage|p2a: Gengar|0 fnt|[from] Leech Seed|[of] p1a: Metagross
|faint|p2a: Gengar
|-damage|p1a: Metagross|76/100|[from] Curse
|upkeep
|
|t:|1729263925
|switch|p2a: Aggron|Aggron, F|88/100
|turn|15
|
|t:|1729263932
|move|p1a: Metagross|Earthquake|p2a: Aggron
|-supereffective|p2a: Aggron
|-crit|p2a: Aggron
|-damage|p2a: Aggron|0 fnt
|faint|p2a: Aggron
|
|t:|1729263941
|switch|p2a: Blissey|Blissey, F, shiny|82/100
|
|-damage|p1a: Metagross|51/100|[from] Curse
|-heal|p2a: Blissey|88/100|[from] item: Leftovers
|upkeep
|turn|16
|
|t:|1729263947
|switch|p1a: Celebi|Celebi|89/100
|move|p2a: Blissey|Wish|p2a: Blissey
|
|-heal|p1a: Celebi|95/100|[from] item: Leftovers
|-heal|p2a: Blissey|94/100|[from] item: Leftovers
|upkeep
|turn|17
|
|t:|1729263961
|move|p1a: Celebi|Leech Seed|p2a: Blissey
|-start|p2a: Blissey|move: Leech Seed
|move|p2a: Blissey|Ice Beam|p1a: Celebi
|-supereffective|p1a: Celebi
|-damage|p1a: Celebi|49/100
|
|-heal|p2a: Blissey|100/100|[from] move: Wish|[wisher] Blissey
|-heal|p1a: Celebi|56/100|[from] item: Leftovers
|-damage|p2a: Blissey|88/100|[from] Leech Seed|[of] p1a: Celebi
|-heal|p1a: Celebi|79/100|[silent]
|upkeep
|turn|18
|
|t:|1729263981
|switch|p1a: Metagross|Metagross|51/100
|switch|p2a: Skarmory|Skarmory, F|100/100
|
|upkeep
|turn|19
|
|t:|1729263987
|switch|p1a: Blaziken|Blaziken, M, shiny|14/100
|move|p2a: Skarmory|Spikes|p1a: Blaziken
|-sidestart|p1: lemoncholy|Spikes
|
|-heal|p1a: Blaziken|20/100|[from] item: Leftovers
|upkeep
|turn|20
|
|t:|1729263994
|move|p1a: Blaziken|Fire Blast|p2a: Skarmory
|-supereffective|p2a: Skarmory
|-damage|p2a: Skarmory|0 fnt
|faint|p2a: Skarmory
|
|t:|1729264003
|switch|p2a: Swampert|Swampert, F|88/100
|
|-heal|p1a: Blaziken|26/100|[from] item: Leftovers
|-heal|p2a: Swampert|94/100|[from] item: Leftovers
|upkeep
|turn|21
|
|t:|1729264017
|switch|p1a: Zapdos|Zapdos|100/100
|move|p2a: Swampert|Earthquake|p1a: Zapdos
|-immune|p1a: Zapdos
|
|-heal|p2a: Swampert|100/100|[from] item: Leftovers
|upkeep
|turn|22
|inactive|True Lawbringer has 270 seconds left.
|
|t:|1729264055
|switch|p2a: Blissey|Blissey, F, shiny|88/100
|move|p1a: Zapdos|Hidden Power|p2a: Blissey
|-damage|p2a: Blissey|79/100
|
|-heal|p2a: Blissey|85/100|[from] item: Leftovers
|upkeep
|turn|23
|inactive|True Lawbringer has 270 seconds left.
|
|t:|1729264063
|move|p1a: Zapdos|Baton Pass|p1a: Zapdos
|
|t:|1729264075
|switch|p1a: Claydol|Claydol|100/100|[from] Baton Pass
|move|p2a: Blissey|Toxic|p1a: Claydol
|-status|p1a: Claydol|tox
|
|-damage|p1a: Claydol|94/100 tox|[from] psn
|-heal|p2a: Blissey|91/100|[from] item: Leftovers
|upkeep
|turn|24
|
|t:|1729264088
|move|p2a: Blissey|Protect|p2a: Blissey
|-singleturn|p2a: Blissey|Protect
|move|p1a: Claydol|Rapid Spin|p2a: Blissey
|-activate|p2a: Blissey|Protect
|
|-heal|p1a: Claydol|100/100 tox|[from] item: Leftovers
|-damage|p1a: Claydol|88/100 tox|[from] psn
|-heal|p2a: Blissey|97/100|[from] item: Leftovers
|upkeep
|turn|25
|
|t:|1729264098
|move|p1a: Claydol|Rapid Spin|p2a: Blissey
|-damage|p2a: Blissey|92/100
|-sideend|p1: lemoncholy|Spikes|[from] move: Rapid Spin|[of] p1a: Claydol
|move|p2a: Blissey|Ice Beam|p1a: Claydol
|-supereffective|p1a: Claydol
|-damage|p1a: Claydol|28/100 tox
|
|-heal|p1a: Claydol|34/100 tox|[from] item: Leftovers
|-damage|p1a: Claydol|16/100 tox|[from] psn
|-heal|p2a: Blissey|98/100|[from] item: Leftovers
|upkeep
|turn|26
|
|t:|1729264109
|switch|p1a: Metagross|Metagross|51/100
|move|p2a: Blissey|Wish|p2a: Blissey
|
|-heal|p2a: Blissey|100/100|[from] item: Leftovers
|upkeep
|turn|27
|inactive|True Lawbringer has 270 seconds left.
|
|t:|1729264134
|switch|p1a: Zapdos|Zapdos|100/100
|switch|p2a: Starmie|Starmie|100/100
|
|upkeep
|turn|28
|
|t:|1729264141
|switch|p2a: Swampert|Swampert, F|100/100
|move|p1a: Zapdos|Thunderbolt|p2a: Swampert
|-immune|p2a: Swampert
|
|upkeep
|turn|29
|
|t:|1729264149
|move|p1a: Zapdos|Baton Pass|p1a: Zapdos
|
|t:|1729264156
|switch|p1a: Celebi|Celebi|79/100|[from] Baton Pass
|move|p2a: Swampert|Hydro Pump|p1a: Celebi
|-resisted|p1a: Celebi
|-damage|p1a: Celebi|63/100
|
|-heal|p1a: Celebi|69/100|[from] item: Leftovers
|upkeep
|turn|30
|
|t:|1729264163
|move|p2a: Swampert|Protect|p2a: Swampert
|-singleturn|p2a: Swampert|Protect
|move|p1a: Celebi|Giga Drain|p2a: Swampert
|-activate|p2a: Swampert|Protect
|
|-heal|p1a: Celebi|75/100|[from] item: Leftovers
|upkeep
|turn|31
|
|t:|1729264170
|move|p1a: Celebi|Leech Seed|p2a: Swampert
|-start|p2a: Swampert|move: Leech Seed
|move|p2a: Swampert|Ice Beam|p1a: Celebi
|-supereffective|p1a: Celebi
|-damage|p1a: Celebi|37/100
|
|-heal|p1a: Celebi|44/100|[from] item: Leftovers
|-damage|p2a: Swampert|88/100|[from] Leech Seed|[of] p1a: Celebi
|-heal|p1a: Celebi|58/100|[silent]
|upkeep
|turn|32
|
|t:|1729264178
|move|p1a: Celebi|Leech Seed||[still]
|-fail|p1a: Celebi
|move|p2a: Swampert|Ice Beam|p1a: Celebi
|-supereffective|p1a: Celebi
|-damage|p1a: Celebi|19/100
|-status|p1a: Celebi|frz
|
|-heal|p1a: Celebi|25/100 frz|[from] item: Leftovers
|-heal|p2a: Swampert|94/100|[from] item: Leftovers
|-damage|p2a: Swampert|82/100|[from] Leech Seed|[of] p1a: Celebi
|-heal|p1a: Celebi|40/100 frz|[silent]
|upkeep
|turn|33
|
|t:|1729264189
|-curestatus|p1a: Celebi|frz|[from] ability: Natural Cure
|switch|p1a: Metagross|Metagross|51/100
|move|p2a: Swampert|Ice Beam|p1a: Metagross
|-resisted|p1a: Metagross
|-damage|p1a: Metagross|39/100
|
|-heal|p2a: Swampert|88/100|[from] item: Leftovers
|-damage|p2a: Swampert|76/100|[from] Leech Seed|[of] p1a: Metagross
|-heal|p1a: Metagross|54/100|[silent]
|upkeep
|turn|34
|
|t:|1729264199
|switch|p1a: Zapdos|Zapdos|100/100
|move|p2a: Swampert|Earthquake|p1a: Zapdos
|-immune|p1a: Zapdos
|
|-heal|p2a: Swampert|82/100|[from] item: Leftovers
|-damage|p2a: Swampert|69/100|[from] Leech Seed|[of] p1a: Zapdos
|upkeep
|turn|35
|c|☆True Lawbringer|got me on that on e
|
|t:|1729264207
|switch|p2a: Starmie|Starmie|100/100
|move|p1a: Zapdos|Baton Pass|p1a: Zapdos
|
|t:|1729264217
|switch|p1a: Metagross|Metagross|54/100|[from] Baton Pass
|
|upkeep
|turn|36
|
|t:|1729264221
|move|p2a: Starmie|Hydro Pump|p1a: Metagross|[miss]
|-miss|p2a: Starmie|p1a: Metagross
|move|p1a: Metagross|Explosion|p2a: Starmie
|-damage|p2a: Starmie|0 fnt
|faint|p1a: Metagross
|faint|p2a: Starmie
|
|t:|1729264230
|switch|p2a: Swampert|Swampert, F|69/100
|switch|p1a: Celebi|Celebi|40/100
|
|-heal|p1a: Celebi|46/100|[from] item: Leftovers
|-heal|p2a: Swampert|76/100|[from] item: Leftovers
|upkeep
|turn|37
|
|t:|1729264236
|move|p1a: Celebi|Giga Drain|p2a: Swampert
|-supereffective|p2a: Swampert
|-damage|p2a: Swampert|0 fnt
|-heal|p1a: Celebi|90/100|[from] drain|[of] p2a: Swampert
|faint|p2a: Swampert
|
|t:|1729264241
|switch|p2a: Blissey|Blissey, F, shiny|100/100
|
|-heal|p1a: Celebi|96/100|[from] item: Leftovers
|upkeep
|turn|38
|c|☆True Lawbringer|gg
|c|☆lemoncholy|gg
|-message|True Lawbringer forfeited.
|
|win|lemoncholy
|player|p1|
|player|p2|
|player|p1|lemoncholy|will|

</script>
<script type="application/json" class="data" id="replaydata-smogtours-gen3ou-799518">
{"id":"smogtours-gen3ou-799518","format":"[Gen 3] OU","players":["lemoncholy","True Lawbringer"],"uploadtime":1729264248,"views":76,"formatid":"gen3ou","rating":null,"private":0,"password":null}
</script>

<script defer src="js/replays.js?9d40a366"></script>
