<!DOCTYPE html>
<meta charset="utf-8" />
<meta name="viewport" content="width=device-width" />

<title>[Gen 3] OU: lunasran vs. 3 blades - Replays - Pok&eacute;mon Showdown!</title>

<meta name="description" content="Watch a replay of a Pok&eacute;mon battle between lunasran and 3 blades! Format: [Gen 3] OU; Date: Oct 10, 2024" />
<!--

Hey, you! Looking in the source for the replay log?

You can find them in JSON format, just add `.json` at the end of a replay URL.

https://replay.pokemonshowdown.com/gen7randomdoublesbattle-865046831.json

Or, if you only need the log itself, add `.log` instead:

https://replay.pokemonshowdown.com/gen7randomdoublesbattle-865046831.log

-->

<link rel="stylesheet" href="//pokemonshowdown.com/style/global.css?0.023195364461161105" />
<link rel="stylesheet" href="//play.pokemonshowdown.com/style/font-awesome.css?0.13261647063804238" />
<link rel="stylesheet" href="//play.pokemonshowdown.com/style/battle.css?0.8753245789963631" />
<link rel="stylesheet" href="//play.pokemonshowdown.com/style/utilichart.css?0.8627959624976733" />

<!-- Global site tag (gtag.js) - Google Analytics -->
<script async src="https://www.googletagmanager.com/gtag/js?id=UA-26211653-1"></script>
<script>
  window.dataLayer = window.dataLayer || [];
  function gtag(){dataLayer.push(arguments);}
  gtag('js', new Date());

  gtag('config', 'UA-26211653-1');
</script>
<!-- End Google Analytics -->
<!-- Venatus Ad Manager - Install in <HEAD> of page -->
	<script src="https://hb.vntsm.com/v3/live/ad-manager.min.js" type="text/javascript" data-site-id="642aba63ec9a7b11c3c9c1be" data-mode="scan" async></script>
<!-- / Venatus Ad Manager -->

<style>
	@media (max-width:820px) {
		.battle {
			margin: 0 auto;
		}
		.battle-log {
			margin: 7px auto 0;
			max-width: 640px;
			height: 300px;
			position: static;
		}
	}
	.optgroup {
		display: inline-block;
		line-height: 22px;
		font-size: 10pt;
	}
	.optgroup .button {
		height: 25px;
		padding-top: 0;
		padding-bottom: 0;
	}
	.optgroup button.button {
		padding-left: 12px;
		padding-right: 12px;
	}
	.linklist {
		list-style: none;
		margin: 0.5em 0;
		padding: 0;
	}
	.linklist li {
		padding: 2px 0;
	}
	.sidebar {
		float: left;
		width: 320px;
	}
	.bar-wrapper {
		max-width: 1100px;
		margin: 0 auto;
	}
	.bar-wrapper.has-sidebar {
		max-width: 1430px;
	}
	.mainbar {
		margin: 0;
		padding-right: 1px;
	}
	.mainbar.has-sidebar {
		margin-left: 330px;
	}
	@media (min-width: 1511px) {
		.sidebar {
			width: 400px;
		}
		.bar-wrapper.has-sidebar {
			max-width: 1510px;
		}
		.mainbar.has-sidebar {
			margin-left: 410px;
		}
	}
	.section.first-section {
		margin-top: 9px;
	}
	.blocklink small {
		white-space: normal;
	}
	.button {
		vertical-align: middle;
	}
	.replay-controls {
		padding-top: 10px;
	}
	.replay-controls h1 {
		font-size: 16pt;
		font-weight: normal;
		color: #CCC;
	}
	.pagelink {
		text-align: center;
	}
	.pagelink a {
		width: 150px;
	}
	.textbox, .button {
		font-size: 11pt;
		vertical-align: middle;
	}
	@media (max-width: 450px) {
		.button {
			font-size: 9pt;
		}
	}
</style>

<div>

	<header>
		<div class="nav-wrapper"><ul class="nav">
			<li><a class="button nav-first" href="//pokemonshowdown.com/"><img src="//pokemonshowdown.com/images/pokemonshowdownbeta.png" srcset="//pokemonshowdown.com/images/pokemonshowdownbeta.png 1x, //pokemonshowdown.com/images/pokemonshowdownbeta@2x.png 2x" alt="Pok&eacute;mon Showdown" width="146" height="44" /> Home</a></li>
			<li><a class="button" href="//pokemonshowdown.com/dex/">Pok&eacute;dex</a></li>
			<li><a class="button cur" href="/">Replays</a></li>
			<li><a class="button" href="//pokemonshowdown.com/ladder/">Ladder</a></li>
			<li><a class="button nav-last" href="//pokemonshowdown.com/forums/">Forum</a></li>
			<li><a class="button greenbutton nav-first nav-last" href="//play.pokemonshowdown.com/">Play</a></li>
		</ul></div>
	</header>

	<div class="main" id="main">

		<noscript><section class="section">You need to enable JavaScript to use this page; sorry!</section></noscript>

	</div>

</div>

<script defer nomodule src="//play.pokemonshowdown.com/js/lib/ps-polyfill.js"></script>
<script defer src="//play.pokemonshowdown.com/js/lib/preact.min.js"></script>

<script defer src="//play.pokemonshowdown.com/config/config.js?2bddbc15"></script>
<script defer src="//play.pokemonshowdown.com/js/lib/jquery-1.11.0.min.js"></script>
<script defer src="//play.pokemonshowdown.com/js/lib/html-sanitizer-minified.js"></script>
<script defer src="//play.pokemonshowdown.com/js/battle-sound.js"></script>
<script defer src="//play.pokemonshowdown.com/js/battledata.js?0.7209276989879541"></script>
<script defer src="//play.pokemonshowdown.com/data/pokedex-mini.js?0.6111056340867951"></script>
<script defer src="//play.pokemonshowdown.com/data/pokedex-mini-bw.js?0.3532142036491459"></script>
<script defer src="//play.pokemonshowdown.com/data/graphics.js?0.24223875632456182"></script>
<script defer src="//play.pokemonshowdown.com/data/pokedex.js?0.38839984266356864"></script>
<script defer src="//play.pokemonshowdown.com/data/moves.js?0.21866028504024015"></script>
<script defer src="//play.pokemonshowdown.com/data/abilities.js?0.2005157953846628"></script>
<script defer src="//play.pokemonshowdown.com/data/items.js?0.9894211263848525"></script>
<script defer src="//play.pokemonshowdown.com/data/teambuilder-tables.js?0.6008791140282215"></script>
<script defer src="//play.pokemonshowdown.com/js/battle-tooltips.js?0.7580118955022959"></script>
<script defer src="//play.pokemonshowdown.com/js/battle.js?0.6057722274234274"></script>

<script defer src="js/utils.js?e31f9a17"></script>
<script defer src="js/replays-battle.js?7008c182"></script>

<!-- don't scrape this data! just add .json or .log after the URL!
Full API docs: https://github.com/smogon/pokemon-showdown-client/blob/master/WEB-API.md -->
<script type="text/plain" class="log" id="replaylog-smogtours-gen3ou-796996">
|inactive|Battle timer is ON: inactive players will automatically lose when time's up.
|t:|1728591122
|gametype|singles
|player|p1|lunasran|erika|
|player|p2|3 blades|guzma|
|teamsize|p1|6
|teamsize|p2|6
|gen|3
|tier|[Gen 3] OU
|rule|Sleep Clause Mod: Limit one foe put to sleep
|rule|Switch Priority Clause Mod: Faster Pokémon switch first
|rule|Species Clause: Limit one of each Pokémon
|rule|OHKO Clause: OHKO moves are banned
|rule|Evasion Items Clause: Evasion items are banned
|rule|Evasion Moves Clause: Evasion moves are banned
|rule|Endless Battle Clause: Forcing endless battles is banned
|rule|HP Percentage Mod: HP is shown in percentages
|rule|One Boost Passer Clause: Limit one Baton Passer that has a way to boost its stats
|rule|Freeze Clause Mod: Limit one foe frozen
|
|t:|1728591122
|start
|switch|p1a: Breloom|Breloom, F, shiny|100/100
|switch|p2a: DIVER DOWN|Vaporeon, F|100/100
|turn|1
|c|☆3 blades|HF
|c|☆lunasran|glhf
|inactive|3 blades has 270 seconds left.
|inactive|3 blades has 240 seconds left.
|
|t:|1728591198
|move|p1a: Breloom|Spore|p2a: DIVER DOWN
|-status|p2a: DIVER DOWN|slp|[from] move: Spore
|cant|p2a: DIVER DOWN|slp
|
|upkeep
|turn|2
|
|t:|1728591214
|switch|p1a: Zapdos|Zapdos, shiny|100/100
|cant|p2a: DIVER DOWN|slp
|
|upkeep
|turn|3
|
|t:|1728591235
|switch|p2a: CRAZY DIAMOND|Tyranitar, F|100/100
|-weather|Sandstorm|[from] ability: Sand Stream|[of] p2a: CRAZY DIAMOND
|move|p1a: Zapdos|Thunderbolt|p2a: CRAZY DIAMOND
|-damage|p2a: CRAZY DIAMOND|44/100
|
|-weather|Sandstorm|[upkeep]
|-damage|p1a: Zapdos|94/100|[from] Sandstorm
|-heal|p1a: Zapdos|100/100|[from] item: Leftovers
|-heal|p2a: CRAZY DIAMOND|50/100|[from] item: Leftovers
|upkeep
|turn|4
|inactive|lunasran has 270 seconds left.
|inactive|3 blades has 270 seconds left.
|
|t:|1728591273
|switch|p2a: TICKET TO RIDE|Raikou|100/100
|move|p1a: Zapdos|Thunderbolt|p2a: TICKET TO RIDE
|-resisted|p2a: TICKET TO RIDE
|-damage|p2a: TICKET TO RIDE|73/100
|
|-weather|Sandstorm|[upkeep]
|-damage|p2a: TICKET TO RIDE|67/100|[from] Sandstorm
|-damage|p1a: Zapdos|94/100|[from] Sandstorm
|-heal|p2a: TICKET TO RIDE|73/100|[from] item: Leftovers
|-heal|p1a: Zapdos|100/100|[from] item: Leftovers
|upkeep
|turn|5
|inactive|3 blades has 270 seconds left.
|inactive|lunasran has 240 seconds left.
|inactive|3 blades has 240 seconds left.
|
|t:|1728591314
|switch|p1a: Snorlax|Snorlax, F, shiny|100/100
|move|p2a: TICKET TO RIDE|Thunderbolt|p1a: Snorlax
|-damage|p1a: Snorlax|73/100
|
|-weather|Sandstorm|[upkeep]
|-damage|p2a: TICKET TO RIDE|67/100|[from] Sandstorm
|-damage|p1a: Snorlax|67/100|[from] Sandstorm
|-heal|p2a: TICKET TO RIDE|73/100|[from] item: Leftovers
|-heal|p1a: Snorlax|73/100|[from] item: Leftovers
|upkeep
|turn|6
|inactive|3 blades has 240 seconds left.
|
|t:|1728591328
|switch|p2a: CRAZY DIAMOND|Tyranitar, F|50/100
|move|p1a: Snorlax|Curse|p1a: Snorlax
|-unboost|p1a: Snorlax|spe|1
|-boost|p1a: Snorlax|atk|1
|-boost|p1a: Snorlax|def|1
|
|-weather|Sandstorm|[upkeep]
|-damage|p1a: Snorlax|67/100|[from] Sandstorm
|-heal|p2a: CRAZY DIAMOND|57/100|[from] item: Leftovers
|-heal|p1a: Snorlax|73/100|[from] item: Leftovers
|upkeep
|turn|7
|inactive|lunasran has 210 seconds left.
|
|t:|1728591360
|move|p2a: CRAZY DIAMOND|Rock Slide|p1a: Snorlax
|-damage|p1a: Snorlax|49/100
|cant|p1a: Snorlax|flinch
|
|-weather|Sandstorm|[upkeep]
|-damage|p1a: Snorlax|42/100|[from] Sandstorm
|-heal|p2a: CRAZY DIAMOND|63/100|[from] item: Leftovers
|-heal|p1a: Snorlax|49/100|[from] item: Leftovers
|upkeep
|turn|8
|inactive|lunasran has 210 seconds left.
|
|t:|1728591387
|switch|p1a: Suicune|Suicune, shiny|100/100
|move|p2a: CRAZY DIAMOND|Rock Slide|p1a: Suicune
|-damage|p1a: Suicune|60/100
|
|-weather|Sandstorm|[upkeep]
|-damage|p1a: Suicune|54/100|[from] Sandstorm
|-heal|p1a: Suicune|60/100|[from] item: Leftovers
|-heal|p2a: CRAZY DIAMOND|69/100|[from] item: Leftovers
|upkeep
|turn|9
|inactive|3 blades has 240 seconds left.
|inactive|lunasran has 180 seconds left.
|
|t:|1728591423
|switch|p2a: TICKET TO RIDE|Raikou|73/100
|move|p1a: Suicune|Surf|p2a: TICKET TO RIDE
|-damage|p2a: TICKET TO RIDE|25/100
|
|-weather|Sandstorm|[upkeep]
|-damage|p2a: TICKET TO RIDE|19/100|[from] Sandstorm
|-damage|p1a: Suicune|54/100|[from] Sandstorm
|-heal|p2a: TICKET TO RIDE|25/100|[from] item: Leftovers
|-heal|p1a: Suicune|60/100|[from] item: Leftovers
|upkeep
|turn|10
|
|t:|1728591441
|switch|p1a: Jirachi|Jirachi, shiny|100/100
|move|p2a: TICKET TO RIDE|Thunderbolt|p1a: Jirachi
|-damage|p1a: Jirachi|55/100
|
|-weather|Sandstorm|[upkeep]
|-damage|p2a: TICKET TO RIDE|19/100|[from] Sandstorm
|-heal|p2a: TICKET TO RIDE|25/100|[from] item: Leftovers
|-heal|p1a: Jirachi|61/100|[from] item: Leftovers
|upkeep
|turn|11
|
|t:|1728591465
|switch|p2a: CRAZY DIAMOND|Tyranitar, F|69/100
|move|p1a: Jirachi|Psychic|p2a: CRAZY DIAMOND
|-immune|p2a: CRAZY DIAMOND
|
|-weather|Sandstorm|[upkeep]
|-heal|p1a: Jirachi|67/100|[from] item: Leftovers
|-heal|p2a: CRAZY DIAMOND|75/100|[from] item: Leftovers
|upkeep
|turn|12
|inactive|lunasran has 150 seconds left.
|
|t:|1728591495
|move|p1a: Jirachi|Thunderbolt|p2a: CRAZY DIAMOND
|-damage|p2a: CRAZY DIAMOND|50/100
|-status|p2a: CRAZY DIAMOND|par
|cant|p2a: CRAZY DIAMOND|par
|
|-weather|Sandstorm|[upkeep]
|-heal|p1a: Jirachi|74/100|[from] item: Leftovers
|-heal|p2a: CRAZY DIAMOND|56/100 par|[from] item: Leftovers
|upkeep
|turn|13
|inactive|lunasran has 150 seconds left.
|
|t:|1728591505
|move|p1a: Jirachi|Wish|p1a: Jirachi
|move|p2a: CRAZY DIAMOND|Earthquake|p1a: Jirachi
|-supereffective|p1a: Jirachi
|-damage|p1a: Jirachi|19/100
|
|-weather|Sandstorm|[upkeep]
|-heal|p1a: Jirachi|25/100|[from] item: Leftovers
|-heal|p2a: CRAZY DIAMOND|62/100 par|[from] item: Leftovers
|upkeep
|turn|14
|inactive|lunasran has 150 seconds left.
|
|t:|1728591522
|switch|p1a: Zapdos|Zapdos, shiny|100/100
|cant|p2a: CRAZY DIAMOND|par
|
|-weather|Sandstorm|[upkeep]
|-damage|p1a: Zapdos|94/100|[from] Sandstorm
|-heal|p1a: Zapdos|100/100|[from] item: Leftovers
|-heal|p2a: CRAZY DIAMOND|69/100 par|[from] item: Leftovers
|upkeep
|turn|15
|inactive|lunasran has 150 seconds left.
|
|t:|1728591530
|move|p1a: Zapdos|Hidden Power|p2a: CRAZY DIAMOND
|-supereffective|p2a: CRAZY DIAMOND
|-damage|p2a: CRAZY DIAMOND|11/100 par
|move|p2a: CRAZY DIAMOND|Rock Slide|p1a: Zapdos
|-supereffective|p1a: Zapdos
|-damage|p1a: Zapdos|0 fnt
|faint|p1a: Zapdos
|inactive|lunasran has 150 seconds left.
|
|t:|1728591557
|switch|p1a: Suicune|Suicune, shiny|60/100
|
|-weather|Sandstorm|[upkeep]
|-damage|p1a: Suicune|54/100|[from] Sandstorm
|-heal|p1a: Suicune|60/100|[from] item: Leftovers
|-heal|p2a: CRAZY DIAMOND|17/100 par|[from] item: Leftovers
|upkeep
|turn|16
|inactive|3 blades has 240 seconds left.
|
|t:|1728591569
|move|p1a: Suicune|Ice Beam|p2a: CRAZY DIAMOND
|-damage|p2a: CRAZY DIAMOND|0 fnt
|faint|p2a: CRAZY DIAMOND
|inactive|3 blades has 240 seconds left.
|
|t:|1728591574
|switch|p2a: TICKET TO RIDE|Raikou|25/100
|
|-weather|Sandstorm|[upkeep]
|-damage|p2a: TICKET TO RIDE|19/100|[from] Sandstorm
|-damage|p1a: Suicune|54/100|[from] Sandstorm
|-heal|p2a: TICKET TO RIDE|25/100|[from] item: Leftovers
|-heal|p1a: Suicune|60/100|[from] item: Leftovers
|upkeep
|turn|17
|
|t:|1728591598
|switch|p1a: Snorlax|Snorlax, F, shiny|49/100
|move|p2a: TICKET TO RIDE|Thunderbolt|p1a: Snorlax
|-damage|p1a: Snorlax|18/100
|
|-weather|Sandstorm|[upkeep]
|-damage|p2a: TICKET TO RIDE|19/100|[from] Sandstorm
|-damage|p1a: Snorlax|12/100|[from] Sandstorm
|-heal|p2a: TICKET TO RIDE|25/100|[from] item: Leftovers
|-heal|p1a: Snorlax|18/100|[from] item: Leftovers
|upkeep
|turn|18
|
|t:|1728591607
|move|p2a: TICKET TO RIDE|Thunderbolt|p1a: Snorlax
|-damage|p1a: Snorlax|0 fnt
|faint|p1a: Snorlax
|
|t:|1728591620
|switch|p1a: Aerodactyl|Aerodactyl, F, shiny|100/100
|
|-weather|Sandstorm|[upkeep]
|-damage|p2a: TICKET TO RIDE|19/100|[from] Sandstorm
|-heal|p2a: TICKET TO RIDE|25/100|[from] item: Leftovers
|upkeep
|turn|19
|
|t:|1728591637
|switch|p2a: DIVER DOWN|Vaporeon, F|100/100 slp
|move|p1a: Aerodactyl|Earthquake|p2a: DIVER DOWN
|-damage|p2a: DIVER DOWN|44/100 slp
|
|-weather|Sandstorm|[upkeep]
|-damage|p2a: DIVER DOWN|38/100 slp|[from] Sandstorm
|upkeep
|turn|20
|
|t:|1728591644
|switch|p2a: KILLER QUEEN|Salamence, F|100/100
|-ability|p2a: KILLER QUEEN|Intimidate|boost
|-unboost|p1a: Aerodactyl|atk|1
|move|p1a: Aerodactyl|Earthquake|p2a: KILLER QUEEN
|-immune|p2a: KILLER QUEEN
|
|-weather|Sandstorm|[upkeep]
|-damage|p2a: KILLER QUEEN|94/100|[from] Sandstorm
|-heal|p2a: KILLER QUEEN|100/100|[from] item: Leftovers
|upkeep
|turn|21
|inactive|3 blades has 270 seconds left.
|
|t:|1728591658
|switch|p1a: Suicune|Suicune, shiny|60/100
|move|p2a: KILLER QUEEN|Hidden Power|p1a: Suicune
|-damage|p1a: Suicune|21/100
|
|-weather|Sandstorm|[upkeep]
|-damage|p2a: KILLER QUEEN|94/100|[from] Sandstorm
|-damage|p1a: Suicune|15/100|[from] Sandstorm
|-heal|p2a: KILLER QUEEN|100/100|[from] item: Leftovers
|-heal|p1a: Suicune|21/100|[from] item: Leftovers
|upkeep
|turn|22
|inactive|3 blades has 270 seconds left.
|
|t:|1728591670
|move|p2a: KILLER QUEEN|Hidden Power|p1a: Suicune
|-crit|p1a: Suicune
|-damage|p1a: Suicune|0 fnt
|faint|p1a: Suicune
|
|t:|1728591679
|switch|p1a: Aerodactyl|Aerodactyl, F, shiny|100/100
|
|-weather|Sandstorm|[upkeep]
|-damage|p2a: KILLER QUEEN|94/100|[from] Sandstorm
|-heal|p2a: KILLER QUEEN|100/100|[from] item: Leftovers
|upkeep
|turn|23
|
|t:|1728591688
|switch|p2a: STAR PLATINUM|Swampert, F|100/100
|move|p1a: Aerodactyl|Rock Slide|p2a: STAR PLATINUM
|-resisted|p2a: STAR PLATINUM
|-damage|p2a: STAR PLATINUM|74/100
|
|-weather|Sandstorm|[upkeep]
|upkeep
|turn|24
|
|t:|1728591699
|switch|p1a: Breloom|Breloom, F, shiny|100/100
|move|p2a: STAR PLATINUM|Substitute|p2a: STAR PLATINUM
|-start|p2a: STAR PLATINUM|Substitute
|-damage|p2a: STAR PLATINUM|49/100
|
|-weather|Sandstorm|[upkeep]
|-damage|p1a: Breloom|94/100|[from] Sandstorm
|-heal|p1a: Breloom|100/100|[from] item: Leftovers
|upkeep
|turn|25
|
|t:|1728591728
|move|p1a: Breloom|Sky Uppercut|p2a: STAR PLATINUM
|-end|p2a: STAR PLATINUM|Substitute
|move|p2a: STAR PLATINUM|Substitute|p2a: STAR PLATINUM
|-start|p2a: STAR PLATINUM|Substitute
|-damage|p2a: STAR PLATINUM|24/100
|
|-weather|Sandstorm|[upkeep]
|-damage|p1a: Breloom|94/100|[from] Sandstorm
|-heal|p1a: Breloom|100/100|[from] item: Leftovers
|-enditem|p2a: STAR PLATINUM|Salac Berry|[eat]
|-boost|p2a: STAR PLATINUM|spe|1|[from] item: Salac Berry
|upkeep
|turn|26
|
|t:|1728591739
|move|p2a: STAR PLATINUM|Ice Beam|p1a: Breloom
|-supereffective|p1a: Breloom
|-damage|p1a: Breloom|1/100
|move|p1a: Breloom|Sky Uppercut|p2a: STAR PLATINUM
|-end|p2a: STAR PLATINUM|Substitute
|
|-weather|Sandstorm|[upkeep]
|-damage|p1a: Breloom|0 fnt|[from] Sandstorm
|faint|p1a: Breloom
|upkeep
|inactive|lunasran has 120 seconds left.
|
|t:|1728591750
|switch|p1a: Aerodactyl|Aerodactyl, F, shiny|100/100
|turn|27
|
|t:|1728591754
|move|p1a: Aerodactyl|Double-Edge|p2a: STAR PLATINUM
|-damage|p2a: STAR PLATINUM|0 fnt
|faint|p2a: STAR PLATINUM
|
|t:|1728591758
|switch|p2a: KILLER QUEEN|Salamence, F|100/100
|-ability|p2a: KILLER QUEEN|Intimidate|boost
|-unboost|p1a: Aerodactyl|atk|1
|
|-weather|Sandstorm|[upkeep]
|-damage|p2a: KILLER QUEEN|94/100|[from] Sandstorm
|-heal|p2a: KILLER QUEEN|100/100|[from] item: Leftovers
|upkeep
|turn|28
|
|t:|1728591767
|switch|p1a: Jirachi|Jirachi, shiny|25/100
|move|p2a: KILLER QUEEN|Dragon Dance|p2a: KILLER QUEEN
|-boost|p2a: KILLER QUEEN|atk|1
|-boost|p2a: KILLER QUEEN|spe|1
|
|-weather|Sandstorm|[upkeep]
|-damage|p2a: KILLER QUEEN|94/100|[from] Sandstorm
|-heal|p2a: KILLER QUEEN|100/100|[from] item: Leftovers
|-heal|p1a: Jirachi|32/100|[from] item: Leftovers
|upkeep
|turn|29
|
|t:|1728591780
|move|p2a: KILLER QUEEN|Earthquake|p1a: Jirachi
|-supereffective|p1a: Jirachi
|-damage|p1a: Jirachi|0 fnt
|faint|p1a: Jirachi
|
|t:|1728591785
|switch|p1a: Aerodactyl|Aerodactyl, F, shiny|100/100
|
|-weather|Sandstorm|[upkeep]
|-damage|p2a: KILLER QUEEN|94/100|[from] Sandstorm
|-heal|p2a: KILLER QUEEN|100/100|[from] item: Leftovers
|upkeep
|turn|30
|inactive|lunasran has 150 seconds left.
|
|t:|1728591799
|move|p2a: KILLER QUEEN|Rock Slide|p1a: Aerodactyl|[miss]
|-miss|p2a: KILLER QUEEN|p1a: Aerodactyl
|move|p1a: Aerodactyl|Rock Slide|p2a: KILLER QUEEN
|-supereffective|p2a: KILLER QUEEN
|-damage|p2a: KILLER QUEEN|0 fnt
|faint|p2a: KILLER QUEEN
|
|t:|1728591806
|switch|p2a: HERMIT PURPLE|Metagross|100/100
|
|-weather|Sandstorm|[upkeep]
|upkeep
|turn|31
|
|t:|1728591810
|move|p1a: Aerodactyl|Rock Slide|p2a: HERMIT PURPLE
|-resisted|p2a: HERMIT PURPLE
|-damage|p2a: HERMIT PURPLE|82/100
|cant|p2a: HERMIT PURPLE|flinch
|
|-weather|Sandstorm|[upkeep]
|-heal|p2a: HERMIT PURPLE|88/100|[from] item: Leftovers
|upkeep
|turn|32
|
|t:|1728591817
|move|p1a: Aerodactyl|Rock Slide|p2a: HERMIT PURPLE
|-resisted|p2a: HERMIT PURPLE
|-damage|p2a: HERMIT PURPLE|69/100
|move|p2a: HERMIT PURPLE|Thunder Punch|p1a: Aerodactyl
|-supereffective|p1a: Aerodactyl
|-damage|p1a: Aerodactyl|34/100
|
|-weather|Sandstorm|[upkeep]
|-heal|p2a: HERMIT PURPLE|75/100|[from] item: Leftovers
|upkeep
|turn|33
|
|t:|1728591825
|move|p1a: Aerodactyl|Rock Slide|p2a: HERMIT PURPLE
|-resisted|p2a: HERMIT PURPLE
|-damage|p2a: HERMIT PURPLE|55/100
|move|p2a: HERMIT PURPLE|Thunder Punch|p1a: Aerodactyl
|-supereffective|p1a: Aerodactyl
|-damage|p1a: Aerodactyl|0 fnt
|faint|p1a: Aerodactyl
|
|win|3 blades
|c|☆3 blades|gg
|c|☆lunasran|ggs

</script>
<script type="application/json" class="data" id="replaydata-smogtours-gen3ou-796996">
{"id":"smogtours-gen3ou-796996","format":"[Gen 3] OU","players":["lunasran","3 blades"],"uploadtime":1728591825,"views":136,"formatid":"gen3ou","rating":null,"private":0,"password":null}
</script>

<script defer src="js/replays.js?9d40a366"></script>
