<!DOCTYPE html>
<meta charset="utf-8" />
<meta name="viewport" content="width=device-width" />

<title>[Gen 3] OU: Lunarvania vs. knexhawk2 - Replays - Pok&eacute;mon Showdown!</title>

<meta name="description" content="Watch a replay of a Pok&eacute;mon battle between Lunarvania and knexhawk2! Format: [Gen 3] OU; Date: Oct 4, 2024" />
<!--

Hey, you! Looking in the source for the replay log?

You can find them in JSON format, just add `.json` at the end of a replay URL.

https://replay.pokemonshowdown.com/gen7randomdoublesbattle-865046831.json

Or, if you only need the log itself, add `.log` instead:

https://replay.pokemonshowdown.com/gen7randomdoublesbattle-865046831.log

-->

<link rel="stylesheet" href="//pokemonshowdown.com/style/global.css?0.023195364461161105" />
<link rel="stylesheet" href="//play.pokemonshowdown.com/style/font-awesome.css?0.13261647063804238" />
<link rel="stylesheet" href="//play.pokemonshowdown.com/style/battle.css?0.8753245789963631" />
<link rel="stylesheet" href="//play.pokemonshowdown.com/style/utilichart.css?0.8627959624976733" />

<!-- Global site tag (gtag.js) - Google Analytics -->
<script async src="https://www.googletagmanager.com/gtag/js?id=UA-26211653-1"></script>
<script>
  window.dataLayer = window.dataLayer || [];
  function gtag(){dataLayer.push(arguments);}
  gtag('js', new Date());

  gtag('config', 'UA-26211653-1');
</script>
<!-- End Google Analytics -->
<!-- Venatus Ad Manager - Install in <HEAD> of page -->
	<script src="https://hb.vntsm.com/v3/live/ad-manager.min.js" type="text/javascript" data-site-id="642aba63ec9a7b11c3c9c1be" data-mode="scan" async></script>
<!-- / Venatus Ad Manager -->

<style>
	@media (max-width:820px) {
		.battle {
			margin: 0 auto;
		}
		.battle-log {
			margin: 7px auto 0;
			max-width: 640px;
			height: 300px;
			position: static;
		}
	}
	.optgroup {
		display: inline-block;
		line-height: 22px;
		font-size: 10pt;
	}
	.optgroup .button {
		height: 25px;
		padding-top: 0;
		padding-bottom: 0;
	}
	.optgroup button.button {
		padding-left: 12px;
		padding-right: 12px;
	}
	.linklist {
		list-style: none;
		margin: 0.5em 0;
		padding: 0;
	}
	.linklist li {
		padding: 2px 0;
	}
	.sidebar {
		float: left;
		width: 320px;
	}
	.bar-wrapper {
		max-width: 1100px;
		margin: 0 auto;
	}
	.bar-wrapper.has-sidebar {
		max-width: 1430px;
	}
	.mainbar {
		margin: 0;
		padding-right: 1px;
	}
	.mainbar.has-sidebar {
		margin-left: 330px;
	}
	@media (min-width: 1511px) {
		.sidebar {
			width: 400px;
		}
		.bar-wrapper.has-sidebar {
			max-width: 1510px;
		}
		.mainbar.has-sidebar {
			margin-left: 410px;
		}
	}
	.section.first-section {
		margin-top: 9px;
	}
	.blocklink small {
		white-space: normal;
	}
	.button {
		vertical-align: middle;
	}
	.replay-controls {
		padding-top: 10px;
	}
	.replay-controls h1 {
		font-size: 16pt;
		font-weight: normal;
		color: #CCC;
	}
	.pagelink {
		text-align: center;
	}
	.pagelink a {
		width: 150px;
	}
	.textbox, .button {
		font-size: 11pt;
		vertical-align: middle;
	}
	@media (max-width: 450px) {
		.button {
			font-size: 9pt;
		}
	}
</style>

<div>

	<header>
		<div class="nav-wrapper"><ul class="nav">
			<li><a class="button nav-first" href="//pokemonshowdown.com/"><img src="//pokemonshowdown.com/images/pokemonshowdownbeta.png" srcset="//pokemonshowdown.com/images/pokemonshowdownbeta.png 1x, //pokemonshowdown.com/images/pokemonshowdownbeta@2x.png 2x" alt="Pok&eacute;mon Showdown" width="146" height="44" /> Home</a></li>
			<li><a class="button" href="//pokemonshowdown.com/dex/">Pok&eacute;dex</a></li>
			<li><a class="button cur" href="/">Replays</a></li>
			<li><a class="button" href="//pokemonshowdown.com/ladder/">Ladder</a></li>
			<li><a class="button nav-last" href="//pokemonshowdown.com/forums/">Forum</a></li>
			<li><a class="button greenbutton nav-first nav-last" href="//play.pokemonshowdown.com/">Play</a></li>
		</ul></div>
	</header>

	<div class="main" id="main">

		<noscript><section class="section">You need to enable JavaScript to use this page; sorry!</section></noscript>

	</div>

</div>

<script defer nomodule src="//play.pokemonshowdown.com/js/lib/ps-polyfill.js"></script>
<script defer src="//play.pokemonshowdown.com/js/lib/preact.min.js"></script>

<script defer src="//play.pokemonshowdown.com/config/config.js?2bddbc15"></script>
<script defer src="//play.pokemonshowdown.com/js/lib/jquery-1.11.0.min.js"></script>
<script defer src="//play.pokemonshowdown.com/js/lib/html-sanitizer-minified.js"></script>
<script defer src="//play.pokemonshowdown.com/js/battle-sound.js"></script>
<script defer src="//play.pokemonshowdown.com/js/battledata.js?0.7209276989879541"></script>
<script defer src="//play.pokemonshowdown.com/data/pokedex-mini.js?0.6111056340867951"></script>
<script defer src="//play.pokemonshowdown.com/data/pokedex-mini-bw.js?0.3532142036491459"></script>
<script defer src="//play.pokemonshowdown.com/data/graphics.js?0.24223875632456182"></script>
<script defer src="//play.pokemonshowdown.com/data/pokedex.js?0.38839984266356864"></script>
<script defer src="//play.pokemonshowdown.com/data/moves.js?0.21866028504024015"></script>
<script defer src="//play.pokemonshowdown.com/data/abilities.js?0.2005157953846628"></script>
<script defer src="//play.pokemonshowdown.com/data/items.js?0.9894211263848525"></script>
<script defer src="//play.pokemonshowdown.com/data/teambuilder-tables.js?0.6008791140282215"></script>
<script defer src="//play.pokemonshowdown.com/js/battle-tooltips.js?0.7580118955022959"></script>
<script defer src="//play.pokemonshowdown.com/js/battle.js?0.6057722274234274"></script>

<script defer src="js/utils.js?e31f9a17"></script>
<script defer src="js/replays-battle.js?7008c182"></script>

<!-- don't scrape this data! just add .json or .log after the URL!
Full API docs: https://github.com/smogon/pokemon-showdown-client/blob/master/WEB-API.md -->
<script type="text/plain" class="log" id="replaylog-smogtours-gen3ou-794604">
|inactive|Battle timer is ON: inactive players will automatically lose when time's up.
|t:|1728062567
|gametype|singles
|player|p1|Lunarvania|sage|
|player|p2|knexhawk2|benga|
|teamsize|p1|6
|teamsize|p2|6
|gen|3
|tier|[Gen 3] OU
|rule|Sleep Clause Mod: Limit one foe put to sleep
|rule|Switch Priority Clause Mod: Faster Pokémon switch first
|rule|Species Clause: Limit one of each Pokémon
|rule|OHKO Clause: OHKO moves are banned
|rule|Evasion Items Clause: Evasion items are banned
|rule|Evasion Moves Clause: Evasion moves are banned
|rule|Endless Battle Clause: Forcing endless battles is banned
|rule|HP Percentage Mod: HP is shown in percentages
|rule|One Boost Passer Clause: Limit one Baton Passer that has a way to boost its stats
|rule|Freeze Clause Mod: Limit one foe frozen
|
|t:|1728062567
|start
|switch|p1a: Salamence|Salamence, M|100/100
|switch|p2a: Slaking|Slaking, M|100/100
|-ability|p1a: Salamence|Intimidate|boost
|-unboost|p2a: Slaking|atk|1
|turn|1
|
|t:|1728062582
|switch|p2a: Moltres|Moltres|100/100
|switch|p1a: Skarmory|Skarmory, F|100/100
|
|upkeep
|turn|2
|
|t:|1728062596
|switch|p1a: Salamence|Salamence, M|100/100
|-ability|p1a: Salamence|Intimidate|boost
|-unboost|p2a: Moltres|atk|1
|move|p2a: Moltres|Flamethrower|p1a: Salamence
|-resisted|p1a: Salamence
|-damage|p1a: Salamence|71/100
|
|-heal|p1a: Salamence|77/100|[from] item: Leftovers
|upkeep
|turn|3
|
|t:|1728062603
|switch|p2a: Forretress|Forretress, M|100/100
|move|p1a: Salamence|Hydro Pump|p2a: Forretress|[miss]
|-miss|p1a: Salamence|p2a: Forretress
|
|-heal|p1a: Salamence|84/100|[from] item: Leftovers
|upkeep
|turn|4
|
|t:|1728062607
|switch|p2a: Blissey|Blissey, F|100/100
|move|p1a: Salamence|Fire Blast|p2a: Blissey
|-damage|p2a: Blissey|85/100
|
|-heal|p1a: Salamence|90/100|[from] item: Leftovers
|-heal|p2a: Blissey|91/100|[from] item: Leftovers
|upkeep
|turn|5
|
|t:|1728062611
|switch|p1a: Tyranitar|Tyranitar, M|100/100
|-weather|Sandstorm|[from] ability: Sand Stream|[of] p1a: Tyranitar
|move|p2a: Blissey|Seismic Toss|p1a: Tyranitar
|-damage|p1a: Tyranitar|76/100
|
|-weather|Sandstorm|[upkeep]
|-damage|p2a: Blissey|85/100|[from] Sandstorm
|-heal|p1a: Tyranitar|82/100|[from] item: Leftovers
|-heal|p2a: Blissey|91/100|[from] item: Leftovers
|upkeep
|turn|6
|
|t:|1728062620
|switch|p2a: Swampert|Swampert, F|100/100
|move|p1a: Tyranitar|Rock Slide|p2a: Swampert
|-resisted|p2a: Swampert
|-damage|p2a: Swampert|84/100
|
|-weather|Sandstorm|[upkeep]
|-heal|p2a: Swampert|91/100|[from] item: Leftovers
|-heal|p1a: Tyranitar|88/100|[from] item: Leftovers
|upkeep
|turn|7
|
|t:|1728062629
|switch|p1a: Celebi|Celebi|100/100
|move|p2a: Swampert|Roar|p1a: Celebi
|drag|p1a: Salamence|Salamence, M|90/100
|-ability|p1a: Salamence|Intimidate|boost
|-unboost|p2a: Swampert|atk|1
|
|-weather|Sandstorm|[upkeep]
|-damage|p1a: Salamence|84/100|[from] Sandstorm
|-heal|p1a: Salamence|90/100|[from] item: Leftovers
|-heal|p2a: Swampert|97/100|[from] item: Leftovers
|upkeep
|turn|8
|
|t:|1728062644
|switch|p1a: Skarmory|Skarmory, F|100/100
|move|p2a: Swampert|Protect||[still]
|-fail|p2a: Swampert
|
|-weather|Sandstorm|[upkeep]
|-heal|p2a: Swampert|100/100|[from] item: Leftovers
|upkeep
|turn|9
|
|t:|1728062649
|switch|p2a: Forretress|Forretress, M|100/100
|move|p1a: Skarmory|Spikes|p2a: Forretress
|-sidestart|p2: knexhawk2|Spikes
|
|-weather|Sandstorm|[upkeep]
|upkeep
|turn|10
|
|t:|1728062654
|switch|p1a: Salamence|Salamence, M|90/100
|-ability|p1a: Salamence|Intimidate|boost
|-unboost|p2a: Forretress|atk|1
|move|p2a: Forretress|Spikes|p1a: Salamence
|-sidestart|p1: Lunarvania|Spikes
|
|-weather|Sandstorm|[upkeep]
|-damage|p1a: Salamence|84/100|[from] Sandstorm
|-heal|p1a: Salamence|90/100|[from] item: Leftovers
|upkeep
|turn|11
|
|t:|1728062658
|switch|p2a: Blissey|Blissey, F|91/100
|-damage|p2a: Blissey|78/100|[from] Spikes
|move|p1a: Salamence|Fire Blast|p2a: Blissey|[miss]
|-miss|p1a: Salamence|p2a: Blissey
|
|-weather|Sandstorm|[upkeep]
|-damage|p1a: Salamence|84/100|[from] Sandstorm
|-damage|p2a: Blissey|72/100|[from] Sandstorm
|-heal|p1a: Salamence|90/100|[from] item: Leftovers
|-heal|p2a: Blissey|78/100|[from] item: Leftovers
|upkeep
|turn|12
|
|t:|1728062668
|switch|p1a: Celebi|Celebi|100/100
|-damage|p1a: Celebi|88/100|[from] Spikes
|move|p2a: Blissey|Soft-Boiled|p2a: Blissey
|-heal|p2a: Blissey|100/100
|
|-weather|Sandstorm|[upkeep]
|-damage|p1a: Celebi|82/100|[from] Sandstorm
|-damage|p2a: Blissey|94/100|[from] Sandstorm
|-heal|p1a: Celebi|88/100|[from] item: Leftovers
|-heal|p2a: Blissey|100/100|[from] item: Leftovers
|upkeep
|turn|13
|
|t:|1728062685
|move|p1a: Celebi|Leech Seed|p2a: Blissey
|-start|p2a: Blissey|move: Leech Seed
|move|p2a: Blissey|Sing|p1a: Celebi|[miss]
|-miss|p2a: Blissey|p1a: Celebi
|
|-weather|Sandstorm|[upkeep]
|-damage|p1a: Celebi|82/100|[from] Sandstorm
|-damage|p2a: Blissey|94/100|[from] Sandstorm
|-heal|p1a: Celebi|88/100|[from] item: Leftovers
|-heal|p2a: Blissey|100/100|[from] item: Leftovers
|-damage|p2a: Blissey|88/100|[from] Leech Seed|[of] p1a: Celebi
|-heal|p1a: Celebi|100/100|[silent]
|upkeep
|turn|14
|
|t:|1728062700
|switch|p2a: Moltres|Moltres|100/100
|move|p1a: Celebi|Psychic|p2a: Moltres
|-damage|p2a: Moltres|54/100
|
|-weather|Sandstorm|[upkeep]
|-damage|p2a: Moltres|48/100|[from] Sandstorm
|-damage|p1a: Celebi|94/100|[from] Sandstorm
|-heal|p2a: Moltres|54/100|[from] item: Leftovers
|-heal|p1a: Celebi|100/100|[from] item: Leftovers
|upkeep
|turn|15
|inactive|Lunarvania has 270 seconds left.
|
|t:|1728062728
|switch|p1a: Salamence|Salamence, M|90/100
|-ability|p1a: Salamence|Intimidate|boost
|-unboost|p2a: Moltres|atk|1
|move|p2a: Moltres|Toxic|p1a: Salamence
|-status|p1a: Salamence|tox
|
|-weather|Sandstorm|[upkeep]
|-damage|p1a: Salamence|84/100 tox|[from] Sandstorm
|-damage|p2a: Moltres|48/100|[from] Sandstorm
|-heal|p1a: Salamence|90/100 tox|[from] item: Leftovers
|-damage|p1a: Salamence|84/100 tox|[from] psn
|-heal|p2a: Moltres|54/100|[from] item: Leftovers
|upkeep
|turn|16
|
|t:|1728062736
|switch|p2a: Blissey|Blissey, F|88/100
|-damage|p2a: Blissey|76/100|[from] Spikes
|move|p1a: Salamence|Hydro Pump|p2a: Blissey
|-damage|p2a: Blissey|60/100
|
|-weather|Sandstorm|[upkeep]
|-damage|p1a: Salamence|77/100 tox|[from] Sandstorm
|-damage|p2a: Blissey|54/100|[from] Sandstorm
|-heal|p1a: Salamence|84/100 tox|[from] item: Leftovers
|-damage|p1a: Salamence|71/100 tox|[from] psn
|-heal|p2a: Blissey|60/100|[from] item: Leftovers
|upkeep
|turn|17
|
|t:|1728062741
|move|p1a: Salamence|Brick Break|p2a: Blissey
|-supereffective|p2a: Blissey
|-crit|p2a: Blissey
|-damage|p2a: Blissey|0 fnt
|faint|p2a: Blissey
|
|t:|1728062747
|switch|p2a: Umbreon|Umbreon, F|100/100
|-damage|p2a: Umbreon|88/100|[from] Spikes
|
|-weather|Sandstorm|[upkeep]
|-damage|p1a: Salamence|65/100 tox|[from] Sandstorm
|-damage|p2a: Umbreon|82/100|[from] Sandstorm
|-heal|p1a: Salamence|71/100 tox|[from] item: Leftovers
|-damage|p1a: Salamence|52/100 tox|[from] psn
|-heal|p2a: Umbreon|88/100|[from] item: Leftovers
|upkeep
|turn|18
|c|☆Lunarvania|mb
|
|t:|1728062754
|move|p1a: Salamence|Brick Break|p2a: Umbreon
|-supereffective|p2a: Umbreon
|-crit|p2a: Umbreon
|-damage|p2a: Umbreon|27/100
|move|p2a: Umbreon|Pursuit|p1a: Salamence
|-damage|p1a: Salamence|41/100 tox
|
|-weather|Sandstorm|[upkeep]
|-damage|p1a: Salamence|35/100 tox|[from] Sandstorm
|-damage|p2a: Umbreon|21/100|[from] Sandstorm
|-heal|p1a: Salamence|41/100 tox|[from] item: Leftovers
|-damage|p1a: Salamence|16/100 tox|[from] psn
|-heal|p2a: Umbreon|27/100|[from] item: Leftovers
|upkeep
|turn|19
|c|☆Lunarvania|mb x2
|
|t:|1728062770
|move|p2a: Umbreon|Protect|p2a: Umbreon
|-singleturn|p2a: Umbreon|Protect
|move|p1a: Salamence|Brick Break|p2a: Umbreon
|-activate|p2a: Umbreon|Protect
|
|-weather|Sandstorm|[upkeep]
|-damage|p1a: Salamence|10/100 tox|[from] Sandstorm
|-damage|p2a: Umbreon|21/100|[from] Sandstorm
|-heal|p1a: Salamence|16/100 tox|[from] item: Leftovers
|-damage|p1a: Salamence|0 fnt|[from] psn
|faint|p1a: Salamence
|-heal|p2a: Umbreon|27/100|[from] item: Leftovers
|upkeep
|
|t:|1728062790
|switch|p1a: Tyranitar|Tyranitar, M|88/100
|-damage|p1a: Tyranitar|76/100|[from] Spikes
|turn|20
|
|t:|1728062795
|-singleturn|p1a: Tyranitar|move: Focus Punch
|switch|p2a: Swampert|Swampert, F|100/100
|-damage|p2a: Swampert|88/100|[from] Spikes
|move|p1a: Tyranitar|Focus Punch|p2a: Swampert
|-damage|p2a: Swampert|50/100
|
|-weather|Sandstorm|[upkeep]
|-heal|p2a: Swampert|56/100|[from] item: Leftovers
|-heal|p1a: Tyranitar|82/100|[from] item: Leftovers
|upkeep
|turn|21
|
|t:|1728062804
|switch|p1a: Skarmory|Skarmory, F|100/100
|move|p2a: Swampert|Roar|p1a: Skarmory
|drag|p1a: Celebi|Celebi|100/100
|-damage|p1a: Celebi|88/100|[from] Spikes
|
|-weather|Sandstorm|[upkeep]
|-damage|p1a: Celebi|82/100|[from] Sandstorm
|-heal|p1a: Celebi|88/100|[from] item: Leftovers
|-heal|p2a: Swampert|62/100|[from] item: Leftovers
|upkeep
|turn|22
|
|t:|1728062816
|move|p2a: Swampert|Protect|p2a: Swampert
|-singleturn|p2a: Swampert|Protect
|move|p1a: Celebi|Giga Drain|p2a: Swampert
|-activate|p2a: Swampert|Protect
|
|-weather|Sandstorm|[upkeep]
|-damage|p1a: Celebi|82/100|[from] Sandstorm
|-heal|p1a: Celebi|88/100|[from] item: Leftovers
|-heal|p2a: Swampert|68/100|[from] item: Leftovers
|upkeep
|turn|23
|
|t:|1728062824
|switch|p2a: Forretress|Forretress, M|100/100
|-damage|p2a: Forretress|88/100|[from] Spikes
|move|p1a: Celebi|Leech Seed|p2a: Forretress
|-start|p2a: Forretress|move: Leech Seed
|
|-weather|Sandstorm|[upkeep]
|-damage|p1a: Celebi|82/100|[from] Sandstorm
|-heal|p1a: Celebi|88/100|[from] item: Leftovers
|-heal|p2a: Forretress|94/100|[from] item: Leftovers
|-damage|p2a: Forretress|82/100|[from] Leech Seed|[of] p1a: Celebi
|-heal|p1a: Celebi|99/100|[silent]
|upkeep
|turn|24
|
|t:|1728062829
|switch|p2a: Slaking|Slaking, M|100/100
|-damage|p2a: Slaking|88/100|[from] Spikes
|move|p1a: Celebi|Hidden Power|p2a: Slaking
|-damage|p2a: Slaking|62/100
|
|-weather|Sandstorm|[upkeep]
|-damage|p2a: Slaking|56/100|[from] Sandstorm
|-damage|p1a: Celebi|93/100|[from] Sandstorm
|-heal|p1a: Celebi|99/100|[from] item: Leftovers
|upkeep
|turn|25
|
|t:|1728062835
|switch|p2a: Forretress|Forretress, M|82/100
|-damage|p2a: Forretress|69/100|[from] Spikes
|switch|p1a: Skarmory|Skarmory, F|100/100
|
|-weather|Sandstorm|[upkeep]
|-heal|p2a: Forretress|76/100|[from] item: Leftovers
|upkeep
|turn|26
|
|t:|1728062841
|move|p2a: Forretress|Rapid Spin|p1a: Skarmory
|-resisted|p1a: Skarmory
|-damage|p1a: Skarmory|99/100
|-sideend|p2: knexhawk2|Spikes|[from] move: Rapid Spin|[of] p2a: Forretress
|move|p1a: Skarmory|Roar|p2a: Forretress
|drag|p2a: Moltres|Moltres|54/100
|
|-weather|Sandstorm|[upkeep]
|-damage|p2a: Moltres|48/100|[from] Sandstorm
|-heal|p2a: Moltres|54/100|[from] item: Leftovers
|-heal|p1a: Skarmory|100/100|[from] item: Leftovers
|upkeep
|turn|27
|
|t:|1728062864
|switch|p1a: Aerodactyl|Aerodactyl, M|100/100
|move|p2a: Moltres|Sunny Day|p2a: Moltres
|-weather|SunnyDay
|
|-weather|SunnyDay|[upkeep]
|-heal|p2a: Moltres|60/100|[from] item: Leftovers
|upkeep
|turn|28
|
|t:|1728062870
|switch|p2a: Forretress|Forretress, M|76/100
|move|p1a: Aerodactyl|Double-Edge|p2a: Forretress
|-resisted|p2a: Forretress
|-damage|p2a: Forretress|60/100
|
|-weather|SunnyDay|[upkeep]
|-heal|p2a: Forretress|66/100|[from] item: Leftovers
|upkeep
|turn|29
|
|t:|1728062877
|switch|p1a: Celebi|Celebi|99/100
|-damage|p1a: Celebi|87/100|[from] Spikes
|move|p2a: Forretress|Spikes|p1a: Celebi
|-sidestart|p1: Lunarvania|Spikes
|
|-weather|SunnyDay|[upkeep]
|-heal|p1a: Celebi|93/100|[from] item: Leftovers
|-heal|p2a: Forretress|73/100|[from] item: Leftovers
|upkeep
|turn|30
|
|t:|1728062884
|switch|p2a: Moltres|Moltres|60/100
|move|p1a: Celebi|Psychic|p2a: Moltres
|-damage|p2a: Moltres|13/100
|
|-weather|SunnyDay|[upkeep]
|-heal|p2a: Moltres|19/100|[from] item: Leftovers
|-heal|p1a: Celebi|99/100|[from] item: Leftovers
|upkeep
|turn|31
|
|t:|1728062891
|switch|p1a: Tyranitar|Tyranitar, M|82/100
|-damage|p1a: Tyranitar|65/100|[from] Spikes
|-weather|Sandstorm|[from] ability: Sand Stream|[of] p1a: Tyranitar
|move|p2a: Moltres|Morning Sun|p2a: Moltres
|-heal|p2a: Moltres|43/100
|
|-weather|Sandstorm|[upkeep]
|-damage|p2a: Moltres|37/100|[from] Sandstorm
|-heal|p2a: Moltres|43/100|[from] item: Leftovers
|-heal|p1a: Tyranitar|72/100|[from] item: Leftovers
|upkeep
|turn|32
|
|t:|1728062898
|switch|p2a: Swampert|Swampert, F|68/100
|move|p1a: Tyranitar|Rock Slide|p2a: Swampert
|-resisted|p2a: Swampert
|-damage|p2a: Swampert|54/100
|
|-weather|Sandstorm|[upkeep]
|-heal|p2a: Swampert|60/100|[from] item: Leftovers
|-heal|p1a: Tyranitar|78/100|[from] item: Leftovers
|upkeep
|turn|33
|
|t:|1728062910
|switch|p2a: Moltres|Moltres|43/100
|move|p1a: Tyranitar|Earthquake|p2a: Moltres
|-immune|p2a: Moltres
|
|-weather|Sandstorm|[upkeep]
|-damage|p2a: Moltres|37/100|[from] Sandstorm
|-heal|p2a: Moltres|43/100|[from] item: Leftovers
|-heal|p1a: Tyranitar|84/100|[from] item: Leftovers
|upkeep
|turn|34
|
|t:|1728062914
|switch|p2a: Swampert|Swampert, F|60/100
|move|p1a: Tyranitar|Rock Slide|p2a: Swampert
|-resisted|p2a: Swampert
|-damage|p2a: Swampert|46/100
|
|-weather|Sandstorm|[upkeep]
|-heal|p2a: Swampert|52/100|[from] item: Leftovers
|-heal|p1a: Tyranitar|90/100|[from] item: Leftovers
|upkeep
|turn|35
|
|t:|1728062919
|move|p2a: Swampert|Surf|p1a: Tyranitar
|-supereffective|p1a: Tyranitar
|-damage|p1a: Tyranitar|45/100
|move|p1a: Tyranitar|Earthquake|p2a: Swampert
|-damage|p2a: Swampert|25/100
|
|-weather|Sandstorm|[upkeep]
|-heal|p2a: Swampert|31/100|[from] item: Leftovers
|-heal|p1a: Tyranitar|51/100|[from] item: Leftovers
|upkeep
|turn|36
|
|t:|1728062922
|move|p2a: Swampert|Surf|p1a: Tyranitar
|-supereffective|p1a: Tyranitar
|-damage|p1a: Tyranitar|0 fnt
|faint|p1a: Tyranitar
|
|t:|1728062935
|switch|p1a: Celebi|Celebi|99/100
|-damage|p1a: Celebi|83/100|[from] Spikes
|
|-weather|Sandstorm|[upkeep]
|-damage|p1a: Celebi|77/100|[from] Sandstorm
|-heal|p1a: Celebi|83/100|[from] item: Leftovers
|-heal|p2a: Swampert|37/100|[from] item: Leftovers
|upkeep
|turn|37
|
|t:|1728062938
|move|p2a: Swampert|Protect|p2a: Swampert
|-singleturn|p2a: Swampert|Protect
|move|p1a: Celebi|Psychic|p2a: Swampert
|-activate|p2a: Swampert|Protect
|
|-weather|Sandstorm|[upkeep]
|-damage|p1a: Celebi|77/100|[from] Sandstorm
|-heal|p1a: Celebi|83/100|[from] item: Leftovers
|-heal|p2a: Swampert|43/100|[from] item: Leftovers
|upkeep
|turn|38
|
|t:|1728062944
|switch|p2a: Slaking|Slaking, M|56/100
|move|p1a: Celebi|Psychic|p2a: Slaking
|-damage|p2a: Slaking|6/100
|
|-weather|Sandstorm|[upkeep]
|-damage|p2a: Slaking|0 fnt|[from] Sandstorm
|-damage|p1a: Celebi|77/100|[from] Sandstorm
|faint|p2a: Slaking
|-heal|p1a: Celebi|83/100|[from] item: Leftovers
|upkeep
|
|t:|1728062946
|switch|p2a: Umbreon|Umbreon, F|27/100
|turn|39
|
|t:|1728062952
|move|p1a: Celebi|Leech Seed|p2a: Umbreon
|-start|p2a: Umbreon|move: Leech Seed
|move|p2a: Umbreon|Wish|p2a: Umbreon
|
|-weather|Sandstorm|[upkeep]
|-damage|p1a: Celebi|77/100|[from] Sandstorm
|-damage|p2a: Umbreon|21/100|[from] Sandstorm
|-heal|p1a: Celebi|83/100|[from] item: Leftovers
|-heal|p2a: Umbreon|27/100|[from] item: Leftovers
|-damage|p2a: Umbreon|14/100|[from] Leech Seed|[of] p1a: Celebi
|-heal|p1a: Celebi|96/100|[silent]
|upkeep
|turn|40
|
|t:|1728062958
|move|p1a: Celebi|Giga Drain|p2a: Umbreon
|-damage|p2a: Umbreon|0 fnt
|-heal|p1a: Celebi|100/100|[from] drain|[of] p2a: Umbreon
|faint|p2a: Umbreon
|
|t:|1728062959
|switch|p2a: Moltres|Moltres|43/100
|
|-heal|p2a: Moltres|93/100|[from] move: Wish|[wisher] Umbreon
|-weather|Sandstorm|[upkeep]
|-damage|p2a: Moltres|87/100|[from] Sandstorm
|-damage|p1a: Celebi|94/100|[from] Sandstorm
|-heal|p2a: Moltres|93/100|[from] item: Leftovers
|-heal|p1a: Celebi|100/100|[from] item: Leftovers
|upkeep
|turn|41
|
|t:|1728062970
|move|p2a: Moltres|Sunny Day|p2a: Moltres
|-weather|SunnyDay
|move|p1a: Celebi|Psychic|p2a: Moltres
|-damage|p2a: Moltres|46/100
|
|-weather|SunnyDay|[upkeep]
|-heal|p2a: Moltres|52/100|[from] item: Leftovers
|upkeep
|turn|42
|
|t:|1728062975
|move|p2a: Moltres|Flamethrower|p1a: Celebi
|-supereffective|p1a: Celebi
|-damage|p1a: Celebi|0 fnt
|faint|p1a: Celebi
|
|t:|1728062978
|switch|p1a: Aerodactyl|Aerodactyl, M|100/100
|
|-weather|SunnyDay|[upkeep]
|-heal|p2a: Moltres|58/100|[from] item: Leftovers
|upkeep
|turn|43
|
|t:|1728062982
|switch|p2a: Forretress|Forretress, M|73/100
|move|p1a: Aerodactyl|Double-Edge|p2a: Forretress
|-resisted|p2a: Forretress
|-damage|p2a: Forretress|58/100
|
|-weather|SunnyDay|[upkeep]
|-heal|p2a: Forretress|64/100|[from] item: Leftovers
|upkeep
|turn|44
|
|t:|1728062986
|switch|p1a: Skarmory|Skarmory, F|100/100
|move|p2a: Forretress|Toxic|p1a: Skarmory
|-immune|p1a: Skarmory
|
|-weather|SunnyDay|[upkeep]
|-heal|p2a: Forretress|70/100|[from] item: Leftovers
|upkeep
|turn|45
|
|t:|1728062990
|move|p1a: Skarmory|Spikes|p2a: Forretress
|-sidestart|p2: knexhawk2|Spikes
|move|p2a: Forretress|Hidden Power|p1a: Skarmory
|-supereffective|p1a: Skarmory
|-damage|p1a: Skarmory|72/100
|
|-weather|none
|-heal|p1a: Skarmory|78/100|[from] item: Leftovers
|-heal|p2a: Forretress|76/100|[from] item: Leftovers
|upkeep
|turn|46
|
|t:|1728062994
|move|p1a: Skarmory|Drill Peck|p2a: Forretress
|-damage|p2a: Forretress|62/100
|move|p2a: Forretress|Rapid Spin|p1a: Skarmory
|-resisted|p1a: Skarmory
|-damage|p1a: Skarmory|77/100
|-sideend|p2: knexhawk2|Spikes|[from] move: Rapid Spin|[of] p2a: Forretress
|
|-heal|p1a: Skarmory|83/100|[from] item: Leftovers
|-heal|p2a: Forretress|69/100|[from] item: Leftovers
|upkeep
|turn|47
|
|t:|1728062998
|move|p1a: Skarmory|Drill Peck|p2a: Forretress
|-damage|p2a: Forretress|56/100
|move|p2a: Forretress|Hidden Power|p1a: Skarmory
|-supereffective|p1a: Skarmory
|-damage|p1a: Skarmory|65/100
|
|-heal|p1a: Skarmory|71/100|[from] item: Leftovers
|-heal|p2a: Forretress|62/100|[from] item: Leftovers
|upkeep
|turn|48
|
|t:|1728063004
|move|p1a: Skarmory|Drill Peck|p2a: Forretress
|-damage|p2a: Forretress|49/100
|move|p2a: Forretress|Hidden Power|p1a: Skarmory
|-supereffective|p1a: Skarmory
|-damage|p1a: Skarmory|51/100
|
|-heal|p1a: Skarmory|57/100|[from] item: Leftovers
|-heal|p2a: Forretress|56/100|[from] item: Leftovers
|upkeep
|turn|49
|
|t:|1728063006
|move|p1a: Skarmory|Drill Peck|p2a: Forretress
|-damage|p2a: Forretress|42/100
|move|p2a: Forretress|Hidden Power|p1a: Skarmory
|-supereffective|p1a: Skarmory
|-damage|p1a: Skarmory|36/100
|
|-heal|p1a: Skarmory|42/100|[from] item: Leftovers
|-heal|p2a: Forretress|49/100|[from] item: Leftovers
|upkeep
|turn|50
|
|t:|1728063009
|move|p1a: Skarmory|Drill Peck|p2a: Forretress
|-damage|p2a: Forretress|35/100
|move|p2a: Forretress|Hidden Power|p1a: Skarmory
|-supereffective|p1a: Skarmory
|-damage|p1a: Skarmory|24/100
|
|-heal|p1a: Skarmory|30/100|[from] item: Leftovers
|-heal|p2a: Forretress|41/100|[from] item: Leftovers
|upkeep
|turn|51
|
|t:|1728063011
|move|p1a: Skarmory|Drill Peck|p2a: Forretress
|-damage|p2a: Forretress|28/100
|move|p2a: Forretress|Hidden Power|p1a: Skarmory
|-supereffective|p1a: Skarmory
|-damage|p1a: Skarmory|11/100
|
|-heal|p1a: Skarmory|17/100|[from] item: Leftovers
|-heal|p2a: Forretress|34/100|[from] item: Leftovers
|upkeep
|turn|52
|
|t:|1728063016
|move|p1a: Skarmory|Drill Peck|p2a: Forretress
|-damage|p2a: Forretress|19/100
|move|p2a: Forretress|Hidden Power|p1a: Skarmory
|-supereffective|p1a: Skarmory
|-damage|p1a: Skarmory|0 fnt
|faint|p1a: Skarmory
|
|t:|1728063031
|switch|p1a: Swampert|Swampert, F|100/100
|-damage|p1a: Swampert|84/100|[from] Spikes
|
|-heal|p1a: Swampert|90/100|[from] item: Leftovers
|-heal|p2a: Forretress|26/100|[from] item: Leftovers
|upkeep
|turn|53
|
|t:|1728063038
|move|p1a: Swampert|Curse|p1a: Swampert
|-unboost|p1a: Swampert|spe|1
|-boost|p1a: Swampert|atk|1
|-boost|p1a: Swampert|def|1
|move|p2a: Forretress|Toxic|p1a: Swampert
|-status|p1a: Swampert|tox
|
|-heal|p2a: Forretress|32/100|[from] item: Leftovers
|-heal|p1a: Swampert|96/100 tox|[from] item: Leftovers
|-damage|p1a: Swampert|90/100 tox|[from] psn
|upkeep
|turn|54
|
|t:|1728063046
|switch|p2a: Moltres|Moltres|58/100
|move|p1a: Swampert|Earthquake|p2a: Moltres
|-immune|p2a: Moltres
|
|-heal|p2a: Moltres|64/100|[from] item: Leftovers
|-heal|p1a: Swampert|96/100 tox|[from] item: Leftovers
|-damage|p1a: Swampert|84/100 tox|[from] psn
|upkeep
|turn|55
|
|t:|1728063049
|move|p2a: Moltres|Sunny Day|p2a: Moltres
|-weather|SunnyDay
|move|p1a: Swampert|Ice Beam|p2a: Moltres
|-crit|p2a: Moltres
|-damage|p2a: Moltres|9/100
|
|-weather|SunnyDay|[upkeep]
|-heal|p2a: Moltres|15/100|[from] item: Leftovers
|-heal|p1a: Swampert|90/100 tox|[from] item: Leftovers
|-damage|p1a: Swampert|71/100 tox|[from] psn
|upkeep
|turn|56
|
|t:|1728063051
|move|p2a: Moltres|Morning Sun|p2a: Moltres
|-heal|p2a: Moltres|81/100
|move|p1a: Swampert|Ice Beam|p2a: Moltres
|-damage|p2a: Moltres|55/100
|
|-weather|SunnyDay|[upkeep]
|-heal|p2a: Moltres|61/100|[from] item: Leftovers
|-heal|p1a: Swampert|78/100 tox|[from] item: Leftovers
|-damage|p1a: Swampert|53/100 tox|[from] psn
|upkeep
|turn|57
|
|t:|1728063056
|move|p2a: Moltres|Morning Sun|p2a: Moltres
|-heal|p2a: Moltres|100/100
|move|p1a: Swampert|Hydro Pump|p2a: Moltres
|-supereffective|p2a: Moltres
|-damage|p2a: Moltres|49/100
|
|-weather|SunnyDay|[upkeep]
|-heal|p2a: Moltres|56/100|[from] item: Leftovers
|-heal|p1a: Swampert|59/100 tox|[from] item: Leftovers
|-damage|p1a: Swampert|28/100 tox|[from] psn
|upkeep
|turn|58
|
|t:|1728063059
|move|p2a: Moltres|Flamethrower|p1a: Swampert
|-resisted|p1a: Swampert
|-damage|p1a: Swampert|0 fnt
|faint|p1a: Swampert
|
|t:|1728063062
|switch|p1a: Aerodactyl|Aerodactyl, M|100/100
|
|-weather|SunnyDay|[upkeep]
|-heal|p2a: Moltres|62/100|[from] item: Leftovers
|upkeep
|turn|59
|
|t:|1728063067
|move|p1a: Aerodactyl|Rock Slide|p2a: Moltres
|-supereffective|p2a: Moltres
|-crit|p2a: Moltres
|-damage|p2a: Moltres|0 fnt
|faint|p2a: Moltres
|
|t:|1728063069
|switch|p2a: Swampert|Swampert, F|43/100
|
|-weather|none
|-heal|p2a: Swampert|50/100|[from] item: Leftovers
|upkeep
|turn|60
|
|t:|1728063072
|move|p2a: Swampert|Protect|p2a: Swampert
|-singleturn|p2a: Swampert|Protect
|move|p1a: Aerodactyl|Rock Slide|p2a: Swampert
|-activate|p2a: Swampert|Protect
|
|-heal|p2a: Swampert|56/100|[from] item: Leftovers
|upkeep
|turn|61
|
|t:|1728063073
|move|p1a: Aerodactyl|Rock Slide|p2a: Swampert|[miss]
|-miss|p1a: Aerodactyl|p2a: Swampert
|move|p2a: Swampert|Surf|p1a: Aerodactyl
|-supereffective|p1a: Aerodactyl
|-damage|p1a: Aerodactyl|14/100
|
|-heal|p2a: Swampert|62/100|[from] item: Leftovers
|upkeep
|turn|62
|
|t:|1728063076
|move|p1a: Aerodactyl|Rock Slide|p2a: Swampert
|-resisted|p2a: Swampert
|-damage|p2a: Swampert|46/100
|move|p2a: Swampert|Surf|p1a: Aerodactyl
|-supereffective|p1a: Aerodactyl
|-damage|p1a: Aerodactyl|0 fnt
|faint|p1a: Aerodactyl
|
|win|knexhawk2
|c|☆Lunarvania|gg
|player|p1|

</script>
<script type="application/json" class="data" id="replaydata-smogtours-gen3ou-794604">
{"id":"smogtours-gen3ou-794604","format":"[Gen 3] OU","players":["Lunarvania","knexhawk2"],"uploadtime":1728063076,"views":94,"formatid":"gen3ou","rating":null,"private":0,"password":null}
</script>

<script defer src="js/replays.js?9d40a366"></script>
