<!DOCTYPE html>
<meta charset="utf-8" />
<meta name="viewport" content="width=device-width" />

<title>[Gen 3] OU: BL0X vs. Christos - Replays - Pok&eacute;mon Showdown!</title>

<meta name="description" content="Watch a replay of a Pok&eacute;mon battle between BL0X and Christos! Format: [Gen 3] OU; Date: Oct 7, 2024" />
<!--

Hey, you! Looking in the source for the replay log?

You can find them in JSON format, just add `.json` at the end of a replay URL.

https://replay.pokemonshowdown.com/gen7randomdoublesbattle-865046831.json

Or, if you only need the log itself, add `.log` instead:

https://replay.pokemonshowdown.com/gen7randomdoublesbattle-865046831.log

-->

<link rel="stylesheet" href="//pokemonshowdown.com/style/global.css?0.023195364461161105" />
<link rel="stylesheet" href="//play.pokemonshowdown.com/style/font-awesome.css?0.13261647063804238" />
<link rel="stylesheet" href="//play.pokemonshowdown.com/style/battle.css?0.8753245789963631" />
<link rel="stylesheet" href="//play.pokemonshowdown.com/style/utilichart.css?0.8627959624976733" />

<!-- Global site tag (gtag.js) - Google Analytics -->
<script async src="https://www.googletagmanager.com/gtag/js?id=UA-26211653-1"></script>
<script>
  window.dataLayer = window.dataLayer || [];
  function gtag(){dataLayer.push(arguments);}
  gtag('js', new Date());

  gtag('config', 'UA-26211653-1');
</script>
<!-- End Google Analytics -->
<!-- Venatus Ad Manager - Install in <HEAD> of page -->
	<script src="https://hb.vntsm.com/v3/live/ad-manager.min.js" type="text/javascript" data-site-id="642aba63ec9a7b11c3c9c1be" data-mode="scan" async></script>
<!-- / Venatus Ad Manager -->

<style>
	@media (max-width:820px) {
		.battle {
			margin: 0 auto;
		}
		.battle-log {
			margin: 7px auto 0;
			max-width: 640px;
			height: 300px;
			position: static;
		}
	}
	.optgroup {
		display: inline-block;
		line-height: 22px;
		font-size: 10pt;
	}
	.optgroup .button {
		height: 25px;
		padding-top: 0;
		padding-bottom: 0;
	}
	.optgroup button.button {
		padding-left: 12px;
		padding-right: 12px;
	}
	.linklist {
		list-style: none;
		margin: 0.5em 0;
		padding: 0;
	}
	.linklist li {
		padding: 2px 0;
	}
	.sidebar {
		float: left;
		width: 320px;
	}
	.bar-wrapper {
		max-width: 1100px;
		margin: 0 auto;
	}
	.bar-wrapper.has-sidebar {
		max-width: 1430px;
	}
	.mainbar {
		margin: 0;
		padding-right: 1px;
	}
	.mainbar.has-sidebar {
		margin-left: 330px;
	}
	@media (min-width: 1511px) {
		.sidebar {
			width: 400px;
		}
		.bar-wrapper.has-sidebar {
			max-width: 1510px;
		}
		.mainbar.has-sidebar {
			margin-left: 410px;
		}
	}
	.section.first-section {
		margin-top: 9px;
	}
	.blocklink small {
		white-space: normal;
	}
	.button {
		vertical-align: middle;
	}
	.replay-controls {
		padding-top: 10px;
	}
	.replay-controls h1 {
		font-size: 16pt;
		font-weight: normal;
		color: #CCC;
	}
	.pagelink {
		text-align: center;
	}
	.pagelink a {
		width: 150px;
	}
	.textbox, .button {
		font-size: 11pt;
		vertical-align: middle;
	}
	@media (max-width: 450px) {
		.button {
			font-size: 9pt;
		}
	}
</style>

<div>

	<header>
		<div class="nav-wrapper"><ul class="nav">
			<li><a class="button nav-first" href="//pokemonshowdown.com/"><img src="//pokemonshowdown.com/images/pokemonshowdownbeta.png" srcset="//pokemonshowdown.com/images/pokemonshowdownbeta.png 1x, //pokemonshowdown.com/images/pokemonshowdownbeta@2x.png 2x" alt="Pok&eacute;mon Showdown" width="146" height="44" /> Home</a></li>
			<li><a class="button" href="//pokemonshowdown.com/dex/">Pok&eacute;dex</a></li>
			<li><a class="button cur" href="/">Replays</a></li>
			<li><a class="button" href="//pokemonshowdown.com/ladder/">Ladder</a></li>
			<li><a class="button nav-last" href="//pokemonshowdown.com/forums/">Forum</a></li>
			<li><a class="button greenbutton nav-first nav-last" href="//play.pokemonshowdown.com/">Play</a></li>
		</ul></div>
	</header>

	<div class="main" id="main">

		<noscript><section class="section">You need to enable JavaScript to use this page; sorry!</section></noscript>

	</div>

</div>

<script defer nomodule src="//play.pokemonshowdown.com/js/lib/ps-polyfill.js"></script>
<script defer src="//play.pokemonshowdown.com/js/lib/preact.min.js"></script>

<script defer src="//play.pokemonshowdown.com/config/config.js?2bddbc15"></script>
<script defer src="//play.pokemonshowdown.com/js/lib/jquery-1.11.0.min.js"></script>
<script defer src="//play.pokemonshowdown.com/js/lib/html-sanitizer-minified.js"></script>
<script defer src="//play.pokemonshowdown.com/js/battle-sound.js"></script>
<script defer src="//play.pokemonshowdown.com/js/battledata.js?0.7209276989879541"></script>
<script defer src="//play.pokemonshowdown.com/data/pokedex-mini.js?0.6111056340867951"></script>
<script defer src="//play.pokemonshowdown.com/data/pokedex-mini-bw.js?0.3532142036491459"></script>
<script defer src="//play.pokemonshowdown.com/data/graphics.js?0.24223875632456182"></script>
<script defer src="//play.pokemonshowdown.com/data/pokedex.js?0.38839984266356864"></script>
<script defer src="//play.pokemonshowdown.com/data/moves.js?0.21866028504024015"></script>
<script defer src="//play.pokemonshowdown.com/data/abilities.js?0.2005157953846628"></script>
<script defer src="//play.pokemonshowdown.com/data/items.js?0.9894211263848525"></script>
<script defer src="//play.pokemonshowdown.com/data/teambuilder-tables.js?0.6008791140282215"></script>
<script defer src="//play.pokemonshowdown.com/js/battle-tooltips.js?0.7580118955022959"></script>
<script defer src="//play.pokemonshowdown.com/js/battle.js?0.6057722274234274"></script>

<script defer src="js/utils.js?e31f9a17"></script>
<script defer src="js/replays-battle.js?7008c182"></script>

<!-- don't scrape this data! just add .json or .log after the URL!
Full API docs: https://github.com/smogon/pokemon-showdown-client/blob/master/WEB-API.md -->
<script type="text/plain" class="log" id="replaylog-smogtours-gen3ou-796185">
|inactive|Battle timer is ON: inactive players will automatically lose when time's up.
|t:|1728325615
|gametype|singles
|player|p1|BL0X|koga|
|player|p2|Christos|boarder|
|teamsize|p1|6
|teamsize|p2|6
|gen|3
|tier|[Gen 3] OU
|rule|Sleep Clause Mod: Limit one foe put to sleep
|rule|Switch Priority Clause Mod: Faster Pokémon switch first
|rule|Species Clause: Limit one of each Pokémon
|rule|OHKO Clause: OHKO moves are banned
|rule|Evasion Items Clause: Evasion items are banned
|rule|Evasion Moves Clause: Evasion moves are banned
|rule|Endless Battle Clause: Forcing endless battles is banned
|rule|HP Percentage Mod: HP is shown in percentages
|rule|One Boost Passer Clause: Limit one Baton Passer that has a way to boost its stats
|rule|Freeze Clause Mod: Limit one foe frozen
|
|t:|1728325615
|start
|switch|p1a: Zapdos|Zapdos|100/100
|switch|p2a: Hariyama|Hariyama, F|100/100
|turn|1
|inactive|BL0X also wants the timer to be on.
|c|☆BL0X|glhf
|c|☆Christos|hf
|inactive|Christos has 270 seconds left.
|
|t:|1728325652
|switch|p2a: Blissey|Blissey, F|100/100
|move|p1a: Zapdos|Toxic|p2a: Blissey
|-status|p2a: Blissey|tox
|
|-damage|p2a: Blissey|94/100 tox|[from] psn
|upkeep
|turn|2
|
|t:|1728325676
|switch|p1a: Blissey|Blissey, F|100/100
|move|p2a: Blissey|Sing|p1a: Blissey
|-status|p1a: Blissey|slp|[from] move: Sing
|
|-heal|p2a: Blissey|100/100 tox|[from] item: Leftovers
|-damage|p2a: Blissey|88/100 tox|[from] psn
|upkeep
|turn|3
|
|t:|1728325684
|-curestatus|p1a: Blissey|slp|[from] ability: Natural Cure
|switch|p1a: Zapdos|Zapdos|100/100
|-curestatus|p2a: Blissey|tox|[from] ability: Natural Cure
|switch|p2a: Hariyama|Hariyama, F|100/100
|
|upkeep
|turn|4
|
|t:|1728325694
|move|p1a: Zapdos|Toxic|p2a: Hariyama
|-status|p2a: Hariyama|tox
|move|p2a: Hariyama|Knock Off|p1a: Zapdos
|-crit|p1a: Zapdos
|-damage|p1a: Zapdos|97/100
|-enditem|p1a: Zapdos|Leftovers|[from] move: Knock Off|[of] p2a: Hariyama
|-hint|In Gens 3-4, Knock Off only makes the target's item unusable; it cannot obtain a new item.
|
|-damage|p2a: Hariyama|94/100 tox|[from] psn
|upkeep
|turn|5
|
|t:|1728325708
|switch|p2a: Blissey|Blissey, F|88/100
|move|p1a: Zapdos|Roar|p2a: Blissey
|drag|p2a: Dugtrio|Dugtrio, M|100/100
|
|upkeep
|turn|6
|
|t:|1728325722
|switch|p2a: Blissey|Blissey, F|88/100
|move|p1a: Zapdos|Roar|p2a: Blissey
|drag|p2a: Metagross|Metagross|100/100
|
|upkeep
|turn|7
|
|t:|1728325731
|switch|p1a: Claydol|Claydol|100/100
|move|p2a: Metagross|Protect||[still]
|-fail|p2a: Metagross
|
|upkeep
|turn|8
|
|t:|1728325747
|switch|p1a: Suicune|Suicune|100/100
|move|p2a: Metagross|Protect||[still]
|-fail|p2a: Metagross
|
|upkeep
|turn|9
|
|t:|1728325761
|switch|p2a: Blissey|Blissey, F|88/100
|move|p1a: Suicune|Surf|p2a: Blissey
|-damage|p2a: Blissey|76/100
|
|-heal|p2a: Blissey|83/100|[from] item: Leftovers
|upkeep
|turn|10
|
|t:|1728325773
|switch|p1a: Blissey|Blissey, F|100/100
|move|p2a: Blissey|Seismic Toss|p1a: Blissey
|-damage|p1a: Blissey|86/100
|
|-heal|p1a: Blissey|93/100|[from] item: Leftovers
|-heal|p2a: Blissey|89/100|[from] item: Leftovers
|upkeep
|turn|11
|
|t:|1728325781
|move|p1a: Blissey|Seismic Toss|p2a: Blissey
|-damage|p2a: Blissey|73/100
|move|p2a: Blissey|Sing|p1a: Blissey|[miss]
|-miss|p2a: Blissey|p1a: Blissey
|
|-heal|p1a: Blissey|99/100|[from] item: Leftovers
|-heal|p2a: Blissey|79/100|[from] item: Leftovers
|upkeep
|turn|12
|
|t:|1728325788
|move|p1a: Blissey|Thunder Wave|p2a: Blissey
|-status|p2a: Blissey|par
|move|p2a: Blissey|Sing|p1a: Blissey
|-status|p1a: Blissey|slp|[from] move: Sing
|
|-heal|p1a: Blissey|100/100 slp|[from] item: Leftovers
|-heal|p2a: Blissey|86/100 par|[from] item: Leftovers
|upkeep
|turn|13
|
|t:|1728325797
|cant|p1a: Blissey|slp
|move|p2a: Blissey|Ice Beam|p1a: Blissey
|-crit|p1a: Blissey
|-damage|p1a: Blissey|83/100 slp
|
|-heal|p1a: Blissey|89/100 slp|[from] item: Leftovers
|-heal|p2a: Blissey|92/100 par|[from] item: Leftovers
|upkeep
|turn|14
|
|t:|1728325806
|cant|p1a: Blissey|slp
|cant|p2a: Blissey|par
|
|-heal|p1a: Blissey|95/100 slp|[from] item: Leftovers
|-heal|p2a: Blissey|98/100 par|[from] item: Leftovers
|upkeep
|turn|15
|
|t:|1728325816
|-curestatus|p1a: Blissey|slp|[from] ability: Natural Cure
|switch|p1a: Suicune|Suicune|100/100
|cant|p2a: Blissey|par
|
|-heal|p2a: Blissey|100/100 par|[from] item: Leftovers
|upkeep
|turn|16
|
|t:|1728325824
|switch|p1a: Blissey|Blissey, F|95/100
|move|p2a: Blissey|Sing|p1a: Blissey|[miss]
|-miss|p2a: Blissey|p1a: Blissey
|
|-heal|p1a: Blissey|100/100|[from] item: Leftovers
|upkeep
|turn|17
|
|t:|1728325831
|move|p1a: Blissey|Ice Beam|p2a: Blissey
|-damage|p2a: Blissey|94/100 par
|move|p2a: Blissey|Sing|p1a: Blissey|[miss]
|-miss|p2a: Blissey|p1a: Blissey
|
|-heal|p2a: Blissey|99/100 par|[from] item: Leftovers
|upkeep
|turn|18
|
|t:|1728325838
|move|p1a: Blissey|Seismic Toss|p2a: Blissey
|-damage|p2a: Blissey|85/100 par
|move|p2a: Blissey|Sing|p1a: Blissey|[miss]
|-miss|p2a: Blissey|p1a: Blissey
|
|-heal|p2a: Blissey|91/100 par|[from] item: Leftovers
|upkeep
|turn|19
|
|t:|1728325846
|move|p1a: Blissey|Seismic Toss|p2a: Blissey
|-damage|p2a: Blissey|75/100 par
|move|p2a: Blissey|Sing|p1a: Blissey
|-status|p1a: Blissey|slp|[from] move: Sing
|
|-heal|p2a: Blissey|81/100 par|[from] item: Leftovers
|upkeep
|turn|20
|
|t:|1728325856
|-curestatus|p1a: Blissey|slp|[from] ability: Natural Cure
|switch|p1a: Suicune|Suicune|100/100
|-curestatus|p2a: Blissey|par|[from] ability: Natural Cure
|switch|p2a: Hariyama|Hariyama, F|94/100 tox
|
|-heal|p2a: Hariyama|100/100 tox|[from] item: Leftovers
|-damage|p2a: Hariyama|94/100 tox|[from] psn
|upkeep
|turn|21
|
|t:|1728325868
|switch|p1a: Zapdos|Zapdos|97/100
|move|p2a: Hariyama|Knock Off|p1a: Zapdos
|-crit|p1a: Zapdos
|-damage|p1a: Zapdos|94/100
|
|-heal|p2a: Hariyama|100/100 tox|[from] item: Leftovers
|-damage|p2a: Hariyama|88/100 tox|[from] psn
|upkeep
|turn|22
|
|t:|1728325876
|switch|p2a: Blissey|Blissey, F|81/100
|move|p1a: Zapdos|Toxic|p2a: Blissey
|-status|p2a: Blissey|tox
|
|-heal|p2a: Blissey|88/100 tox|[from] item: Leftovers
|-damage|p2a: Blissey|81/100 tox|[from] psn
|upkeep
|turn|23
|inactive|Christos has 270 seconds left.
|
|t:|1728325921
|switch|p1a: Blissey|Blissey, F|100/100
|move|p2a: Blissey|Sing|p1a: Blissey|[miss]
|-miss|p2a: Blissey|p1a: Blissey
|
|-heal|p2a: Blissey|88/100 tox|[from] item: Leftovers
|-damage|p2a: Blissey|75/100 tox|[from] psn
|upkeep
|turn|24
|
|t:|1728325947
|-curestatus|p2a: Blissey|tox|[from] ability: Natural Cure
|switch|p2a: Starmie|Starmie|100/100
|move|p1a: Blissey|Seismic Toss|p2a: Starmie
|-damage|p2a: Starmie|70/100
|
|-heal|p2a: Starmie|76/100|[from] item: Leftovers
|upkeep
|turn|25
|
|t:|1728325964
|switch|p2a: Blissey|Blissey, F|75/100
|move|p1a: Blissey|Seismic Toss|p2a: Blissey
|-damage|p2a: Blissey|60/100
|
|-heal|p2a: Blissey|66/100|[from] item: Leftovers
|upkeep
|turn|26
|
|t:|1728325973
|switch|p1a: Dugtrio|Dugtrio, M|100/100
|move|p2a: Blissey|Soft-Boiled|p2a: Blissey
|-heal|p2a: Blissey|100/100
|
|upkeep
|turn|27
|
|t:|1728325983
|switch|p1a: Blissey|Blissey, F|100/100
|move|p2a: Blissey|Ice Beam|p1a: Blissey
|-damage|p1a: Blissey|92/100
|
|-heal|p1a: Blissey|99/100|[from] item: Leftovers
|upkeep
|turn|28
|inactive|Christos has 270 seconds left.
|
|t:|1728325997
|move|p1a: Blissey|Seismic Toss|p2a: Blissey
|-damage|p2a: Blissey|85/100
|move|p2a: Blissey|Sing|p1a: Blissey|[miss]
|-miss|p2a: Blissey|p1a: Blissey
|
|-heal|p1a: Blissey|100/100|[from] item: Leftovers
|-heal|p2a: Blissey|91/100|[from] item: Leftovers
|upkeep
|turn|29
|
|t:|1728326005
|move|p1a: Blissey|Seismic Toss|p2a: Blissey
|-damage|p2a: Blissey|76/100
|move|p2a: Blissey|Sing|p1a: Blissey
|-status|p1a: Blissey|slp|[from] move: Sing
|
|-heal|p2a: Blissey|82/100|[from] item: Leftovers
|upkeep
|turn|30
|
|t:|1728326017
|-curestatus|p1a: Blissey|slp|[from] ability: Natural Cure
|switch|p1a: Suicune|Suicune|100/100
|switch|p2a: Metagross|Metagross|100/100
|
|upkeep
|turn|31
|inactive|Christos has 270 seconds left.
|
|t:|1728326035
|move|p1a: Suicune|Surf|p2a: Metagross
|-damage|p2a: Metagross|72/100
|move|p2a: Metagross|Earthquake|p1a: Suicune
|-damage|p1a: Suicune|83/100
|
|-heal|p1a: Suicune|89/100|[from] item: Leftovers
|-heal|p2a: Metagross|78/100|[from] item: Leftovers
|upkeep
|turn|32
|
|t:|1728326044
|move|p1a: Suicune|Calm Mind|p1a: Suicune
|-boost|p1a: Suicune|spa|1
|-boost|p1a: Suicune|spd|1
|move|p2a: Metagross|Explosion|p1a: Suicune
|-damage|p1a: Suicune|0 fnt
|faint|p2a: Metagross
|faint|p1a: Suicune
|inactive|Christos has 270 seconds left.
|
|t:|1728326064
|switch|p1a: Zapdos|Zapdos|94/100
|switch|p2a: Starmie|Starmie|76/100
|
|-heal|p2a: Starmie|82/100|[from] item: Leftovers
|upkeep
|turn|33
|inactive|Christos has 270 seconds left.
|
|t:|1728326070
|switch|p2a: Blissey|Blissey, F|82/100
|move|p1a: Zapdos|Toxic|p2a: Blissey
|-status|p2a: Blissey|tox
|
|-heal|p2a: Blissey|88/100 tox|[from] item: Leftovers
|-damage|p2a: Blissey|82/100 tox|[from] psn
|upkeep
|turn|34
|
|t:|1728326078
|switch|p1a: Blissey|Blissey, F|100/100
|move|p2a: Blissey|Ice Beam|p1a: Blissey
|-damage|p1a: Blissey|93/100
|
|-heal|p1a: Blissey|99/100|[from] item: Leftovers
|-heal|p2a: Blissey|88/100 tox|[from] item: Leftovers
|-damage|p2a: Blissey|76/100 tox|[from] psn
|upkeep
|turn|35
|
|t:|1728326086
|-curestatus|p2a: Blissey|tox|[from] ability: Natural Cure
|switch|p2a: Starmie|Starmie|82/100
|move|p1a: Blissey|Seismic Toss|p2a: Starmie
|-damage|p2a: Starmie|51/100
|
|-heal|p2a: Starmie|57/100|[from] item: Leftovers
|-heal|p1a: Blissey|100/100|[from] item: Leftovers
|upkeep
|turn|36
|
|t:|1728326096
|move|p2a: Starmie|Recover|p2a: Starmie
|-heal|p2a: Starmie|100/100
|move|p1a: Blissey|Seismic Toss|p2a: Starmie
|-damage|p2a: Starmie|70/100
|
|-heal|p2a: Starmie|76/100|[from] item: Leftovers
|upkeep
|turn|37
|
|t:|1728326103
|move|p2a: Starmie|Thunder Wave|p1a: Blissey
|-status|p1a: Blissey|par
|cant|p1a: Blissey|par
|
|-heal|p2a: Starmie|82/100|[from] item: Leftovers
|upkeep
|turn|38
|
|t:|1728326110
|move|p2a: Starmie|Thunder Wave|p1a: Blissey
|-fail|p1a: Blissey|par
|move|p1a: Blissey|Seismic Toss|p2a: Starmie
|-damage|p2a: Starmie|51/100
|
|-heal|p2a: Starmie|57/100|[from] item: Leftovers
|upkeep
|turn|39
|
|t:|1728326115
|move|p2a: Starmie|Recover|p2a: Starmie
|-heal|p2a: Starmie|100/100
|move|p1a: Blissey|Thunder Wave|p2a: Starmie
|-status|p2a: Starmie|par
|
|upkeep
|turn|40
|
|t:|1728326119
|-curestatus|p2a: Starmie|par|[from] ability: Natural Cure
|switch|p2a: Blissey|Blissey, F|76/100
|-curestatus|p1a: Blissey|par|[from] ability: Natural Cure
|switch|p1a: Zapdos|Zapdos|94/100
|
|-heal|p2a: Blissey|82/100|[from] item: Leftovers
|upkeep
|turn|41
|
|t:|1728326129
|switch|p1a: Blissey|Blissey, F|100/100
|move|p2a: Blissey|Sing|p1a: Blissey|[miss]
|-miss|p2a: Blissey|p1a: Blissey
|
|-heal|p2a: Blissey|88/100|[from] item: Leftovers
|upkeep
|turn|42
|
|t:|1728326137
|move|p1a: Blissey|Seismic Toss|p2a: Blissey
|-damage|p2a: Blissey|73/100
|move|p2a: Blissey|Sing|p1a: Blissey
|-status|p1a: Blissey|slp|[from] move: Sing
|
|-heal|p2a: Blissey|79/100|[from] item: Leftovers
|upkeep
|turn|43
|
|t:|1728326144
|-curestatus|p1a: Blissey|slp|[from] ability: Natural Cure
|switch|p1a: Zapdos|Zapdos|94/100
|switch|p2a: Dugtrio|Dugtrio, M|100/100
|
|upkeep
|turn|44
|
|t:|1728326149
|switch|p2a: Blissey|Blissey, F|79/100
|move|p1a: Zapdos|Toxic|p2a: Blissey
|-status|p2a: Blissey|tox
|
|-heal|p2a: Blissey|85/100 tox|[from] item: Leftovers
|-damage|p2a: Blissey|79/100 tox|[from] psn
|upkeep
|turn|45
|
|t:|1728326157
|switch|p1a: Blissey|Blissey, F|100/100
|move|p2a: Blissey|Ice Beam|p1a: Blissey
|-damage|p1a: Blissey|92/100
|
|-heal|p1a: Blissey|99/100|[from] item: Leftovers
|-heal|p2a: Blissey|85/100 tox|[from] item: Leftovers
|-damage|p2a: Blissey|73/100 tox|[from] psn
|upkeep
|turn|46
|
|t:|1728326172
|-curestatus|p2a: Blissey|tox|[from] ability: Natural Cure
|switch|p2a: Starmie|Starmie|100/100
|move|p1a: Blissey|Seismic Toss|p2a: Starmie
|-damage|p2a: Starmie|70/100
|
|-heal|p2a: Starmie|76/100|[from] item: Leftovers
|-heal|p1a: Blissey|100/100|[from] item: Leftovers
|upkeep
|turn|47
|
|t:|1728326186
|move|p2a: Starmie|Thunder Wave|p1a: Blissey
|-status|p1a: Blissey|par
|move|p1a: Blissey|Thunder Wave|p2a: Starmie
|-status|p2a: Starmie|par
|
|-heal|p2a: Starmie|82/100 par|[from] item: Leftovers
|upkeep
|turn|48
|
|t:|1728326196
|-curestatus|p2a: Starmie|par|[from] ability: Natural Cure
|switch|p2a: Blissey|Blissey, F|73/100
|move|p1a: Blissey|Ice Beam|p2a: Blissey
|-damage|p2a: Blissey|65/100
|
|-heal|p2a: Blissey|72/100|[from] item: Leftovers
|upkeep
|turn|49
|
|t:|1728326205
|-curestatus|p1a: Blissey|par|[from] ability: Natural Cure
|switch|p1a: Magneton|Magneton|100/100
|move|p2a: Blissey|Seismic Toss|p1a: Magneton
|-damage|p1a: Magneton|59/100
|
|-heal|p2a: Blissey|78/100|[from] item: Leftovers
|upkeep
|turn|50
|
|t:|1728326229
|switch|p1a: Blissey|Blissey, F|100/100
|move|p2a: Blissey|Seismic Toss|p1a: Blissey
|-damage|p1a: Blissey|86/100
|
|-heal|p1a: Blissey|93/100|[from] item: Leftovers
|-heal|p2a: Blissey|84/100|[from] item: Leftovers
|upkeep
|turn|51
|
|t:|1728326238
|move|p1a: Blissey|Seismic Toss|p2a: Blissey
|-damage|p2a: Blissey|69/100
|move|p2a: Blissey|Sing|p1a: Blissey
|-status|p1a: Blissey|slp|[from] move: Sing
|
|-heal|p1a: Blissey|99/100 slp|[from] item: Leftovers
|-heal|p2a: Blissey|75/100|[from] item: Leftovers
|upkeep
|turn|52
|
|t:|1728326246
|-curestatus|p1a: Blissey|slp|[from] ability: Natural Cure
|switch|p1a: Zapdos|Zapdos|94/100
|move|p2a: Blissey|Ice Beam|p1a: Zapdos
|-supereffective|p1a: Zapdos
|-damage|p1a: Zapdos|62/100
|
|-heal|p2a: Blissey|81/100|[from] item: Leftovers
|upkeep
|turn|53
|
|t:|1728326254
|move|p1a: Zapdos|Toxic|p2a: Blissey
|-status|p2a: Blissey|tox
|move|p2a: Blissey|Ice Beam|p1a: Zapdos
|-supereffective|p1a: Zapdos
|-damage|p1a: Zapdos|32/100
|
|-heal|p2a: Blissey|87/100 tox|[from] item: Leftovers
|-damage|p2a: Blissey|81/100 tox|[from] psn
|upkeep
|turn|54
|
|t:|1728326273
|-curestatus|p2a: Blissey|tox|[from] ability: Natural Cure
|switch|p2a: Dugtrio|Dugtrio, M|100/100
|move|p1a: Zapdos|Rest|p1a: Zapdos
|-status|p1a: Zapdos|slp|[from] move: Rest
|-heal|p1a: Zapdos|100/100 slp|[silent]
|
|upkeep
|turn|55
|
|t:|1728326280
|switch|p2a: Blissey|Blissey, F|81/100
|cant|p1a: Zapdos|slp
|
|-heal|p2a: Blissey|87/100|[from] item: Leftovers
|upkeep
|turn|56
|
|t:|1728326286
|cant|p1a: Zapdos|slp
|move|p2a: Blissey|Seismic Toss|p1a: Zapdos
|-damage|p1a: Zapdos|74/100 slp
|
|-heal|p2a: Blissey|93/100|[from] item: Leftovers
|upkeep
|turn|57
|
|t:|1728326293
|-curestatus|p1a: Zapdos|slp|[msg]
|move|p1a: Zapdos|Toxic|p2a: Blissey
|-status|p2a: Blissey|tox
|move|p2a: Blissey|Seismic Toss|p1a: Zapdos
|-damage|p1a: Zapdos|48/100
|
|-heal|p2a: Blissey|99/100 tox|[from] item: Leftovers
|-damage|p2a: Blissey|93/100 tox|[from] psn
|upkeep
|turn|58
|
|t:|1728326302
|-curestatus|p2a: Blissey|tox|[from] ability: Natural Cure
|switch|p2a: Dugtrio|Dugtrio, M|100/100
|move|p1a: Zapdos|Thunderbolt|p2a: Dugtrio
|-immune|p2a: Dugtrio
|
|upkeep
|turn|59
|
|t:|1728326309
|switch|p2a: Blissey|Blissey, F|93/100
|switch|p1a: Claydol|Claydol|100/100
|
|-heal|p2a: Blissey|99/100|[from] item: Leftovers
|upkeep
|turn|60
|
|t:|1728326317
|switch|p1a: Zapdos|Zapdos|48/100
|switch|p2a: Starmie|Starmie|82/100
|
|-heal|p2a: Starmie|88/100|[from] item: Leftovers
|upkeep
|turn|61
|
|t:|1728326335
|switch|p2a: Blissey|Blissey, F|99/100
|move|p1a: Zapdos|Thunderbolt|p2a: Blissey
|-damage|p2a: Blissey|83/100
|
|-heal|p2a: Blissey|89/100|[from] item: Leftovers
|upkeep
|turn|62
|
|t:|1728326343
|move|p1a: Zapdos|Toxic|p2a: Blissey
|-status|p2a: Blissey|tox
|move|p2a: Blissey|Seismic Toss|p1a: Zapdos
|-damage|p1a: Zapdos|22/100
|
|-heal|p2a: Blissey|95/100 tox|[from] item: Leftovers
|-damage|p2a: Blissey|89/100 tox|[from] psn
|upkeep
|turn|63
|
|t:|1728326359
|-curestatus|p2a: Blissey|tox|[from] ability: Natural Cure
|switch|p2a: Dugtrio|Dugtrio, M|100/100
|move|p1a: Zapdos|Rest|p1a: Zapdos
|-status|p1a: Zapdos|slp|[from] move: Rest
|-heal|p1a: Zapdos|100/100 slp|[silent]
|
|upkeep
|turn|64
|
|t:|1728326366
|switch|p2a: Blissey|Blissey, F|89/100
|switch|p1a: Claydol|Claydol|100/100
|
|-heal|p2a: Blissey|95/100|[from] item: Leftovers
|upkeep
|turn|65
|
|t:|1728326392
|switch|p1a: Blissey|Blissey, F|99/100
|switch|p2a: Skarmory|Skarmory, M|100/100
|
|-heal|p1a: Blissey|100/100|[from] item: Leftovers
|upkeep
|turn|66
|inactive|Christos has 270 seconds left.
|
|t:|1728326411
|move|p2a: Skarmory|Spikes|p1a: Blissey
|-sidestart|p1: BL0X|Spikes
|move|p1a: Blissey|Ice Beam|p2a: Skarmory
|-damage|p2a: Skarmory|84/100
|
|upkeep
|turn|67
|
|t:|1728326420
|switch|p2a: Blissey|Blissey, F|95/100
|move|p1a: Blissey|Ice Beam|p2a: Blissey
|-damage|p2a: Blissey|88/100
|-status|p2a: Blissey|frz
|
|-heal|p2a: Blissey|94/100 frz|[from] item: Leftovers
|upkeep
|turn|68
|
|t:|1728326428
|-curestatus|p2a: Blissey|frz|[from] ability: Natural Cure
|switch|p2a: Starmie|Starmie|88/100
|move|p1a: Blissey|Thunder Wave|p2a: Starmie
|-status|p2a: Starmie|par
|
|-heal|p2a: Starmie|94/100 par|[from] item: Leftovers
|upkeep
|turn|69
|
|t:|1728326435
|-curestatus|p2a: Starmie|par|[from] ability: Natural Cure
|switch|p2a: Blissey|Blissey, F|94/100
|move|p1a: Blissey|Seismic Toss|p2a: Blissey
|-damage|p2a: Blissey|79/100
|
|-heal|p2a: Blissey|85/100|[from] item: Leftovers
|upkeep
|turn|70
|
|t:|1728326445
|switch|p1a: Zapdos|Zapdos|100/100 slp
|move|p2a: Blissey|Sing|p1a: Zapdos
|-fail|p1a: Zapdos|slp
|
|-heal|p2a: Blissey|91/100|[from] item: Leftovers
|upkeep
|turn|71
|
|t:|1728326455
|move|p2a: Blissey|Seismic Toss|p1a: Zapdos
|-damage|p1a: Zapdos|74/100 slp
|cant|p1a: Zapdos|slp
|
|-heal|p2a: Blissey|97/100|[from] item: Leftovers
|upkeep
|turn|72
|
|t:|1728326463
|move|p2a: Blissey|Seismic Toss|p1a: Zapdos
|-damage|p1a: Zapdos|48/100 slp
|cant|p1a: Zapdos|slp
|
|-heal|p2a: Blissey|100/100|[from] item: Leftovers
|upkeep
|turn|73
|
|t:|1728326471
|-curestatus|p1a: Zapdos|slp|[msg]
|move|p1a: Zapdos|Rest|p1a: Zapdos
|-status|p1a: Zapdos|slp|[from] move: Rest
|-heal|p1a: Zapdos|100/100 slp|[silent]
|move|p2a: Blissey|Sing|p1a: Zapdos|[miss]
|-miss|p2a: Blissey|p1a: Zapdos
|
|upkeep
|turn|74
|
|t:|1728326489
|switch|p2a: Dugtrio|Dugtrio, M|100/100
|cant|p1a: Zapdos|slp
|
|upkeep
|turn|75
|
|t:|1728326496
|switch|p2a: Blissey|Blissey, F|100/100
|switch|p1a: Claydol|Claydol|100/100
|
|upkeep
|turn|76
|
|t:|1728326504
|switch|p1a: Blissey|Blissey, F|100/100
|-damage|p1a: Blissey|88/100|[from] Spikes
|switch|p2a: Starmie|Starmie|94/100
|
|-heal|p2a: Starmie|100/100|[from] item: Leftovers
|-heal|p1a: Blissey|94/100|[from] item: Leftovers
|upkeep
|turn|77
|
|t:|1728326516
|move|p2a: Starmie|Thunder Wave|p1a: Blissey
|-status|p1a: Blissey|par
|cant|p1a: Blissey|par
|
|-heal|p1a: Blissey|100/100 par|[from] item: Leftovers
|upkeep
|turn|78
|
|t:|1728326522
|move|p2a: Starmie|Surf|p1a: Blissey
|-damage|p1a: Blissey|88/100 par
|move|p1a: Blissey|Seismic Toss|p2a: Starmie
|-damage|p2a: Starmie|70/100
|
|-heal|p2a: Starmie|76/100|[from] item: Leftovers
|-heal|p1a: Blissey|94/100 par|[from] item: Leftovers
|upkeep
|turn|79
|
|t:|1728326533
|move|p2a: Starmie|Surf|p1a: Blissey
|-damage|p1a: Blissey|82/100 par
|move|p1a: Blissey|Thunder Wave|p2a: Starmie
|-status|p2a: Starmie|par
|
|-heal|p2a: Starmie|82/100 par|[from] item: Leftovers
|-heal|p1a: Blissey|88/100 par|[from] item: Leftovers
|upkeep
|turn|80
|
|t:|1728326537
|move|p2a: Starmie|Surf|p1a: Blissey
|-damage|p1a: Blissey|74/100 par
|move|p1a: Blissey|Seismic Toss|p2a: Starmie
|-damage|p2a: Starmie|51/100 par
|
|-heal|p2a: Starmie|57/100 par|[from] item: Leftovers
|-heal|p1a: Blissey|80/100 par|[from] item: Leftovers
|upkeep
|turn|81
|
|t:|1728326546
|-curestatus|p1a: Blissey|par|[from] ability: Natural Cure
|switch|p1a: Zapdos|Zapdos|100/100 slp
|cant|p2a: Starmie|par
|
|-heal|p2a: Starmie|63/100 par|[from] item: Leftovers
|upkeep
|turn|82
|
|t:|1728326551
|-curestatus|p2a: Starmie|par|[from] ability: Natural Cure
|switch|p2a: Blissey|Blissey, F|100/100
|cant|p1a: Zapdos|slp
|
|upkeep
|turn|83
|
|t:|1728326558
|-curestatus|p1a: Zapdos|slp|[msg]
|move|p1a: Zapdos|Toxic|p2a: Blissey
|-status|p2a: Blissey|tox
|move|p2a: Blissey|Sing|p1a: Zapdos
|-status|p1a: Zapdos|slp|[from] move: Sing
|
|-damage|p2a: Blissey|94/100 tox|[from] psn
|upkeep
|turn|84
|
|t:|1728326567
|cant|p1a: Zapdos|slp
|move|p2a: Blissey|Ice Beam|p1a: Zapdos
|-supereffective|p1a: Zapdos
|-damage|p1a: Zapdos|70/100 slp
|
|-heal|p2a: Blissey|100/100 tox|[from] item: Leftovers
|-damage|p2a: Blissey|88/100 tox|[from] psn
|upkeep
|turn|85
|
|t:|1728326574
|cant|p1a: Zapdos|slp
|move|p2a: Blissey|Ice Beam|p1a: Zapdos
|-supereffective|p1a: Zapdos
|-damage|p1a: Zapdos|36/100 slp
|
|-heal|p2a: Blissey|94/100 tox|[from] item: Leftovers
|-damage|p2a: Blissey|76/100 tox|[from] psn
|upkeep
|turn|86
|
|t:|1728326582
|-curestatus|p1a: Zapdos|slp|[msg]
|move|p1a: Zapdos|Rest|p1a: Zapdos
|-status|p1a: Zapdos|slp|[from] move: Rest
|-heal|p1a: Zapdos|100/100 slp|[silent]
|move|p2a: Blissey|Ice Beam|p1a: Zapdos
|-supereffective|p1a: Zapdos
|-damage|p1a: Zapdos|66/100 slp
|
|-heal|p2a: Blissey|82/100 tox|[from] item: Leftovers
|-damage|p2a: Blissey|57/100 tox|[from] psn
|upkeep
|turn|87
|
|t:|1728326593
|switch|p1a: Claydol|Claydol|100/100
|-curestatus|p2a: Blissey|tox|[from] ability: Natural Cure
|switch|p2a: Starmie|Starmie|63/100
|
|-heal|p2a: Starmie|70/100|[from] item: Leftovers
|upkeep
|turn|88
|
|t:|1728326599
|switch|p2a: Blissey|Blissey, F|57/100
|switch|p1a: Blissey|Blissey, F|80/100
|-damage|p1a: Blissey|68/100|[from] Spikes
|
|-heal|p1a: Blissey|74/100|[from] item: Leftovers
|-heal|p2a: Blissey|64/100|[from] item: Leftovers
|upkeep
|turn|89
|
|t:|1728326604
|switch|p1a: Claydol|Claydol|100/100
|move|p2a: Blissey|Soft-Boiled|p2a: Blissey
|-heal|p2a: Blissey|100/100
|
|upkeep
|turn|90
|
|t:|1728326613
|switch|p2a: Skarmory|Skarmory, M|84/100
|move|p1a: Claydol|Rapid Spin|p2a: Skarmory
|-resisted|p2a: Skarmory
|-damage|p2a: Skarmory|82/100
|-sideend|p1: BL0X|Spikes|[from] move: Rapid Spin|[of] p1a: Claydol
|
|upkeep
|turn|91
|
|t:|1728326619
|switch|p1a: Zapdos|Zapdos|66/100 slp
|move|p2a: Skarmory|Spikes|p1a: Zapdos
|-sidestart|p1: BL0X|Spikes
|
|upkeep
|turn|92
|
|t:|1728326629
|cant|p1a: Zapdos|slp
|move|p2a: Skarmory|Spikes|p1a: Zapdos
|-sidestart|p1: BL0X|Spikes
|
|upkeep
|turn|93
|
|t:|1728326638
|cant|p1a: Zapdos|slp
|move|p2a: Skarmory|Roar|p1a: Zapdos
|drag|p1a: Dugtrio|Dugtrio, M|100/100
|-damage|p1a: Dugtrio|84/100|[from] Spikes
|
|upkeep
|turn|94
|
|t:|1728326645
|switch|p1a: Zapdos|Zapdos|66/100 slp
|move|p2a: Skarmory|Roar|p1a: Zapdos
|drag|p1a: Magneton|Magneton|59/100
|-damage|p1a: Magneton|43/100|[from] Spikes
|
|upkeep
|turn|95
|
|t:|1728326656
|move|p1a: Magneton|Thunderbolt|p2a: Skarmory
|-supereffective|p2a: Skarmory
|-damage|p2a: Skarmory|0 fnt
|faint|p2a: Skarmory
|
|t:|1728326659
|switch|p2a: Dugtrio|Dugtrio, M|100/100
|
|upkeep
|turn|96
|
|t:|1728326662
|move|p2a: Dugtrio|Earthquake|p1a: Magneton
|-supereffective|p1a: Magneton
|-damage|p1a: Magneton|0 fnt
|faint|p1a: Magneton
|
|t:|1728326664
|switch|p1a: Claydol|Claydol|100/100
|
|upkeep
|turn|97
|
|t:|1728326669
|switch|p2a: Starmie|Starmie|70/100
|move|p1a: Claydol|Rapid Spin|p2a: Starmie
|-damage|p2a: Starmie|66/100
|-sideend|p1: BL0X|Spikes|[from] move: Rapid Spin|[of] p1a: Claydol
|
|-heal|p2a: Starmie|72/100|[from] item: Leftovers
|upkeep
|turn|98
|
|t:|1728326681
|switch|p2a: Hariyama|Hariyama, F|88/100 tox
|switch|p1a: Zapdos|Zapdos|66/100 slp
|
|-heal|p2a: Hariyama|94/100 tox|[from] item: Leftovers
|-damage|p2a: Hariyama|88/100 tox|[from] psn
|upkeep
|turn|99
|
|t:|1728326692
|switch|p2a: Blissey|Blissey, F|100/100
|-curestatus|p1a: Zapdos|slp|[msg]
|move|p1a: Zapdos|Toxic|p2a: Blissey
|-status|p2a: Blissey|tox
|
|-damage|p2a: Blissey|94/100 tox|[from] psn
|upkeep
|turn|100
|
|t:|1728326706
|move|p1a: Zapdos|Rest|p1a: Zapdos
|-status|p1a: Zapdos|slp|[from] move: Rest
|-heal|p1a: Zapdos|100/100 slp|[silent]
|move|p2a: Blissey|Seismic Toss|p1a: Zapdos
|-damage|p1a: Zapdos|74/100 slp
|
|-heal|p2a: Blissey|100/100 tox|[from] item: Leftovers
|-damage|p2a: Blissey|88/100 tox|[from] psn
|upkeep
|turn|101
|
|t:|1728326715
|cant|p1a: Zapdos|slp
|move|p2a: Blissey|Seismic Toss|p1a: Zapdos
|-damage|p1a: Zapdos|48/100 slp
|
|-heal|p2a: Blissey|94/100 tox|[from] item: Leftovers
|-damage|p2a: Blissey|76/100 tox|[from] psn
|upkeep
|turn|102
|
|t:|1728326735
|-curestatus|p2a: Blissey|tox|[from] ability: Natural Cure
|switch|p2a: Starmie|Starmie|72/100
|cant|p1a: Zapdos|slp
|
|-heal|p2a: Starmie|78/100|[from] item: Leftovers
|upkeep
|turn|103
|
|t:|1728326742
|switch|p2a: Blissey|Blissey, F|76/100
|-curestatus|p1a: Zapdos|slp|[msg]
|move|p1a: Zapdos|Thunderbolt|p2a: Blissey
|-damage|p2a: Blissey|61/100
|
|-heal|p2a: Blissey|67/100|[from] item: Leftovers
|upkeep
|turn|104
|
|t:|1728326770
|move|p1a: Zapdos|Rest|p1a: Zapdos
|-status|p1a: Zapdos|slp|[from] move: Rest
|-heal|p1a: Zapdos|100/100 slp|[silent]
|move|p2a: Blissey|Sing|p1a: Zapdos
|-fail|p1a: Zapdos|slp
|
|-heal|p2a: Blissey|73/100|[from] item: Leftovers
|upkeep
|turn|105
|
|t:|1728326785
|switch|p2a: Starmie|Starmie|78/100
|cant|p1a: Zapdos|slp
|
|-heal|p2a: Starmie|84/100|[from] item: Leftovers
|upkeep
|turn|106
|
|t:|1728326792
|move|p2a: Starmie|Surf|p1a: Zapdos
|-damage|p1a: Zapdos|78/100 slp
|cant|p1a: Zapdos|slp
|
|-heal|p2a: Starmie|90/100|[from] item: Leftovers
|upkeep
|turn|107
|
|t:|1728326801
|switch|p2a: Blissey|Blissey, F|73/100
|-curestatus|p1a: Zapdos|slp|[msg]
|move|p1a: Zapdos|Thunderbolt|p2a: Blissey
|-damage|p2a: Blissey|55/100
|
|-heal|p2a: Blissey|61/100|[from] item: Leftovers
|upkeep
|turn|108
|
|t:|1728326809
|switch|p1a: Blissey|Blissey, F|74/100
|move|p2a: Blissey|Soft-Boiled|p2a: Blissey
|-heal|p2a: Blissey|100/100
|
|-heal|p1a: Blissey|80/100|[from] item: Leftovers
|upkeep
|turn|109
|
|t:|1728326814
|switch|p2a: Starmie|Starmie|90/100
|move|p1a: Blissey|Ice Beam|p2a: Starmie
|-resisted|p2a: Starmie
|-damage|p2a: Starmie|80/100
|
|-heal|p2a: Starmie|86/100|[from] item: Leftovers
|-heal|p1a: Blissey|87/100|[from] item: Leftovers
|upkeep
|turn|110
|
|t:|1728326822
|move|p2a: Starmie|Thunder Wave|p1a: Blissey
|-status|p1a: Blissey|par
|move|p1a: Blissey|Thunder Wave|p2a: Starmie
|-status|p2a: Starmie|par
|
|-heal|p2a: Starmie|92/100 par|[from] item: Leftovers
|-heal|p1a: Blissey|93/100 par|[from] item: Leftovers
|upkeep
|turn|111
|
|t:|1728326833
|-curestatus|p2a: Starmie|par|[from] ability: Natural Cure
|switch|p2a: Blissey|Blissey, F|100/100
|move|p1a: Blissey|Ice Beam|p2a: Blissey
|-damage|p2a: Blissey|94/100
|-status|p2a: Blissey|frz
|
|-heal|p2a: Blissey|99/100 frz|[from] item: Leftovers
|-heal|p1a: Blissey|99/100 par|[from] item: Leftovers
|upkeep
|turn|112
|
|t:|1728326843
|-curestatus|p2a: Blissey|frz|[from] ability: Natural Cure
|switch|p2a: Starmie|Starmie|92/100
|-curestatus|p1a: Blissey|par|[from] ability: Natural Cure
|switch|p1a: Dugtrio|Dugtrio, M|84/100
|
|-heal|p2a: Starmie|98/100|[from] item: Leftovers
|upkeep
|turn|113
|
|t:|1728326861
|switch|p1a: Blissey|Blissey, F|99/100
|move|p2a: Starmie|Surf|p1a: Blissey
|-damage|p1a: Blissey|87/100
|
|-heal|p2a: Starmie|100/100|[from] item: Leftovers
|-heal|p1a: Blissey|93/100|[from] item: Leftovers
|upkeep
|turn|114
|
|t:|1728326869
|switch|p2a: Blissey|Blissey, F|99/100
|move|p1a: Blissey|Ice Beam|p2a: Blissey
|-damage|p2a: Blissey|93/100
|-status|p2a: Blissey|frz
|
|-heal|p1a: Blissey|99/100|[from] item: Leftovers
|-heal|p2a: Blissey|99/100 frz|[from] item: Leftovers
|upkeep
|turn|115
|
|t:|1728326875
|switch|p1a: Dugtrio|Dugtrio, M|84/100
|-curestatus|p2a: Blissey|frz|[from] ability: Natural Cure
|switch|p2a: Starmie|Starmie|100/100
|
|upkeep
|turn|116
|
|t:|1728326885
|switch|p1a: Blissey|Blissey, F|99/100
|move|p2a: Starmie|Surf|p1a: Blissey
|-damage|p1a: Blissey|88/100
|
|-heal|p1a: Blissey|94/100|[from] item: Leftovers
|upkeep
|turn|117
|
|t:|1728326893
|move|p2a: Starmie|Thunder Wave|p1a: Blissey
|-status|p1a: Blissey|par
|cant|p1a: Blissey|par
|
|-heal|p1a: Blissey|99/100 par|[from] item: Leftovers
|upkeep
|turn|118
|
|t:|1728326901
|switch|p2a: Blissey|Blissey, F|99/100
|-curestatus|p1a: Blissey|par|[from] ability: Natural Cure
|switch|p1a: Zapdos|Zapdos|78/100
|
|-heal|p2a: Blissey|100/100|[from] item: Leftovers
|upkeep
|turn|119
|
|t:|1728326909
|switch|p1a: Blissey|Blissey, F|99/100
|move|p2a: Blissey|Seismic Toss|p1a: Blissey
|-damage|p1a: Blissey|86/100
|
|-heal|p1a: Blissey|92/100|[from] item: Leftovers
|upkeep
|turn|120
|
|t:|1728326921
|switch|p2a: Starmie|Starmie|100/100
|move|p1a: Blissey|Seismic Toss|p2a: Starmie
|-damage|p2a: Starmie|70/100
|
|-heal|p2a: Starmie|76/100|[from] item: Leftovers
|-heal|p1a: Blissey|98/100|[from] item: Leftovers
|upkeep
|turn|121
|
|t:|1728326934
|move|p2a: Starmie|Thunder Wave|p1a: Blissey
|-status|p1a: Blissey|par
|move|p1a: Blissey|Thunder Wave|p2a: Starmie
|-status|p2a: Starmie|par
|
|-heal|p2a: Starmie|82/100 par|[from] item: Leftovers
|-heal|p1a: Blissey|100/100 par|[from] item: Leftovers
|upkeep
|turn|122
|
|t:|1728326950
|move|p2a: Starmie|Surf|p1a: Blissey
|-damage|p1a: Blissey|88/100 par
|move|p1a: Blissey|Seismic Toss|p2a: Starmie
|-damage|p2a: Starmie|51/100 par
|
|-heal|p2a: Starmie|57/100 par|[from] item: Leftovers
|-heal|p1a: Blissey|95/100 par|[from] item: Leftovers
|upkeep
|turn|123
|
|t:|1728326959
|-curestatus|p1a: Blissey|par|[from] ability: Natural Cure
|switch|p1a: Zapdos|Zapdos|78/100
|move|p2a: Starmie|Recover|p2a: Starmie
|-heal|p2a: Starmie|100/100 par
|
|upkeep
|turn|124
|
|t:|1728326967
|-curestatus|p2a: Starmie|par|[from] ability: Natural Cure
|switch|p2a: Blissey|Blissey, F|100/100
|move|p1a: Zapdos|Toxic|p2a: Blissey
|-status|p2a: Blissey|tox
|
|-damage|p2a: Blissey|94/100 tox|[from] psn
|upkeep
|turn|125
|
|t:|1728326982
|switch|p1a: Blissey|Blissey, F|95/100
|move|p2a: Blissey|Seismic Toss|p1a: Blissey
|-damage|p1a: Blissey|80/100
|
|-heal|p1a: Blissey|87/100|[from] item: Leftovers
|-heal|p2a: Blissey|100/100 tox|[from] item: Leftovers
|-damage|p2a: Blissey|88/100 tox|[from] psn
|upkeep
|turn|126
|
|t:|1728326988
|-curestatus|p2a: Blissey|tox|[from] ability: Natural Cure
|switch|p2a: Starmie|Starmie|100/100
|move|p1a: Blissey|Seismic Toss|p2a: Starmie
|-damage|p2a: Starmie|70/100
|
|-heal|p2a: Starmie|76/100|[from] item: Leftovers
|-heal|p1a: Blissey|93/100|[from] item: Leftovers
|upkeep
|turn|127
|
|t:|1728326999
|move|p2a: Starmie|Thunder Wave|p1a: Blissey
|-status|p1a: Blissey|par
|cant|p1a: Blissey|par
|
|-heal|p2a: Starmie|82/100|[from] item: Leftovers
|-heal|p1a: Blissey|99/100 par|[from] item: Leftovers
|upkeep
|turn|128
|
|t:|1728327008
|switch|p2a: Hariyama|Hariyama, F|88/100 tox
|move|p1a: Blissey|Thunder Wave||[still]
|-fail|p1a: Blissey
|
|-heal|p2a: Hariyama|94/100 tox|[from] item: Leftovers
|-damage|p2a: Hariyama|88/100 tox|[from] psn
|-heal|p1a: Blissey|100/100 par|[from] item: Leftovers
|upkeep
|turn|129
|
|t:|1728327017
|-singleturn|p2a: Hariyama|move: Focus Punch
|-curestatus|p1a: Blissey|par|[from] ability: Natural Cure
|switch|p1a: Zapdos|Zapdos|78/100
|move|p2a: Hariyama|Focus Punch|p1a: Zapdos
|-resisted|p1a: Zapdos
|-damage|p1a: Zapdos|22/100
|
|-heal|p2a: Hariyama|94/100 tox|[from] item: Leftovers
|-damage|p2a: Hariyama|82/100 tox|[from] psn
|upkeep
|turn|130
|
|t:|1728327032
|move|p1a: Zapdos|Rest|p1a: Zapdos
|-status|p1a: Zapdos|slp|[from] move: Rest
|-heal|p1a: Zapdos|100/100 slp|[silent]
|move|p2a: Hariyama|Cross Chop|p1a: Zapdos
|-resisted|p1a: Zapdos
|-damage|p1a: Zapdos|67/100 slp
|
|-heal|p2a: Hariyama|88/100 tox|[from] item: Leftovers
|-damage|p2a: Hariyama|70/100 tox|[from] psn
|upkeep
|turn|131
|
|t:|1728327040
|-singleturn|p2a: Hariyama|move: Focus Punch
|switch|p1a: Claydol|Claydol|100/100
|move|p2a: Hariyama|Focus Punch|p1a: Claydol
|-resisted|p1a: Claydol
|-damage|p1a: Claydol|58/100
|
|-heal|p2a: Hariyama|76/100 tox|[from] item: Leftovers
|-damage|p2a: Hariyama|52/100 tox|[from] psn
|-heal|p1a: Claydol|64/100|[from] item: Leftovers
|upkeep
|turn|132
|
|t:|1728327050
|switch|p2a: Starmie|Starmie|82/100
|move|p1a: Claydol|Psychic|p2a: Starmie
|-resisted|p2a: Starmie
|-crit|p2a: Starmie
|-damage|p2a: Starmie|56/100
|-unboost|p2a: Starmie|spd|1
|
|-heal|p2a: Starmie|63/100|[from] item: Leftovers
|-heal|p1a: Claydol|70/100|[from] item: Leftovers
|upkeep
|turn|133
|
|t:|1728327060
|switch|p1a: Blissey|Blissey, F|100/100
|move|p2a: Starmie|Recover|p2a: Starmie
|-heal|p2a: Starmie|100/100
|
|upkeep
|turn|134
|
|t:|1728327065
|move|p2a: Starmie|Thunder Wave|p1a: Blissey
|-status|p1a: Blissey|par
|move|p1a: Blissey|Thunder Wave|p2a: Starmie
|-status|p2a: Starmie|par
|
|upkeep
|turn|135
|
|t:|1728327073
|-curestatus|p2a: Starmie|par|[from] ability: Natural Cure
|switch|p2a: Blissey|Blissey, F|88/100
|move|p1a: Blissey|Seismic Toss|p2a: Blissey
|-damage|p2a: Blissey|73/100
|
|-heal|p2a: Blissey|79/100|[from] item: Leftovers
|upkeep
|turn|136
|
|t:|1728327085
|switch|p2a: Starmie|Starmie|100/100
|move|p1a: Blissey|Ice Beam|p2a: Starmie
|-resisted|p2a: Starmie
|-damage|p2a: Starmie|90/100
|-status|p2a: Starmie|frz
|
|-heal|p2a: Starmie|96/100 frz|[from] item: Leftovers
|upkeep
|turn|137
|
|t:|1728327095
|-curestatus|p2a: Starmie|frz|[from] ability: Natural Cure
|switch|p2a: Blissey|Blissey, F|79/100
|-curestatus|p1a: Blissey|par|[from] ability: Natural Cure
|switch|p1a: Zapdos|Zapdos|67/100 slp
|
|-heal|p2a: Blissey|85/100|[from] item: Leftovers
|upkeep
|turn|138
|
|t:|1728327114
|switch|p2a: Hariyama|Hariyama, F|52/100 tox
|cant|p1a: Zapdos|slp
|
|-heal|p2a: Hariyama|58/100 tox|[from] item: Leftovers
|-damage|p2a: Hariyama|52/100 tox|[from] psn
|upkeep
|turn|139
|
|t:|1728327127
|-singleturn|p2a: Hariyama|move: Focus Punch
|cant|p1a: Zapdos|slp
|move|p2a: Hariyama|Focus Punch|p1a: Zapdos
|-resisted|p1a: Zapdos
|-damage|p1a: Zapdos|8/100 slp
|
|-heal|p2a: Hariyama|58/100 tox|[from] item: Leftovers
|-damage|p2a: Hariyama|46/100 tox|[from] psn
|upkeep
|turn|140
|inactive|Christos has 270 seconds left.
|
|t:|1728327157
|switch|p1a: Claydol|Claydol|70/100
|switch|p2a: Dugtrio|Dugtrio, M|100/100
|
|-heal|p1a: Claydol|76/100|[from] item: Leftovers
|upkeep
|turn|141
|inactive|Christos has 270 seconds left.
|
|t:|1728327189
|switch|p2a: Starmie|Starmie|96/100
|move|p1a: Claydol|Earthquake|p2a: Starmie
|-damage|p2a: Starmie|66/100
|
|-heal|p2a: Starmie|72/100|[from] item: Leftovers
|-heal|p1a: Claydol|83/100|[from] item: Leftovers
|upkeep
|turn|142
|
|t:|1728327199
|switch|p1a: Blissey|Blissey, F|100/100
|move|p2a: Starmie|Thunder Wave|p1a: Blissey
|-status|p1a: Blissey|par
|
|-heal|p2a: Starmie|78/100|[from] item: Leftovers
|upkeep
|turn|143
|inactive|Christos has 240 seconds left.
|
|t:|1728327225
|switch|p2a: Blissey|Blissey, F|85/100
|move|p1a: Blissey|Seismic Toss|p2a: Blissey
|-damage|p2a: Blissey|70/100
|
|-heal|p2a: Blissey|76/100|[from] item: Leftovers
|upkeep
|turn|144
|inactive|Christos has 240 seconds left.
|
|t:|1728327245
|switch|p2a: Starmie|Starmie|78/100
|move|p1a: Blissey|Ice Beam|p2a: Starmie
|-resisted|p2a: Starmie
|-damage|p2a: Starmie|68/100
|
|-heal|p2a: Starmie|75/100|[from] item: Leftovers
|upkeep
|turn|145
|
|t:|1728327254
|move|p2a: Starmie|Rapid Spin|p1a: Blissey
|-damage|p1a: Blissey|97/100 par
|cant|p1a: Blissey|par
|
|-heal|p2a: Starmie|81/100|[from] item: Leftovers
|-heal|p1a: Blissey|100/100 par|[from] item: Leftovers
|upkeep
|turn|146
|
|t:|1728327262
|move|p2a: Starmie|Rapid Spin|p1a: Blissey
|-damage|p1a: Blissey|98/100 par
|move|p1a: Blissey|Thunder Wave|p2a: Starmie
|-status|p2a: Starmie|par
|
|-heal|p2a: Starmie|87/100 par|[from] item: Leftovers
|-heal|p1a: Blissey|100/100 par|[from] item: Leftovers
|upkeep
|turn|147
|
|t:|1728327274
|-curestatus|p2a: Starmie|par|[from] ability: Natural Cure
|switch|p2a: Blissey|Blissey, F|76/100
|move|p1a: Blissey|Seismic Toss|p2a: Blissey
|-damage|p2a: Blissey|61/100
|
|-heal|p2a: Blissey|67/100|[from] item: Leftovers
|upkeep
|turn|148
|
|t:|1728327284
|switch|p2a: Starmie|Starmie|87/100
|move|p1a: Blissey|Ice Beam|p2a: Starmie
|-resisted|p2a: Starmie
|-crit|p2a: Starmie
|-damage|p2a: Starmie|65/100
|
|-heal|p2a: Starmie|71/100|[from] item: Leftovers
|upkeep
|turn|149
|
|t:|1728327306
|move|p2a: Starmie|Recover|p2a: Starmie
|-heal|p2a: Starmie|100/100
|move|p1a: Blissey|Thunder Wave|p2a: Starmie
|-status|p2a: Starmie|par
|
|upkeep
|turn|150
|
|t:|1728327311
|move|p2a: Starmie|Surf|p1a: Blissey
|-damage|p1a: Blissey|87/100 par
|cant|p1a: Blissey|par
|
|-heal|p1a: Blissey|93/100 par|[from] item: Leftovers
|upkeep
|turn|151
|
|t:|1728327318
|-curestatus|p2a: Starmie|par|[from] ability: Natural Cure
|switch|p2a: Blissey|Blissey, F|67/100
|move|p1a: Blissey|Seismic Toss|p2a: Blissey
|-damage|p2a: Blissey|51/100
|
|-heal|p2a: Blissey|57/100|[from] item: Leftovers
|-heal|p1a: Blissey|99/100 par|[from] item: Leftovers
|upkeep
|turn|152
|
|t:|1728327327
|move|p2a: Blissey|Soft-Boiled|p2a: Blissey
|-heal|p2a: Blissey|100/100
|move|p1a: Blissey|Ice Beam|p2a: Blissey
|-damage|p2a: Blissey|93/100
|
|-heal|p2a: Blissey|99/100|[from] item: Leftovers
|-heal|p1a: Blissey|100/100 par|[from] item: Leftovers
|upkeep
|turn|153
|
|t:|1728327331
|switch|p2a: Starmie|Starmie|100/100
|move|p1a: Blissey|Thunder Wave|p2a: Starmie
|-status|p2a: Starmie|par
|
|upkeep
|turn|154
|
|t:|1728327337
|-curestatus|p2a: Starmie|par|[from] ability: Natural Cure
|switch|p2a: Blissey|Blissey, F|99/100
|move|p1a: Blissey|Seismic Toss|p2a: Blissey
|-damage|p2a: Blissey|84/100
|
|-heal|p2a: Blissey|90/100|[from] item: Leftovers
|upkeep
|turn|155
|
|t:|1728327347
|switch|p2a: Starmie|Starmie|100/100
|move|p1a: Blissey|Thunder Wave|p2a: Starmie
|-status|p2a: Starmie|par
|
|upkeep
|turn|156
|
|t:|1728327355
|-curestatus|p2a: Starmie|par|[from] ability: Natural Cure
|switch|p2a: Blissey|Blissey, F|90/100
|move|p1a: Blissey|Ice Beam|p2a: Blissey
|-damage|p2a: Blissey|83/100
|
|-heal|p2a: Blissey|89/100|[from] item: Leftovers
|upkeep
|turn|157
|
|t:|1728327363
|switch|p2a: Starmie|Starmie|100/100
|move|p1a: Blissey|Thunder Wave|p2a: Starmie
|-status|p2a: Starmie|par
|
|upkeep
|turn|158
|
|t:|1728327371
|-curestatus|p2a: Starmie|par|[from] ability: Natural Cure
|switch|p2a: Blissey|Blissey, F|89/100
|move|p1a: Blissey|Seismic Toss|p2a: Blissey
|-damage|p2a: Blissey|74/100
|
|-heal|p2a: Blissey|80/100|[from] item: Leftovers
|upkeep
|turn|159
|
|t:|1728327379
|switch|p2a: Starmie|Starmie|100/100
|move|p1a: Blissey|Thunder Wave|p2a: Starmie
|-status|p2a: Starmie|par
|
|upkeep
|turn|160
|
|t:|1728327384
|-curestatus|p2a: Starmie|par|[from] ability: Natural Cure
|switch|p2a: Blissey|Blissey, F|80/100
|move|p1a: Blissey|Seismic Toss|p2a: Blissey
|-damage|p2a: Blissey|65/100
|
|-heal|p2a: Blissey|71/100|[from] item: Leftovers
|upkeep
|turn|161
|
|t:|1728327394
|move|p2a: Blissey|Soft-Boiled|p2a: Blissey
|-heal|p2a: Blissey|100/100
|move|p1a: Blissey|Thunder Wave|p2a: Blissey
|-status|p2a: Blissey|par
|
|upkeep
|turn|162
|
|t:|1728327399
|-curestatus|p2a: Blissey|par|[from] ability: Natural Cure
|switch|p2a: Starmie|Starmie|100/100
|cant|p1a: Blissey|par
|
|upkeep
|turn|163
|
|t:|1728327405
|move|p2a: Starmie|Rapid Spin|p1a: Blissey
|-damage|p1a: Blissey|98/100 par
|move|p1a: Blissey|Thunder Wave|p2a: Starmie
|-status|p2a: Starmie|par
|
|-heal|p1a: Blissey|100/100 par|[from] item: Leftovers
|upkeep
|turn|164
|
|t:|1728327413
|-curestatus|p2a: Starmie|par|[from] ability: Natural Cure
|switch|p2a: Blissey|Blissey, F|100/100
|move|p1a: Blissey|Thunder Wave|p2a: Blissey
|-status|p2a: Blissey|par
|
|upkeep
|turn|165
|
|t:|1728327419
|-curestatus|p1a: Blissey|par|[from] ability: Natural Cure
|switch|p1a: Claydol|Claydol|83/100
|-curestatus|p2a: Blissey|par|[from] ability: Natural Cure
|switch|p2a: Starmie|Starmie|100/100
|
|-heal|p1a: Claydol|89/100|[from] item: Leftovers
|upkeep
|turn|166
|
|t:|1728327430
|switch|p2a: Hariyama|Hariyama, F|46/100 tox
|switch|p1a: Blissey|Blissey, F|100/100
|
|-heal|p2a: Hariyama|52/100 tox|[from] item: Leftovers
|-damage|p2a: Hariyama|46/100 tox|[from] psn
|upkeep
|turn|167
|
|t:|1728327449
|switch|p1a: Claydol|Claydol|89/100
|move|p2a: Hariyama|Hidden Power|p1a: Claydol
|-supereffective|p1a: Claydol
|-crit|p1a: Claydol
|-damage|p1a: Claydol|0 fnt
|faint|p1a: Claydol
|
|t:|1728327456
|switch|p1a: Zapdos|Zapdos|8/100 slp
|
|-heal|p2a: Hariyama|52/100 tox|[from] item: Leftovers
|-damage|p2a: Hariyama|40/100 tox|[from] psn
|upkeep
|turn|168
|
|t:|1728327472
|switch|p2a: Blissey|Blissey, F|100/100
|-curestatus|p1a: Zapdos|slp|[msg]
|move|p1a: Zapdos|Thunderbolt|p2a: Blissey
|-damage|p2a: Blissey|85/100
|
|-heal|p2a: Blissey|91/100|[from] item: Leftovers
|upkeep
|turn|169
|
|t:|1728327485
|switch|p2a: Hariyama|Hariyama, F|40/100 tox
|move|p1a: Zapdos|Rest|p1a: Zapdos
|-status|p1a: Zapdos|slp|[from] move: Rest
|-heal|p1a: Zapdos|100/100 slp|[silent]
|
|-heal|p2a: Hariyama|46/100 tox|[from] item: Leftovers
|-damage|p2a: Hariyama|40/100 tox|[from] psn
|upkeep
|turn|170
|
|t:|1728327491
|-singleturn|p2a: Hariyama|move: Focus Punch
|cant|p1a: Zapdos|slp
|move|p2a: Hariyama|Focus Punch|p1a: Zapdos
|-resisted|p1a: Zapdos
|-crit|p1a: Zapdos
|-damage|p1a: Zapdos|0 fnt
|faint|p1a: Zapdos
|
|t:|1728327494
|switch|p1a: Dugtrio|Dugtrio, M|84/100
|
|-heal|p2a: Hariyama|46/100 tox|[from] item: Leftovers
|-damage|p2a: Hariyama|34/100 tox|[from] psn
|upkeep
|turn|171
|
|t:|1728327502
|move|p1a: Dugtrio|Earthquake|p2a: Hariyama
|-damage|p2a: Hariyama|0 fnt
|faint|p2a: Hariyama
|
|t:|1728327523
|switch|p2a: Starmie|Starmie|100/100
|
|upkeep
|turn|172
|
|t:|1728327527
|switch|p1a: Blissey|Blissey, F|100/100
|move|p2a: Starmie|Surf|p1a: Blissey
|-damage|p1a: Blissey|87/100
|
|-heal|p1a: Blissey|93/100|[from] item: Leftovers
|upkeep
|turn|173
|
|t:|1728327537
|move|p2a: Starmie|Thunder Wave|p1a: Blissey
|-status|p1a: Blissey|par
|cant|p1a: Blissey|par
|
|-heal|p1a: Blissey|99/100 par|[from] item: Leftovers
|upkeep
|turn|174
|
|t:|1728327545
|move|p2a: Starmie|Rapid Spin|p1a: Blissey
|-damage|p1a: Blissey|97/100 par
|move|p1a: Blissey|Thunder Wave|p2a: Starmie
|-status|p2a: Starmie|par
|
|-heal|p1a: Blissey|100/100 par|[from] item: Leftovers
|upkeep
|turn|175
|
|t:|1728327552
|-curestatus|p2a: Starmie|par|[from] ability: Natural Cure
|switch|p2a: Blissey|Blissey, F|91/100
|-curestatus|p1a: Blissey|par|[from] ability: Natural Cure
|switch|p1a: Dugtrio|Dugtrio, M|84/100
|
|-heal|p2a: Blissey|97/100|[from] item: Leftovers
|upkeep
|turn|176
|
|t:|1728327564
|move|p1a: Dugtrio|Earthquake|p2a: Blissey
|-damage|p2a: Blissey|40/100
|move|p2a: Blissey|Ice Beam|p1a: Dugtrio
|-supereffective|p1a: Dugtrio
|-damage|p1a: Dugtrio|0 fnt
|faint|p1a: Dugtrio
|
|t:|1728327567
|switch|p1a: Blissey|Blissey, F|100/100
|
|-heal|p2a: Blissey|46/100|[from] item: Leftovers
|upkeep
|turn|177
|c|☆Christos|gg
|c|☆BL0X|gg
|c|☆BL0X|good hp bug
|
|t:|1728327577
|move|p1a: Blissey|Thunder Wave|p2a: Blissey
|-status|p2a: Blissey|par
|move|p2a: Blissey|Soft-Boiled|p2a: Blissey
|-heal|p2a: Blissey|96/100 par
|
|-heal|p2a: Blissey|100/100 par|[from] item: Leftovers
|upkeep
|turn|178
|-message|BL0X forfeited.
|
|win|Christos
|player|p1|
|c|☆Christos|thanks
|c|☆Christos|/log Christos made the replay of this battle unlisted.
|player|p1|BL0X|koga|
|player|p2|

</script>
<script type="application/json" class="data" id="replaydata-smogtours-gen3ou-796185">
{"id":"smogtours-gen3ou-796185","format":"[Gen 3] OU","players":["BL0X","Christos"],"uploadtime":1728327579,"views":99,"formatid":"gen3ou","rating":null,"private":1,"password":null}
</script>

<script defer src="js/replays.js?9d40a366"></script>
