<!DOCTYPE html>
<meta charset="utf-8" />
<meta name="viewport" content="width=device-width" />

<title>[Gen 3] OU: luisin vs. Altina - Replays - Pok&eacute;mon Showdown!</title>

<meta name="description" content="Watch a replay of a Pok&eacute;mon battle between luisin and Altina! Format: [Gen 3] OU; Date: Oct 8, 2024" />
<!--

Hey, you! Looking in the source for the replay log?

You can find them in JSON format, just add `.json` at the end of a replay URL.

https://replay.pokemonshowdown.com/gen7randomdoublesbattle-865046831.json

Or, if you only need the log itself, add `.log` instead:

https://replay.pokemonshowdown.com/gen7randomdoublesbattle-865046831.log

-->

<link rel="stylesheet" href="//pokemonshowdown.com/style/global.css?0.023195364461161105" />
<link rel="stylesheet" href="//play.pokemonshowdown.com/style/font-awesome.css?0.13261647063804238" />
<link rel="stylesheet" href="//play.pokemonshowdown.com/style/battle.css?0.8753245789963631" />
<link rel="stylesheet" href="//play.pokemonshowdown.com/style/utilichart.css?0.8627959624976733" />

<!-- Global site tag (gtag.js) - Google Analytics -->
<script async src="https://www.googletagmanager.com/gtag/js?id=UA-26211653-1"></script>
<script>
  window.dataLayer = window.dataLayer || [];
  function gtag(){dataLayer.push(arguments);}
  gtag('js', new Date());

  gtag('config', 'UA-26211653-1');
</script>
<!-- End Google Analytics -->
<!-- Venatus Ad Manager - Install in <HEAD> of page -->
	<script src="https://hb.vntsm.com/v3/live/ad-manager.min.js" type="text/javascript" data-site-id="642aba63ec9a7b11c3c9c1be" data-mode="scan" async></script>
<!-- / Venatus Ad Manager -->

<style>
	@media (max-width:820px) {
		.battle {
			margin: 0 auto;
		}
		.battle-log {
			margin: 7px auto 0;
			max-width: 640px;
			height: 300px;
			position: static;
		}
	}
	.optgroup {
		display: inline-block;
		line-height: 22px;
		font-size: 10pt;
	}
	.optgroup .button {
		height: 25px;
		padding-top: 0;
		padding-bottom: 0;
	}
	.optgroup button.button {
		padding-left: 12px;
		padding-right: 12px;
	}
	.linklist {
		list-style: none;
		margin: 0.5em 0;
		padding: 0;
	}
	.linklist li {
		padding: 2px 0;
	}
	.sidebar {
		float: left;
		width: 320px;
	}
	.bar-wrapper {
		max-width: 1100px;
		margin: 0 auto;
	}
	.bar-wrapper.has-sidebar {
		max-width: 1430px;
	}
	.mainbar {
		margin: 0;
		padding-right: 1px;
	}
	.mainbar.has-sidebar {
		margin-left: 330px;
	}
	@media (min-width: 1511px) {
		.sidebar {
			width: 400px;
		}
		.bar-wrapper.has-sidebar {
			max-width: 1510px;
		}
		.mainbar.has-sidebar {
			margin-left: 410px;
		}
	}
	.section.first-section {
		margin-top: 9px;
	}
	.blocklink small {
		white-space: normal;
	}
	.button {
		vertical-align: middle;
	}
	.replay-controls {
		padding-top: 10px;
	}
	.replay-controls h1 {
		font-size: 16pt;
		font-weight: normal;
		color: #CCC;
	}
	.pagelink {
		text-align: center;
	}
	.pagelink a {
		width: 150px;
	}
	.textbox, .button {
		font-size: 11pt;
		vertical-align: middle;
	}
	@media (max-width: 450px) {
		.button {
			font-size: 9pt;
		}
	}
</style>

<div>

	<header>
		<div class="nav-wrapper"><ul class="nav">
			<li><a class="button nav-first" href="//pokemonshowdown.com/"><img src="//pokemonshowdown.com/images/pokemonshowdownbeta.png" srcset="//pokemonshowdown.com/images/pokemonshowdownbeta.png 1x, //pokemonshowdown.com/images/pokemonshowdownbeta@2x.png 2x" alt="Pok&eacute;mon Showdown" width="146" height="44" /> Home</a></li>
			<li><a class="button" href="//pokemonshowdown.com/dex/">Pok&eacute;dex</a></li>
			<li><a class="button cur" href="/">Replays</a></li>
			<li><a class="button" href="//pokemonshowdown.com/ladder/">Ladder</a></li>
			<li><a class="button nav-last" href="//pokemonshowdown.com/forums/">Forum</a></li>
			<li><a class="button greenbutton nav-first nav-last" href="//play.pokemonshowdown.com/">Play</a></li>
		</ul></div>
	</header>

	<div class="main" id="main">

		<noscript><section class="section">You need to enable JavaScript to use this page; sorry!</section></noscript>

	</div>

</div>

<script defer nomodule src="//play.pokemonshowdown.com/js/lib/ps-polyfill.js"></script>
<script defer src="//play.pokemonshowdown.com/js/lib/preact.min.js"></script>

<script defer src="//play.pokemonshowdown.com/config/config.js?2bddbc15"></script>
<script defer src="//play.pokemonshowdown.com/js/lib/jquery-1.11.0.min.js"></script>
<script defer src="//play.pokemonshowdown.com/js/lib/html-sanitizer-minified.js"></script>
<script defer src="//play.pokemonshowdown.com/js/battle-sound.js"></script>
<script defer src="//play.pokemonshowdown.com/js/battledata.js?0.7209276989879541"></script>
<script defer src="//play.pokemonshowdown.com/data/pokedex-mini.js?0.6111056340867951"></script>
<script defer src="//play.pokemonshowdown.com/data/pokedex-mini-bw.js?0.3532142036491459"></script>
<script defer src="//play.pokemonshowdown.com/data/graphics.js?0.24223875632456182"></script>
<script defer src="//play.pokemonshowdown.com/data/pokedex.js?0.38839984266356864"></script>
<script defer src="//play.pokemonshowdown.com/data/moves.js?0.21866028504024015"></script>
<script defer src="//play.pokemonshowdown.com/data/abilities.js?0.2005157953846628"></script>
<script defer src="//play.pokemonshowdown.com/data/items.js?0.9894211263848525"></script>
<script defer src="//play.pokemonshowdown.com/data/teambuilder-tables.js?0.6008791140282215"></script>
<script defer src="//play.pokemonshowdown.com/js/battle-tooltips.js?0.7580118955022959"></script>
<script defer src="//play.pokemonshowdown.com/js/battle.js?0.6057722274234274"></script>

<script defer src="js/utils.js?e31f9a17"></script>
<script defer src="js/replays-battle.js?7008c182"></script>

<!-- don't scrape this data! just add .json or .log after the URL!
Full API docs: https://github.com/smogon/pokemon-showdown-client/blob/master/WEB-API.md -->
<script type="text/plain" class="log" id="replaylog-smogtours-gen3ou-796492">
|inactive|Battle timer is ON: inactive players will automatically lose when time's up.
|t:|1728421286
|gametype|singles
|player|p1|luisin|#luisin|
|player|p2|Altina|#wcop2021asia|
|teamsize|p1|6
|teamsize|p2|6
|gen|3
|tier|[Gen 3] OU
|rule|Sleep Clause Mod: Limit one foe put to sleep
|rule|Switch Priority Clause Mod: Faster Pokémon switch first
|rule|Species Clause: Limit one of each Pokémon
|rule|OHKO Clause: OHKO moves are banned
|rule|Evasion Items Clause: Evasion items are banned
|rule|Evasion Moves Clause: Evasion moves are banned
|rule|Endless Battle Clause: Forcing endless battles is banned
|rule|HP Percentage Mod: HP is shown in percentages
|rule|One Boost Passer Clause: Limit one Baton Passer that has a way to boost its stats
|rule|Freeze Clause Mod: Limit one foe frozen
|
|t:|1728421286
|start
|switch|p1a: Skarmory|Skarmory, F|100/100
|switch|p2a: Salamence|Salamence, M|100/100
|-ability|p2a: Salamence|Intimidate|boost
|-unboost|p1a: Skarmory|atk|1
|turn|1
|c|☆luisin|have fun
|c|☆Altina|u2
|
|t:|1728421303
|switch|p1a: Zapdos|Zapdos|100/100
|move|p2a: Salamence|Fire Blast|p1a: Zapdos
|-damage|p1a: Zapdos|72/100
|
|-heal|p1a: Zapdos|78/100|[from] item: Leftovers
|upkeep
|turn|2
|
|t:|1728421310
|switch|p2a: Tyranitar|Tyranitar, F|100/100
|-weather|Sandstorm|[from] ability: Sand Stream|[of] p2a: Tyranitar
|move|p1a: Zapdos|Thunderbolt|p2a: Tyranitar
|-damage|p2a: Tyranitar|69/100
|
|-weather|Sandstorm|[upkeep]
|-damage|p1a: Zapdos|72/100|[from] Sandstorm
|-heal|p1a: Zapdos|78/100|[from] item: Leftovers
|-heal|p2a: Tyranitar|75/100|[from] item: Leftovers
|upkeep
|turn|3
|
|t:|1728421316
|-activate|p1a: Zapdos|move: Pursuit
|move|p2a: Tyranitar|Pursuit|p1a: Zapdos|[from]Pursuit
|-damage|p1a: Zapdos|53/100
|switch|p1a: Flygon|Flygon, M|100/100
|
|-weather|Sandstorm|[upkeep]
|-heal|p2a: Tyranitar|82/100|[from] item: Leftovers
|upkeep
|turn|4
|
|t:|1728421322
|switch|p2a: Skarmory|Skarmory, M|100/100
|move|p1a: Flygon|Toxic|p2a: Skarmory
|-immune|p2a: Skarmory
|
|-weather|Sandstorm|[upkeep]
|upkeep
|turn|5
|
|t:|1728421326
|switch|p1a: Skarmory|Skarmory, F|100/100
|move|p2a: Skarmory|Spikes|p1a: Skarmory
|-sidestart|p1: luisin|Spikes
|
|-weather|Sandstorm|[upkeep]
|upkeep
|turn|6
|
|t:|1728421329
|move|p1a: Skarmory|Spikes|p2a: Skarmory
|-sidestart|p2: Altina|Spikes
|move|p2a: Skarmory|Spikes|p1a: Skarmory
|-sidestart|p1: luisin|Spikes
|
|-weather|Sandstorm|[upkeep]
|upkeep
|turn|7
|
|t:|1728421330
|move|p1a: Skarmory|Spikes|p2a: Skarmory
|-sidestart|p2: Altina|Spikes
|move|p2a: Skarmory|Spikes|p1a: Skarmory
|-sidestart|p1: luisin|Spikes
|
|-weather|Sandstorm|[upkeep]
|upkeep
|turn|8
|
|t:|1728421333
|move|p1a: Skarmory|Spikes|p2a: Skarmory
|-sidestart|p2: Altina|Spikes
|move|p2a: Skarmory|Spikes||[still]
|-fail|p2a: Skarmory
|
|-weather|Sandstorm|[upkeep]
|upkeep
|turn|9
|
|t:|1728421336
|move|p1a: Skarmory|Roar|p2a: Skarmory
|drag|p2a: Jirachi|Jirachi|100/100
|-damage|p2a: Jirachi|76/100|[from] Spikes
|
|-weather|Sandstorm|[upkeep]
|-heal|p2a: Jirachi|82/100|[from] item: Leftovers
|upkeep
|turn|10
|
|t:|1728421342
|switch|p1a: Zapdos|Zapdos|53/100
|move|p2a: Jirachi|Fire Punch|p1a: Zapdos
|-damage|p1a: Zapdos|41/100
|
|-weather|Sandstorm|[upkeep]
|-damage|p1a: Zapdos|35/100|[from] Sandstorm
|-heal|p1a: Zapdos|41/100|[from] item: Leftovers
|-heal|p2a: Jirachi|88/100|[from] item: Leftovers
|upkeep
|turn|11
|
|t:|1728421345
|move|p1a: Zapdos|Rest|p1a: Zapdos
|-status|p1a: Zapdos|slp|[from] move: Rest
|-heal|p1a: Zapdos|100/100 slp|[silent]
|move|p2a: Jirachi|Wish|p2a: Jirachi
|
|-weather|Sandstorm|[upkeep]
|-damage|p1a: Zapdos|94/100 slp|[from] Sandstorm
|-heal|p1a: Zapdos|100/100 slp|[from] item: Leftovers
|-heal|p2a: Jirachi|94/100|[from] item: Leftovers
|upkeep
|turn|12
|
|t:|1728421348
|switch|p2a: Tyranitar|Tyranitar, F|82/100
|-damage|p2a: Tyranitar|57/100|[from] Spikes
|cant|p1a: Zapdos|slp
|move|p1a: Zapdos|Sleep Talk|p1a: Zapdos
|move|p1a: Zapdos|Rest|p1a: Zapdos|[from]Sleep Talk
|
|-heal|p2a: Tyranitar|100/100|[from] move: Wish|[wisher] Jirachi
|-weather|Sandstorm|[upkeep]
|-damage|p1a: Zapdos|94/100 slp|[from] Sandstorm
|-heal|p1a: Zapdos|100/100 slp|[from] item: Leftovers
|upkeep
|turn|13
|
|t:|1728421359
|switch|p1a: Flygon|Flygon, M|100/100
|move|p2a: Tyranitar|Crunch|p1a: Flygon
|-damage|p1a: Flygon|57/100
|
|-weather|Sandstorm|[upkeep]
|-heal|p1a: Flygon|63/100|[from] item: Leftovers
|upkeep
|turn|14
|
|t:|1728421364
|switch|p2a: Gengar|Gengar, F|100/100
|move|p1a: Flygon|Toxic|p2a: Gengar
|-immune|p2a: Gengar
|
|-weather|Sandstorm|[upkeep]
|-damage|p2a: Gengar|95/100|[from] Sandstorm
|-heal|p2a: Gengar|100/100|[from] item: Leftovers
|-heal|p1a: Flygon|69/100|[from] item: Leftovers
|upkeep
|turn|15
|
|t:|1728421368
|switch|p2a: Skarmory|Skarmory, M|100/100
|move|p1a: Flygon|Protect||[still]
|-fail|p1a: Flygon
|
|-weather|Sandstorm|[upkeep]
|-heal|p1a: Flygon|75/100|[from] item: Leftovers
|upkeep
|turn|16
|
|t:|1728421374
|switch|p1a: Skarmory|Skarmory, F|100/100
|move|p2a: Skarmory|Toxic|p1a: Skarmory
|-immune|p1a: Skarmory
|
|-weather|Sandstorm|[upkeep]
|upkeep
|turn|17
|
|t:|1728421376
|move|p1a: Skarmory|Roar|p2a: Skarmory
|drag|p2a: Swampert|Swampert, F|100/100
|-damage|p2a: Swampert|76/100|[from] Spikes
|
|-weather|Sandstorm|[upkeep]
|-heal|p2a: Swampert|82/100|[from] item: Leftovers
|upkeep
|turn|18
|
|t:|1728421380
|move|p2a: Swampert|Protect|p2a: Swampert
|-singleturn|p2a: Swampert|Protect
|move|p1a: Skarmory|Drill Peck|p2a: Swampert
|-activate|p2a: Swampert|Protect
|
|-weather|Sandstorm|[upkeep]
|-heal|p2a: Swampert|88/100|[from] item: Leftovers
|upkeep
|turn|19
|
|t:|1728421384
|move|p2a: Swampert|Ice Beam|p1a: Skarmory
|-damage|p1a: Skarmory|83/100
|move|p1a: Skarmory|Roar|p2a: Swampert
|drag|p2a: Skarmory|Skarmory, M|100/100
|
|-weather|Sandstorm|[upkeep]
|-heal|p1a: Skarmory|89/100|[from] item: Leftovers
|upkeep
|turn|20
|
|t:|1728421390
|move|p1a: Skarmory|Roar|p2a: Skarmory
|drag|p2a: Jirachi|Jirachi|94/100
|-damage|p2a: Jirachi|69/100|[from] Spikes
|
|-weather|Sandstorm|[upkeep]
|-heal|p2a: Jirachi|76/100|[from] item: Leftovers
|-heal|p1a: Skarmory|95/100|[from] item: Leftovers
|upkeep
|turn|21
|
|t:|1728421396
|switch|p1a: Zapdos|Zapdos|100/100 slp
|move|p2a: Jirachi|Protect||[still]
|-fail|p2a: Jirachi
|
|-weather|Sandstorm|[upkeep]
|-damage|p1a: Zapdos|94/100 slp|[from] Sandstorm
|-heal|p1a: Zapdos|100/100 slp|[from] item: Leftovers
|-heal|p2a: Jirachi|82/100|[from] item: Leftovers
|upkeep
|turn|22
|
|t:|1728421399
|cant|p1a: Zapdos|slp
|move|p1a: Zapdos|Sleep Talk|p1a: Zapdos
|move|p1a: Zapdos|Roar|p2a: Jirachi|[from]Sleep Talk
|drag|p2a: Salamence|Salamence, M|100/100
|-ability|p2a: Salamence|Intimidate|boost
|-unboost|p1a: Zapdos|atk|1
|
|-weather|Sandstorm|[upkeep]
|-damage|p2a: Salamence|94/100|[from] Sandstorm
|-damage|p1a: Zapdos|94/100 slp|[from] Sandstorm
|-heal|p2a: Salamence|100/100|[from] item: Leftovers
|-heal|p1a: Zapdos|100/100 slp|[from] item: Leftovers
|upkeep
|turn|23
|
|t:|1728421404
|switch|p2a: Swampert|Swampert, F|88/100
|-damage|p2a: Swampert|63/100|[from] Spikes
|cant|p1a: Zapdos|slp
|move|p1a: Zapdos|Sleep Talk|p1a: Zapdos
|move|p1a: Zapdos|Thunderbolt|p2a: Swampert|[from]Sleep Talk
|-immune|p2a: Swampert
|
|-weather|Sandstorm|[upkeep]
|-damage|p1a: Zapdos|94/100 slp|[from] Sandstorm
|-heal|p1a: Zapdos|100/100 slp|[from] item: Leftovers
|-heal|p2a: Swampert|69/100|[from] item: Leftovers
|upkeep
|turn|24
|
|t:|1728421412
|move|p2a: Swampert|Protect|p2a: Swampert
|-singleturn|p2a: Swampert|Protect
|-curestatus|p1a: Zapdos|slp|[msg]
|move|p1a: Zapdos|Roar|p2a: Swampert
|-activate|p2a: Swampert|Protect
|
|-weather|Sandstorm|[upkeep]
|-damage|p1a: Zapdos|94/100|[from] Sandstorm
|-heal|p1a: Zapdos|100/100|[from] item: Leftovers
|-heal|p2a: Swampert|76/100|[from] item: Leftovers
|upkeep
|turn|25
|
|t:|1728421421
|move|p2a: Swampert|Ice Beam|p1a: Zapdos
|-supereffective|p1a: Zapdos
|-damage|p1a: Zapdos|72/100
|move|p1a: Zapdos|Roar|p2a: Swampert
|drag|p2a: Gengar|Gengar, F|100/100
|
|-weather|Sandstorm|[upkeep]
|-damage|p2a: Gengar|95/100|[from] Sandstorm
|-damage|p1a: Zapdos|66/100|[from] Sandstorm
|-heal|p2a: Gengar|100/100|[from] item: Leftovers
|-heal|p1a: Zapdos|72/100|[from] item: Leftovers
|upkeep
|turn|26
|
|t:|1728421428
|move|p2a: Gengar|Will-O-Wisp|p1a: Zapdos|[miss]
|-miss|p2a: Gengar|p1a: Zapdos
|move|p1a: Zapdos|Thunderbolt|p2a: Gengar
|-damage|p2a: Gengar|53/100
|
|-weather|Sandstorm|[upkeep]
|-damage|p2a: Gengar|47/100|[from] Sandstorm
|-damage|p1a: Zapdos|66/100|[from] Sandstorm
|-heal|p2a: Gengar|53/100|[from] item: Leftovers
|-heal|p1a: Zapdos|72/100|[from] item: Leftovers
|upkeep
|turn|27
|
|t:|1728421445
|switch|p2a: Swampert|Swampert, F|76/100
|-damage|p2a: Swampert|51/100|[from] Spikes
|switch|p1a: Jirachi|Jirachi|100/100
|-damage|p1a: Jirachi|75/100|[from] Spikes
|
|-weather|Sandstorm|[upkeep]
|-heal|p1a: Jirachi|82/100|[from] item: Leftovers
|-heal|p2a: Swampert|57/100|[from] item: Leftovers
|upkeep
|turn|28
|
|t:|1728421452
|move|p2a: Swampert|Protect|p2a: Swampert
|-singleturn|p2a: Swampert|Protect
|move|p1a: Jirachi|Wish|p1a: Jirachi
|
|-weather|Sandstorm|[upkeep]
|-heal|p1a: Jirachi|88/100|[from] item: Leftovers
|-heal|p2a: Swampert|63/100|[from] item: Leftovers
|upkeep
|turn|29
|
|t:|1728421464
|switch|p2a: Gengar|Gengar, F|53/100
|move|p1a: Jirachi|Toxic|p2a: Gengar
|-immune|p2a: Gengar
|
|-heal|p1a: Jirachi|100/100|[from] move: Wish|[wisher] Jirachi
|-weather|Sandstorm|[upkeep]
|-damage|p2a: Gengar|47/100|[from] Sandstorm
|-heal|p2a: Gengar|53/100|[from] item: Leftovers
|upkeep
|turn|30
|
|t:|1728421467
|move|p2a: Gengar|Will-O-Wisp|p1a: Jirachi
|-status|p1a: Jirachi|brn
|move|p1a: Jirachi|Fire Punch|p2a: Gengar
|-crit|p2a: Gengar
|-damage|p2a: Gengar|13/100
|
|-weather|Sandstorm|[upkeep]
|-damage|p2a: Gengar|7/100|[from] Sandstorm
|-heal|p2a: Gengar|13/100|[from] item: Leftovers
|-damage|p1a: Jirachi|88/100 brn|[from] brn
|upkeep
|turn|31
|
|t:|1728421475
|switch|p2a: Skarmory|Skarmory, M|100/100
|move|p1a: Jirachi|Fire Punch|p2a: Skarmory
|-supereffective|p2a: Skarmory
|-damage|p2a: Skarmory|67/100
|-status|p2a: Skarmory|brn
|
|-weather|Sandstorm|[upkeep]
|-heal|p1a: Jirachi|94/100 brn|[from] item: Leftovers
|-damage|p1a: Jirachi|82/100 brn|[from] brn
|-heal|p2a: Skarmory|73/100 brn|[from] item: Leftovers
|-damage|p2a: Skarmory|61/100 brn|[from] brn
|upkeep
|turn|32
|
|t:|1728421482
|move|p1a: Jirachi|Wish|p1a: Jirachi
|move|p2a: Skarmory|Roar|p1a: Jirachi
|drag|p1a: Zapdos|Zapdos|72/100
|
|-weather|Sandstorm|[upkeep]
|-damage|p1a: Zapdos|66/100|[from] Sandstorm
|-heal|p1a: Zapdos|72/100|[from] item: Leftovers
|-heal|p2a: Skarmory|67/100 brn|[from] item: Leftovers
|-damage|p2a: Skarmory|55/100 brn|[from] brn
|upkeep
|turn|33
|
|t:|1728421486
|move|p2a: Skarmory|Toxic|p1a: Zapdos
|-status|p1a: Zapdos|tox
|move|p1a: Zapdos|Roar|p2a: Skarmory
|drag|p2a: Jirachi|Jirachi|82/100
|-damage|p2a: Jirachi|57/100|[from] Spikes
|
|-heal|p1a: Zapdos|100/100 tox|[from] move: Wish|[wisher] Jirachi
|-weather|Sandstorm|[upkeep]
|-damage|p1a: Zapdos|94/100 tox|[from] Sandstorm
|-heal|p1a: Zapdos|100/100 tox|[from] item: Leftovers
|-damage|p1a: Zapdos|94/100 tox|[from] psn
|-heal|p2a: Jirachi|63/100|[from] item: Leftovers
|upkeep
|turn|34
|
|t:|1728421492
|move|p2a: Jirachi|Wish|p2a: Jirachi
|move|p1a: Zapdos|Roar|p2a: Jirachi
|drag|p2a: Skarmory|Skarmory, M|55/100 brn
|
|-weather|Sandstorm|[upkeep]
|-damage|p1a: Zapdos|88/100 tox|[from] Sandstorm
|-heal|p1a: Zapdos|94/100 tox|[from] item: Leftovers
|-damage|p1a: Zapdos|82/100 tox|[from] psn
|-heal|p2a: Skarmory|61/100 brn|[from] item: Leftovers
|-damage|p2a: Skarmory|48/100 brn|[from] brn
|upkeep
|turn|35
|
|t:|1728421497
|switch|p2a: Swampert|Swampert, F|63/100
|-damage|p2a: Swampert|38/100|[from] Spikes
|move|p1a: Zapdos|Thunderbolt|p2a: Swampert
|-immune|p2a: Swampert
|
|-heal|p2a: Swampert|88/100|[from] move: Wish|[wisher] Jirachi
|-weather|Sandstorm|[upkeep]
|-damage|p1a: Zapdos|76/100 tox|[from] Sandstorm
|-heal|p1a: Zapdos|82/100 tox|[from] item: Leftovers
|-damage|p1a: Zapdos|64/100 tox|[from] psn
|-heal|p2a: Swampert|94/100|[from] item: Leftovers
|upkeep
|turn|36
|
|t:|1728421502
|move|p1a: Zapdos|Rest|p1a: Zapdos
|-status|p1a: Zapdos|slp|[from] move: Rest
|-heal|p1a: Zapdos|100/100 slp|[silent]
|move|p2a: Swampert|Ice Beam|p1a: Zapdos
|-supereffective|p1a: Zapdos
|-damage|p1a: Zapdos|72/100 slp
|
|-weather|Sandstorm|[upkeep]
|-damage|p1a: Zapdos|66/100 slp|[from] Sandstorm
|-heal|p1a: Zapdos|72/100 slp|[from] item: Leftovers
|-heal|p2a: Swampert|100/100|[from] item: Leftovers
|upkeep
|turn|37
|
|t:|1728421505
|cant|p1a: Zapdos|slp
|move|p1a: Zapdos|Sleep Talk|p1a: Zapdos
|move|p1a: Zapdos|Rest|p1a: Zapdos|[from]Sleep Talk
|move|p2a: Swampert|Ice Beam|p1a: Zapdos
|-supereffective|p1a: Zapdos
|-damage|p1a: Zapdos|44/100 slp
|
|-weather|Sandstorm|[upkeep]
|-damage|p1a: Zapdos|38/100 slp|[from] Sandstorm
|-heal|p1a: Zapdos|44/100 slp|[from] item: Leftovers
|upkeep
|turn|38
|
|t:|1728421512
|cant|p1a: Zapdos|slp
|move|p1a: Zapdos|Sleep Talk|p1a: Zapdos
|move|p1a: Zapdos|Roar|p2a: Swampert|[from]Sleep Talk
|drag|p2a: Salamence|Salamence, M|100/100
|-ability|p2a: Salamence|Intimidate|boost
|-unboost|p1a: Zapdos|atk|1
|
|-weather|Sandstorm|[upkeep]
|-damage|p2a: Salamence|94/100|[from] Sandstorm
|-damage|p1a: Zapdos|38/100 slp|[from] Sandstorm
|-heal|p2a: Salamence|100/100|[from] item: Leftovers
|-heal|p1a: Zapdos|44/100 slp|[from] item: Leftovers
|upkeep
|turn|39
|
|t:|1728421517
|switch|p1a: Flygon|Flygon, M|75/100
|move|p2a: Salamence|Dragon Claw|p1a: Flygon
|-supereffective|p1a: Flygon
|-crit|p1a: Flygon
|-damage|p1a: Flygon|0 fnt
|faint|p1a: Flygon
|
|t:|1728421528
|switch|p1a: Blissey|Blissey, F|100/100
|-damage|p1a: Blissey|76/100|[from] Spikes
|
|-weather|Sandstorm|[upkeep]
|-damage|p2a: Salamence|94/100|[from] Sandstorm
|-damage|p1a: Blissey|69/100|[from] Sandstorm
|-heal|p2a: Salamence|100/100|[from] item: Leftovers
|-heal|p1a: Blissey|76/100|[from] item: Leftovers
|upkeep
|turn|40
|
|t:|1728421534
|switch|p2a: Skarmory|Skarmory, M|48/100 brn
|move|p1a: Blissey|Calm Mind|p1a: Blissey
|-boost|p1a: Blissey|spa|1
|-boost|p1a: Blissey|spd|1
|
|-weather|Sandstorm|[upkeep]
|-damage|p1a: Blissey|69/100|[from] Sandstorm
|-heal|p2a: Skarmory|54/100 brn|[from] item: Leftovers
|-damage|p2a: Skarmory|42/100 brn|[from] brn
|-heal|p1a: Blissey|76/100|[from] item: Leftovers
|upkeep
|turn|41
|
|t:|1728421537
|move|p2a: Skarmory|Toxic|p1a: Blissey
|-status|p1a: Blissey|tox
|move|p1a: Blissey|Flamethrower|p2a: Skarmory
|-supereffective|p2a: Skarmory
|-damage|p2a: Skarmory|0 fnt
|faint|p2a: Skarmory
|
|t:|1728421547
|switch|p2a: Swampert|Swampert, F|100/100
|-damage|p2a: Swampert|76/100|[from] Spikes
|
|-weather|Sandstorm|[upkeep]
|-damage|p1a: Blissey|69/100 tox|[from] Sandstorm
|-heal|p2a: Swampert|82/100|[from] item: Leftovers
|-heal|p1a: Blissey|76/100 tox|[from] item: Leftovers
|-damage|p1a: Blissey|69/100 tox|[from] psn
|upkeep
|turn|42
|
|t:|1728421558
|-curestatus|p1a: Blissey|tox|[from] ability: Natural Cure
|switch|p1a: Skarmory|Skarmory, F|95/100
|move|p2a: Swampert|Ice Beam|p1a: Skarmory
|-damage|p1a: Skarmory|77/100
|
|-weather|Sandstorm|[upkeep]
|-heal|p1a: Skarmory|83/100|[from] item: Leftovers
|-heal|p2a: Swampert|88/100|[from] item: Leftovers
|upkeep
|turn|43
|
|t:|1728421563
|move|p1a: Skarmory|Drill Peck|p2a: Swampert
|-damage|p2a: Swampert|72/100
|move|p2a: Swampert|Hydro Pump|p1a: Skarmory
|-damage|p1a: Skarmory|46/100
|
|-weather|Sandstorm|[upkeep]
|-heal|p1a: Skarmory|52/100|[from] item: Leftovers
|-heal|p2a: Swampert|78/100|[from] item: Leftovers
|upkeep
|turn|44
|
|t:|1728421568
|move|p2a: Swampert|Ice Beam|p1a: Skarmory
|-damage|p1a: Skarmory|35/100
|move|p1a: Skarmory|Roar|p2a: Swampert
|drag|p2a: Salamence|Salamence, M|100/100
|-ability|p2a: Salamence|Intimidate|boost
|-unboost|p1a: Skarmory|atk|1
|
|-weather|Sandstorm|[upkeep]
|-damage|p2a: Salamence|94/100|[from] Sandstorm
|-heal|p2a: Salamence|100/100|[from] item: Leftovers
|-heal|p1a: Skarmory|41/100|[from] item: Leftovers
|upkeep
|turn|45
|
|t:|1728421574
|move|p1a: Skarmory|Protect|p1a: Skarmory
|-singleturn|p1a: Skarmory|Protect
|move|p2a: Salamence|Fire Blast|p1a: Skarmory|[miss]
|-miss|p2a: Salamence|p1a: Skarmory
|
|-weather|Sandstorm|[upkeep]
|-damage|p2a: Salamence|94/100|[from] Sandstorm
|-heal|p2a: Salamence|100/100|[from] item: Leftovers
|-heal|p1a: Skarmory|47/100|[from] item: Leftovers
|upkeep
|turn|46
|
|t:|1728421578
|switch|p1a: Moltres|Moltres|100/100
|move|p2a: Salamence|Fire Blast|p1a: Moltres|[miss]
|-miss|p2a: Salamence|p1a: Moltres
|
|-weather|Sandstorm|[upkeep]
|-damage|p1a: Moltres|94/100|[from] Sandstorm
|-damage|p2a: Salamence|94/100|[from] Sandstorm
|-heal|p1a: Moltres|100/100|[from] item: Leftovers
|-heal|p2a: Salamence|100/100|[from] item: Leftovers
|upkeep
|turn|47
|
|t:|1728421582
|switch|p2a: Tyranitar|Tyranitar, F|100/100
|-damage|p2a: Tyranitar|76/100|[from] Spikes
|move|p1a: Moltres|Will-O-Wisp|p2a: Tyranitar
|-status|p2a: Tyranitar|brn
|
|-weather|Sandstorm|[upkeep]
|-damage|p1a: Moltres|94/100|[from] Sandstorm
|-heal|p1a: Moltres|100/100|[from] item: Leftovers
|-heal|p2a: Tyranitar|82/100 brn|[from] item: Leftovers
|-damage|p2a: Tyranitar|69/100 brn|[from] brn
|upkeep
|turn|48
|
|t:|1728421585
|move|p1a: Moltres|Protect|p1a: Moltres
|-singleturn|p1a: Moltres|Protect
|move|p2a: Tyranitar|Crunch|p1a: Moltres
|-activate|p1a: Moltres|Protect
|
|-weather|Sandstorm|[upkeep]
|-damage|p1a: Moltres|94/100|[from] Sandstorm
|-heal|p1a: Moltres|100/100|[from] item: Leftovers
|-heal|p2a: Tyranitar|76/100 brn|[from] item: Leftovers
|-damage|p2a: Tyranitar|63/100 brn|[from] brn
|upkeep
|turn|49
|
|t:|1728421611
|switch|p1a: Blissey|Blissey, F|69/100
|-damage|p1a: Blissey|45/100|[from] Spikes
|move|p2a: Tyranitar|Crunch|p1a: Blissey
|-damage|p1a: Blissey|31/100
|
|-weather|Sandstorm|[upkeep]
|-damage|p1a: Blissey|24/100|[from] Sandstorm
|-heal|p2a: Tyranitar|69/100 brn|[from] item: Leftovers
|-damage|p2a: Tyranitar|57/100 brn|[from] brn
|-heal|p1a: Blissey|31/100|[from] item: Leftovers
|upkeep
|turn|50
|
|t:|1728421617
|move|p1a: Blissey|Soft-Boiled|p1a: Blissey
|-heal|p1a: Blissey|81/100
|move|p2a: Tyranitar|Roar|p1a: Blissey
|drag|p1a: Zapdos|Zapdos|44/100 slp
|
|-weather|Sandstorm|[upkeep]
|-damage|p1a: Zapdos|38/100 slp|[from] Sandstorm
|-heal|p1a: Zapdos|44/100 slp|[from] item: Leftovers
|-heal|p2a: Tyranitar|63/100 brn|[from] item: Leftovers
|-damage|p2a: Tyranitar|51/100 brn|[from] brn
|upkeep
|turn|51
|
|t:|1728421623
|cant|p1a: Zapdos|slp
|move|p2a: Tyranitar|Crunch|p1a: Zapdos
|-damage|p1a: Zapdos|19/100 slp
|
|-weather|Sandstorm|[upkeep]
|-damage|p1a: Zapdos|13/100 slp|[from] Sandstorm
|-heal|p1a: Zapdos|19/100 slp|[from] item: Leftovers
|-heal|p2a: Tyranitar|57/100 brn|[from] item: Leftovers
|-damage|p2a: Tyranitar|45/100 brn|[from] brn
|upkeep
|turn|52
|
|t:|1728421627
|cant|p1a: Zapdos|slp
|move|p1a: Zapdos|Sleep Talk|p1a: Zapdos
|move|p1a: Zapdos|Thunderbolt|p2a: Tyranitar|[from]Sleep Talk
|-damage|p2a: Tyranitar|12/100 brn
|move|p2a: Tyranitar|Crunch|p1a: Zapdos
|-damage|p1a: Zapdos|0 fnt
|faint|p1a: Zapdos
|
|t:|1728421636
|switch|p1a: Moltres|Moltres|100/100
|
|-weather|Sandstorm|[upkeep]
|-damage|p1a: Moltres|94/100|[from] Sandstorm
|-heal|p1a: Moltres|100/100|[from] item: Leftovers
|-heal|p2a: Tyranitar|18/100 brn|[from] item: Leftovers
|-damage|p2a: Tyranitar|5/100 brn|[from] brn
|upkeep
|turn|53
|
|t:|1728421638
|move|p1a: Moltres|Flamethrower|p2a: Tyranitar
|-resisted|p2a: Tyranitar
|-damage|p2a: Tyranitar|0 fnt
|faint|p2a: Tyranitar
|
|t:|1728421640
|switch|p2a: Gengar|Gengar, F|13/100
|
|-weather|Sandstorm|[upkeep]
|-damage|p2a: Gengar|7/100|[from] Sandstorm
|-damage|p1a: Moltres|94/100|[from] Sandstorm
|-heal|p2a: Gengar|13/100|[from] item: Leftovers
|-heal|p1a: Moltres|100/100|[from] item: Leftovers
|upkeep
|turn|54
|
|t:|1728421643
|move|p1a: Moltres|Protect|p1a: Moltres
|-singleturn|p1a: Moltres|Protect
|move|p2a: Gengar|Destiny Bond|p2a: Gengar
|-singlemove|p2a: Gengar|Destiny Bond
|
|-weather|Sandstorm|[upkeep]
|-damage|p2a: Gengar|7/100|[from] Sandstorm
|-damage|p1a: Moltres|94/100|[from] Sandstorm
|-heal|p2a: Gengar|13/100|[from] item: Leftovers
|-heal|p1a: Moltres|100/100|[from] item: Leftovers
|upkeep
|turn|55
|
|t:|1728421647
|switch|p1a: Jirachi|Jirachi|82/100 brn
|-damage|p1a: Jirachi|57/100 brn|[from] Spikes
|move|p2a: Gengar|Thunderbolt|p1a: Jirachi
|-damage|p1a: Jirachi|34/100 brn
|
|-weather|Sandstorm|[upkeep]
|-damage|p2a: Gengar|7/100|[from] Sandstorm
|-heal|p2a: Gengar|13/100|[from] item: Leftovers
|-heal|p1a: Jirachi|40/100 brn|[from] item: Leftovers
|-damage|p1a: Jirachi|28/100 brn|[from] brn
|upkeep
|turn|56
|
|t:|1728421651
|switch|p2a: Jirachi|Jirachi|63/100
|-damage|p2a: Jirachi|38/100|[from] Spikes
|move|p1a: Jirachi|Fire Punch|p2a: Jirachi
|-supereffective|p2a: Jirachi
|-damage|p2a: Jirachi|15/100
|
|-weather|Sandstorm|[upkeep]
|-heal|p1a: Jirachi|34/100 brn|[from] item: Leftovers
|-damage|p1a: Jirachi|22/100 brn|[from] brn
|-heal|p2a: Jirachi|21/100|[from] item: Leftovers
|upkeep
|turn|57
|
|t:|1728421658
|move|p1a: Jirachi|Fire Punch|p2a: Jirachi
|-supereffective|p2a: Jirachi
|-damage|p2a: Jirachi|0 fnt
|faint|p2a: Jirachi
|
|t:|1728421662
|switch|p2a: Gengar|Gengar, F|13/100
|
|-weather|Sandstorm|[upkeep]
|-damage|p2a: Gengar|7/100|[from] Sandstorm
|-heal|p2a: Gengar|13/100|[from] item: Leftovers
|-heal|p1a: Jirachi|28/100 brn|[from] item: Leftovers
|-damage|p1a: Jirachi|16/100 brn|[from] brn
|upkeep
|turn|58
|
|t:|1728421669
|move|p2a: Gengar|Thunderbolt|p1a: Jirachi
|-damage|p1a: Jirachi|0 fnt
|faint|p1a: Jirachi
|
|t:|1728421670
|switch|p1a: Moltres|Moltres|100/100
|
|-weather|Sandstorm|[upkeep]
|-damage|p2a: Gengar|7/100|[from] Sandstorm
|-damage|p1a: Moltres|94/100|[from] Sandstorm
|-heal|p2a: Gengar|13/100|[from] item: Leftovers
|-heal|p1a: Moltres|100/100|[from] item: Leftovers
|upkeep
|turn|59
|
|t:|1728421674
|move|p2a: Gengar|Thunderbolt|p1a: Moltres
|-supereffective|p1a: Moltres
|-damage|p1a: Moltres|36/100
|move|p1a: Moltres|Will-O-Wisp|p2a: Gengar
|-status|p2a: Gengar|brn
|
|-weather|Sandstorm|[upkeep]
|-damage|p2a: Gengar|7/100 brn|[from] Sandstorm
|-damage|p1a: Moltres|30/100|[from] Sandstorm
|-heal|p2a: Gengar|13/100 brn|[from] item: Leftovers
|-damage|p2a: Gengar|0 fnt|[from] brn
|faint|p2a: Gengar
|-heal|p1a: Moltres|36/100|[from] item: Leftovers
|upkeep
|
|t:|1728421679
|switch|p2a: Salamence|Salamence, M|100/100
|-ability|p2a: Salamence|Intimidate|boost
|-unboost|p1a: Moltres|atk|1
|turn|60
|
|t:|1728421682
|move|p1a: Moltres|Protect|p1a: Moltres
|-singleturn|p1a: Moltres|Protect
|move|p2a: Salamence|Dragon Claw|p1a: Moltres
|-activate|p1a: Moltres|Protect
|
|-weather|Sandstorm|[upkeep]
|-damage|p1a: Moltres|30/100|[from] Sandstorm
|-damage|p2a: Salamence|94/100|[from] Sandstorm
|-heal|p1a: Moltres|36/100|[from] item: Leftovers
|-heal|p2a: Salamence|100/100|[from] item: Leftovers
|upkeep
|turn|61
|
|t:|1728421685
|move|p1a: Moltres|Will-O-Wisp|p2a: Salamence|[miss]
|-miss|p1a: Moltres|p2a: Salamence
|move|p2a: Salamence|Dragon Claw|p1a: Moltres
|-damage|p1a: Moltres|0 fnt
|faint|p1a: Moltres
|
|t:|1728421694
|switch|p1a: Skarmory|Skarmory, F|47/100
|
|-weather|Sandstorm|[upkeep]
|-damage|p2a: Salamence|94/100|[from] Sandstorm
|-heal|p2a: Salamence|100/100|[from] item: Leftovers
|-heal|p1a: Skarmory|53/100|[from] item: Leftovers
|upkeep
|turn|62
|
|t:|1728421699
|move|p1a: Skarmory|Protect|p1a: Skarmory
|-singleturn|p1a: Skarmory|Protect
|move|p2a: Salamence|Dragon Claw|p1a: Skarmory
|-activate|p1a: Skarmory|Protect
|
|-weather|Sandstorm|[upkeep]
|-damage|p2a: Salamence|94/100|[from] Sandstorm
|-heal|p2a: Salamence|100/100|[from] item: Leftovers
|-heal|p1a: Skarmory|59/100|[from] item: Leftovers
|upkeep
|turn|63
|
|t:|1728421702
|switch|p1a: Blissey|Blissey, F|81/100
|-damage|p1a: Blissey|56/100|[from] Spikes
|move|p2a: Salamence|Fire Blast|p1a: Blissey|[miss]
|-miss|p2a: Salamence|p1a: Blissey
|
|-weather|Sandstorm|[upkeep]
|-damage|p2a: Salamence|94/100|[from] Sandstorm
|-damage|p1a: Blissey|50/100|[from] Sandstorm
|-heal|p2a: Salamence|100/100|[from] item: Leftovers
|-heal|p1a: Blissey|56/100|[from] item: Leftovers
|upkeep
|turn|64
|
|t:|1728421708
|move|p2a: Salamence|Brick Break|p1a: Blissey
|-supereffective|p1a: Blissey
|-damage|p1a: Blissey|16/100
|move|p1a: Blissey|Soft-Boiled|p1a: Blissey
|-heal|p1a: Blissey|66/100
|
|-weather|Sandstorm|[upkeep]
|-damage|p2a: Salamence|94/100|[from] Sandstorm
|-damage|p1a: Blissey|60/100|[from] Sandstorm
|-heal|p2a: Salamence|100/100|[from] item: Leftovers
|-heal|p1a: Blissey|66/100|[from] item: Leftovers
|upkeep
|turn|65
|
|t:|1728421712
|move|p2a: Salamence|Brick Break|p1a: Blissey
|-supereffective|p1a: Blissey
|-damage|p1a: Blissey|27/100
|move|p1a: Blissey|Soft-Boiled|p1a: Blissey
|-heal|p1a: Blissey|77/100
|
|-weather|Sandstorm|[upkeep]
|-damage|p2a: Salamence|94/100|[from] Sandstorm
|-damage|p1a: Blissey|71/100|[from] Sandstorm
|-heal|p2a: Salamence|100/100|[from] item: Leftovers
|-heal|p1a: Blissey|77/100|[from] item: Leftovers
|upkeep
|turn|66
|
|t:|1728421716
|move|p2a: Salamence|Brick Break|p1a: Blissey
|-supereffective|p1a: Blissey
|-damage|p1a: Blissey|35/100
|move|p1a: Blissey|Soft-Boiled|p1a: Blissey
|-heal|p1a: Blissey|85/100
|
|-weather|Sandstorm|[upkeep]
|-damage|p2a: Salamence|94/100|[from] Sandstorm
|-damage|p1a: Blissey|79/100|[from] Sandstorm
|-heal|p2a: Salamence|100/100|[from] item: Leftovers
|-heal|p1a: Blissey|85/100|[from] item: Leftovers
|upkeep
|turn|67
|
|t:|1728421719
|move|p2a: Salamence|Brick Break|p1a: Blissey
|-supereffective|p1a: Blissey
|-damage|p1a: Blissey|39/100
|move|p1a: Blissey|Soft-Boiled|p1a: Blissey
|-heal|p1a: Blissey|89/100
|
|-weather|Sandstorm|[upkeep]
|-damage|p2a: Salamence|94/100|[from] Sandstorm
|-damage|p1a: Blissey|83/100|[from] Sandstorm
|-heal|p2a: Salamence|100/100|[from] item: Leftovers
|-heal|p1a: Blissey|89/100|[from] item: Leftovers
|upkeep
|turn|68
|
|t:|1728421724
|move|p2a: Salamence|Brick Break|p1a: Blissey
|-supereffective|p1a: Blissey
|-damage|p1a: Blissey|50/100
|move|p1a: Blissey|Toxic|p2a: Salamence
|-status|p2a: Salamence|tox
|
|-weather|Sandstorm|[upkeep]
|-damage|p2a: Salamence|94/100 tox|[from] Sandstorm
|-damage|p1a: Blissey|44/100|[from] Sandstorm
|-heal|p2a: Salamence|100/100 tox|[from] item: Leftovers
|-damage|p2a: Salamence|94/100 tox|[from] psn
|-heal|p1a: Blissey|50/100|[from] item: Leftovers
|upkeep
|turn|69
|
|t:|1728421728
|move|p2a: Salamence|Brick Break|p1a: Blissey
|-supereffective|p1a: Blissey
|-damage|p1a: Blissey|4/100
|move|p1a: Blissey|Soft-Boiled|p1a: Blissey
|-heal|p1a: Blissey|54/100
|
|-weather|Sandstorm|[upkeep]
|-damage|p2a: Salamence|88/100 tox|[from] Sandstorm
|-damage|p1a: Blissey|48/100|[from] Sandstorm
|-heal|p2a: Salamence|94/100 tox|[from] item: Leftovers
|-damage|p2a: Salamence|82/100 tox|[from] psn
|-heal|p1a: Blissey|54/100|[from] item: Leftovers
|upkeep
|turn|70
|
|t:|1728421731
|move|p2a: Salamence|Brick Break|p1a: Blissey
|-supereffective|p1a: Blissey
|-damage|p1a: Blissey|12/100
|move|p1a: Blissey|Soft-Boiled|p1a: Blissey
|-heal|p1a: Blissey|62/100
|
|-weather|Sandstorm|[upkeep]
|-damage|p2a: Salamence|76/100 tox|[from] Sandstorm
|-damage|p1a: Blissey|56/100|[from] Sandstorm
|-heal|p2a: Salamence|82/100 tox|[from] item: Leftovers
|-damage|p2a: Salamence|64/100 tox|[from] psn
|-heal|p1a: Blissey|62/100|[from] item: Leftovers
|upkeep
|turn|71
|
|t:|1728421734
|move|p2a: Salamence|Brick Break|p1a: Blissey
|-supereffective|p1a: Blissey
|-damage|p1a: Blissey|22/100
|move|p1a: Blissey|Soft-Boiled|p1a: Blissey
|-heal|p1a: Blissey|72/100
|
|-weather|Sandstorm|[upkeep]
|-damage|p2a: Salamence|58/100 tox|[from] Sandstorm
|-damage|p1a: Blissey|66/100|[from] Sandstorm
|-heal|p2a: Salamence|64/100 tox|[from] item: Leftovers
|-damage|p2a: Salamence|40/100 tox|[from] psn
|-heal|p1a: Blissey|72/100|[from] item: Leftovers
|upkeep
|turn|72
|
|t:|1728421737
|move|p2a: Salamence|Brick Break|p1a: Blissey
|-supereffective|p1a: Blissey
|-damage|p1a: Blissey|27/100
|move|p1a: Blissey|Soft-Boiled|p1a: Blissey
|-heal|p1a: Blissey|77/100
|
|-weather|Sandstorm|[upkeep]
|-damage|p2a: Salamence|34/100 tox|[from] Sandstorm
|-damage|p1a: Blissey|71/100|[from] Sandstorm
|-heal|p2a: Salamence|40/100 tox|[from] item: Leftovers
|-damage|p2a: Salamence|10/100 tox|[from] psn
|-heal|p1a: Blissey|77/100|[from] item: Leftovers
|upkeep
|turn|73
|
|t:|1728421740
|move|p2a: Salamence|Brick Break|p1a: Blissey
|-supereffective|p1a: Blissey
|-damage|p1a: Blissey|35/100
|move|p1a: Blissey|Soft-Boiled|p1a: Blissey
|-heal|p1a: Blissey|85/100
|
|-weather|Sandstorm|[upkeep]
|-damage|p2a: Salamence|4/100 tox|[from] Sandstorm
|-damage|p1a: Blissey|79/100|[from] Sandstorm
|-heal|p2a: Salamence|10/100 tox|[from] item: Leftovers
|-damage|p2a: Salamence|0 fnt|[from] psn
|faint|p2a: Salamence
|-heal|p1a: Blissey|85/100|[from] item: Leftovers
|upkeep
|
|t:|1728421743
|switch|p2a: Swampert|Swampert, F|78/100
|-damage|p2a: Swampert|53/100|[from] Spikes
|turn|74
|
|t:|1728421747
|move|p2a: Swampert|Earthquake|p1a: Blissey
|-damage|p1a: Blissey|50/100
|move|p1a: Blissey|Toxic|p2a: Swampert
|-status|p2a: Swampert|tox
|
|-weather|Sandstorm|[upkeep]
|-damage|p1a: Blissey|44/100|[from] Sandstorm
|-heal|p2a: Swampert|59/100 tox|[from] item: Leftovers
|-damage|p2a: Swampert|53/100 tox|[from] psn
|-heal|p1a: Blissey|50/100|[from] item: Leftovers
|upkeep
|turn|75
|
|t:|1728421751
|move|p2a: Swampert|Earthquake|p1a: Blissey
|-damage|p1a: Blissey|17/100
|move|p1a: Blissey|Soft-Boiled|p1a: Blissey
|-heal|p1a: Blissey|67/100
|
|-weather|Sandstorm|[upkeep]
|-damage|p1a: Blissey|61/100|[from] Sandstorm
|-heal|p2a: Swampert|59/100 tox|[from] item: Leftovers
|-damage|p2a: Swampert|47/100 tox|[from] psn
|-heal|p1a: Blissey|67/100|[from] item: Leftovers
|upkeep
|turn|76
|
|t:|1728421754
|move|p2a: Swampert|Earthquake|p1a: Blissey
|-damage|p1a: Blissey|35/100
|move|p1a: Blissey|Soft-Boiled|p1a: Blissey
|-heal|p1a: Blissey|85/100
|
|-weather|Sandstorm|[upkeep]
|-damage|p1a: Blissey|78/100|[from] Sandstorm
|-heal|p2a: Swampert|53/100 tox|[from] item: Leftovers
|-damage|p2a: Swampert|34/100 tox|[from] psn
|-heal|p1a: Blissey|85/100|[from] item: Leftovers
|upkeep
|turn|77
|
|t:|1728421757
|move|p2a: Swampert|Earthquake|p1a: Blissey
|-damage|p1a: Blissey|50/100
|move|p1a: Blissey|Soft-Boiled|p1a: Blissey
|-heal|p1a: Blissey|99/100
|
|-weather|Sandstorm|[upkeep]
|-damage|p1a: Blissey|93/100|[from] Sandstorm
|-heal|p2a: Swampert|40/100 tox|[from] item: Leftovers
|-damage|p2a: Swampert|15/100 tox|[from] psn
|-heal|p1a: Blissey|99/100|[from] item: Leftovers
|upkeep
|turn|78
|
|t:|1728421759
|move|p2a: Swampert|Earthquake|p1a: Blissey
|-damage|p1a: Blissey|64/100
|move|p1a: Blissey|Flamethrower|p2a: Swampert
|-resisted|p2a: Swampert
|-damage|p2a: Swampert|6/100 tox
|
|-weather|Sandstorm|[upkeep]
|-damage|p1a: Blissey|58/100|[from] Sandstorm
|-heal|p2a: Swampert|12/100 tox|[from] item: Leftovers
|-damage|p2a: Swampert|0 fnt|[from] psn
|faint|p2a: Swampert
|
|win|luisin
|upkeep
|c|☆luisin|gg

</script>
<script type="application/json" class="data" id="replaydata-smogtours-gen3ou-796492">
{"id":"smogtours-gen3ou-796492","format":"[Gen 3] OU","players":["luisin","Altina"],"uploadtime":1728421759,"views":158,"formatid":"gen3ou","rating":null,"private":0,"password":null}
</script>

<script defer src="js/replays.js?9d40a366"></script>
