<!DOCTYPE html>
<meta charset="utf-8" />
<meta name="viewport" content="width=device-width" />

<title>[Gen 3] OU: Mr Bluestacks vs. moistmania - Replays - Pok&eacute;mon Showdown!</title>

<meta name="description" content="Watch a replay of a Pok&eacute;mon battle between Mr Bluestacks and moistmania! Format: [Gen 3] OU; Date: Oct 4, 2024" />
<!--

Hey, you! Looking in the source for the replay log?

You can find them in JSON format, just add `.json` at the end of a replay URL.

https://replay.pokemonshowdown.com/gen7randomdoublesbattle-865046831.json

Or, if you only need the log itself, add `.log` instead:

https://replay.pokemonshowdown.com/gen7randomdoublesbattle-865046831.log

-->

<link rel="stylesheet" href="//pokemonshowdown.com/style/global.css?0.023195364461161105" />
<link rel="stylesheet" href="//play.pokemonshowdown.com/style/font-awesome.css?0.13261647063804238" />
<link rel="stylesheet" href="//play.pokemonshowdown.com/style/battle.css?0.8753245789963631" />
<link rel="stylesheet" href="//play.pokemonshowdown.com/style/utilichart.css?0.8627959624976733" />

<!-- Global site tag (gtag.js) - Google Analytics -->
<script async src="https://www.googletagmanager.com/gtag/js?id=UA-26211653-1"></script>
<script>
  window.dataLayer = window.dataLayer || [];
  function gtag(){dataLayer.push(arguments);}
  gtag('js', new Date());

  gtag('config', 'UA-26211653-1');
</script>
<!-- End Google Analytics -->
<!-- Venatus Ad Manager - Install in <HEAD> of page -->
	<script src="https://hb.vntsm.com/v3/live/ad-manager.min.js" type="text/javascript" data-site-id="642aba63ec9a7b11c3c9c1be" data-mode="scan" async></script>
<!-- / Venatus Ad Manager -->

<style>
	@media (max-width:820px) {
		.battle {
			margin: 0 auto;
		}
		.battle-log {
			margin: 7px auto 0;
			max-width: 640px;
			height: 300px;
			position: static;
		}
	}
	.optgroup {
		display: inline-block;
		line-height: 22px;
		font-size: 10pt;
	}
	.optgroup .button {
		height: 25px;
		padding-top: 0;
		padding-bottom: 0;
	}
	.optgroup button.button {
		padding-left: 12px;
		padding-right: 12px;
	}
	.linklist {
		list-style: none;
		margin: 0.5em 0;
		padding: 0;
	}
	.linklist li {
		padding: 2px 0;
	}
	.sidebar {
		float: left;
		width: 320px;
	}
	.bar-wrapper {
		max-width: 1100px;
		margin: 0 auto;
	}
	.bar-wrapper.has-sidebar {
		max-width: 1430px;
	}
	.mainbar {
		margin: 0;
		padding-right: 1px;
	}
	.mainbar.has-sidebar {
		margin-left: 330px;
	}
	@media (min-width: 1511px) {
		.sidebar {
			width: 400px;
		}
		.bar-wrapper.has-sidebar {
			max-width: 1510px;
		}
		.mainbar.has-sidebar {
			margin-left: 410px;
		}
	}
	.section.first-section {
		margin-top: 9px;
	}
	.blocklink small {
		white-space: normal;
	}
	.button {
		vertical-align: middle;
	}
	.replay-controls {
		padding-top: 10px;
	}
	.replay-controls h1 {
		font-size: 16pt;
		font-weight: normal;
		color: #CCC;
	}
	.pagelink {
		text-align: center;
	}
	.pagelink a {
		width: 150px;
	}
	.textbox, .button {
		font-size: 11pt;
		vertical-align: middle;
	}
	@media (max-width: 450px) {
		.button {
			font-size: 9pt;
		}
	}
</style>

<div>

	<header>
		<div class="nav-wrapper"><ul class="nav">
			<li><a class="button nav-first" href="//pokemonshowdown.com/"><img src="//pokemonshowdown.com/images/pokemonshowdownbeta.png" srcset="//pokemonshowdown.com/images/pokemonshowdownbeta.png 1x, //pokemonshowdown.com/images/pokemonshowdownbeta@2x.png 2x" alt="Pok&eacute;mon Showdown" width="146" height="44" /> Home</a></li>
			<li><a class="button" href="//pokemonshowdown.com/dex/">Pok&eacute;dex</a></li>
			<li><a class="button cur" href="/">Replays</a></li>
			<li><a class="button" href="//pokemonshowdown.com/ladder/">Ladder</a></li>
			<li><a class="button nav-last" href="//pokemonshowdown.com/forums/">Forum</a></li>
			<li><a class="button greenbutton nav-first nav-last" href="//play.pokemonshowdown.com/">Play</a></li>
		</ul></div>
	</header>

	<div class="main" id="main">

		<noscript><section class="section">You need to enable JavaScript to use this page; sorry!</section></noscript>

	</div>

</div>

<script defer nomodule src="//play.pokemonshowdown.com/js/lib/ps-polyfill.js"></script>
<script defer src="//play.pokemonshowdown.com/js/lib/preact.min.js"></script>

<script defer src="//play.pokemonshowdown.com/config/config.js?2bddbc15"></script>
<script defer src="//play.pokemonshowdown.com/js/lib/jquery-1.11.0.min.js"></script>
<script defer src="//play.pokemonshowdown.com/js/lib/html-sanitizer-minified.js"></script>
<script defer src="//play.pokemonshowdown.com/js/battle-sound.js"></script>
<script defer src="//play.pokemonshowdown.com/js/battledata.js?0.7209276989879541"></script>
<script defer src="//play.pokemonshowdown.com/data/pokedex-mini.js?0.6111056340867951"></script>
<script defer src="//play.pokemonshowdown.com/data/pokedex-mini-bw.js?0.3532142036491459"></script>
<script defer src="//play.pokemonshowdown.com/data/graphics.js?0.24223875632456182"></script>
<script defer src="//play.pokemonshowdown.com/data/pokedex.js?0.38839984266356864"></script>
<script defer src="//play.pokemonshowdown.com/data/moves.js?0.21866028504024015"></script>
<script defer src="//play.pokemonshowdown.com/data/abilities.js?0.2005157953846628"></script>
<script defer src="//play.pokemonshowdown.com/data/items.js?0.9894211263848525"></script>
<script defer src="//play.pokemonshowdown.com/data/teambuilder-tables.js?0.6008791140282215"></script>
<script defer src="//play.pokemonshowdown.com/js/battle-tooltips.js?0.7580118955022959"></script>
<script defer src="//play.pokemonshowdown.com/js/battle.js?0.6057722274234274"></script>

<script defer src="js/utils.js?e31f9a17"></script>
<script defer src="js/replays-battle.js?7008c182"></script>

<!-- don't scrape this data! just add .json or .log after the URL!
Full API docs: https://github.com/smogon/pokemon-showdown-client/blob/master/WEB-API.md -->
<script type="text/plain" class="log" id="replaylog-smogtours-gen3ou-794456">
|inactive|Battle timer is ON: inactive players will automatically lose when time's up.
|t:|1728002056
|gametype|singles
|player|p1|Mr Bluestacks|2|
|player|p2|moistmania|backersf|
|teamsize|p1|6
|teamsize|p2|6
|gen|3
|tier|[Gen 3] OU
|rule|Sleep Clause Mod: Limit one foe put to sleep
|rule|Switch Priority Clause Mod: Faster Pokémon switch first
|rule|Species Clause: Limit one of each Pokémon
|rule|OHKO Clause: OHKO moves are banned
|rule|Evasion Items Clause: Evasion items are banned
|rule|Evasion Moves Clause: Evasion moves are banned
|rule|Endless Battle Clause: Forcing endless battles is banned
|rule|HP Percentage Mod: HP is shown in percentages
|rule|One Boost Passer Clause: Limit one Baton Passer that has a way to boost its stats
|rule|Freeze Clause Mod: Limit one foe frozen
|
|t:|1728002056
|start
|switch|p1a: Venusaur|Venusaur, F|100/100
|switch|p2a: Tyranitar|Tyranitar, M|100/100
|-weather|Sandstorm|[from] ability: Sand Stream|[of] p2a: Tyranitar
|turn|1
|inactive|moistmania has 270 seconds left.
|
|t:|1728002095
|switch|p2a: Milotic|Milotic, M|100/100
|move|p1a: Venusaur|Giga Drain|p2a: Milotic
|-supereffective|p2a: Milotic
|-damage|p2a: Milotic|66/100
|
|-weather|Sandstorm|[upkeep]
|-damage|p1a: Venusaur|95/100|[from] Sandstorm
|-damage|p2a: Milotic|60/100|[from] Sandstorm
|-heal|p1a: Venusaur|100/100|[from] item: Leftovers
|-heal|p2a: Milotic|66/100|[from] item: Leftovers
|upkeep
|turn|2
|
|t:|1728002111
|switch|p2a: Celebi|Celebi|100/100
|move|p1a: Venusaur|Sleep Powder|p2a: Celebi
|-status|p2a: Celebi|slp|[from] move: Sleep Powder
|
|-weather|Sandstorm|[upkeep]
|-damage|p1a: Venusaur|95/100|[from] Sandstorm
|-damage|p2a: Celebi|94/100 slp|[from] Sandstorm
|-heal|p1a: Venusaur|100/100|[from] item: Leftovers
|-heal|p2a: Celebi|100/100 slp|[from] item: Leftovers
|upkeep
|turn|3
|inactive|moistmania has 270 seconds left.
|inactive|moistmania has 240 seconds left.
|
|t:|1728002173
|move|p1a: Venusaur|Leech Seed|p2a: Celebi
|-immune|p2a: Celebi
|cant|p2a: Celebi|slp
|
|-weather|Sandstorm|[upkeep]
|-damage|p1a: Venusaur|95/100|[from] Sandstorm
|-damage|p2a: Celebi|94/100 slp|[from] Sandstorm
|-heal|p1a: Venusaur|100/100|[from] item: Leftovers
|-heal|p2a: Celebi|100/100 slp|[from] item: Leftovers
|upkeep
|turn|4
|inactive|moistmania has 240 seconds left.
|
|t:|1728002194
|move|p1a: Venusaur|Hidden Power|p2a: Celebi
|-supereffective|p2a: Celebi
|-damage|p2a: Celebi|74/100 slp
|cant|p2a: Celebi|slp
|
|-weather|Sandstorm|[upkeep]
|-damage|p1a: Venusaur|95/100|[from] Sandstorm
|-damage|p2a: Celebi|68/100 slp|[from] Sandstorm
|-heal|p1a: Venusaur|100/100|[from] item: Leftovers
|-heal|p2a: Celebi|74/100 slp|[from] item: Leftovers
|upkeep
|turn|5
|
|t:|1728002217
|switch|p1a: Metagross|Metagross|100/100
|-curestatus|p2a: Celebi|slp|[from] ability: Natural Cure
|switch|p2a: Gyarados|Gyarados, F|100/100
|-ability|p2a: Gyarados|Intimidate|boost
|-fail|p1a: Metagross|unboost|[from] ability: Clear Body|[of] p1a: Metagross
|
|-weather|Sandstorm|[upkeep]
|-damage|p2a: Gyarados|94/100|[from] Sandstorm
|-heal|p2a: Gyarados|100/100|[from] item: Leftovers
|upkeep
|turn|6
|inactive|Mr Bluestacks has 270 seconds left.
|inactive|moistmania has 210 seconds left.
|
|t:|1728002246
|switch|p2a: Milotic|Milotic, M|66/100
|switch|p1a: Zapdos|Zapdos|100/100
|
|-weather|Sandstorm|[upkeep]
|-damage|p1a: Zapdos|94/100|[from] Sandstorm
|-damage|p2a: Milotic|60/100|[from] Sandstorm
|-heal|p1a: Zapdos|100/100|[from] item: Leftovers
|-heal|p2a: Milotic|66/100|[from] item: Leftovers
|upkeep
|turn|7
|inactive|Mr Bluestacks has 270 seconds left.
|inactive|moistmania has 210 seconds left.
|
|t:|1728002261
|switch|p1a: Venusaur|Venusaur, F|100/100
|switch|p2a: Celebi|Celebi|74/100
|
|-weather|Sandstorm|[upkeep]
|-damage|p1a: Venusaur|95/100|[from] Sandstorm
|-damage|p2a: Celebi|68/100|[from] Sandstorm
|-heal|p1a: Venusaur|100/100|[from] item: Leftovers
|-heal|p2a: Celebi|74/100|[from] item: Leftovers
|upkeep
|turn|8
|inactive|Mr Bluestacks has 270 seconds left.
|inactive|moistmania has 210 seconds left.
|
|t:|1728002275
|switch|p1a: Snorlax|Snorlax, M|100/100
|move|p2a: Celebi|Baton Pass|p2a: Celebi
|inactive|moistmania has 210 seconds left.
|inactive|moistmania has 180 seconds left.
|
|t:|1728002320
|switch|p2a: Metagross|Metagross|100/100|[from] Baton Pass
|
|-weather|Sandstorm|[upkeep]
|-damage|p1a: Snorlax|94/100|[from] Sandstorm
|-heal|p1a: Snorlax|100/100|[from] item: Leftovers
|upkeep
|turn|9
|inactive|moistmania has 180 seconds left.
|inactive|Mr Bluestacks has 270 seconds left.
|
|t:|1728002339
|move|p2a: Metagross|Meteor Mash|p1a: Snorlax
|-damage|p1a: Snorlax|47/100
|move|p1a: Snorlax|Curse|p1a: Snorlax
|-unboost|p1a: Snorlax|spe|1
|-boost|p1a: Snorlax|atk|1
|-boost|p1a: Snorlax|def|1
|
|-weather|Sandstorm|[upkeep]
|-damage|p1a: Snorlax|41/100|[from] Sandstorm
|-heal|p1a: Snorlax|47/100|[from] item: Leftovers
|upkeep
|turn|10
|inactive|Mr Bluestacks has 270 seconds left.
|
|t:|1728002361
|move|p2a: Metagross|Meteor Mash|p1a: Snorlax
|-damage|p1a: Snorlax|11/100
|move|p1a: Snorlax|Self-Destruct|p2a: Metagross
|-resisted|p2a: Metagross
|-damage|p2a: Metagross|0 fnt
|faint|p1a: Snorlax
|faint|p2a: Metagross
|
|t:|1728002386
|switch|p2a: Tyranitar|Tyranitar, M|100/100
|switch|p1a: Zapdos|Zapdos|100/100
|
|-weather|Sandstorm|[upkeep]
|-damage|p1a: Zapdos|94/100|[from] Sandstorm
|-heal|p1a: Zapdos|100/100|[from] item: Leftovers
|upkeep
|turn|11
|inactive|moistmania has 150 seconds left.
|
|t:|1728002405
|move|p1a: Zapdos|Agility|p1a: Zapdos
|-boost|p1a: Zapdos|spe|2
|move|p2a: Tyranitar|Fire Blast|p1a: Zapdos
|-damage|p1a: Zapdos|73/100
|
|-weather|Sandstorm|[upkeep]
|-damage|p1a: Zapdos|67/100|[from] Sandstorm
|-heal|p1a: Zapdos|73/100|[from] item: Leftovers
|upkeep
|turn|12
|
|t:|1728002411
|move|p1a: Zapdos|Baton Pass|p1a: Zapdos
|
|t:|1728002412
|switch|p1a: Marowak|Marowak, F|100/100|[from] Baton Pass
|move|p2a: Tyranitar|Roar|p1a: Marowak
|drag|p1a: Zapdos|Zapdos|73/100
|
|-weather|Sandstorm|[upkeep]
|-damage|p1a: Zapdos|67/100|[from] Sandstorm
|-heal|p1a: Zapdos|73/100|[from] item: Leftovers
|upkeep
|turn|13
|inactive|moistmania has 150 seconds left.
|
|t:|1728002444
|move|p1a: Zapdos|Baton Pass|p1a: Zapdos
|
|t:|1728002446
|switch|p1a: Metagross|Metagross|100/100|[from] Baton Pass
|move|p2a: Tyranitar|Crunch|p1a: Metagross
|-damage|p1a: Metagross|65/100
|
|-weather|Sandstorm|[upkeep]
|-heal|p1a: Metagross|71/100|[from] item: Leftovers
|upkeep
|turn|14
|inactive|moistmania has 150 seconds left.
|
|t:|1728002460
|switch|p2a: Milotic|Milotic, M|66/100
|move|p1a: Metagross|Meteor Mash|p2a: Milotic
|-resisted|p2a: Milotic
|-damage|p2a: Milotic|50/100
|
|-weather|Sandstorm|[upkeep]
|-damage|p2a: Milotic|44/100|[from] Sandstorm
|-heal|p2a: Milotic|50/100|[from] item: Leftovers
|-heal|p1a: Metagross|77/100|[from] item: Leftovers
|upkeep
|turn|15
|inactive|moistmania has 150 seconds left.
|inactive|Mr Bluestacks has 270 seconds left.
|
|t:|1728002493
|move|p2a: Milotic|Recover|p2a: Milotic
|-heal|p2a: Milotic|99/100
|move|p1a: Metagross|Meteor Mash|p2a: Milotic
|-resisted|p2a: Milotic
|-damage|p2a: Milotic|82/100
|-boost|p1a: Metagross|atk|1
|
|-weather|Sandstorm|[upkeep]
|-damage|p2a: Milotic|76/100|[from] Sandstorm
|-heal|p2a: Milotic|82/100|[from] item: Leftovers
|-heal|p1a: Metagross|83/100|[from] item: Leftovers
|upkeep
|turn|16
|
|t:|1728002508
|move|p2a: Milotic|Surf|p1a: Metagross
|-damage|p1a: Metagross|51/100
|move|p1a: Metagross|Meteor Mash|p2a: Milotic
|-resisted|p2a: Milotic
|-damage|p2a: Milotic|60/100
|
|-weather|Sandstorm|[upkeep]
|-damage|p2a: Milotic|54/100|[from] Sandstorm
|-heal|p2a: Milotic|60/100|[from] item: Leftovers
|-heal|p1a: Metagross|57/100|[from] item: Leftovers
|upkeep
|turn|17
|inactive|Mr Bluestacks has 270 seconds left.
|inactive|moistmania has 120 seconds left.
|
|t:|1728002548
|move|p2a: Milotic|Recover|p2a: Milotic
|-heal|p2a: Milotic|100/100
|move|p1a: Metagross|Meteor Mash|p2a: Milotic
|-resisted|p2a: Milotic
|-damage|p2a: Milotic|77/100
|-boost|p1a: Metagross|atk|1
|
|-weather|Sandstorm|[upkeep]
|-damage|p2a: Milotic|71/100|[from] Sandstorm
|-heal|p2a: Milotic|77/100|[from] item: Leftovers
|-heal|p1a: Metagross|63/100|[from] item: Leftovers
|upkeep
|turn|18
|
|t:|1728002557
|move|p2a: Milotic|Surf|p1a: Metagross
|-damage|p1a: Metagross|30/100
|move|p1a: Metagross|Meteor Mash|p2a: Milotic
|-resisted|p2a: Milotic
|-damage|p2a: Milotic|46/100
|
|-weather|Sandstorm|[upkeep]
|-damage|p2a: Milotic|40/100|[from] Sandstorm
|-heal|p2a: Milotic|46/100|[from] item: Leftovers
|-heal|p1a: Metagross|36/100|[from] item: Leftovers
|upkeep
|turn|19
|
|t:|1728002573
|switch|p2a: Magneton|Magneton|100/100
|move|p1a: Metagross|Explosion|p2a: Magneton
|-resisted|p2a: Magneton
|-damage|p2a: Magneton|0 fnt
|faint|p1a: Metagross
|faint|p2a: Magneton
|inactive|moistmania has 120 seconds left.
|
|t:|1728002600
|switch|p2a: Milotic|Milotic, M|46/100
|switch|p1a: Venusaur|Venusaur, F|100/100
|
|-weather|Sandstorm|[upkeep]
|-damage|p1a: Venusaur|95/100|[from] Sandstorm
|-damage|p2a: Milotic|40/100|[from] Sandstorm
|-heal|p1a: Venusaur|100/100|[from] item: Leftovers
|-heal|p2a: Milotic|46/100|[from] item: Leftovers
|upkeep
|turn|20
|inactive|moistmania has 120 seconds left.
|
|t:|1728002611
|move|p1a: Venusaur|Sleep Powder|p2a: Milotic
|-status|p2a: Milotic|slp|[from] move: Sleep Powder
|cant|p2a: Milotic|slp
|
|-weather|Sandstorm|[upkeep]
|-damage|p1a: Venusaur|95/100|[from] Sandstorm
|-damage|p2a: Milotic|40/100 slp|[from] Sandstorm
|-heal|p1a: Venusaur|100/100|[from] item: Leftovers
|-heal|p2a: Milotic|46/100 slp|[from] item: Leftovers
|upkeep
|turn|21
|
|t:|1728002613
|switch|p2a: Celebi|Celebi|74/100
|move|p1a: Venusaur|Giga Drain|p2a: Celebi
|-resisted|p2a: Celebi
|-damage|p2a: Celebi|65/100
|
|-weather|Sandstorm|[upkeep]
|-damage|p1a: Venusaur|95/100|[from] Sandstorm
|-damage|p2a: Celebi|59/100|[from] Sandstorm
|-heal|p1a: Venusaur|100/100|[from] item: Leftovers
|-heal|p2a: Celebi|65/100|[from] item: Leftovers
|upkeep
|turn|22
|inactive|moistmania has 120 seconds left.
|
|t:|1728002641
|move|p1a: Venusaur|Hidden Power|p2a: Celebi
|-supereffective|p2a: Celebi
|-damage|p2a: Celebi|39/100
|move|p2a: Celebi|Swords Dance|p2a: Celebi
|-boost|p2a: Celebi|atk|2
|
|-weather|Sandstorm|[upkeep]
|-damage|p1a: Venusaur|95/100|[from] Sandstorm
|-damage|p2a: Celebi|33/100|[from] Sandstorm
|-heal|p1a: Venusaur|100/100|[from] item: Leftovers
|-heal|p2a: Celebi|39/100|[from] item: Leftovers
|upkeep
|turn|23
|
|t:|1728002652
|move|p1a: Venusaur|Leech Seed|p2a: Celebi
|-immune|p2a: Celebi
|move|p2a: Celebi|Baton Pass|p2a: Celebi
|
|t:|1728002662
|switch|p2a: Gyarados|Gyarados, F|100/100|[from] Baton Pass
|-ability|p2a: Gyarados|Intimidate|boost
|-unboost|p1a: Venusaur|atk|1
|
|-weather|Sandstorm|[upkeep]
|-damage|p1a: Venusaur|95/100|[from] Sandstorm
|-damage|p2a: Gyarados|94/100|[from] Sandstorm
|-heal|p1a: Venusaur|100/100|[from] item: Leftovers
|-heal|p2a: Gyarados|100/100|[from] item: Leftovers
|upkeep
|turn|24
|
|t:|1728002669
|move|p1a: Venusaur|Leech Seed|p2a: Gyarados
|-start|p2a: Gyarados|move: Leech Seed
|move|p2a: Gyarados|Dragon Dance|p2a: Gyarados
|-boost|p2a: Gyarados|atk|1
|-boost|p2a: Gyarados|spe|1
|
|-weather|Sandstorm|[upkeep]
|-damage|p2a: Gyarados|94/100|[from] Sandstorm
|-damage|p1a: Venusaur|95/100|[from] Sandstorm
|-heal|p2a: Gyarados|100/100|[from] item: Leftovers
|-damage|p2a: Gyarados|88/100|[from] Leech Seed|[of] p1a: Venusaur
|-heal|p1a: Venusaur|100/100|[silent]
|upkeep
|turn|25
|
|t:|1728002675
|move|p2a: Gyarados|Hidden Power|p1a: Venusaur
|-supereffective|p1a: Venusaur
|-damage|p1a: Venusaur|0 fnt
|faint|p1a: Venusaur
|
|t:|1728002692
|switch|p1a: Zapdos|Zapdos|73/100
|
|-weather|Sandstorm|[upkeep]
|-damage|p2a: Gyarados|82/100|[from] Sandstorm
|-damage|p1a: Zapdos|67/100|[from] Sandstorm
|-heal|p2a: Gyarados|88/100|[from] item: Leftovers
|-damage|p2a: Gyarados|76/100|[from] Leech Seed|[of] p1a: Zapdos
|-heal|p1a: Zapdos|78/100|[silent]
|-heal|p1a: Zapdos|84/100|[from] item: Leftovers
|upkeep
|turn|26
|
|t:|1728002699
|move|p2a: Gyarados|Double-Edge|p1a: Zapdos
|-damage|p1a: Zapdos|0 fnt
|-damage|p2a: Gyarados|45/100|[from] Recoil|[of] p1a: Zapdos
|faint|p1a: Zapdos
|
|t:|1728002706
|switch|p1a: Suicune|Suicune|100/100
|
|-weather|Sandstorm|[upkeep]
|-damage|p2a: Gyarados|39/100|[from] Sandstorm
|-damage|p1a: Suicune|94/100|[from] Sandstorm
|-heal|p2a: Gyarados|45/100|[from] item: Leftovers
|-damage|p2a: Gyarados|33/100|[from] Leech Seed|[of] p1a: Suicune
|-heal|p1a: Suicune|100/100|[silent]
|upkeep
|turn|27
|inactive|moistmania has 150 seconds left.
|inactive|moistmania has 120 seconds left.
|
|t:|1728002750
|move|p2a: Gyarados|Hidden Power|p1a: Suicune
|-crit|p1a: Suicune
|-damage|p1a: Suicune|0 fnt
|faint|p1a: Suicune
|
|t:|1728002753
|switch|p1a: Marowak|Marowak, F|100/100
|
|-weather|Sandstorm|[upkeep]
|-damage|p2a: Gyarados|27/100|[from] Sandstorm
|-heal|p2a: Gyarados|33/100|[from] item: Leftovers
|-damage|p2a: Gyarados|20/100|[from] Leech Seed|[of] p1a: Marowak
|upkeep
|turn|28
|c|☆Mr Bluestacks|ggs
|-message|Mr Bluestacks forfeited.
|
|win|moistmania
|player|p1|
|c|☆moistmania|ah rough crit
|player|p2|
|player|p2|moistmania|backersf|

</script>
<script type="application/json" class="data" id="replaydata-smogtours-gen3ou-794456">
{"id":"smogtours-gen3ou-794456","format":"[Gen 3] OU","players":["Mr Bluestacks","moistmania"],"uploadtime":1728002762,"views":82,"formatid":"gen3ou","rating":null,"private":0,"password":null}
</script>

<script defer src="js/replays.js?9d40a366"></script>
