<!DOCTYPE html>
<meta charset="utf-8" />
<meta name="viewport" content="width=device-width" />

<title>[Gen 3] OU: 3 blades vs. Churielix - Replays - Pok&eacute;mon Showdown!</title>

<meta name="description" content="Watch a replay of a Pok&eacute;mon battle between 3 blades and Churielix! Format: [Gen 3] OU; Date: Nov 14, 2024" />
<!--

Hey, you! Looking in the source for the replay log?

You can find them in JSON format, just add `.json` at the end of a replay URL.

https://replay.pokemonshowdown.com/gen7randomdoublesbattle-865046831.json

Or, if you only need the log itself, add `.log` instead:

https://replay.pokemonshowdown.com/gen7randomdoublesbattle-865046831.log

-->

<link rel="stylesheet" href="//pokemonshowdown.com/style/global.css?0.767286132409787" />
<link rel="stylesheet" href="//play.pokemonshowdown.com/style/font-awesome.css?0.9266228007934947" />
<link rel="stylesheet" href="//play.pokemonshowdown.com/style/battle.css?0.7924700842790926" />
<link rel="stylesheet" href="//play.pokemonshowdown.com/style/utilichart.css?0.8777417872839479" />

<!-- Global site tag (gtag.js) - Google Analytics -->
<script async src="https://www.googletagmanager.com/gtag/js?id=UA-26211653-1"></script>
<script>
  window.dataLayer = window.dataLayer || [];
  function gtag(){dataLayer.push(arguments);}
  gtag('js', new Date());

  gtag('config', 'UA-26211653-1');
</script>
<!-- End Google Analytics -->
<!-- Venatus Ad Manager - Install in <HEAD> of page -->
	<script src="https://hb.vntsm.com/v3/live/ad-manager.min.js" type="text/javascript" data-site-id="642aba63ec9a7b11c3c9c1be" data-mode="scan" async></script>
<!-- / Venatus Ad Manager -->

<style>
	@media (max-width:820px) {
		.battle {
			margin: 0 auto;
		}
		.battle-log {
			margin: 7px auto 0;
			max-width: 640px;
			height: 300px;
			position: static;
		}
	}
	.optgroup {
		display: inline-block;
		line-height: 22px;
		font-size: 10pt;
	}
	.optgroup .button {
		height: 25px;
		padding-top: 0;
		padding-bottom: 0;
	}
	.optgroup button.button {
		padding-left: 12px;
		padding-right: 12px;
	}
	.linklist {
		list-style: none;
		margin: 0.5em 0;
		padding: 0;
	}
	.linklist li {
		padding: 2px 0;
	}
	.sidebar {
		float: left;
		width: 320px;
	}
	.bar-wrapper {
		max-width: 1100px;
		margin: 0 auto;
	}
	.bar-wrapper.has-sidebar {
		max-width: 1430px;
	}
	.mainbar {
		margin: 0;
		padding-right: 1px;
	}
	.mainbar.has-sidebar {
		margin-left: 330px;
	}
	@media (min-width: 1511px) {
		.sidebar {
			width: 400px;
		}
		.bar-wrapper.has-sidebar {
			max-width: 1510px;
		}
		.mainbar.has-sidebar {
			margin-left: 410px;
		}
	}
	.section.first-section {
		margin-top: 9px;
	}
	.blocklink small {
		white-space: normal;
	}
	.button {
		vertical-align: middle;
	}
	.replay-controls {
		padding-top: 10px;
	}
	.replay-controls h1 {
		font-size: 16pt;
		font-weight: normal;
		color: #CCC;
	}
	.pagelink {
		text-align: center;
	}
	.pagelink a {
		width: 150px;
	}
	.textbox, .button {
		font-size: 11pt;
		vertical-align: middle;
	}
	@media (max-width: 450px) {
		.button {
			font-size: 9pt;
		}
	}
</style>

<div>

	<header>
		<div class="nav-wrapper"><ul class="nav">
			<li><a class="button nav-first" href="//pokemonshowdown.com/"><img src="//pokemonshowdown.com/images/pokemonshowdownbeta.png" srcset="//pokemonshowdown.com/images/pokemonshowdownbeta.png 1x, //pokemonshowdown.com/images/pokemonshowdownbeta@2x.png 2x" alt="Pok&eacute;mon Showdown" width="146" height="44" /> Home</a></li>
			<li><a class="button" href="//pokemonshowdown.com/dex/">Pok&eacute;dex</a></li>
			<li><a class="button cur" href="/">Replays</a></li>
			<li><a class="button" href="//pokemonshowdown.com/ladder/">Ladder</a></li>
			<li><a class="button nav-last" href="//pokemonshowdown.com/forums/">Forum</a></li>
			<li><a class="button greenbutton nav-first nav-last" href="//play.pokemonshowdown.com/">Play</a></li>
		</ul></div>
	</header>

	<div class="main" id="main">

		<noscript><section class="section">You need to enable JavaScript to use this page; sorry!</section></noscript>

	</div>

</div>

<script defer nomodule src="//play.pokemonshowdown.com/js/lib/ps-polyfill.js"></script>
<script defer src="//play.pokemonshowdown.com/js/lib/preact.min.js"></script>

<script defer src="//play.pokemonshowdown.com/config/config.js?6dec07f6"></script>
<script defer src="//play.pokemonshowdown.com/js/lib/jquery-1.11.0.min.js"></script>
<script defer src="//play.pokemonshowdown.com/js/lib/html-sanitizer-minified.js"></script>
<script defer src="//play.pokemonshowdown.com/js/battle-sound.js"></script>
<script defer src="//play.pokemonshowdown.com/js/battledata.js?0.6315294753075389"></script>
<script defer src="//play.pokemonshowdown.com/data/pokedex-mini.js?0.7603743185311358"></script>
<script defer src="//play.pokemonshowdown.com/data/pokedex-mini-bw.js?0.030888842834281283"></script>
<script defer src="//play.pokemonshowdown.com/data/graphics.js?0.05593094747507488"></script>
<script defer src="//play.pokemonshowdown.com/data/pokedex.js?0.47064822249611904"></script>
<script defer src="//play.pokemonshowdown.com/data/moves.js?0.8583693120512459"></script>
<script defer src="//play.pokemonshowdown.com/data/abilities.js?0.16017181182386842"></script>
<script defer src="//play.pokemonshowdown.com/data/items.js?0.4163379185673943"></script>
<script defer src="//play.pokemonshowdown.com/data/teambuilder-tables.js?0.31075597372830477"></script>
<script defer src="//play.pokemonshowdown.com/js/battle-tooltips.js?0.6536193500708172"></script>
<script defer src="//play.pokemonshowdown.com/js/battle.js?0.1916591943277901"></script>

<script defer src="js/utils.js?e31f9a17"></script>
<script defer src="js/replays-battle.js?7008c182"></script>

<!-- don't scrape this data! just add .json or .log after the URL!
Full API docs: https://github.com/smogon/pokemon-showdown-client/blob/master/WEB-API.md -->
<script type="text/plain" class="log" id="replaylog-smogtours-gen3ou-806250">
|inactive|Battle timer is ON: inactive players will automatically lose when time's up.
|t:|1731611005
|gametype|singles
|player|p1|3 blades|guzma|
|player|p2|Churielix|blackbelt|
|teamsize|p1|6
|teamsize|p2|6
|gen|3
|tier|[Gen 3] OU
|rule|Sleep Clause Mod: Limit one foe put to sleep
|rule|Switch Priority Clause Mod: Faster Pokémon switch first
|rule|Species Clause: Limit one of each Pokémon
|rule|OHKO Clause: OHKO moves are banned
|rule|Evasion Items Clause: Evasion items are banned
|rule|Evasion Moves Clause: Evasion moves are banned
|rule|Endless Battle Clause: Forcing endless battles is banned
|rule|HP Percentage Mod: HP is shown in percentages
|rule|One Boost Passer Clause: Limit one Baton Passer that has a way to boost its stats
|rule|Freeze Clause Mod: Limit one foe frozen
|
|t:|1731611005
|start
|switch|p1a: STAR PLATINUM|Swampert, F|100/100
|switch|p2a: Zapdos|Zapdos|100/100
|turn|1
|c|☆3 blades|hf
|c|☆Churielix|u2
|
|t:|1731611024
|move|p1a: STAR PLATINUM|Protect|p1a: STAR PLATINUM
|-singleturn|p1a: STAR PLATINUM|Protect
|move|p2a: Zapdos|Hidden Power|p1a: STAR PLATINUM
|-activate|p1a: STAR PLATINUM|Protect
|
|upkeep
|turn|2
|
|t:|1731611042
|switch|p1a: BALL BREAKER|Forretress, F|100/100
|move|p2a: Zapdos|Baton Pass|p2a: Zapdos
|
|t:|1731611050
|switch|p2a: Tyranitar|Tyranitar, F|100/100|[from] Baton Pass
|-weather|Sandstorm|[from] ability: Sand Stream|[of] p2a: Tyranitar
|
|-weather|Sandstorm|[upkeep]
|upkeep
|turn|3
|
|t:|1731611059
|switch|p1a: STAR PLATINUM|Swampert, F|100/100
|move|p2a: Tyranitar|Substitute|p2a: Tyranitar
|-start|p2a: Tyranitar|Substitute
|-damage|p2a: Tyranitar|75/100
|
|-weather|Sandstorm|[upkeep]
|-heal|p2a: Tyranitar|82/100|[from] item: Leftovers
|upkeep
|turn|4
|
|t:|1731611071
|move|p2a: Tyranitar|Hidden Power|p1a: STAR PLATINUM
|-supereffective|p1a: STAR PLATINUM
|-damage|p1a: STAR PLATINUM|24/100
|move|p1a: STAR PLATINUM|Surf|p2a: Tyranitar
|-supereffective|p2a: Tyranitar
|-end|p2a: Tyranitar|Substitute
|
|-weather|Sandstorm|[upkeep]
|-heal|p2a: Tyranitar|88/100|[from] item: Leftovers
|-heal|p1a: STAR PLATINUM|30/100|[from] item: Leftovers
|upkeep
|turn|5
|
|t:|1731611093
|move|p1a: STAR PLATINUM|Protect|p1a: STAR PLATINUM
|-singleturn|p1a: STAR PLATINUM|Protect
|move|p2a: Tyranitar|Substitute|p2a: Tyranitar
|-start|p2a: Tyranitar|Substitute
|-damage|p2a: Tyranitar|63/100
|
|-weather|Sandstorm|[upkeep]
|-heal|p1a: STAR PLATINUM|37/100|[from] item: Leftovers
|-heal|p2a: Tyranitar|69/100|[from] item: Leftovers
|upkeep
|turn|6
|
|t:|1731611098
|switch|p1a: SPICE GIRL|Milotic, M|100/100
|move|p2a: Tyranitar|Hidden Power|p1a: SPICE GIRL
|-supereffective|p1a: SPICE GIRL
|-damage|p1a: SPICE GIRL|69/100
|
|-weather|Sandstorm|[upkeep]
|-damage|p1a: SPICE GIRL|62/100|[from] Sandstorm
|-heal|p1a: SPICE GIRL|69/100|[from] item: Leftovers
|-heal|p2a: Tyranitar|75/100|[from] item: Leftovers
|upkeep
|turn|7
|
|t:|1731611103
|-singleturn|p2a: Tyranitar|move: Focus Punch
|move|p1a: SPICE GIRL|Surf|p2a: Tyranitar
|-supereffective|p2a: Tyranitar
|-end|p2a: Tyranitar|Substitute
|move|p2a: Tyranitar|Focus Punch|p1a: SPICE GIRL
|-damage|p1a: SPICE GIRL|34/100
|
|-weather|Sandstorm|[upkeep]
|-damage|p1a: SPICE GIRL|28/100|[from] Sandstorm
|-heal|p1a: SPICE GIRL|34/100|[from] item: Leftovers
|-heal|p2a: Tyranitar|81/100|[from] item: Leftovers
|upkeep
|turn|8
|inactive|Churielix has 270 seconds left.
|
|t:|1731611146
|switch|p2a: Zapdos|Zapdos|100/100
|move|p1a: SPICE GIRL|Recover|p1a: SPICE GIRL
|-heal|p1a: SPICE GIRL|84/100
|
|-weather|Sandstorm|[upkeep]
|-damage|p2a: Zapdos|94/100|[from] Sandstorm
|-damage|p1a: SPICE GIRL|78/100|[from] Sandstorm
|-heal|p2a: Zapdos|100/100|[from] item: Leftovers
|-heal|p1a: SPICE GIRL|84/100|[from] item: Leftovers
|upkeep
|turn|9
|
|t:|1731611150
|switch|p1a: LOVE DELUXE|Blissey, F|100/100
|move|p2a: Zapdos|Baton Pass|p2a: Zapdos
|inactive|Churielix has 270 seconds left.
|
|t:|1731611167
|switch|p2a: Dugtrio|Dugtrio, M|100/100|[from] Baton Pass
|
|-weather|Sandstorm|[upkeep]
|-damage|p1a: LOVE DELUXE|94/100|[from] Sandstorm
|-heal|p1a: LOVE DELUXE|100/100|[from] item: Leftovers
|upkeep
|turn|10
|
|t:|1731611180
|move|p2a: Dugtrio|Beat Up|p1a: LOVE DELUXE
|-damage|p1a: LOVE DELUXE|91/100
|-damage|p1a: LOVE DELUXE|80/100
|-damage|p1a: LOVE DELUXE|63/100
|-crit|p1a: LOVE DELUXE
|-damage|p1a: LOVE DELUXE|47/100
|-damage|p1a: LOVE DELUXE|46/100
|-damage|p1a: LOVE DELUXE|37/100
|-hitcount|p1a: LOVE DELUXE|6
|move|p1a: LOVE DELUXE|Ice Beam|p2a: Dugtrio
|-supereffective|p2a: Dugtrio
|-crit|p2a: Dugtrio
|-damage|p2a: Dugtrio|0 fnt
|faint|p2a: Dugtrio
|c|☆3 blades|oof
|c|+Sheik|Lmfao
|
|t:|1731611194
|switch|p2a: Tyranitar|Tyranitar, F|81/100
|
|-weather|Sandstorm|[upkeep]
|-damage|p1a: LOVE DELUXE|31/100|[from] Sandstorm
|-heal|p2a: Tyranitar|88/100|[from] item: Leftovers
|-heal|p1a: LOVE DELUXE|37/100|[from] item: Leftovers
|upkeep
|turn|11
|
|t:|1731611197
|-singleturn|p2a: Tyranitar|move: Focus Punch
|switch|p1a: SPICE GIRL|Milotic, M|84/100
|move|p2a: Tyranitar|Focus Punch|p1a: SPICE GIRL
|-damage|p1a: SPICE GIRL|53/100
|
|-weather|Sandstorm|[upkeep]
|-damage|p1a: SPICE GIRL|46/100|[from] Sandstorm
|-heal|p1a: SPICE GIRL|53/100|[from] item: Leftovers
|-heal|p2a: Tyranitar|94/100|[from] item: Leftovers
|upkeep
|turn|12
|c|+Sheik|Robo historico churielix
|inactive|Churielix has 270 seconds left.
|
|t:|1731611235
|switch|p2a: Zapdos|Zapdos|100/100
|move|p1a: SPICE GIRL|Toxic|p2a: Zapdos
|-status|p2a: Zapdos|tox
|
|-weather|Sandstorm|[upkeep]
|-damage|p2a: Zapdos|94/100 tox|[from] Sandstorm
|-damage|p1a: SPICE GIRL|46/100|[from] Sandstorm
|-heal|p2a: Zapdos|100/100 tox|[from] item: Leftovers
|-damage|p2a: Zapdos|94/100 tox|[from] psn
|-heal|p1a: SPICE GIRL|53/100|[from] item: Leftovers
|upkeep
|turn|13
|
|t:|1731611241
|switch|p1a: STAR PLATINUM|Swampert, F|37/100
|move|p2a: Zapdos|Thunderbolt|p1a: STAR PLATINUM
|-immune|p1a: STAR PLATINUM
|
|-weather|Sandstorm|[upkeep]
|-damage|p2a: Zapdos|88/100 tox|[from] Sandstorm
|-heal|p2a: Zapdos|94/100 tox|[from] item: Leftovers
|-damage|p2a: Zapdos|82/100 tox|[from] psn
|-heal|p1a: STAR PLATINUM|43/100|[from] item: Leftovers
|upkeep
|turn|14
|
|t:|1731611259
|move|p1a: STAR PLATINUM|Protect|p1a: STAR PLATINUM
|-singleturn|p1a: STAR PLATINUM|Protect
|move|p2a: Zapdos|Hidden Power|p1a: STAR PLATINUM
|-activate|p1a: STAR PLATINUM|Protect
|
|-weather|Sandstorm|[upkeep]
|-damage|p2a: Zapdos|76/100 tox|[from] Sandstorm
|-heal|p2a: Zapdos|82/100 tox|[from] item: Leftovers
|-damage|p2a: Zapdos|64/100 tox|[from] psn
|-heal|p1a: STAR PLATINUM|49/100|[from] item: Leftovers
|upkeep
|turn|15
|
|t:|1731611265
|switch|p1a: BALL BREAKER|Forretress, F|100/100
|move|p2a: Zapdos|Baton Pass|p2a: Zapdos
|
|t:|1731611268
|switch|p2a: Tyranitar|Tyranitar, F|94/100|[from] Baton Pass
|
|-weather|Sandstorm|[upkeep]
|-heal|p2a: Tyranitar|99/100|[from] item: Leftovers
|upkeep
|turn|16
|
|t:|1731611274
|move|p2a: Tyranitar|Flamethrower|p1a: BALL BREAKER
|-supereffective|p1a: BALL BREAKER
|-damage|p1a: BALL BREAKER|0 fnt
|faint|p1a: BALL BREAKER
|
|t:|1731611277
|switch|p1a: SPICE GIRL|Milotic, M|53/100
|
|-weather|Sandstorm|[upkeep]
|-damage|p1a: SPICE GIRL|46/100|[from] Sandstorm
|-heal|p1a: SPICE GIRL|53/100|[from] item: Leftovers
|-heal|p2a: Tyranitar|100/100|[from] item: Leftovers
|upkeep
|turn|17
|
|t:|1731611290
|switch|p2a: Blissey|Blissey, F|100/100
|move|p1a: SPICE GIRL|Recover|p1a: SPICE GIRL
|-heal|p1a: SPICE GIRL|100/100
|
|-weather|Sandstorm|[upkeep]
|-damage|p1a: SPICE GIRL|94/100|[from] Sandstorm
|-damage|p2a: Blissey|94/100|[from] Sandstorm
|-heal|p1a: SPICE GIRL|100/100|[from] item: Leftovers
|-heal|p2a: Blissey|100/100|[from] item: Leftovers
|upkeep
|turn|18
|
|t:|1731611295
|move|p1a: SPICE GIRL|Toxic|p2a: Blissey
|-status|p2a: Blissey|tox
|move|p2a: Blissey|Toxic|p1a: SPICE GIRL
|-status|p1a: SPICE GIRL|tox
|
|-weather|Sandstorm|[upkeep]
|-damage|p1a: SPICE GIRL|94/100 tox|[from] Sandstorm
|-damage|p2a: Blissey|94/100 tox|[from] Sandstorm
|-heal|p1a: SPICE GIRL|100/100 tox|[from] item: Leftovers
|-damage|p1a: SPICE GIRL|94/100 tox|[from] psn
|-heal|p2a: Blissey|100/100 tox|[from] item: Leftovers
|-damage|p2a: Blissey|94/100 tox|[from] psn
|upkeep
|turn|19
|
|t:|1731611305
|move|p1a: SPICE GIRL|Refresh|p1a: SPICE GIRL
|-curestatus|p1a: SPICE GIRL|tox|[msg]
|move|p2a: Blissey|Seismic Toss|p1a: SPICE GIRL
|-damage|p1a: SPICE GIRL|69/100
|
|-weather|Sandstorm|[upkeep]
|-damage|p1a: SPICE GIRL|63/100|[from] Sandstorm
|-damage|p2a: Blissey|88/100 tox|[from] Sandstorm
|-heal|p1a: SPICE GIRL|69/100|[from] item: Leftovers
|-heal|p2a: Blissey|94/100 tox|[from] item: Leftovers
|-damage|p2a: Blissey|82/100 tox|[from] psn
|upkeep
|turn|20
|
|t:|1731611307
|move|p1a: SPICE GIRL|Surf|p2a: Blissey
|-damage|p2a: Blissey|70/100 tox
|move|p2a: Blissey|Toxic|p1a: SPICE GIRL
|-status|p1a: SPICE GIRL|tox
|
|-weather|Sandstorm|[upkeep]
|-damage|p1a: SPICE GIRL|63/100 tox|[from] Sandstorm
|-damage|p2a: Blissey|64/100 tox|[from] Sandstorm
|-heal|p1a: SPICE GIRL|69/100 tox|[from] item: Leftovers
|-damage|p1a: SPICE GIRL|63/100 tox|[from] psn
|-heal|p2a: Blissey|70/100 tox|[from] item: Leftovers
|-damage|p2a: Blissey|52/100 tox|[from] psn
|upkeep
|turn|21
|
|t:|1731611310
|move|p1a: SPICE GIRL|Recover|p1a: SPICE GIRL
|-heal|p1a: SPICE GIRL|100/100 tox
|move|p2a: Blissey|Soft-Boiled|p2a: Blissey
|-heal|p2a: Blissey|100/100 tox
|
|-weather|Sandstorm|[upkeep]
|-damage|p1a: SPICE GIRL|94/100 tox|[from] Sandstorm
|-damage|p2a: Blissey|94/100 tox|[from] Sandstorm
|-heal|p1a: SPICE GIRL|100/100 tox|[from] item: Leftovers
|-damage|p1a: SPICE GIRL|88/100 tox|[from] psn
|-heal|p2a: Blissey|100/100 tox|[from] item: Leftovers
|-damage|p2a: Blissey|76/100 tox|[from] psn
|upkeep
|turn|22
|
|t:|1731611319
|-curestatus|p2a: Blissey|tox|[from] ability: Natural Cure
|switch|p2a: Zapdos|Zapdos|64/100 tox
|move|p1a: SPICE GIRL|Refresh|p1a: SPICE GIRL
|-curestatus|p1a: SPICE GIRL|tox|[msg]
|
|-weather|Sandstorm|[upkeep]
|-damage|p2a: Zapdos|58/100 tox|[from] Sandstorm
|-damage|p1a: SPICE GIRL|82/100|[from] Sandstorm
|-heal|p2a: Zapdos|64/100 tox|[from] item: Leftovers
|-damage|p2a: Zapdos|58/100 tox|[from] psn
|-heal|p1a: SPICE GIRL|88/100|[from] item: Leftovers
|upkeep
|turn|23
|inactive|3 blades has 270 seconds left.
|
|t:|1731611352
|switch|p1a: STAR PLATINUM|Swampert, F|49/100
|move|p2a: Zapdos|Baton Pass|p2a: Zapdos
|
|t:|1731611369
|switch|p2a: Tyranitar|Tyranitar, F|100/100|[from] Baton Pass
|
|-weather|Sandstorm|[upkeep]
|-heal|p1a: STAR PLATINUM|55/100|[from] item: Leftovers
|upkeep
|turn|24
|
|t:|1731611372
|switch|p1a: SPICE GIRL|Milotic, M|88/100
|move|p2a: Tyranitar|Hidden Power|p1a: SPICE GIRL
|-supereffective|p1a: SPICE GIRL
|-damage|p1a: SPICE GIRL|60/100
|
|-weather|Sandstorm|[upkeep]
|-damage|p1a: SPICE GIRL|54/100|[from] Sandstorm
|-heal|p1a: SPICE GIRL|60/100|[from] item: Leftovers
|upkeep
|turn|25
|
|t:|1731611375
|switch|p2a: Suicune|Suicune|100/100
|move|p1a: SPICE GIRL|Surf|p2a: Suicune
|-resisted|p2a: Suicune
|-damage|p2a: Suicune|88/100
|
|-weather|Sandstorm|[upkeep]
|-damage|p2a: Suicune|81/100|[from] Sandstorm
|-damage|p1a: SPICE GIRL|54/100|[from] Sandstorm
|-heal|p2a: Suicune|88/100|[from] item: Leftovers
|-heal|p1a: SPICE GIRL|60/100|[from] item: Leftovers
|upkeep
|turn|26
|
|t:|1731611379
|move|p2a: Suicune|Calm Mind|p2a: Suicune
|-boost|p2a: Suicune|spa|1
|-boost|p2a: Suicune|spd|1
|move|p1a: SPICE GIRL|Toxic|p2a: Suicune
|-status|p2a: Suicune|tox
|
|-weather|Sandstorm|[upkeep]
|-damage|p2a: Suicune|81/100 tox|[from] Sandstorm
|-damage|p1a: SPICE GIRL|54/100|[from] Sandstorm
|-heal|p2a: Suicune|88/100 tox|[from] item: Leftovers
|-damage|p2a: Suicune|81/100 tox|[from] psn
|-heal|p1a: SPICE GIRL|60/100|[from] item: Leftovers
|upkeep
|turn|27
|
|t:|1731611382
|move|p2a: Suicune|Calm Mind|p2a: Suicune
|-boost|p2a: Suicune|spa|1
|-boost|p2a: Suicune|spd|1
|move|p1a: SPICE GIRL|Recover|p1a: SPICE GIRL
|-heal|p1a: SPICE GIRL|100/100
|
|-weather|Sandstorm|[upkeep]
|-damage|p2a: Suicune|75/100 tox|[from] Sandstorm
|-damage|p1a: SPICE GIRL|94/100|[from] Sandstorm
|-heal|p2a: Suicune|81/100 tox|[from] item: Leftovers
|-damage|p2a: Suicune|69/100 tox|[from] psn
|-heal|p1a: SPICE GIRL|100/100|[from] item: Leftovers
|upkeep
|turn|28
|
|t:|1731611387
|move|p2a: Suicune|Rest|p2a: Suicune
|-status|p2a: Suicune|slp|[from] move: Rest
|-heal|p2a: Suicune|100/100 slp|[silent]
|move|p1a: SPICE GIRL|Recover||[still]
|-fail|p1a: SPICE GIRL|heal
|
|-weather|Sandstorm|[upkeep]
|-damage|p2a: Suicune|94/100 slp|[from] Sandstorm
|-damage|p1a: SPICE GIRL|94/100|[from] Sandstorm
|-heal|p2a: Suicune|100/100 slp|[from] item: Leftovers
|-heal|p1a: SPICE GIRL|100/100|[from] item: Leftovers
|upkeep
|turn|29
|
|t:|1731611389
|switch|p1a: STAR PLATINUM|Swampert, F|55/100
|cant|p2a: Suicune|slp
|move|p2a: Suicune|Sleep Talk|p2a: Suicune
|move|p2a: Suicune|Calm Mind|p2a: Suicune|[from]Sleep Talk
|-boost|p2a: Suicune|spa|1
|-boost|p2a: Suicune|spd|1
|
|-weather|Sandstorm|[upkeep]
|-damage|p2a: Suicune|94/100 slp|[from] Sandstorm
|-heal|p2a: Suicune|100/100 slp|[from] item: Leftovers
|-heal|p1a: STAR PLATINUM|62/100|[from] item: Leftovers
|upkeep
|turn|30
|
|t:|1731611395
|cant|p2a: Suicune|slp
|move|p2a: Suicune|Sleep Talk|p2a: Suicune
|move|p2a: Suicune|Calm Mind|p2a: Suicune|[from]Sleep Talk
|-boost|p2a: Suicune|spa|1
|-boost|p2a: Suicune|spd|1
|move|p1a: STAR PLATINUM|Roar|p2a: Suicune
|drag|p2a: Blissey|Blissey, F|76/100
|
|-weather|Sandstorm|[upkeep]
|-damage|p2a: Blissey|70/100|[from] Sandstorm
|-heal|p1a: STAR PLATINUM|68/100|[from] item: Leftovers
|-heal|p2a: Blissey|76/100|[from] item: Leftovers
|upkeep
|turn|31
|
|t:|1731611401
|switch|p1a: SPICE GIRL|Milotic, M|100/100
|move|p2a: Blissey|Toxic|p1a: SPICE GIRL|[miss]
|-miss|p2a: Blissey|p1a: SPICE GIRL
|
|-weather|Sandstorm|[upkeep]
|-damage|p1a: SPICE GIRL|94/100|[from] Sandstorm
|-damage|p2a: Blissey|70/100|[from] Sandstorm
|-heal|p1a: SPICE GIRL|100/100|[from] item: Leftovers
|-heal|p2a: Blissey|76/100|[from] item: Leftovers
|upkeep
|turn|32
|
|t:|1731611406
|switch|p1a: LOVE DELUXE|Blissey, F|37/100
|move|p2a: Blissey|Toxic|p1a: LOVE DELUXE|[miss]
|-miss|p2a: Blissey|p1a: LOVE DELUXE
|
|-weather|Sandstorm|[upkeep]
|-damage|p1a: LOVE DELUXE|31/100|[from] Sandstorm
|-damage|p2a: Blissey|70/100|[from] Sandstorm
|-heal|p1a: LOVE DELUXE|37/100|[from] item: Leftovers
|-heal|p2a: Blissey|76/100|[from] item: Leftovers
|upkeep
|turn|33
|
|t:|1731611411
|switch|p2a: Tyranitar|Tyranitar, F|100/100
|move|p1a: LOVE DELUXE|Soft-Boiled|p1a: LOVE DELUXE
|-heal|p1a: LOVE DELUXE|87/100
|
|-weather|Sandstorm|[upkeep]
|-damage|p1a: LOVE DELUXE|81/100|[from] Sandstorm
|-heal|p1a: LOVE DELUXE|87/100|[from] item: Leftovers
|upkeep
|turn|34
|
|t:|1731611413
|switch|p1a: SPICE GIRL|Milotic, M|100/100
|move|p2a: Tyranitar|Substitute|p2a: Tyranitar
|-start|p2a: Tyranitar|Substitute
|-damage|p2a: Tyranitar|75/100
|
|-weather|Sandstorm|[upkeep]
|-damage|p1a: SPICE GIRL|94/100|[from] Sandstorm
|-heal|p1a: SPICE GIRL|100/100|[from] item: Leftovers
|-heal|p2a: Tyranitar|82/100|[from] item: Leftovers
|upkeep
|turn|35
|
|t:|1731611417
|-singleturn|p2a: Tyranitar|move: Focus Punch
|move|p1a: SPICE GIRL|Surf|p2a: Tyranitar
|-supereffective|p2a: Tyranitar
|-end|p2a: Tyranitar|Substitute
|move|p2a: Tyranitar|Focus Punch|p1a: SPICE GIRL
|-damage|p1a: SPICE GIRL|70/100
|
|-weather|Sandstorm|[upkeep]
|-damage|p1a: SPICE GIRL|64/100|[from] Sandstorm
|-heal|p1a: SPICE GIRL|70/100|[from] item: Leftovers
|-heal|p2a: Tyranitar|88/100|[from] item: Leftovers
|upkeep
|turn|36
|
|t:|1731611426
|switch|p2a: Blissey|Blissey, F|76/100
|move|p1a: SPICE GIRL|Recover|p1a: SPICE GIRL
|-heal|p1a: SPICE GIRL|100/100
|
|-weather|Sandstorm|[upkeep]
|-damage|p1a: SPICE GIRL|94/100|[from] Sandstorm
|-damage|p2a: Blissey|70/100|[from] Sandstorm
|-heal|p1a: SPICE GIRL|100/100|[from] item: Leftovers
|-heal|p2a: Blissey|76/100|[from] item: Leftovers
|upkeep
|turn|37
|
|t:|1731611431
|switch|p1a: LOVE DELUXE|Blissey, F|87/100
|move|p2a: Blissey|Toxic|p1a: LOVE DELUXE
|-status|p1a: LOVE DELUXE|tox
|
|-weather|Sandstorm|[upkeep]
|-damage|p1a: LOVE DELUXE|81/100 tox|[from] Sandstorm
|-damage|p2a: Blissey|70/100|[from] Sandstorm
|-heal|p1a: LOVE DELUXE|87/100 tox|[from] item: Leftovers
|-damage|p1a: LOVE DELUXE|81/100 tox|[from] psn
|-heal|p2a: Blissey|76/100|[from] item: Leftovers
|upkeep
|turn|38
|
|t:|1731611436
|-curestatus|p1a: LOVE DELUXE|tox|[from] ability: Natural Cure
|switch|p1a: SPICE GIRL|Milotic, M|100/100
|switch|p2a: Tyranitar|Tyranitar, F|88/100
|
|-weather|Sandstorm|[upkeep]
|-damage|p1a: SPICE GIRL|94/100|[from] Sandstorm
|-heal|p1a: SPICE GIRL|100/100|[from] item: Leftovers
|-heal|p2a: Tyranitar|94/100|[from] item: Leftovers
|upkeep
|turn|39
|
|t:|1731611439
|switch|p2a: Blissey|Blissey, F|76/100
|move|p1a: SPICE GIRL|Toxic|p2a: Blissey
|-status|p2a: Blissey|tox
|
|-weather|Sandstorm|[upkeep]
|-damage|p1a: SPICE GIRL|94/100|[from] Sandstorm
|-damage|p2a: Blissey|70/100 tox|[from] Sandstorm
|-heal|p1a: SPICE GIRL|100/100|[from] item: Leftovers
|-heal|p2a: Blissey|76/100 tox|[from] item: Leftovers
|-damage|p2a: Blissey|70/100 tox|[from] psn
|upkeep
|turn|40
|
|t:|1731611442
|move|p1a: SPICE GIRL|Surf|p2a: Blissey
|-damage|p2a: Blissey|57/100 tox
|move|p2a: Blissey|Toxic|p1a: SPICE GIRL|[miss]
|-miss|p2a: Blissey|p1a: SPICE GIRL
|
|-weather|Sandstorm|[upkeep]
|-damage|p1a: SPICE GIRL|94/100|[from] Sandstorm
|-damage|p2a: Blissey|51/100 tox|[from] Sandstorm
|-heal|p1a: SPICE GIRL|100/100|[from] item: Leftovers
|-heal|p2a: Blissey|57/100 tox|[from] item: Leftovers
|-damage|p2a: Blissey|45/100 tox|[from] psn
|upkeep
|turn|41
|
|t:|1731611453
|switch|p1a: STAR PLATINUM|Swampert, F|68/100
|move|p2a: Blissey|Soft-Boiled|p2a: Blissey
|-heal|p2a: Blissey|95/100 tox
|
|-weather|Sandstorm|[upkeep]
|-damage|p2a: Blissey|89/100 tox|[from] Sandstorm
|-heal|p1a: STAR PLATINUM|74/100|[from] item: Leftovers
|-heal|p2a: Blissey|95/100 tox|[from] item: Leftovers
|-damage|p2a: Blissey|76/100 tox|[from] psn
|upkeep
|turn|42
|
|t:|1731611466
|-singleturn|p1a: STAR PLATINUM|move: Focus Punch
|-curestatus|p2a: Blissey|tox|[from] ability: Natural Cure
|switch|p2a: Suicune|Suicune|100/100 slp
|move|p1a: STAR PLATINUM|Focus Punch|p2a: Suicune
|-damage|p2a: Suicune|73/100 slp
|
|-weather|Sandstorm|[upkeep]
|-damage|p2a: Suicune|67/100 slp|[from] Sandstorm
|-heal|p2a: Suicune|73/100 slp|[from] item: Leftovers
|-heal|p1a: STAR PLATINUM|80/100|[from] item: Leftovers
|upkeep
|turn|43
|
|t:|1731611472
|switch|p1a: LOVE DELUXE|Blissey, F|81/100
|cant|p2a: Suicune|slp
|
|-weather|Sandstorm|[upkeep]
|-damage|p2a: Suicune|67/100 slp|[from] Sandstorm
|-damage|p1a: LOVE DELUXE|75/100|[from] Sandstorm
|-heal|p2a: Suicune|73/100 slp|[from] item: Leftovers
|-heal|p1a: LOVE DELUXE|81/100|[from] item: Leftovers
|upkeep
|turn|44
|
|t:|1731611494
|cant|p2a: Suicune|slp
|move|p1a: LOVE DELUXE|Calm Mind|p1a: LOVE DELUXE
|-boost|p1a: LOVE DELUXE|spa|1
|-boost|p1a: LOVE DELUXE|spd|1
|
|-weather|Sandstorm|[upkeep]
|-damage|p2a: Suicune|67/100 slp|[from] Sandstorm
|-damage|p1a: LOVE DELUXE|75/100|[from] Sandstorm
|-heal|p2a: Suicune|73/100 slp|[from] item: Leftovers
|-heal|p1a: LOVE DELUXE|81/100|[from] item: Leftovers
|upkeep
|turn|45
|
|t:|1731611497
|switch|p2a: Tyranitar|Tyranitar, F|94/100
|move|p1a: LOVE DELUXE|Thunderbolt|p2a: Tyranitar
|-damage|p2a: Tyranitar|60/100
|-status|p2a: Tyranitar|par
|
|-weather|Sandstorm|[upkeep]
|-damage|p1a: LOVE DELUXE|75/100|[from] Sandstorm
|-heal|p1a: LOVE DELUXE|81/100|[from] item: Leftovers
|-heal|p2a: Tyranitar|67/100 par|[from] item: Leftovers
|upkeep
|turn|46
|
|t:|1731611503
|switch|p2a: Claydol|Claydol|100/100
|move|p1a: LOVE DELUXE|Thunderbolt|p2a: Claydol
|-immune|p2a: Claydol
|
|-weather|Sandstorm|[upkeep]
|-damage|p1a: LOVE DELUXE|75/100|[from] Sandstorm
|-heal|p1a: LOVE DELUXE|81/100|[from] item: Leftovers
|upkeep
|turn|47
|
|t:|1731611508
|switch|p1a: STAR PLATINUM|Swampert, F|80/100
|move|p2a: Claydol|Explosion|p1a: STAR PLATINUM
|-damage|p1a: STAR PLATINUM|7/100
|faint|p2a: Claydol
|
|t:|1731611517
|switch|p2a: Suicune|Suicune|73/100 slp
|
|-weather|Sandstorm|[upkeep]
|-damage|p2a: Suicune|67/100 slp|[from] Sandstorm
|-heal|p2a: Suicune|73/100 slp|[from] item: Leftovers
|-heal|p1a: STAR PLATINUM|13/100|[from] item: Leftovers
|upkeep
|turn|48
|
|t:|1731611521
|switch|p1a: LOVE DELUXE|Blissey, F|81/100
|-curestatus|p2a: Suicune|slp|[msg]
|move|p2a: Suicune|Surf|p1a: LOVE DELUXE
|-damage|p1a: LOVE DELUXE|64/100
|
|-weather|Sandstorm|[upkeep]
|-damage|p2a: Suicune|67/100|[from] Sandstorm
|-damage|p1a: LOVE DELUXE|58/100|[from] Sandstorm
|-heal|p2a: Suicune|73/100|[from] item: Leftovers
|-heal|p1a: LOVE DELUXE|64/100|[from] item: Leftovers
|upkeep
|turn|49
|
|t:|1731611526
|switch|p2a: Blissey|Blissey, F|76/100
|move|p1a: LOVE DELUXE|Calm Mind|p1a: LOVE DELUXE
|-boost|p1a: LOVE DELUXE|spa|1
|-boost|p1a: LOVE DELUXE|spd|1
|
|-weather|Sandstorm|[upkeep]
|-damage|p1a: LOVE DELUXE|58/100|[from] Sandstorm
|-damage|p2a: Blissey|70/100|[from] Sandstorm
|-heal|p1a: LOVE DELUXE|64/100|[from] item: Leftovers
|-heal|p2a: Blissey|76/100|[from] item: Leftovers
|upkeep
|turn|50
|
|t:|1731611529
|move|p1a: LOVE DELUXE|Soft-Boiled|p1a: LOVE DELUXE
|-heal|p1a: LOVE DELUXE|100/100
|move|p2a: Blissey|Toxic|p1a: LOVE DELUXE
|-status|p1a: LOVE DELUXE|tox
|
|-weather|Sandstorm|[upkeep]
|-damage|p1a: LOVE DELUXE|94/100 tox|[from] Sandstorm
|-damage|p2a: Blissey|70/100|[from] Sandstorm
|-heal|p1a: LOVE DELUXE|100/100 tox|[from] item: Leftovers
|-damage|p1a: LOVE DELUXE|94/100 tox|[from] psn
|-heal|p2a: Blissey|76/100|[from] item: Leftovers
|upkeep
|turn|51
|
|t:|1731611535
|-curestatus|p1a: LOVE DELUXE|tox|[from] ability: Natural Cure
|switch|p1a: SPICE GIRL|Milotic, M|100/100
|move|p2a: Blissey|Seismic Toss|p1a: SPICE GIRL
|-damage|p1a: SPICE GIRL|75/100
|
|-weather|Sandstorm|[upkeep]
|-damage|p1a: SPICE GIRL|69/100|[from] Sandstorm
|-damage|p2a: Blissey|70/100|[from] Sandstorm
|-heal|p1a: SPICE GIRL|75/100|[from] item: Leftovers
|-heal|p2a: Blissey|76/100|[from] item: Leftovers
|upkeep
|turn|52
|
|t:|1731611539
|move|p1a: SPICE GIRL|Toxic|p2a: Blissey
|-status|p2a: Blissey|tox
|move|p2a: Blissey|Toxic|p1a: SPICE GIRL|[miss]
|-miss|p2a: Blissey|p1a: SPICE GIRL
|
|-weather|Sandstorm|[upkeep]
|-damage|p1a: SPICE GIRL|69/100|[from] Sandstorm
|-damage|p2a: Blissey|70/100 tox|[from] Sandstorm
|-heal|p1a: SPICE GIRL|75/100|[from] item: Leftovers
|-heal|p2a: Blissey|76/100 tox|[from] item: Leftovers
|-damage|p2a: Blissey|70/100 tox|[from] psn
|upkeep
|turn|53
|c|+shitrock enjoyer|G3?
|
|t:|1731611543
|move|p1a: SPICE GIRL|Surf|p2a: Blissey
|-damage|p2a: Blissey|57/100 tox
|move|p2a: Blissey|Soft-Boiled|p2a: Blissey
|-heal|p2a: Blissey|100/100 tox
|
|-weather|Sandstorm|[upkeep]
|-damage|p1a: SPICE GIRL|69/100|[from] Sandstorm
|-damage|p2a: Blissey|94/100 tox|[from] Sandstorm
|-heal|p1a: SPICE GIRL|75/100|[from] item: Leftovers
|-heal|p2a: Blissey|100/100 tox|[from] item: Leftovers
|-damage|p2a: Blissey|88/100 tox|[from] psn
|upkeep
|turn|54
|c|☆3 blades|g2
|c|☆3 blades|1-0
|inactive|Churielix has 270 seconds left.
|
|t:|1731611589
|switch|p1a: LOVE DELUXE|Blissey, F|94/100
|move|p2a: Blissey|Toxic|p1a: LOVE DELUXE
|-status|p1a: LOVE DELUXE|tox
|
|-weather|Sandstorm|[upkeep]
|-damage|p1a: LOVE DELUXE|88/100 tox|[from] Sandstorm
|-damage|p2a: Blissey|82/100 tox|[from] Sandstorm
|-heal|p1a: LOVE DELUXE|94/100 tox|[from] item: Leftovers
|-damage|p1a: LOVE DELUXE|88/100 tox|[from] psn
|-heal|p2a: Blissey|88/100 tox|[from] item: Leftovers
|-damage|p2a: Blissey|70/100 tox|[from] psn
|upkeep
|turn|55
|
|t:|1731611593
|-curestatus|p1a: LOVE DELUXE|tox|[from] ability: Natural Cure
|switch|p1a: SPICE GIRL|Milotic, M|75/100
|-curestatus|p2a: Blissey|tox|[from] ability: Natural Cure
|switch|p2a: Suicune|Suicune|73/100
|
|-weather|Sandstorm|[upkeep]
|-damage|p2a: Suicune|67/100|[from] Sandstorm
|-damage|p1a: SPICE GIRL|69/100|[from] Sandstorm
|-heal|p2a: Suicune|73/100|[from] item: Leftovers
|-heal|p1a: SPICE GIRL|75/100|[from] item: Leftovers
|upkeep
|turn|56
|
|t:|1731611597
|switch|p1a: LOVE DELUXE|Blissey, F|88/100
|move|p2a: Suicune|Calm Mind|p2a: Suicune
|-boost|p2a: Suicune|spa|1
|-boost|p2a: Suicune|spd|1
|
|-weather|Sandstorm|[upkeep]
|-damage|p2a: Suicune|67/100|[from] Sandstorm
|-damage|p1a: LOVE DELUXE|82/100|[from] Sandstorm
|-heal|p2a: Suicune|73/100|[from] item: Leftovers
|-heal|p1a: LOVE DELUXE|88/100|[from] item: Leftovers
|upkeep
|turn|57
|
|t:|1731611599
|switch|p2a: Tyranitar|Tyranitar, F|67/100 par
|move|p1a: LOVE DELUXE|Calm Mind|p1a: LOVE DELUXE
|-boost|p1a: LOVE DELUXE|spa|1
|-boost|p1a: LOVE DELUXE|spd|1
|
|-weather|Sandstorm|[upkeep]
|-damage|p1a: LOVE DELUXE|82/100|[from] Sandstorm
|-heal|p1a: LOVE DELUXE|88/100|[from] item: Leftovers
|-heal|p2a: Tyranitar|73/100 par|[from] item: Leftovers
|upkeep
|turn|58
|
|t:|1731611605
|switch|p2a: Blissey|Blissey, F|70/100
|move|p1a: LOVE DELUXE|Thunderbolt|p2a: Blissey
|-damage|p2a: Blissey|54/100
|
|-weather|Sandstorm|[upkeep]
|-damage|p1a: LOVE DELUXE|82/100|[from] Sandstorm
|-damage|p2a: Blissey|48/100|[from] Sandstorm
|-heal|p1a: LOVE DELUXE|88/100|[from] item: Leftovers
|-heal|p2a: Blissey|54/100|[from] item: Leftovers
|upkeep
|turn|59
|
|t:|1731611613
|switch|p1a: STAR PLATINUM|Swampert, F|13/100
|move|p2a: Blissey|Soft-Boiled|p2a: Blissey
|-heal|p2a: Blissey|100/100
|
|-weather|Sandstorm|[upkeep]
|-damage|p2a: Blissey|94/100|[from] Sandstorm
|-heal|p1a: STAR PLATINUM|19/100|[from] item: Leftovers
|-heal|p2a: Blissey|100/100|[from] item: Leftovers
|upkeep
|turn|60
|
|t:|1731611618
|move|p1a: STAR PLATINUM|Protect|p1a: STAR PLATINUM
|-singleturn|p1a: STAR PLATINUM|Protect
|move|p2a: Blissey|Seismic Toss|p1a: STAR PLATINUM
|-activate|p1a: STAR PLATINUM|Protect
|
|-weather|Sandstorm|[upkeep]
|-damage|p2a: Blissey|94/100|[from] Sandstorm
|-heal|p1a: STAR PLATINUM|26/100|[from] item: Leftovers
|-heal|p2a: Blissey|100/100|[from] item: Leftovers
|upkeep
|turn|61
|
|t:|1731611620
|switch|p1a: SPICE GIRL|Milotic, M|75/100
|move|p2a: Blissey|Seismic Toss|p1a: SPICE GIRL
|-damage|p1a: SPICE GIRL|50/100
|
|-weather|Sandstorm|[upkeep]
|-damage|p1a: SPICE GIRL|44/100|[from] Sandstorm
|-damage|p2a: Blissey|94/100|[from] Sandstorm
|-heal|p1a: SPICE GIRL|50/100|[from] item: Leftovers
|-heal|p2a: Blissey|100/100|[from] item: Leftovers
|upkeep
|turn|62
|
|t:|1731611624
|move|p1a: SPICE GIRL|Recover|p1a: SPICE GIRL
|-heal|p1a: SPICE GIRL|99/100
|move|p2a: Blissey|Toxic|p1a: SPICE GIRL
|-status|p1a: SPICE GIRL|tox
|
|-weather|Sandstorm|[upkeep]
|-damage|p1a: SPICE GIRL|94/100 tox|[from] Sandstorm
|-damage|p2a: Blissey|94/100|[from] Sandstorm
|-heal|p1a: SPICE GIRL|99/100 tox|[from] item: Leftovers
|-damage|p1a: SPICE GIRL|94/100 tox|[from] psn
|-heal|p2a: Blissey|100/100|[from] item: Leftovers
|upkeep
|turn|63
|
|t:|1731611629
|move|p1a: SPICE GIRL|Refresh|p1a: SPICE GIRL
|-curestatus|p1a: SPICE GIRL|tox|[msg]
|move|p2a: Blissey|Seismic Toss|p1a: SPICE GIRL
|-damage|p1a: SPICE GIRL|68/100
|
|-weather|Sandstorm|[upkeep]
|-damage|p1a: SPICE GIRL|62/100|[from] Sandstorm
|-damage|p2a: Blissey|94/100|[from] Sandstorm
|-heal|p1a: SPICE GIRL|68/100|[from] item: Leftovers
|-heal|p2a: Blissey|100/100|[from] item: Leftovers
|upkeep
|turn|64
|
|t:|1731611647
|move|p1a: SPICE GIRL|Recover|p1a: SPICE GIRL
|-heal|p1a: SPICE GIRL|100/100
|move|p2a: Blissey|Seismic Toss|p1a: SPICE GIRL
|-damage|p1a: SPICE GIRL|75/100
|
|-weather|Sandstorm|[upkeep]
|-damage|p1a: SPICE GIRL|69/100|[from] Sandstorm
|-damage|p2a: Blissey|94/100|[from] Sandstorm
|-heal|p1a: SPICE GIRL|75/100|[from] item: Leftovers
|-heal|p2a: Blissey|100/100|[from] item: Leftovers
|upkeep
|turn|65
|c|☆Churielix|dug gaming never works, sheik
|c|☆Churielix|ggs
|c|☆3 blades|ggs
|c|☆Churielix|/log Churielix made the replay of this battle unlisted.
|-message|Churielix forfeited.
|
|win|3 blades

</script>
<script type="application/json" class="data" id="replaydata-smogtours-gen3ou-806250">
{"id":"smogtours-gen3ou-806250","format":"[Gen 3] OU","players":["3 blades","Churielix"],"uploadtime":1731611671,"views":6,"formatid":"gen3ou","rating":null,"private":1,"password":null}
</script>

<script defer src="js/replays.js?9d40a366"></script>
