<!DOCTYPE html>
<meta charset="utf-8" />
<meta name="viewport" content="width=device-width" />

<title>[Gen 3] OU: Rambode vs. Dimiswooner - Replays - Pok&eacute;mon Showdown!</title>

<meta name="description" content="Watch a replay of a Pok&eacute;mon battle between Rambode and Dimiswooner! Format: [Gen 3] OU; Date: Oct 15, 2024" />
<!--

Hey, you! Looking in the source for the replay log?

You can find them in JSON format, just add `.json` at the end of a replay URL.

https://replay.pokemonshowdown.com/gen7randomdoublesbattle-865046831.json

Or, if you only need the log itself, add `.log` instead:

https://replay.pokemonshowdown.com/gen7randomdoublesbattle-865046831.log

-->

<link rel="stylesheet" href="//pokemonshowdown.com/style/global.css?0.023195364461161105" />
<link rel="stylesheet" href="//play.pokemonshowdown.com/style/font-awesome.css?0.13261647063804238" />
<link rel="stylesheet" href="//play.pokemonshowdown.com/style/battle.css?0.8753245789963631" />
<link rel="stylesheet" href="//play.pokemonshowdown.com/style/utilichart.css?0.8627959624976733" />

<!-- Global site tag (gtag.js) - Google Analytics -->
<script async src="https://www.googletagmanager.com/gtag/js?id=UA-26211653-1"></script>
<script>
  window.dataLayer = window.dataLayer || [];
  function gtag(){dataLayer.push(arguments);}
  gtag('js', new Date());

  gtag('config', 'UA-26211653-1');
</script>
<!-- End Google Analytics -->
<!-- Venatus Ad Manager - Install in <HEAD> of page -->
	<script src="https://hb.vntsm.com/v3/live/ad-manager.min.js" type="text/javascript" data-site-id="642aba63ec9a7b11c3c9c1be" data-mode="scan" async></script>
<!-- / Venatus Ad Manager -->

<style>
	@media (max-width:820px) {
		.battle {
			margin: 0 auto;
		}
		.battle-log {
			margin: 7px auto 0;
			max-width: 640px;
			height: 300px;
			position: static;
		}
	}
	.optgroup {
		display: inline-block;
		line-height: 22px;
		font-size: 10pt;
	}
	.optgroup .button {
		height: 25px;
		padding-top: 0;
		padding-bottom: 0;
	}
	.optgroup button.button {
		padding-left: 12px;
		padding-right: 12px;
	}
	.linklist {
		list-style: none;
		margin: 0.5em 0;
		padding: 0;
	}
	.linklist li {
		padding: 2px 0;
	}
	.sidebar {
		float: left;
		width: 320px;
	}
	.bar-wrapper {
		max-width: 1100px;
		margin: 0 auto;
	}
	.bar-wrapper.has-sidebar {
		max-width: 1430px;
	}
	.mainbar {
		margin: 0;
		padding-right: 1px;
	}
	.mainbar.has-sidebar {
		margin-left: 330px;
	}
	@media (min-width: 1511px) {
		.sidebar {
			width: 400px;
		}
		.bar-wrapper.has-sidebar {
			max-width: 1510px;
		}
		.mainbar.has-sidebar {
			margin-left: 410px;
		}
	}
	.section.first-section {
		margin-top: 9px;
	}
	.blocklink small {
		white-space: normal;
	}
	.button {
		vertical-align: middle;
	}
	.replay-controls {
		padding-top: 10px;
	}
	.replay-controls h1 {
		font-size: 16pt;
		font-weight: normal;
		color: #CCC;
	}
	.pagelink {
		text-align: center;
	}
	.pagelink a {
		width: 150px;
	}
	.textbox, .button {
		font-size: 11pt;
		vertical-align: middle;
	}
	@media (max-width: 450px) {
		.button {
			font-size: 9pt;
		}
	}
</style>

<div>

	<header>
		<div class="nav-wrapper"><ul class="nav">
			<li><a class="button nav-first" href="//pokemonshowdown.com/"><img src="//pokemonshowdown.com/images/pokemonshowdownbeta.png" srcset="//pokemonshowdown.com/images/pokemonshowdownbeta.png 1x, //pokemonshowdown.com/images/pokemonshowdownbeta@2x.png 2x" alt="Pok&eacute;mon Showdown" width="146" height="44" /> Home</a></li>
			<li><a class="button" href="//pokemonshowdown.com/dex/">Pok&eacute;dex</a></li>
			<li><a class="button cur" href="/">Replays</a></li>
			<li><a class="button" href="//pokemonshowdown.com/ladder/">Ladder</a></li>
			<li><a class="button nav-last" href="//pokemonshowdown.com/forums/">Forum</a></li>
			<li><a class="button greenbutton nav-first nav-last" href="//play.pokemonshowdown.com/">Play</a></li>
		</ul></div>
	</header>

	<div class="main" id="main">

		<noscript><section class="section">You need to enable JavaScript to use this page; sorry!</section></noscript>

	</div>

</div>

<script defer nomodule src="//play.pokemonshowdown.com/js/lib/ps-polyfill.js"></script>
<script defer src="//play.pokemonshowdown.com/js/lib/preact.min.js"></script>

<script defer src="//play.pokemonshowdown.com/config/config.js?2bddbc15"></script>
<script defer src="//play.pokemonshowdown.com/js/lib/jquery-1.11.0.min.js"></script>
<script defer src="//play.pokemonshowdown.com/js/lib/html-sanitizer-minified.js"></script>
<script defer src="//play.pokemonshowdown.com/js/battle-sound.js"></script>
<script defer src="//play.pokemonshowdown.com/js/battledata.js?0.7209276989879541"></script>
<script defer src="//play.pokemonshowdown.com/data/pokedex-mini.js?0.6111056340867951"></script>
<script defer src="//play.pokemonshowdown.com/data/pokedex-mini-bw.js?0.3532142036491459"></script>
<script defer src="//play.pokemonshowdown.com/data/graphics.js?0.24223875632456182"></script>
<script defer src="//play.pokemonshowdown.com/data/pokedex.js?0.38839984266356864"></script>
<script defer src="//play.pokemonshowdown.com/data/moves.js?0.21866028504024015"></script>
<script defer src="//play.pokemonshowdown.com/data/abilities.js?0.2005157953846628"></script>
<script defer src="//play.pokemonshowdown.com/data/items.js?0.9894211263848525"></script>
<script defer src="//play.pokemonshowdown.com/data/teambuilder-tables.js?0.6008791140282215"></script>
<script defer src="//play.pokemonshowdown.com/js/battle-tooltips.js?0.7580118955022959"></script>
<script defer src="//play.pokemonshowdown.com/js/battle.js?0.6057722274234274"></script>

<script defer src="js/utils.js?e31f9a17"></script>
<script defer src="js/replays-battle.js?7008c182"></script>

<!-- don't scrape this data! just add .json or .log after the URL!
Full API docs: https://github.com/smogon/pokemon-showdown-client/blob/master/WEB-API.md -->
<script type="text/plain" class="log" id="replaylog-smogtours-gen3ou-798919">
|inactive|Battle timer is ON: inactive players will automatically lose when time's up.
|t:|1729012378
|gametype|singles
|player|p1|Rambode|volkner|
|player|p2|Dimiswooner|ghetsis-gen5bw|
|teamsize|p1|6
|teamsize|p2|6
|gen|3
|tier|[Gen 3] OU
|rule|Sleep Clause Mod: Limit one foe put to sleep
|rule|Switch Priority Clause Mod: Faster Pokémon switch first
|rule|Species Clause: Limit one of each Pokémon
|rule|OHKO Clause: OHKO moves are banned
|rule|Evasion Items Clause: Evasion items are banned
|rule|Evasion Moves Clause: Evasion moves are banned
|rule|Endless Battle Clause: Forcing endless battles is banned
|rule|HP Percentage Mod: HP is shown in percentages
|rule|One Boost Passer Clause: Limit one Baton Passer that has a way to boost its stats
|rule|Freeze Clause Mod: Limit one foe frozen
|
|t:|1729012378
|start
|switch|p1a: Metagross|Metagross|100/100
|switch|p2a: Hariyama|Hariyama, F|100/100
|turn|1
|c|☆Rambode|gl hf
|inactive|Rambode has 270 seconds left.
|inactive|Dimiswooner has 270 seconds left.
|c|☆Dimiswooner|u too!
|
|t:|1729012426
|move|p1a: Metagross|Meteor Mash|p2a: Hariyama
|-damage|p2a: Hariyama|39/100
|move|p2a: Hariyama|Knock Off|p1a: Metagross
|-damage|p1a: Metagross|98/100
|-enditem|p1a: Metagross|Leftovers|[from] move: Knock Off|[of] p2a: Hariyama
|-hint|In Gens 3-4, Knock Off only makes the target's item unusable; it cannot obtain a new item.
|
|-heal|p2a: Hariyama|45/100|[from] item: Leftovers
|upkeep
|turn|2
|inactive|Dimiswooner has 270 seconds left.
|inactive|Dimiswooner has 240 seconds left.
|
|t:|1729012500
|switch|p2a: Starmie|Starmie|100/100
|move|p1a: Metagross|Meteor Mash|p2a: Starmie
|-resisted|p2a: Starmie
|-damage|p2a: Starmie|74/100
|
|-heal|p2a: Starmie|80/100|[from] item: Leftovers
|upkeep
|turn|3
|inactive|Rambode has 270 seconds left.
|inactive|Rambode has 240 seconds left.
|inactive|Rambode has 210 seconds left.
|
|t:|1729012591
|switch|p1a: Magneton|Magneton|100/100
|move|p2a: Starmie|Thunder Wave|p1a: Magneton
|-status|p1a: Magneton|par
|
|-heal|p2a: Starmie|86/100|[from] item: Leftovers
|upkeep
|turn|4
|inactive|Dimiswooner has 240 seconds left.
|
|t:|1729012610
|switch|p2a: Rhydon|Rhydon, M|100/100
|move|p1a: Magneton|Thunderbolt|p2a: Rhydon
|-immune|p2a: Rhydon
|
|upkeep
|turn|5
|c|☆Rambode|whoa
|inactive|Rambode has 210 seconds left.
|
|t:|1729012631
|switch|p1a: Salamence|Salamence, F|100/100
|-ability|p1a: Salamence|Intimidate|boost
|-unboost|p2a: Rhydon|atk|1
|move|p2a: Rhydon|Substitute|p2a: Rhydon
|-start|p2a: Rhydon|Substitute
|-damage|p2a: Rhydon|76/100
|
|-heal|p2a: Rhydon|82/100|[from] item: Leftovers
|upkeep
|turn|6
|inactive|Rambode has 210 seconds left.
|
|t:|1729012639
|move|p1a: Salamence|Hidden Power|p2a: Rhydon
|-supereffective|p2a: Rhydon
|-end|p2a: Rhydon|Substitute
|move|p2a: Rhydon|Rock Slide|p1a: Salamence
|-supereffective|p1a: Salamence
|-damage|p1a: Salamence|27/100
|
|-heal|p2a: Rhydon|88/100|[from] item: Leftovers
|upkeep
|turn|7
|inactive|Rambode has 210 seconds left.
|inactive|Dimiswooner has 240 seconds left.
|inactive|Dimiswooner has 210 seconds left.
|
|t:|1729012708
|switch|p2a: Celebi|Celebi|100/100
|move|p1a: Salamence|Hidden Power|p2a: Celebi
|-resisted|p2a: Celebi
|-damage|p2a: Celebi|93/100
|
|-heal|p2a: Celebi|99/100|[from] item: Leftovers
|upkeep
|turn|8
|
|t:|1729012718
|switch|p1a: Snorlax|Snorlax, M|100/100
|move|p2a: Celebi|Psychic|p1a: Snorlax
|-damage|p1a: Snorlax|80/100
|
|-heal|p2a: Celebi|100/100|[from] item: Leftovers
|-heal|p1a: Snorlax|86/100|[from] item: Leftovers
|upkeep
|turn|9
|inactive|Rambode has 210 seconds left.
|
|t:|1729012740
|switch|p2a: Weezing|Weezing, F|100/100
|move|p1a: Snorlax|Return|p2a: Weezing
|-damage|p2a: Weezing|70/100
|
|-heal|p2a: Weezing|76/100|[from] item: Leftovers
|-heal|p1a: Snorlax|92/100|[from] item: Leftovers
|upkeep
|turn|10
|inactive|Rambode has 210 seconds left.
|
|t:|1729012766
|switch|p1a: Magneton|Magneton|100/100 par
|move|p2a: Weezing|Will-O-Wisp||[still]
|-fail|p2a: Weezing
|
|-heal|p2a: Weezing|82/100|[from] item: Leftovers
|upkeep
|turn|11
|
|t:|1729012781
|switch|p2a: Rhydon|Rhydon, M|88/100
|cant|p1a: Magneton|par
|
|-heal|p2a: Rhydon|94/100|[from] item: Leftovers
|upkeep
|turn|12
|
|t:|1729012788
|switch|p1a: Salamence|Salamence, F|27/100
|-ability|p1a: Salamence|Intimidate|boost
|-unboost|p2a: Rhydon|atk|1
|move|p2a: Rhydon|Substitute|p2a: Rhydon
|-start|p2a: Rhydon|Substitute
|-damage|p2a: Rhydon|69/100
|
|-heal|p2a: Rhydon|75/100|[from] item: Leftovers
|upkeep
|turn|13
|
|t:|1729012792
|move|p1a: Salamence|Hidden Power|p2a: Rhydon
|-supereffective|p2a: Rhydon
|-end|p2a: Rhydon|Substitute
|move|p2a: Rhydon|Rock Slide|p1a: Salamence
|-supereffective|p1a: Salamence
|-damage|p1a: Salamence|0 fnt
|faint|p1a: Salamence
|
|t:|1729012796
|switch|p1a: Suicune|Suicune|100/100
|
|-heal|p2a: Rhydon|81/100|[from] item: Leftovers
|upkeep
|turn|14
|
|t:|1729012808
|switch|p2a: Celebi|Celebi|100/100
|move|p1a: Suicune|Ice Beam|p2a: Celebi
|-supereffective|p2a: Celebi
|-damage|p2a: Celebi|50/100
|
|-heal|p2a: Celebi|56/100|[from] item: Leftovers
|upkeep
|turn|15
|inactive|Rambode has 210 seconds left.
|
|t:|1729012833
|move|p2a: Celebi|Leech Seed|p1a: Suicune
|-start|p1a: Suicune|move: Leech Seed
|move|p1a: Suicune|Ice Beam|p2a: Celebi
|-supereffective|p2a: Celebi
|-damage|p2a: Celebi|5/100
|
|-heal|p2a: Celebi|11/100|[from] item: Leftovers
|-damage|p1a: Suicune|88/100|[from] Leech Seed|[of] p2a: Celebi
|-heal|p2a: Celebi|22/100|[silent]
|upkeep
|turn|16
|
|t:|1729012846
|switch|p2a: Jirachi|Jirachi|100/100
|switch|p1a: Snorlax|Snorlax, M|92/100
|
|-heal|p1a: Snorlax|98/100|[from] item: Leftovers
|upkeep
|turn|17
|inactive|Dimiswooner has 210 seconds left.
|
|t:|1729012873
|move|p2a: Jirachi|Wish|p2a: Jirachi
|move|p1a: Snorlax|Earthquake|p2a: Jirachi
|-supereffective|p2a: Jirachi
|-damage|p2a: Jirachi|55/100
|
|-heal|p2a: Jirachi|61/100|[from] item: Leftovers
|-heal|p1a: Snorlax|100/100|[from] item: Leftovers
|upkeep
|turn|18
|inactive|Dimiswooner has 210 seconds left.
|
|t:|1729012885
|move|p2a: Jirachi|Body Slam|p1a: Snorlax
|-damage|p1a: Snorlax|83/100
|-status|p1a: Snorlax|par
|move|p1a: Snorlax|Return|p2a: Jirachi
|-resisted|p2a: Jirachi
|-damage|p2a: Jirachi|43/100
|
|-heal|p2a: Jirachi|93/100|[from] move: Wish|[wisher] Jirachi
|-heal|p2a: Jirachi|99/100|[from] item: Leftovers
|-heal|p1a: Snorlax|89/100 par|[from] item: Leftovers
|upkeep
|turn|19
|inactive|Dimiswooner has 210 seconds left.
|
|t:|1729012896
|switch|p1a: Magneton|Magneton|100/100 par
|move|p2a: Jirachi|Wish|p2a: Jirachi
|
|-heal|p2a: Jirachi|100/100|[from] item: Leftovers
|upkeep
|turn|20
|
|t:|1729012899
|move|p2a: Jirachi|Fire Punch|p1a: Magneton
|-supereffective|p1a: Magneton
|-damage|p1a: Magneton|39/100 par
|move|p1a: Magneton|Thunder Wave|p2a: Jirachi
|-status|p2a: Jirachi|par
|
|upkeep
|turn|21
|inactive|Rambode has 240 seconds left.
|
|t:|1729012913
|cant|p1a: Magneton|par
|move|p2a: Jirachi|Fire Punch|p1a: Magneton
|-supereffective|p1a: Magneton
|-damage|p1a: Magneton|0 fnt
|faint|p1a: Magneton
|
|t:|1729012918
|switch|p1a: Snorlax|Snorlax, M|89/100 par
|
|-heal|p1a: Snorlax|95/100 par|[from] item: Leftovers
|upkeep
|turn|22
|inactive|Dimiswooner has 210 seconds left.
|
|t:|1729012944
|move|p2a: Jirachi|Wish|p2a: Jirachi
|move|p1a: Snorlax|Earthquake|p2a: Jirachi
|-supereffective|p2a: Jirachi
|-damage|p2a: Jirachi|53/100 par
|
|-heal|p2a: Jirachi|59/100 par|[from] item: Leftovers
|-heal|p1a: Snorlax|100/100 par|[from] item: Leftovers
|upkeep
|turn|23
|c|+Aplaguedoc|gl rambode
|inactive|Dimiswooner has 210 seconds left.
|inactive|Rambode has 240 seconds left.
|inactive|Dimiswooner has 180 seconds left.
|
|t:|1729012994
|switch|p2a: Hariyama|Hariyama, F|45/100
|cant|p1a: Snorlax|par
|
|-heal|p2a: Hariyama|95/100|[from] move: Wish|[wisher] Jirachi
|-heal|p2a: Hariyama|100/100|[from] item: Leftovers
|upkeep
|turn|24
|inactive|Rambode has 240 seconds left.
|inactive|Dimiswooner has 180 seconds left.
|
|t:|1729013006
|-singleturn|p2a: Hariyama|move: Focus Punch
|switch|p1a: Metagross|Metagross|98/100
|move|p2a: Hariyama|Focus Punch|p1a: Metagross
|-damage|p1a: Metagross|31/100
|
|upkeep
|turn|25
|inactive|Rambode has 240 seconds left.
|inactive|Dimiswooner has 180 seconds left.
|
|t:|1729013024
|move|p1a: Metagross|Meteor Mash|p2a: Hariyama
|-damage|p2a: Hariyama|40/100
|move|p2a: Hariyama|Brick Break|p1a: Metagross
|-damage|p1a: Metagross|0 fnt
|faint|p1a: Metagross
|inactive|Rambode has 240 seconds left.
|inactive|Rambode has 210 seconds left.
|inactive|Rambode has 180 seconds left.
|
|t:|1729013115
|switch|p1a: Heracross|Heracross, M|100/100
|
|-heal|p2a: Hariyama|46/100|[from] item: Leftovers
|upkeep
|turn|26
|inactive|Dimiswooner has 180 seconds left.
|
|t:|1729013128
|switch|p2a: Weezing|Weezing, F|82/100
|move|p1a: Heracross|Swords Dance|p1a: Heracross
|-boost|p1a: Heracross|atk|2
|
|-heal|p2a: Weezing|88/100|[from] item: Leftovers
|upkeep
|turn|27
|inactive|Dimiswooner has 180 seconds left.
|
|t:|1729013150
|switch|p1a: Snorlax|Snorlax, M|100/100 par
|move|p2a: Weezing|Haze|p2a: Weezing
|-clearallboost
|
|-heal|p2a: Weezing|94/100|[from] item: Leftovers
|upkeep
|turn|28
|
|t:|1729013165
|move|p2a: Weezing|Sludge Bomb|p1a: Snorlax
|-damage|p1a: Snorlax|76/100 par
|move|p1a: Snorlax|Self-Destruct|p2a: Weezing
|-damage|p2a: Weezing|0 fnt
|faint|p1a: Snorlax
|faint|p2a: Weezing
|
|t:|1729013191
|switch|p2a: Starmie|Starmie|86/100
|switch|p1a: Heracross|Heracross, M|100/100
|
|-heal|p2a: Starmie|92/100|[from] item: Leftovers
|upkeep
|turn|29
|
|t:|1729013199
|move|p2a: Starmie|Thunder Wave|p1a: Heracross
|-status|p1a: Heracross|par
|move|p1a: Heracross|Megahorn|p2a: Starmie|[miss]
|-miss|p1a: Heracross|p2a: Starmie
|
|-heal|p2a: Starmie|98/100|[from] item: Leftovers
|upkeep
|turn|30
|
|t:|1729013211
|move|p2a: Starmie|Surf|p1a: Heracross
|-damage|p1a: Heracross|61/100 par
|move|p1a: Heracross|Megahorn|p2a: Starmie|[miss]
|-miss|p1a: Heracross|p2a: Starmie
|
|-heal|p2a: Starmie|100/100|[from] item: Leftovers
|-heal|p1a: Heracross|67/100 par|[from] item: Leftovers
|upkeep
|turn|31
|
|t:|1729013218
|move|p2a: Starmie|Surf|p1a: Heracross
|-crit|p1a: Heracross
|-damage|p1a: Heracross|0 fnt
|faint|p1a: Heracross
|
|t:|1729013226
|switch|p1a: Suicune|Suicune|88/100
|
|-heal|p1a: Suicune|94/100|[from] item: Leftovers
|upkeep
|turn|32
|
|t:|1729013228
|move|p2a: Starmie|Thunder Wave|p1a: Suicune
|-status|p1a: Suicune|par
|move|p1a: Suicune|Calm Mind|p1a: Suicune
|-boost|p1a: Suicune|spa|1
|-boost|p1a: Suicune|spd|1
|
|-heal|p1a: Suicune|99/100 par|[from] item: Leftovers
|upkeep
|turn|33
|inactive|Dimiswooner has 180 seconds left.
|
|t:|1729013250
|switch|p2a: Celebi|Celebi|22/100
|cant|p1a: Suicune|par
|
|-heal|p2a: Celebi|28/100|[from] item: Leftovers
|-heal|p1a: Suicune|100/100 par|[from] item: Leftovers
|upkeep
|turn|34
|
|t:|1729013261
|move|p2a: Celebi|Leech Seed|p1a: Suicune|[miss]
|-miss|p2a: Celebi|p1a: Suicune
|move|p1a: Suicune|Ice Beam|p2a: Celebi
|-supereffective|p2a: Celebi
|-damage|p2a: Celebi|0 fnt
|faint|p2a: Celebi
|
|t:|1729013270
|switch|p2a: Rhydon|Rhydon, M|81/100
|
|-heal|p2a: Rhydon|87/100|[from] item: Leftovers
|upkeep
|turn|35
|
|t:|1729013273
|move|p2a: Rhydon|Substitute|p2a: Rhydon
|-start|p2a: Rhydon|Substitute
|-damage|p2a: Rhydon|62/100
|move|p1a: Suicune|Ice Beam|p2a: Rhydon
|-supereffective|p2a: Rhydon
|-end|p2a: Rhydon|Substitute
|
|-heal|p2a: Rhydon|68/100|[from] item: Leftovers
|upkeep
|turn|36
|
|t:|1729013276
|move|p2a: Rhydon|Substitute|p2a: Rhydon
|-start|p2a: Rhydon|Substitute
|-damage|p2a: Rhydon|43/100
|move|p1a: Suicune|Ice Beam|p2a: Rhydon
|-supereffective|p2a: Rhydon
|-end|p2a: Rhydon|Substitute
|
|-heal|p2a: Rhydon|50/100|[from] item: Leftovers
|upkeep
|turn|37
|
|t:|1729013279
|move|p2a: Rhydon|Substitute|p2a: Rhydon
|-start|p2a: Rhydon|Substitute
|-damage|p2a: Rhydon|25/100
|move|p1a: Suicune|Ice Beam|p2a: Rhydon
|-supereffective|p2a: Rhydon
|-end|p2a: Rhydon|Substitute
|
|-heal|p2a: Rhydon|31/100|[from] item: Leftovers
|upkeep
|turn|38
|
|t:|1729013284
|move|p2a: Rhydon|Substitute|p2a: Rhydon
|-start|p2a: Rhydon|Substitute
|-damage|p2a: Rhydon|6/100
|move|p1a: Suicune|Ice Beam|p2a: Rhydon
|-supereffective|p2a: Rhydon
|-end|p2a: Rhydon|Substitute
|
|-heal|p2a: Rhydon|12/100|[from] item: Leftovers
|upkeep
|turn|39
|
|t:|1729013292
|move|p2a: Rhydon|Earthquake|p1a: Suicune
|-damage|p1a: Suicune|51/100 par
|move|p1a: Suicune|Ice Beam|p2a: Rhydon
|-supereffective|p2a: Rhydon
|-damage|p2a: Rhydon|0 fnt
|faint|p2a: Rhydon
|inactive|Dimiswooner has 210 seconds left.
|
|t:|1729013314
|switch|p2a: Hariyama|Hariyama, F|46/100
|
|-heal|p2a: Hariyama|52/100|[from] item: Leftovers
|-heal|p1a: Suicune|57/100 par|[from] item: Leftovers
|upkeep
|turn|40
|
|t:|1729013317
|move|p2a: Hariyama|Brick Break|p1a: Suicune
|-damage|p1a: Suicune|21/100 par
|move|p1a: Suicune|Hydro Pump|p2a: Hariyama
|-damage|p2a: Hariyama|0 fnt
|faint|p2a: Hariyama
|
|t:|1729013331
|switch|p2a: Jirachi|Jirachi|59/100 par
|
|-heal|p1a: Suicune|27/100 par|[from] item: Leftovers
|-heal|p2a: Jirachi|65/100 par|[from] item: Leftovers
|upkeep
|turn|41
|
|t:|1729013335
|move|p1a: Suicune|Hydro Pump|p2a: Jirachi|[miss]
|-miss|p1a: Suicune|p2a: Jirachi
|move|p2a: Jirachi|Body Slam|p1a: Suicune
|-damage|p1a: Suicune|9/100 par
|
|-heal|p1a: Suicune|15/100 par|[from] item: Leftovers
|-heal|p2a: Jirachi|71/100 par|[from] item: Leftovers
|upkeep
|turn|42
|
|t:|1729013343
|move|p1a: Suicune|Hydro Pump|p2a: Jirachi
|-damage|p2a: Jirachi|18/100 par
|move|p2a: Jirachi|Body Slam|p1a: Suicune
|-damage|p1a: Suicune|0 fnt
|faint|p1a: Suicune
|
|win|Dimiswooner
|c|☆Dimiswooner|gg
|c|☆Rambode|gg

</script>
<script type="application/json" class="data" id="replaydata-smogtours-gen3ou-798919">
{"id":"smogtours-gen3ou-798919","format":"[Gen 3] OU","players":["Rambode","Dimiswooner"],"uploadtime":1729013343,"views":125,"formatid":"gen3ou","rating":null,"private":0,"password":null}
</script>

<script defer src="js/replays.js?9d40a366"></script>
