<!DOCTYPE html>
<meta charset="utf-8" />
<meta name="viewport" content="width=device-width" />

<title>[Gen 3] OU: Voyager vs. MCJD931 - Replays - Pok&eacute;mon Showdown!</title>

<meta name="description" content="Watch a replay of a Pok&eacute;mon battle between Voyager and MCJD931! Format: [Gen 3] OU; Date: Oct 6, 2024" />
<!--

Hey, you! Looking in the source for the replay log?

You can find them in JSON format, just add `.json` at the end of a replay URL.

https://replay.pokemonshowdown.com/gen7randomdoublesbattle-865046831.json

Or, if you only need the log itself, add `.log` instead:

https://replay.pokemonshowdown.com/gen7randomdoublesbattle-865046831.log

-->

<link rel="stylesheet" href="//pokemonshowdown.com/style/global.css?0.023195364461161105" />
<link rel="stylesheet" href="//play.pokemonshowdown.com/style/font-awesome.css?0.13261647063804238" />
<link rel="stylesheet" href="//play.pokemonshowdown.com/style/battle.css?0.8753245789963631" />
<link rel="stylesheet" href="//play.pokemonshowdown.com/style/utilichart.css?0.8627959624976733" />

<!-- Global site tag (gtag.js) - Google Analytics -->
<script async src="https://www.googletagmanager.com/gtag/js?id=UA-26211653-1"></script>
<script>
  window.dataLayer = window.dataLayer || [];
  function gtag(){dataLayer.push(arguments);}
  gtag('js', new Date());

  gtag('config', 'UA-26211653-1');
</script>
<!-- End Google Analytics -->
<!-- Venatus Ad Manager - Install in <HEAD> of page -->
	<script src="https://hb.vntsm.com/v3/live/ad-manager.min.js" type="text/javascript" data-site-id="642aba63ec9a7b11c3c9c1be" data-mode="scan" async></script>
<!-- / Venatus Ad Manager -->

<style>
	@media (max-width:820px) {
		.battle {
			margin: 0 auto;
		}
		.battle-log {
			margin: 7px auto 0;
			max-width: 640px;
			height: 300px;
			position: static;
		}
	}
	.optgroup {
		display: inline-block;
		line-height: 22px;
		font-size: 10pt;
	}
	.optgroup .button {
		height: 25px;
		padding-top: 0;
		padding-bottom: 0;
	}
	.optgroup button.button {
		padding-left: 12px;
		padding-right: 12px;
	}
	.linklist {
		list-style: none;
		margin: 0.5em 0;
		padding: 0;
	}
	.linklist li {
		padding: 2px 0;
	}
	.sidebar {
		float: left;
		width: 320px;
	}
	.bar-wrapper {
		max-width: 1100px;
		margin: 0 auto;
	}
	.bar-wrapper.has-sidebar {
		max-width: 1430px;
	}
	.mainbar {
		margin: 0;
		padding-right: 1px;
	}
	.mainbar.has-sidebar {
		margin-left: 330px;
	}
	@media (min-width: 1511px) {
		.sidebar {
			width: 400px;
		}
		.bar-wrapper.has-sidebar {
			max-width: 1510px;
		}
		.mainbar.has-sidebar {
			margin-left: 410px;
		}
	}
	.section.first-section {
		margin-top: 9px;
	}
	.blocklink small {
		white-space: normal;
	}
	.button {
		vertical-align: middle;
	}
	.replay-controls {
		padding-top: 10px;
	}
	.replay-controls h1 {
		font-size: 16pt;
		font-weight: normal;
		color: #CCC;
	}
	.pagelink {
		text-align: center;
	}
	.pagelink a {
		width: 150px;
	}
	.textbox, .button {
		font-size: 11pt;
		vertical-align: middle;
	}
	@media (max-width: 450px) {
		.button {
			font-size: 9pt;
		}
	}
</style>

<div>

	<header>
		<div class="nav-wrapper"><ul class="nav">
			<li><a class="button nav-first" href="//pokemonshowdown.com/"><img src="//pokemonshowdown.com/images/pokemonshowdownbeta.png" srcset="//pokemonshowdown.com/images/pokemonshowdownbeta.png 1x, //pokemonshowdown.com/images/pokemonshowdownbeta@2x.png 2x" alt="Pok&eacute;mon Showdown" width="146" height="44" /> Home</a></li>
			<li><a class="button" href="//pokemonshowdown.com/dex/">Pok&eacute;dex</a></li>
			<li><a class="button cur" href="/">Replays</a></li>
			<li><a class="button" href="//pokemonshowdown.com/ladder/">Ladder</a></li>
			<li><a class="button nav-last" href="//pokemonshowdown.com/forums/">Forum</a></li>
			<li><a class="button greenbutton nav-first nav-last" href="//play.pokemonshowdown.com/">Play</a></li>
		</ul></div>
	</header>

	<div class="main" id="main">

		<noscript><section class="section">You need to enable JavaScript to use this page; sorry!</section></noscript>

	</div>

</div>

<script defer nomodule src="//play.pokemonshowdown.com/js/lib/ps-polyfill.js"></script>
<script defer src="//play.pokemonshowdown.com/js/lib/preact.min.js"></script>

<script defer src="//play.pokemonshowdown.com/config/config.js?2bddbc15"></script>
<script defer src="//play.pokemonshowdown.com/js/lib/jquery-1.11.0.min.js"></script>
<script defer src="//play.pokemonshowdown.com/js/lib/html-sanitizer-minified.js"></script>
<script defer src="//play.pokemonshowdown.com/js/battle-sound.js"></script>
<script defer src="//play.pokemonshowdown.com/js/battledata.js?0.7209276989879541"></script>
<script defer src="//play.pokemonshowdown.com/data/pokedex-mini.js?0.6111056340867951"></script>
<script defer src="//play.pokemonshowdown.com/data/pokedex-mini-bw.js?0.3532142036491459"></script>
<script defer src="//play.pokemonshowdown.com/data/graphics.js?0.24223875632456182"></script>
<script defer src="//play.pokemonshowdown.com/data/pokedex.js?0.38839984266356864"></script>
<script defer src="//play.pokemonshowdown.com/data/moves.js?0.21866028504024015"></script>
<script defer src="//play.pokemonshowdown.com/data/abilities.js?0.2005157953846628"></script>
<script defer src="//play.pokemonshowdown.com/data/items.js?0.9894211263848525"></script>
<script defer src="//play.pokemonshowdown.com/data/teambuilder-tables.js?0.6008791140282215"></script>
<script defer src="//play.pokemonshowdown.com/js/battle-tooltips.js?0.7580118955022959"></script>
<script defer src="//play.pokemonshowdown.com/js/battle.js?0.6057722274234274"></script>

<script defer src="js/utils.js?e31f9a17"></script>
<script defer src="js/replays-battle.js?7008c182"></script>

<!-- don't scrape this data! just add .json or .log after the URL!
Full API docs: https://github.com/smogon/pokemon-showdown-client/blob/master/WEB-API.md -->
<script type="text/plain" class="log" id="replaylog-smogtours-gen3ou-795980">
|inactive|Battle timer is ON: inactive players will automatically lose when time's up.
|t:|1728248377
|gametype|singles
|player|p1|Voyager|acetrainerf-gen2|
|player|p2|MCJD931|102|
|teamsize|p1|6
|teamsize|p2|6
|gen|3
|tier|[Gen 3] OU
|rule|Sleep Clause Mod: Limit one foe put to sleep
|rule|Switch Priority Clause Mod: Faster Pokémon switch first
|rule|Species Clause: Limit one of each Pokémon
|rule|OHKO Clause: OHKO moves are banned
|rule|Evasion Items Clause: Evasion items are banned
|rule|Evasion Moves Clause: Evasion moves are banned
|rule|Endless Battle Clause: Forcing endless battles is banned
|rule|HP Percentage Mod: HP is shown in percentages
|rule|One Boost Passer Clause: Limit one Baton Passer that has a way to boost its stats
|rule|Freeze Clause Mod: Limit one foe frozen
|
|t:|1728248377
|start
|switch|p1a: Zapdos|Zapdos|100/100
|switch|p2a: Tyranitar|Tyranitar, M|100/100
|-weather|Sandstorm|[from] ability: Sand Stream|[of] p2a: Tyranitar
|turn|1
|c|☆Voyager|glhf
|c|☆MCJD931|glhf
|
|t:|1728248402
|move|p1a: Zapdos|Thunderbolt|p2a: Tyranitar
|-damage|p2a: Tyranitar|68/100
|move|p2a: Tyranitar|Rock Slide|p1a: Zapdos
|-supereffective|p1a: Zapdos
|-damage|p1a: Zapdos|36/100
|
|-weather|Sandstorm|[upkeep]
|-damage|p1a: Zapdos|30/100|[from] Sandstorm
|-heal|p1a: Zapdos|36/100|[from] item: Leftovers
|-heal|p2a: Tyranitar|75/100|[from] item: Leftovers
|upkeep
|turn|2
|
|t:|1728248418
|switch|p1a: Metagross|Metagross|100/100
|move|p2a: Tyranitar|Rock Slide|p1a: Metagross
|-resisted|p1a: Metagross
|-damage|p1a: Metagross|86/100
|
|-weather|Sandstorm|[upkeep]
|-heal|p1a: Metagross|92/100|[from] item: Leftovers
|-heal|p2a: Tyranitar|81/100|[from] item: Leftovers
|upkeep
|turn|3
|
|t:|1728248430
|switch|p2a: Skarmory|Skarmory, M|100/100
|move|p1a: Metagross|Meteor Mash|p2a: Skarmory
|-resisted|p2a: Skarmory
|-damage|p2a: Skarmory|79/100
|-boost|p1a: Metagross|atk|1
|
|-weather|Sandstorm|[upkeep]
|-heal|p2a: Skarmory|85/100|[from] item: Leftovers
|-heal|p1a: Metagross|98/100|[from] item: Leftovers
|upkeep
|turn|4
|
|t:|1728248438
|move|p2a: Skarmory|Spikes|p1a: Metagross
|-sidestart|p1: Voyager|Spikes
|move|p1a: Metagross|Meteor Mash|p2a: Skarmory
|-resisted|p2a: Skarmory
|-damage|p2a: Skarmory|55/100
|
|-weather|Sandstorm|[upkeep]
|-heal|p2a: Skarmory|61/100|[from] item: Leftovers
|-heal|p1a: Metagross|100/100|[from] item: Leftovers
|upkeep
|turn|5
|
|t:|1728248443
|move|p2a: Skarmory|Protect|p2a: Skarmory
|-singleturn|p2a: Skarmory|Protect
|move|p1a: Metagross|Mimic|p2a: Skarmory
|-activate|p2a: Skarmory|Protect
|
|-weather|Sandstorm|[upkeep]
|-heal|p2a: Skarmory|67/100|[from] item: Leftovers
|upkeep
|turn|6
|
|t:|1728248449
|move|p1a: Metagross|Meteor Mash|p2a: Skarmory
|-resisted|p2a: Skarmory
|-damage|p2a: Skarmory|37/100
|move|p2a: Skarmory|Roar|p1a: Metagross
|drag|p1a: Zapdos|Zapdos|36/100
|
|-weather|Sandstorm|[upkeep]
|-damage|p1a: Zapdos|30/100|[from] Sandstorm
|-heal|p1a: Zapdos|36/100|[from] item: Leftovers
|-heal|p2a: Skarmory|43/100|[from] item: Leftovers
|upkeep
|turn|7
|
|t:|1728248460
|switch|p2a: Swampert|Swampert, F|100/100
|move|p1a: Zapdos|Thunderbolt|p2a: Swampert
|-immune|p2a: Swampert
|
|-weather|Sandstorm|[upkeep]
|-damage|p1a: Zapdos|30/100|[from] Sandstorm
|-heal|p1a: Zapdos|36/100|[from] item: Leftovers
|upkeep
|turn|8
|
|t:|1728248466
|switch|p1a: Starmie|Starmie|100/100
|-damage|p1a: Starmie|88/100|[from] Spikes
|move|p2a: Swampert|Ice Beam|p1a: Starmie
|-resisted|p1a: Starmie
|-damage|p1a: Starmie|71/100
|
|-weather|Sandstorm|[upkeep]
|-damage|p1a: Starmie|65/100|[from] Sandstorm
|-heal|p1a: Starmie|71/100|[from] item: Leftovers
|upkeep
|turn|9
|
|t:|1728248471
|move|p1a: Starmie|Rapid Spin|p2a: Swampert
|-damage|p2a: Swampert|98/100
|-sideend|p1: Voyager|Spikes|[from] move: Rapid Spin|[of] p1a: Starmie
|move|p2a: Swampert|Earthquake|p1a: Starmie
|-damage|p1a: Starmie|29/100
|
|-weather|Sandstorm|[upkeep]
|-damage|p1a: Starmie|23/100|[from] Sandstorm
|-heal|p1a: Starmie|29/100|[from] item: Leftovers
|-heal|p2a: Swampert|100/100|[from] item: Leftovers
|upkeep
|turn|10
|
|t:|1728248479
|move|p1a: Starmie|Recover|p1a: Starmie
|-heal|p1a: Starmie|79/100
|move|p2a: Swampert|Ice Beam|p1a: Starmie
|-resisted|p1a: Starmie
|-damage|p1a: Starmie|63/100
|
|-weather|Sandstorm|[upkeep]
|-damage|p1a: Starmie|57/100|[from] Sandstorm
|-heal|p1a: Starmie|63/100|[from] item: Leftovers
|upkeep
|turn|11
|
|t:|1728248484
|switch|p1a: Zapdos|Zapdos|36/100
|move|p2a: Swampert|Earthquake|p1a: Zapdos
|-immune|p1a: Zapdos
|
|-weather|Sandstorm|[upkeep]
|-damage|p1a: Zapdos|30/100|[from] Sandstorm
|-heal|p1a: Zapdos|36/100|[from] item: Leftovers
|upkeep
|turn|12
|
|t:|1728248490
|switch|p1a: Blissey|Blissey, F|100/100
|move|p2a: Swampert|Ice Beam|p1a: Blissey
|-damage|p1a: Blissey|89/100
|
|-weather|Sandstorm|[upkeep]
|-damage|p1a: Blissey|83/100|[from] Sandstorm
|-heal|p1a: Blissey|89/100|[from] item: Leftovers
|upkeep
|turn|13
|
|t:|1728248493
|move|p1a: Blissey|Seismic Toss|p2a: Swampert
|-damage|p2a: Swampert|76/100
|move|p2a: Swampert|Curse|p2a: Swampert
|-unboost|p2a: Swampert|spe|1
|-boost|p2a: Swampert|atk|1
|-boost|p2a: Swampert|def|1
|
|-weather|Sandstorm|[upkeep]
|-damage|p1a: Blissey|83/100|[from] Sandstorm
|-heal|p1a: Blissey|89/100|[from] item: Leftovers
|-heal|p2a: Swampert|82/100|[from] item: Leftovers
|upkeep
|turn|14
|
|t:|1728248498
|move|p1a: Blissey|Seismic Toss|p2a: Swampert
|-damage|p2a: Swampert|57/100
|move|p2a: Swampert|Earthquake|p1a: Blissey
|-damage|p1a: Blissey|37/100
|
|-weather|Sandstorm|[upkeep]
|-damage|p1a: Blissey|30/100|[from] Sandstorm
|-heal|p1a: Blissey|37/100|[from] item: Leftovers
|-heal|p2a: Swampert|63/100|[from] item: Leftovers
|upkeep
|turn|15
|
|t:|1728248504
|move|p1a: Blissey|Soft-Boiled|p1a: Blissey
|-heal|p1a: Blissey|86/100
|move|p2a: Swampert|Curse|p2a: Swampert
|-unboost|p2a: Swampert|spe|1
|-boost|p2a: Swampert|atk|1
|-boost|p2a: Swampert|def|1
|
|-weather|Sandstorm|[upkeep]
|-damage|p1a: Blissey|80/100|[from] Sandstorm
|-heal|p1a: Blissey|86/100|[from] item: Leftovers
|-heal|p2a: Swampert|69/100|[from] item: Leftovers
|upkeep
|turn|16
|
|t:|1728248508
|switch|p1a: Starmie|Starmie|63/100
|move|p2a: Swampert|Earthquake|p1a: Starmie
|-damage|p1a: Starmie|0 fnt
|faint|p1a: Starmie
|
|t:|1728248510
|switch|p1a: Zapdos|Zapdos|36/100
|
|-weather|Sandstorm|[upkeep]
|-damage|p1a: Zapdos|30/100|[from] Sandstorm
|-heal|p1a: Zapdos|36/100|[from] item: Leftovers
|-heal|p2a: Swampert|76/100|[from] item: Leftovers
|upkeep
|turn|17
|
|t:|1728248518
|move|p1a: Zapdos|Hidden Power|p2a: Swampert
|-supereffective|p2a: Swampert
|-damage|p2a: Swampert|0 fnt
|faint|p2a: Swampert
|
|t:|1728248529
|switch|p2a: Tyranitar|Tyranitar, M|81/100
|
|-weather|Sandstorm|[upkeep]
|-damage|p1a: Zapdos|30/100|[from] Sandstorm
|-heal|p1a: Zapdos|36/100|[from] item: Leftovers
|-heal|p2a: Tyranitar|87/100|[from] item: Leftovers
|upkeep
|turn|18
|
|t:|1728248533
|-singleturn|p2a: Tyranitar|move: Focus Punch
|switch|p1a: Metagross|Metagross|100/100
|move|p2a: Tyranitar|Focus Punch|p1a: Metagross
|-damage|p1a: Metagross|62/100
|
|-weather|Sandstorm|[upkeep]
|-heal|p1a: Metagross|68/100|[from] item: Leftovers
|-heal|p2a: Tyranitar|93/100|[from] item: Leftovers
|upkeep
|turn|19
|
|t:|1728248550
|move|p1a: Metagross|Meteor Mash|p2a: Tyranitar
|-supereffective|p2a: Tyranitar
|-damage|p2a: Tyranitar|17/100
|move|p2a: Tyranitar|Earthquake|p1a: Metagross
|-supereffective|p1a: Metagross
|-damage|p1a: Metagross|19/100
|
|-weather|Sandstorm|[upkeep]
|-heal|p1a: Metagross|25/100|[from] item: Leftovers
|-heal|p2a: Tyranitar|23/100|[from] item: Leftovers
|upkeep
|turn|20
|
|t:|1728248564
|switch|p2a: Celebi|Celebi|100/100
|move|p1a: Metagross|Meteor Mash|p2a: Celebi|[miss]
|-miss|p1a: Metagross|p2a: Celebi
|
|-weather|Sandstorm|[upkeep]
|-damage|p2a: Celebi|94/100|[from] Sandstorm
|-heal|p2a: Celebi|100/100|[from] item: Leftovers
|-heal|p1a: Metagross|31/100|[from] item: Leftovers
|upkeep
|turn|21
|
|t:|1728248569
|switch|p1a: Armaldo|Armaldo, M|100/100
|move|p2a: Celebi|Leech Seed|p1a: Armaldo
|-start|p1a: Armaldo|move: Leech Seed
|
|-weather|Sandstorm|[upkeep]
|-damage|p2a: Celebi|94/100|[from] Sandstorm
|-heal|p2a: Celebi|100/100|[from] item: Leftovers
|-damage|p1a: Armaldo|88/100|[from] Leech Seed|[of] p2a: Celebi
|upkeep
|turn|22
|
|t:|1728248578
|switch|p1a: Blissey|Blissey, F|86/100
|move|p2a: Celebi|Giga Drain|p1a: Blissey
|-damage|p1a: Blissey|75/100
|
|-weather|Sandstorm|[upkeep]
|-damage|p2a: Celebi|94/100|[from] Sandstorm
|-damage|p1a: Blissey|69/100|[from] Sandstorm
|-heal|p2a: Celebi|100/100|[from] item: Leftovers
|-heal|p1a: Blissey|75/100|[from] item: Leftovers
|upkeep
|turn|23
|
|t:|1728248583
|move|p2a: Celebi|Leech Seed|p1a: Blissey
|-start|p1a: Blissey|move: Leech Seed
|move|p1a: Blissey|Wish|p1a: Blissey
|
|-weather|Sandstorm|[upkeep]
|-damage|p2a: Celebi|94/100|[from] Sandstorm
|-damage|p1a: Blissey|69/100|[from] Sandstorm
|-heal|p2a: Celebi|100/100|[from] item: Leftovers
|-heal|p1a: Blissey|75/100|[from] item: Leftovers
|-damage|p1a: Blissey|63/100|[from] Leech Seed|[of] p2a: Celebi
|upkeep
|turn|24
|
|t:|1728248587
|switch|p2a: Skarmory|Skarmory, M|43/100
|switch|p1a: Armaldo|Armaldo, M|88/100
|
|-heal|p1a: Armaldo|100/100|[from] move: Wish|[wisher] Blissey
|-weather|Sandstorm|[upkeep]
|-heal|p2a: Skarmory|49/100|[from] item: Leftovers
|upkeep
|turn|25
|
|t:|1728248591
|move|p2a: Skarmory|Protect|p2a: Skarmory
|-singleturn|p2a: Skarmory|Protect
|move|p1a: Armaldo|Knock Off|p2a: Skarmory
|-activate|p2a: Skarmory|Protect
|
|-weather|Sandstorm|[upkeep]
|-heal|p2a: Skarmory|55/100|[from] item: Leftovers
|upkeep
|turn|26
|
|t:|1728248613
|switch|p1a: Zapdos|Zapdos|36/100
|move|p2a: Skarmory|Spikes|p1a: Zapdos
|-sidestart|p1: Voyager|Spikes
|
|-weather|Sandstorm|[upkeep]
|-damage|p1a: Zapdos|30/100|[from] Sandstorm
|-heal|p1a: Zapdos|36/100|[from] item: Leftovers
|-heal|p2a: Skarmory|61/100|[from] item: Leftovers
|upkeep
|turn|27
|
|t:|1728248621
|move|p2a: Skarmory|Protect|p2a: Skarmory
|-singleturn|p2a: Skarmory|Protect
|move|p1a: Zapdos|Thunderbolt|p2a: Skarmory
|-activate|p2a: Skarmory|Protect
|
|-weather|Sandstorm|[upkeep]
|-damage|p1a: Zapdos|30/100|[from] Sandstorm
|-heal|p1a: Zapdos|36/100|[from] item: Leftovers
|-heal|p2a: Skarmory|67/100|[from] item: Leftovers
|upkeep
|turn|28
|
|t:|1728248625
|switch|p1a: Dugtrio|Dugtrio, M|100/100
|-damage|p1a: Dugtrio|88/100|[from] Spikes
|switch|p2a: Celebi|Celebi|100/100
|
|-weather|Sandstorm|[upkeep]
|-damage|p2a: Celebi|94/100|[from] Sandstorm
|-heal|p2a: Celebi|100/100|[from] item: Leftovers
|upkeep
|turn|29
|
|t:|1728248629
|move|p1a: Dugtrio|Hidden Power|p2a: Celebi
|-supereffective|p2a: Celebi
|-damage|p2a: Celebi|10/100
|move|p2a: Celebi|Leech Seed|p1a: Dugtrio
|-start|p1a: Dugtrio|move: Leech Seed
|
|-weather|Sandstorm|[upkeep]
|-damage|p2a: Celebi|4/100|[from] Sandstorm
|-damage|p1a: Dugtrio|76/100|[from] Leech Seed|[of] p2a: Celebi
|-heal|p2a: Celebi|10/100|[silent]
|-heal|p2a: Celebi|16/100|[from] item: Leftovers
|upkeep
|turn|30
|
|t:|1728248638
|move|p1a: Dugtrio|Hidden Power|p2a: Celebi
|-supereffective|p2a: Celebi
|-damage|p2a: Celebi|0 fnt
|faint|p2a: Celebi
|
|t:|1728248644
|switch|p2a: Aerodactyl|Aerodactyl, F|100/100
|
|-weather|Sandstorm|[upkeep]
|-damage|p1a: Dugtrio|64/100|[from] Leech Seed|[of] p2a: Aerodactyl
|upkeep
|turn|31
|
|t:|1728248652
|move|p2a: Aerodactyl|Double-Edge|p1a: Dugtrio
|-damage|p1a: Dugtrio|0 fnt
|faint|p1a: Dugtrio
|inactive|Voyager has 270 seconds left.
|
|t:|1728248683
|switch|p1a: Metagross|Metagross|31/100
|-damage|p1a: Metagross|19/100|[from] Spikes
|
|-weather|Sandstorm|[upkeep]
|-heal|p1a: Metagross|25/100|[from] item: Leftovers
|upkeep
|turn|32
|inactive|MCJD931 has 270 seconds left.
|
|t:|1728248719
|switch|p2a: Gengar|Gengar, M|100/100
|move|p1a: Metagross|Meteor Mash|p2a: Gengar
|-crit|p2a: Gengar
|-damage|p2a: Gengar|0 fnt
|faint|p2a: Gengar
|
|t:|1728248724
|switch|p2a: Aerodactyl|Aerodactyl, F|100/100
|
|-weather|Sandstorm|[upkeep]
|-heal|p1a: Metagross|31/100|[from] item: Leftovers
|upkeep
|turn|33
|inactive|MCJD931 has 270 seconds left.
|
|t:|1728248734
|switch|p1a: Zapdos|Zapdos|36/100
|move|p2a: Aerodactyl|Rock Slide|p1a: Zapdos
|-supereffective|p1a: Zapdos
|-damage|p1a: Zapdos|0 fnt
|faint|p1a: Zapdos
|
|t:|1728248739
|switch|p1a: Metagross|Metagross|31/100
|-damage|p1a: Metagross|18/100|[from] Spikes
|
|-weather|Sandstorm|[upkeep]
|-heal|p1a: Metagross|24/100|[from] item: Leftovers
|upkeep
|turn|34
|
|t:|1728248746
|switch|p2a: Skarmory|Skarmory, M|67/100
|move|p1a: Metagross|Meteor Mash|p2a: Skarmory
|-resisted|p2a: Skarmory
|-damage|p2a: Skarmory|48/100
|
|-weather|Sandstorm|[upkeep]
|-heal|p2a: Skarmory|54/100|[from] item: Leftovers
|-heal|p1a: Metagross|30/100|[from] item: Leftovers
|upkeep
|turn|35
|
|t:|1728248751
|move|p2a: Skarmory|Spikes|p1a: Metagross
|-sidestart|p1: Voyager|Spikes
|move|p1a: Metagross|Meteor Mash|p2a: Skarmory
|-resisted|p2a: Skarmory
|-damage|p2a: Skarmory|32/100
|-boost|p1a: Metagross|atk|1
|
|-weather|Sandstorm|[upkeep]
|-heal|p2a: Skarmory|38/100|[from] item: Leftovers
|-heal|p1a: Metagross|36/100|[from] item: Leftovers
|upkeep
|turn|36
|
|t:|1728248756
|move|p2a: Skarmory|Protect|p2a: Skarmory
|-singleturn|p2a: Skarmory|Protect
|move|p1a: Metagross|Meteor Mash|p2a: Skarmory
|-activate|p2a: Skarmory|Protect
|
|-weather|Sandstorm|[upkeep]
|-heal|p2a: Skarmory|44/100|[from] item: Leftovers
|-heal|p1a: Metagross|43/100|[from] item: Leftovers
|upkeep
|turn|37
|
|t:|1728248760
|move|p1a: Metagross|Meteor Mash|p2a: Skarmory
|-resisted|p2a: Skarmory
|-crit|p2a: Skarmory
|-damage|p2a: Skarmory|0 fnt
|faint|p2a: Skarmory
|
|t:|1728248764
|switch|p2a: Aerodactyl|Aerodactyl, F|100/100
|
|-weather|Sandstorm|[upkeep]
|-heal|p1a: Metagross|49/100|[from] item: Leftovers
|upkeep
|turn|38
|
|t:|1728248772
|switch|p1a: Armaldo|Armaldo, M|100/100
|-damage|p1a: Armaldo|84/100|[from] Spikes
|move|p2a: Aerodactyl|Earthquake|p1a: Armaldo
|-damage|p1a: Armaldo|40/100
|
|-weather|Sandstorm|[upkeep]
|-heal|p1a: Armaldo|46/100|[from] item: Leftovers
|upkeep
|turn|39
|
|t:|1728248781
|move|p2a: Aerodactyl|Earthquake|p1a: Armaldo
|-damage|p1a: Armaldo|6/100
|move|p1a: Armaldo|Rock Slide|p2a: Aerodactyl
|-supereffective|p2a: Aerodactyl
|-damage|p2a: Aerodactyl|8/100
|
|-weather|Sandstorm|[upkeep]
|-heal|p1a: Armaldo|12/100|[from] item: Leftovers
|upkeep
|turn|40
|
|t:|1728248788
|move|p2a: Aerodactyl|Earthquake|p1a: Armaldo
|-damage|p1a: Armaldo|0 fnt
|faint|p1a: Armaldo
|
|t:|1728248790
|switch|p1a: Blissey|Blissey, F|63/100
|-damage|p1a: Blissey|46/100|[from] Spikes
|
|-weather|Sandstorm|[upkeep]
|-damage|p1a: Blissey|40/100|[from] Sandstorm
|-heal|p1a: Blissey|46/100|[from] item: Leftovers
|upkeep
|turn|41
|
|t:|1728248799
|move|p2a: Aerodactyl|Earthquake|p1a: Blissey
|-damage|p1a: Blissey|4/100
|move|p1a: Blissey|Seismic Toss|p2a: Aerodactyl
|-damage|p2a: Aerodactyl|0 fnt
|faint|p2a: Aerodactyl
|
|t:|1728248806
|switch|p2a: Tyranitar|Tyranitar, M|23/100
|
|-weather|Sandstorm|[upkeep]
|-damage|p1a: Blissey|0 fnt|[from] Sandstorm
|faint|p1a: Blissey
|-heal|p2a: Tyranitar|30/100|[from] item: Leftovers
|upkeep
|
|t:|1728248807
|switch|p1a: Metagross|Metagross|49/100
|-damage|p1a: Metagross|32/100|[from] Spikes
|turn|42
|c|☆Voyager|gg
|
|t:|1728248814
|move|p1a: Metagross|Earthquake|p2a: Tyranitar
|-supereffective|p2a: Tyranitar
|-crit|p2a: Tyranitar
|-damage|p2a: Tyranitar|0 fnt
|faint|p2a: Tyranitar
|
|win|Voyager
|player|p2|

</script>
<script type="application/json" class="data" id="replaydata-smogtours-gen3ou-795980">
{"id":"smogtours-gen3ou-795980","format":"[Gen 3] OU","players":["Voyager","MCJD931"],"uploadtime":1728248814,"views":139,"formatid":"gen3ou","rating":null,"private":0,"password":null}
</script>

<script defer src="js/replays.js?9d40a366"></script>
