<!DOCTYPE html>
<meta charset="utf-8" />
<meta name="viewport" content="width=device-width" />

<title>[Gen 3] OU: blavand vs. cyberodin - Replays - Pok&eacute;mon Showdown!</title>

<meta name="description" content="Watch a replay of a Pok&eacute;mon battle between blavand and cyberodin! Format: [Gen 3] OU; Date: Oct 5, 2024" />
<!--

Hey, you! Looking in the source for the replay log?

You can find them in JSON format, just add `.json` at the end of a replay URL.

https://replay.pokemonshowdown.com/gen7randomdoublesbattle-865046831.json

Or, if you only need the log itself, add `.log` instead:

https://replay.pokemonshowdown.com/gen7randomdoublesbattle-865046831.log

-->

<link rel="stylesheet" href="//pokemonshowdown.com/style/global.css?0.023195364461161105" />
<link rel="stylesheet" href="//play.pokemonshowdown.com/style/font-awesome.css?0.13261647063804238" />
<link rel="stylesheet" href="//play.pokemonshowdown.com/style/battle.css?0.8753245789963631" />
<link rel="stylesheet" href="//play.pokemonshowdown.com/style/utilichart.css?0.8627959624976733" />

<!-- Global site tag (gtag.js) - Google Analytics -->
<script async src="https://www.googletagmanager.com/gtag/js?id=UA-26211653-1"></script>
<script>
  window.dataLayer = window.dataLayer || [];
  function gtag(){dataLayer.push(arguments);}
  gtag('js', new Date());

  gtag('config', 'UA-26211653-1');
</script>
<!-- End Google Analytics -->
<!-- Venatus Ad Manager - Install in <HEAD> of page -->
	<script src="https://hb.vntsm.com/v3/live/ad-manager.min.js" type="text/javascript" data-site-id="642aba63ec9a7b11c3c9c1be" data-mode="scan" async></script>
<!-- / Venatus Ad Manager -->

<style>
	@media (max-width:820px) {
		.battle {
			margin: 0 auto;
		}
		.battle-log {
			margin: 7px auto 0;
			max-width: 640px;
			height: 300px;
			position: static;
		}
	}
	.optgroup {
		display: inline-block;
		line-height: 22px;
		font-size: 10pt;
	}
	.optgroup .button {
		height: 25px;
		padding-top: 0;
		padding-bottom: 0;
	}
	.optgroup button.button {
		padding-left: 12px;
		padding-right: 12px;
	}
	.linklist {
		list-style: none;
		margin: 0.5em 0;
		padding: 0;
	}
	.linklist li {
		padding: 2px 0;
	}
	.sidebar {
		float: left;
		width: 320px;
	}
	.bar-wrapper {
		max-width: 1100px;
		margin: 0 auto;
	}
	.bar-wrapper.has-sidebar {
		max-width: 1430px;
	}
	.mainbar {
		margin: 0;
		padding-right: 1px;
	}
	.mainbar.has-sidebar {
		margin-left: 330px;
	}
	@media (min-width: 1511px) {
		.sidebar {
			width: 400px;
		}
		.bar-wrapper.has-sidebar {
			max-width: 1510px;
		}
		.mainbar.has-sidebar {
			margin-left: 410px;
		}
	}
	.section.first-section {
		margin-top: 9px;
	}
	.blocklink small {
		white-space: normal;
	}
	.button {
		vertical-align: middle;
	}
	.replay-controls {
		padding-top: 10px;
	}
	.replay-controls h1 {
		font-size: 16pt;
		font-weight: normal;
		color: #CCC;
	}
	.pagelink {
		text-align: center;
	}
	.pagelink a {
		width: 150px;
	}
	.textbox, .button {
		font-size: 11pt;
		vertical-align: middle;
	}
	@media (max-width: 450px) {
		.button {
			font-size: 9pt;
		}
	}
</style>

<div>

	<header>
		<div class="nav-wrapper"><ul class="nav">
			<li><a class="button nav-first" href="//pokemonshowdown.com/"><img src="//pokemonshowdown.com/images/pokemonshowdownbeta.png" srcset="//pokemonshowdown.com/images/pokemonshowdownbeta.png 1x, //pokemonshowdown.com/images/pokemonshowdownbeta@2x.png 2x" alt="Pok&eacute;mon Showdown" width="146" height="44" /> Home</a></li>
			<li><a class="button" href="//pokemonshowdown.com/dex/">Pok&eacute;dex</a></li>
			<li><a class="button cur" href="/">Replays</a></li>
			<li><a class="button" href="//pokemonshowdown.com/ladder/">Ladder</a></li>
			<li><a class="button nav-last" href="//pokemonshowdown.com/forums/">Forum</a></li>
			<li><a class="button greenbutton nav-first nav-last" href="//play.pokemonshowdown.com/">Play</a></li>
		</ul></div>
	</header>

	<div class="main" id="main">

		<noscript><section class="section">You need to enable JavaScript to use this page; sorry!</section></noscript>

	</div>

</div>

<script defer nomodule src="//play.pokemonshowdown.com/js/lib/ps-polyfill.js"></script>
<script defer src="//play.pokemonshowdown.com/js/lib/preact.min.js"></script>

<script defer src="//play.pokemonshowdown.com/config/config.js?2bddbc15"></script>
<script defer src="//play.pokemonshowdown.com/js/lib/jquery-1.11.0.min.js"></script>
<script defer src="//play.pokemonshowdown.com/js/lib/html-sanitizer-minified.js"></script>
<script defer src="//play.pokemonshowdown.com/js/battle-sound.js"></script>
<script defer src="//play.pokemonshowdown.com/js/battledata.js?0.7209276989879541"></script>
<script defer src="//play.pokemonshowdown.com/data/pokedex-mini.js?0.6111056340867951"></script>
<script defer src="//play.pokemonshowdown.com/data/pokedex-mini-bw.js?0.3532142036491459"></script>
<script defer src="//play.pokemonshowdown.com/data/graphics.js?0.24223875632456182"></script>
<script defer src="//play.pokemonshowdown.com/data/pokedex.js?0.38839984266356864"></script>
<script defer src="//play.pokemonshowdown.com/data/moves.js?0.21866028504024015"></script>
<script defer src="//play.pokemonshowdown.com/data/abilities.js?0.2005157953846628"></script>
<script defer src="//play.pokemonshowdown.com/data/items.js?0.9894211263848525"></script>
<script defer src="//play.pokemonshowdown.com/data/teambuilder-tables.js?0.6008791140282215"></script>
<script defer src="//play.pokemonshowdown.com/js/battle-tooltips.js?0.7580118955022959"></script>
<script defer src="//play.pokemonshowdown.com/js/battle.js?0.6057722274234274"></script>

<script defer src="js/utils.js?e31f9a17"></script>
<script defer src="js/replays-battle.js?7008c182"></script>

<!-- don't scrape this data! just add .json or .log after the URL!
Full API docs: https://github.com/smogon/pokemon-showdown-client/blob/master/WEB-API.md -->
<script type="text/plain" class="log" id="replaylog-gen3ou-2216625981">
|j|☆blavand
|j|☆cyberodin
|t:|1728154184
|gametype|singles
|player|p1|blavand|clown|
|player|p2|cyberodin|#wcop2020latinamerica|
|teamsize|p1|6
|teamsize|p2|6
|gen|3
|tier|[Gen 3] OU
|rule|Sleep Clause Mod: Limit one foe put to sleep
|rule|Switch Priority Clause Mod: Faster Pokémon switch first
|rule|Species Clause: Limit one of each Pokémon
|rule|OHKO Clause: OHKO moves are banned
|rule|Evasion Items Clause: Evasion items are banned
|rule|Evasion Moves Clause: Evasion moves are banned
|rule|Endless Battle Clause: Forcing endless battles is banned
|rule|HP Percentage Mod: HP is shown in percentages
|rule|One Boost Passer Clause: Limit one Baton Passer that has a way to boost its stats
|rule|Freeze Clause Mod: Limit one foe frozen
|
|t:|1728154184
|start
|switch|p1a: Salamence|Salamence, F|100/100
|switch|p2a: Salamence|Salamence, M|100/100
|-ability|p1a: Salamence|Intimidate|boost
|-unboost|p2a: Salamence|atk|1
|-ability|p2a: Salamence|Intimidate|boost
|-unboost|p1a: Salamence|atk|1
|turn|1
|inactive|Battle timer is ON: inactive players will automatically lose when time's up. (requested by cyberodin)
|
|t:|1728154193
|switch|p1a: Blissey|Blissey, F|100/100
|switch|p2a: Suicune|Suicune|100/100
|
|upkeep
|turn|2
|
|t:|1728154210
|move|p2a: Suicune|Calm Mind|p2a: Suicune
|-boost|p2a: Suicune|spa|1
|-boost|p2a: Suicune|spd|1
|move|p1a: Blissey|Thunder Wave|p2a: Suicune
|-status|p2a: Suicune|par
|
|upkeep
|turn|3
|
|t:|1728154213
|move|p1a: Blissey|Seismic Toss|p2a: Suicune
|-damage|p2a: Suicune|76/100 par
|move|p2a: Suicune|Calm Mind|p2a: Suicune
|-boost|p2a: Suicune|spa|1
|-boost|p2a: Suicune|spd|1
|
|-heal|p2a: Suicune|82/100 par|[from] item: Leftovers
|upkeep
|turn|4
|
|t:|1728154216
|move|p1a: Blissey|Seismic Toss|p2a: Suicune
|-damage|p2a: Suicune|57/100 par
|move|p2a: Suicune|Calm Mind|p2a: Suicune
|-boost|p2a: Suicune|spa|1
|-boost|p2a: Suicune|spd|1
|
|-heal|p2a: Suicune|63/100 par|[from] item: Leftovers
|upkeep
|turn|5
|
|t:|1728154219
|move|p1a: Blissey|Seismic Toss|p2a: Suicune
|-damage|p2a: Suicune|39/100 par
|move|p2a: Suicune|Roar|p1a: Blissey
|drag|p1a: Forretress|Forretress, F|100/100
|
|-heal|p2a: Suicune|45/100 par|[from] item: Leftovers
|upkeep
|turn|6
|
|t:|1728154225
|switch|p1a: Blissey|Blissey, F|100/100
|move|p2a: Suicune|Surf|p1a: Blissey
|-damage|p1a: Blissey|75/100
|
|-heal|p1a: Blissey|81/100|[from] item: Leftovers
|-heal|p2a: Suicune|51/100 par|[from] item: Leftovers
|upkeep
|turn|7
|
|t:|1728154227
|move|p1a: Blissey|Seismic Toss|p2a: Suicune
|-damage|p2a: Suicune|26/100 par
|cant|p2a: Suicune|par
|
|-heal|p1a: Blissey|87/100|[from] item: Leftovers
|-heal|p2a: Suicune|32/100 par|[from] item: Leftovers
|upkeep
|turn|8
|
|t:|1728154230
|move|p1a: Blissey|Seismic Toss|p2a: Suicune
|-damage|p2a: Suicune|8/100 par
|move|p2a: Suicune|Rest|p2a: Suicune
|-status|p2a: Suicune|slp|[from] move: Rest
|-heal|p2a: Suicune|100/100 slp|[silent]
|
|-heal|p1a: Blissey|94/100|[from] item: Leftovers
|upkeep
|turn|9
|
|t:|1728154234
|switch|p1a: Tyranitar|Tyranitar, F|100/100
|-weather|Sandstorm|[from] ability: Sand Stream|[of] p1a: Tyranitar
|cant|p2a: Suicune|slp
|
|-weather|Sandstorm|[upkeep]
|-damage|p2a: Suicune|94/100 slp|[from] Sandstorm
|-heal|p2a: Suicune|100/100 slp|[from] item: Leftovers
|upkeep
|turn|10
|
|t:|1728154236
|cant|p2a: Suicune|slp
|move|p1a: Tyranitar|Roar|p2a: Suicune
|drag|p2a: Salamence|Salamence, M|100/100
|-ability|p2a: Salamence|Intimidate|boost
|-unboost|p1a: Tyranitar|atk|1
|
|-weather|Sandstorm|[upkeep]
|-damage|p2a: Salamence|94/100|[from] Sandstorm
|upkeep
|turn|11
|
|t:|1728154245
|switch|p1a: Jirachi|Jirachi|100/100
|move|p2a: Salamence|Hidden Power|p1a: Jirachi
|-resisted|p1a: Jirachi
|-damage|p1a: Jirachi|84/100
|
|-weather|Sandstorm|[upkeep]
|-damage|p2a: Salamence|88/100|[from] Sandstorm
|-heal|p1a: Jirachi|90/100|[from] item: Leftovers
|upkeep
|turn|12
|
|t:|1728154253
|switch|p2a: Celebi|Celebi|100/100
|switch|p1a: Forretress|Forretress, F|100/100
|
|-weather|Sandstorm|[upkeep]
|-damage|p2a: Celebi|94/100|[from] Sandstorm
|-heal|p2a: Celebi|100/100|[from] item: Leftovers
|upkeep
|turn|13
|
|t:|1728154259
|switch|p1a: Blissey|Blissey, F|94/100
|move|p2a: Celebi|Leech Seed|p1a: Blissey
|-start|p1a: Blissey|move: Leech Seed
|
|-weather|Sandstorm|[upkeep]
|-damage|p2a: Celebi|94/100|[from] Sandstorm
|-damage|p1a: Blissey|87/100|[from] Sandstorm
|-heal|p2a: Celebi|100/100|[from] item: Leftovers
|-heal|p1a: Blissey|94/100|[from] item: Leftovers
|-damage|p1a: Blissey|81/100|[from] Leech Seed|[of] p2a: Celebi
|upkeep
|turn|14
|
|t:|1728154269
|switch|p2a: Snorlax|Snorlax, M|100/100
|switch|p1a: Jirachi|Jirachi|90/100
|
|-weather|Sandstorm|[upkeep]
|-damage|p2a: Snorlax|94/100|[from] Sandstorm
|-heal|p1a: Jirachi|97/100|[from] item: Leftovers
|-heal|p2a: Snorlax|100/100|[from] item: Leftovers
|upkeep
|turn|15
|
|t:|1728154284
|switch|p1a: Forretress|Forretress, F|100/100
|move|p2a: Snorlax|Curse|p2a: Snorlax
|-unboost|p2a: Snorlax|spe|1
|-boost|p2a: Snorlax|atk|1
|-boost|p2a: Snorlax|def|1
|
|-weather|Sandstorm|[upkeep]
|-damage|p2a: Snorlax|94/100|[from] Sandstorm
|-heal|p2a: Snorlax|100/100|[from] item: Leftovers
|upkeep
|turn|16
|
|t:|1728154286
|move|p1a: Forretress|Spikes|p2a: Snorlax
|-sidestart|p2: cyberodin|Spikes
|move|p2a: Snorlax|Curse|p2a: Snorlax
|-unboost|p2a: Snorlax|spe|1
|-boost|p2a: Snorlax|atk|1
|-boost|p2a: Snorlax|def|1
|
|-weather|Sandstorm|[upkeep]
|-damage|p2a: Snorlax|94/100|[from] Sandstorm
|-heal|p2a: Snorlax|100/100|[from] item: Leftovers
|upkeep
|turn|17
|
|t:|1728154290
|move|p1a: Forretress|Explosion|p2a: Snorlax
|-damage|p2a: Snorlax|56/100
|faint|p1a: Forretress
|
|t:|1728154301
|switch|p1a: Blissey|Blissey, F|81/100
|
|-weather|Sandstorm|[upkeep]
|-damage|p1a: Blissey|75/100|[from] Sandstorm
|-damage|p2a: Snorlax|50/100|[from] Sandstorm
|-heal|p1a: Blissey|81/100|[from] item: Leftovers
|-heal|p2a: Snorlax|56/100|[from] item: Leftovers
|upkeep
|turn|18
|
|t:|1728154305
|move|p2a: Snorlax|Body Slam|p1a: Blissey
|-damage|p1a: Blissey|12/100
|move|p1a: Blissey|Counter|p2a: Snorlax
|-damage|p2a: Snorlax|0 fnt
|faint|p2a: Snorlax
|
|t:|1728154311
|switch|p2a: Salamence|Salamence, M|88/100
|-ability|p2a: Salamence|Intimidate|boost
|-unboost|p1a: Blissey|atk|1
|
|-weather|Sandstorm|[upkeep]
|-damage|p2a: Salamence|82/100|[from] Sandstorm
|-damage|p1a: Blissey|6/100|[from] Sandstorm
|-heal|p1a: Blissey|12/100|[from] item: Leftovers
|upkeep
|turn|19
|
|t:|1728154316
|switch|p1a: Salamence|Salamence, F|100/100
|-ability|p1a: Salamence|Intimidate|boost
|-unboost|p2a: Salamence|atk|1
|move|p2a: Salamence|Hidden Power|p1a: Salamence
|-damage|p1a: Salamence|51/100
|
|-weather|Sandstorm|[upkeep]
|-damage|p2a: Salamence|76/100|[from] Sandstorm
|-damage|p1a: Salamence|45/100|[from] Sandstorm
|-heal|p1a: Salamence|51/100|[from] item: Leftovers
|upkeep
|turn|20
|
|t:|1728154323
|move|p2a: Salamence|Hidden Power|p1a: Salamence
|-damage|p1a: Salamence|7/100
|move|p1a: Salamence|Hidden Power|p2a: Salamence
|-resisted|p2a: Salamence
|-damage|p2a: Salamence|70/100
|
|-weather|Sandstorm|[upkeep]
|-damage|p1a: Salamence|1/100|[from] Sandstorm
|-damage|p2a: Salamence|64/100|[from] Sandstorm
|-heal|p1a: Salamence|7/100|[from] item: Leftovers
|upkeep
|turn|21
|
|t:|1728154327
|switch|p2a: Celebi|Celebi|100/100
|-damage|p2a: Celebi|88/100|[from] Spikes
|move|p1a: Salamence|Dragon Claw|p2a: Celebi
|-damage|p2a: Celebi|60/100
|
|-weather|Sandstorm|[upkeep]
|-damage|p1a: Salamence|1/100|[from] Sandstorm
|-damage|p2a: Celebi|54/100|[from] Sandstorm
|-heal|p1a: Salamence|7/100|[from] item: Leftovers
|-heal|p2a: Celebi|60/100|[from] item: Leftovers
|upkeep
|turn|22
|
|t:|1728154332
|switch|p2a: Salamence|Salamence, M|64/100
|-ability|p2a: Salamence|Intimidate|boost
|-unboost|p1a: Salamence|atk|1
|move|p1a: Salamence|Fire Blast|p2a: Salamence
|-resisted|p2a: Salamence
|-damage|p2a: Salamence|42/100
|
|-weather|Sandstorm|[upkeep]
|-damage|p2a: Salamence|36/100|[from] Sandstorm
|-damage|p1a: Salamence|1/100|[from] Sandstorm
|-heal|p1a: Salamence|7/100|[from] item: Leftovers
|upkeep
|turn|23
|
|t:|1728154336
|move|p1a: Salamence|Dragon Claw|p2a: Salamence
|-supereffective|p2a: Salamence
|-damage|p2a: Salamence|0 fnt
|faint|p2a: Salamence
|
|t:|1728154338
|switch|p2a: Claydol|Claydol|100/100
|
|-weather|Sandstorm|[upkeep]
|-damage|p1a: Salamence|1/100|[from] Sandstorm
|-heal|p1a: Salamence|7/100|[from] item: Leftovers
|upkeep
|turn|24
|
|t:|1728154350
|move|p1a: Salamence|Hidden Power|p2a: Claydol
|-supereffective|p2a: Claydol
|-damage|p2a: Claydol|59/100
|move|p2a: Claydol|Rapid Spin|p1a: Salamence
|-damage|p1a: Salamence|1/100
|-sideend|p2: cyberodin|Spikes|[from] move: Rapid Spin|[of] p2a: Claydol
|
|-weather|Sandstorm|[upkeep]
|-damage|p1a: Salamence|0 fnt|[from] Sandstorm
|faint|p1a: Salamence
|-heal|p2a: Claydol|65/100|[from] item: Leftovers
|upkeep
|
|t:|1728154366
|switch|p1a: Tyranitar|Tyranitar, F|100/100
|turn|25
|
|t:|1728154369
|move|p2a: Claydol|Earthquake|p1a: Tyranitar
|-supereffective|p1a: Tyranitar
|-damage|p1a: Tyranitar|45/100
|move|p1a: Tyranitar|Crunch|p2a: Claydol
|-supereffective|p2a: Claydol
|-damage|p2a: Claydol|0 fnt
|faint|p2a: Claydol
|
|t:|1728154373
|switch|p2a: Celebi|Celebi|60/100
|
|-weather|Sandstorm|[upkeep]
|-damage|p2a: Celebi|54/100|[from] Sandstorm
|-heal|p2a: Celebi|60/100|[from] item: Leftovers
|-heal|p1a: Tyranitar|51/100|[from] item: Leftovers
|upkeep
|turn|26
|
|t:|1728154376
|move|p2a: Celebi|Hidden Power|p1a: Tyranitar
|-supereffective|p1a: Tyranitar
|-damage|p1a: Tyranitar|7/100
|move|p1a: Tyranitar|Crunch|p2a: Celebi
|-supereffective|p2a: Celebi
|-damage|p2a: Celebi|7/100
|
|-weather|Sandstorm|[upkeep]
|-damage|p2a: Celebi|0 fnt|[from] Sandstorm
|faint|p2a: Celebi
|-heal|p1a: Tyranitar|13/100|[from] item: Leftovers
|upkeep
|
|t:|1728154379
|switch|p2a: Magneton|Magneton|100/100
|turn|27
|
|t:|1728154406
|move|p2a: Magneton|Hidden Power|p1a: Tyranitar
|-supereffective|p1a: Tyranitar
|-damage|p1a: Tyranitar|0 fnt
|faint|p1a: Tyranitar
|
|t:|1728154409
|switch|p1a: Aerodactyl|Aerodactyl, M|100/100
|
|-weather|Sandstorm|[upkeep]
|upkeep
|turn|28
|
|t:|1728154413
|move|p1a: Aerodactyl|Earthquake|p2a: Magneton
|-supereffective|p2a: Magneton
|-damage|p2a: Magneton|0 fnt
|faint|p2a: Magneton
|
|t:|1728154414
|switch|p2a: Suicune|Suicune|100/100 slp
|
|-weather|Sandstorm|[upkeep]
|-damage|p2a: Suicune|94/100 slp|[from] Sandstorm
|-heal|p2a: Suicune|100/100 slp|[from] item: Leftovers
|upkeep
|turn|29
|
|t:|1728154417
|switch|p1a: Jirachi|Jirachi|97/100
|-curestatus|p2a: Suicune|slp|[msg]
|move|p2a: Suicune|Calm Mind|p2a: Suicune
|-boost|p2a: Suicune|spa|1
|-boost|p2a: Suicune|spd|1
|
|-weather|Sandstorm|[upkeep]
|-damage|p2a: Suicune|94/100|[from] Sandstorm
|-heal|p1a: Jirachi|100/100|[from] item: Leftovers
|-heal|p2a: Suicune|100/100|[from] item: Leftovers
|upkeep
|turn|30
|
|t:|1728154419
|move|p1a: Jirachi|Toxic|p2a: Suicune
|-status|p2a: Suicune|tox
|move|p2a: Suicune|Calm Mind|p2a: Suicune
|-boost|p2a: Suicune|spa|1
|-boost|p2a: Suicune|spd|1
|
|-weather|Sandstorm|[upkeep]
|-damage|p2a: Suicune|94/100 tox|[from] Sandstorm
|-heal|p2a: Suicune|100/100 tox|[from] item: Leftovers
|-damage|p2a: Suicune|94/100 tox|[from] psn
|upkeep
|turn|31
|
|t:|1728154424
|move|p1a: Jirachi|Wish|p1a: Jirachi
|move|p2a: Suicune|Calm Mind|p2a: Suicune
|-boost|p2a: Suicune|spa|1
|-boost|p2a: Suicune|spd|1
|
|-weather|Sandstorm|[upkeep]
|-damage|p2a: Suicune|88/100 tox|[from] Sandstorm
|-heal|p2a: Suicune|94/100 tox|[from] item: Leftovers
|-damage|p2a: Suicune|82/100 tox|[from] psn
|upkeep
|turn|32
|
|t:|1728154429
|move|p1a: Jirachi|Protect|p1a: Jirachi
|-singleturn|p1a: Jirachi|Protect
|move|p2a: Suicune|Calm Mind|p2a: Suicune
|-boost|p2a: Suicune|spa|1
|-boost|p2a: Suicune|spd|1
|
|-weather|Sandstorm|[upkeep]
|-damage|p2a: Suicune|76/100 tox|[from] Sandstorm
|-heal|p2a: Suicune|82/100 tox|[from] item: Leftovers
|-damage|p2a: Suicune|63/100 tox|[from] psn
|upkeep
|turn|33
|
|t:|1728154435
|move|p1a: Jirachi|Fire Punch|p2a: Suicune
|-resisted|p2a: Suicune
|-damage|p2a: Suicune|61/100 tox
|move|p2a: Suicune|Calm Mind|p2a: Suicune
|-boost|p2a: Suicune|spa|1
|-boost|p2a: Suicune|spd|1
|
|-weather|Sandstorm|[upkeep]
|-damage|p2a: Suicune|55/100 tox|[from] Sandstorm
|-heal|p2a: Suicune|61/100 tox|[from] item: Leftovers
|-damage|p2a: Suicune|36/100 tox|[from] psn
|upkeep
|turn|34
|
|t:|1728154441
|switch|p1a: Aerodactyl|Aerodactyl, M|100/100
|move|p2a: Suicune|Rest|p2a: Suicune
|-status|p2a: Suicune|slp|[from] move: Rest
|-heal|p2a: Suicune|100/100 slp|[silent]
|
|-weather|Sandstorm|[upkeep]
|-damage|p2a: Suicune|94/100 slp|[from] Sandstorm
|-heal|p2a: Suicune|100/100 slp|[from] item: Leftovers
|upkeep
|turn|35
|
|t:|1728154446
|move|p1a: Aerodactyl|Double-Edge|p2a: Suicune
|-damage|p2a: Suicune|68/100 slp
|cant|p2a: Suicune|slp
|
|-weather|Sandstorm|[upkeep]
|-damage|p2a: Suicune|61/100 slp|[from] Sandstorm
|-heal|p2a: Suicune|68/100 slp|[from] item: Leftovers
|upkeep
|turn|36
|
|t:|1728154448
|move|p1a: Aerodactyl|Double-Edge|p2a: Suicune
|-damage|p2a: Suicune|36/100 slp
|cant|p2a: Suicune|slp
|
|-weather|Sandstorm|[upkeep]
|-damage|p2a: Suicune|30/100 slp|[from] Sandstorm
|-heal|p2a: Suicune|36/100 slp|[from] item: Leftovers
|upkeep
|turn|37
|
|t:|1728154451
|move|p1a: Aerodactyl|Double-Edge|p2a: Suicune
|-damage|p2a: Suicune|8/100 slp
|-curestatus|p2a: Suicune|slp|[msg]
|move|p2a: Suicune|Rest|p2a: Suicune
|-status|p2a: Suicune|slp|[from] move: Rest
|-heal|p2a: Suicune|100/100 slp|[silent]
|
|-weather|Sandstorm|[upkeep]
|-damage|p2a: Suicune|94/100 slp|[from] Sandstorm
|-heal|p2a: Suicune|100/100 slp|[from] item: Leftovers
|upkeep
|turn|38
|
|t:|1728154455
|move|p1a: Aerodactyl|Double-Edge|p2a: Suicune
|-damage|p2a: Suicune|72/100 slp
|cant|p2a: Suicune|slp
|
|-weather|Sandstorm|[upkeep]
|-damage|p2a: Suicune|65/100 slp|[from] Sandstorm
|-heal|p2a: Suicune|72/100 slp|[from] item: Leftovers
|upkeep
|turn|39
|
|t:|1728154458
|move|p1a: Aerodactyl|Double-Edge|p2a: Suicune
|-damage|p2a: Suicune|41/100 slp
|cant|p2a: Suicune|slp
|
|-weather|Sandstorm|[upkeep]
|-damage|p2a: Suicune|35/100 slp|[from] Sandstorm
|-heal|p2a: Suicune|41/100 slp|[from] item: Leftovers
|upkeep
|turn|40
|
|t:|1728154460
|move|p1a: Aerodactyl|Double-Edge|p2a: Suicune
|-crit|p2a: Suicune
|-damage|p2a: Suicune|0 fnt
|faint|p2a: Suicune
|
|win|blavand
|c|☆blavand|Gg
|l|☆cyberodin
|player|p2|
|l|☆blavand
|player|p1|
|j|☆blavand
|player|p1|blavand|clown|
|n|☆blavand|blavand

</script>
<script type="application/json" class="data" id="replaydata-gen3ou-2216625981">
{"id":"gen3ou-2216625981","format":"[Gen 3] OU","players":["blavand","cyberodin"],"uploadtime":1728155673,"views":277,"formatid":"gen3ou","rating":null,"private":0,"password":null}
</script>

<script defer src="js/replays.js?9d40a366"></script>
