<!DOCTYPE html>
<meta charset="utf-8" />
<meta name="viewport" content="width=device-width" />

<title>[Gen 3] OU: vbncvx vs. RaskaPork - Replays - Pok&eacute;mon Showdown!</title>

<meta name="description" content="Watch a replay of a Pok&eacute;mon battle between vbncvx and RaskaPork! Format: [Gen 3] OU; Date: Oct 11, 2024" />
<!--

Hey, you! Looking in the source for the replay log?

You can find them in JSON format, just add `.json` at the end of a replay URL.

https://replay.pokemonshowdown.com/gen7randomdoublesbattle-865046831.json

Or, if you only need the log itself, add `.log` instead:

https://replay.pokemonshowdown.com/gen7randomdoublesbattle-865046831.log

-->

<link rel="stylesheet" href="//pokemonshowdown.com/style/global.css?0.023195364461161105" />
<link rel="stylesheet" href="//play.pokemonshowdown.com/style/font-awesome.css?0.13261647063804238" />
<link rel="stylesheet" href="//play.pokemonshowdown.com/style/battle.css?0.8753245789963631" />
<link rel="stylesheet" href="//play.pokemonshowdown.com/style/utilichart.css?0.8627959624976733" />

<!-- Global site tag (gtag.js) - Google Analytics -->
<script async src="https://www.googletagmanager.com/gtag/js?id=UA-26211653-1"></script>
<script>
  window.dataLayer = window.dataLayer || [];
  function gtag(){dataLayer.push(arguments);}
  gtag('js', new Date());

  gtag('config', 'UA-26211653-1');
</script>
<!-- End Google Analytics -->
<!-- Venatus Ad Manager - Install in <HEAD> of page -->
	<script src="https://hb.vntsm.com/v3/live/ad-manager.min.js" type="text/javascript" data-site-id="642aba63ec9a7b11c3c9c1be" data-mode="scan" async></script>
<!-- / Venatus Ad Manager -->

<style>
	@media (max-width:820px) {
		.battle {
			margin: 0 auto;
		}
		.battle-log {
			margin: 7px auto 0;
			max-width: 640px;
			height: 300px;
			position: static;
		}
	}
	.optgroup {
		display: inline-block;
		line-height: 22px;
		font-size: 10pt;
	}
	.optgroup .button {
		height: 25px;
		padding-top: 0;
		padding-bottom: 0;
	}
	.optgroup button.button {
		padding-left: 12px;
		padding-right: 12px;
	}
	.linklist {
		list-style: none;
		margin: 0.5em 0;
		padding: 0;
	}
	.linklist li {
		padding: 2px 0;
	}
	.sidebar {
		float: left;
		width: 320px;
	}
	.bar-wrapper {
		max-width: 1100px;
		margin: 0 auto;
	}
	.bar-wrapper.has-sidebar {
		max-width: 1430px;
	}
	.mainbar {
		margin: 0;
		padding-right: 1px;
	}
	.mainbar.has-sidebar {
		margin-left: 330px;
	}
	@media (min-width: 1511px) {
		.sidebar {
			width: 400px;
		}
		.bar-wrapper.has-sidebar {
			max-width: 1510px;
		}
		.mainbar.has-sidebar {
			margin-left: 410px;
		}
	}
	.section.first-section {
		margin-top: 9px;
	}
	.blocklink small {
		white-space: normal;
	}
	.button {
		vertical-align: middle;
	}
	.replay-controls {
		padding-top: 10px;
	}
	.replay-controls h1 {
		font-size: 16pt;
		font-weight: normal;
		color: #CCC;
	}
	.pagelink {
		text-align: center;
	}
	.pagelink a {
		width: 150px;
	}
	.textbox, .button {
		font-size: 11pt;
		vertical-align: middle;
	}
	@media (max-width: 450px) {
		.button {
			font-size: 9pt;
		}
	}
</style>

<div>

	<header>
		<div class="nav-wrapper"><ul class="nav">
			<li><a class="button nav-first" href="//pokemonshowdown.com/"><img src="//pokemonshowdown.com/images/pokemonshowdownbeta.png" srcset="//pokemonshowdown.com/images/pokemonshowdownbeta.png 1x, //pokemonshowdown.com/images/pokemonshowdownbeta@2x.png 2x" alt="Pok&eacute;mon Showdown" width="146" height="44" /> Home</a></li>
			<li><a class="button" href="//pokemonshowdown.com/dex/">Pok&eacute;dex</a></li>
			<li><a class="button cur" href="/">Replays</a></li>
			<li><a class="button" href="//pokemonshowdown.com/ladder/">Ladder</a></li>
			<li><a class="button nav-last" href="//pokemonshowdown.com/forums/">Forum</a></li>
			<li><a class="button greenbutton nav-first nav-last" href="//play.pokemonshowdown.com/">Play</a></li>
		</ul></div>
	</header>

	<div class="main" id="main">

		<noscript><section class="section">You need to enable JavaScript to use this page; sorry!</section></noscript>

	</div>

</div>

<script defer nomodule src="//play.pokemonshowdown.com/js/lib/ps-polyfill.js"></script>
<script defer src="//play.pokemonshowdown.com/js/lib/preact.min.js"></script>

<script defer src="//play.pokemonshowdown.com/config/config.js?2bddbc15"></script>
<script defer src="//play.pokemonshowdown.com/js/lib/jquery-1.11.0.min.js"></script>
<script defer src="//play.pokemonshowdown.com/js/lib/html-sanitizer-minified.js"></script>
<script defer src="//play.pokemonshowdown.com/js/battle-sound.js"></script>
<script defer src="//play.pokemonshowdown.com/js/battledata.js?0.7209276989879541"></script>
<script defer src="//play.pokemonshowdown.com/data/pokedex-mini.js?0.6111056340867951"></script>
<script defer src="//play.pokemonshowdown.com/data/pokedex-mini-bw.js?0.3532142036491459"></script>
<script defer src="//play.pokemonshowdown.com/data/graphics.js?0.24223875632456182"></script>
<script defer src="//play.pokemonshowdown.com/data/pokedex.js?0.38839984266356864"></script>
<script defer src="//play.pokemonshowdown.com/data/moves.js?0.21866028504024015"></script>
<script defer src="//play.pokemonshowdown.com/data/abilities.js?0.2005157953846628"></script>
<script defer src="//play.pokemonshowdown.com/data/items.js?0.9894211263848525"></script>
<script defer src="//play.pokemonshowdown.com/data/teambuilder-tables.js?0.6008791140282215"></script>
<script defer src="//play.pokemonshowdown.com/js/battle-tooltips.js?0.7580118955022959"></script>
<script defer src="//play.pokemonshowdown.com/js/battle.js?0.6057722274234274"></script>

<script defer src="js/utils.js?e31f9a17"></script>
<script defer src="js/replays-battle.js?7008c182"></script>

<!-- don't scrape this data! just add .json or .log after the URL!
Full API docs: https://github.com/smogon/pokemon-showdown-client/blob/master/WEB-API.md -->
<script type="text/plain" class="log" id="replaylog-smogtours-gen3ou-797104">
|inactive|Battle timer is ON: inactive players will automatically lose when time's up.
|t:|1728608579
|gametype|singles
|player|p1|vbncvx|2|
|player|p2|RaskaPork|ingo|
|teamsize|p1|6
|teamsize|p2|6
|gen|3
|tier|[Gen 3] OU
|rule|Sleep Clause Mod: Limit one foe put to sleep
|rule|Switch Priority Clause Mod: Faster Pokémon switch first
|rule|Species Clause: Limit one of each Pokémon
|rule|OHKO Clause: OHKO moves are banned
|rule|Evasion Items Clause: Evasion items are banned
|rule|Evasion Moves Clause: Evasion moves are banned
|rule|Endless Battle Clause: Forcing endless battles is banned
|rule|HP Percentage Mod: HP is shown in percentages
|rule|One Boost Passer Clause: Limit one Baton Passer that has a way to boost its stats
|rule|Freeze Clause Mod: Limit one foe frozen
|
|t:|1728608579
|start
|switch|p1a: Metagross|Metagross|100/100
|switch|p2a: Yellow Stuff|Zapdos|100/100
|turn|1
|
|t:|1728608590
|move|p2a: Yellow Stuff|Substitute|p2a: Yellow Stuff
|-start|p2a: Yellow Stuff|Substitute
|-damage|p2a: Yellow Stuff|76/100
|move|p1a: Metagross|Meteor Mash|p2a: Yellow Stuff
|-resisted|p2a: Yellow Stuff
|-end|p2a: Yellow Stuff|Substitute
|
|-heal|p2a: Yellow Stuff|82/100|[from] item: Leftovers
|upkeep
|turn|2
|
|t:|1728608600
|switch|p2a: Da Big Dog|Suicune|100/100
|move|p1a: Metagross|Meteor Mash|p2a: Da Big Dog|[miss]
|-miss|p1a: Metagross|p2a: Da Big Dog
|
|upkeep
|turn|3
|
|t:|1728608612
|switch|p1a: Snorlax|Snorlax, F|100/100
|move|p2a: Da Big Dog|Substitute|p2a: Da Big Dog
|-start|p2a: Da Big Dog|Substitute
|-damage|p2a: Da Big Dog|75/100
|
|-heal|p2a: Da Big Dog|82/100|[from] item: Leftovers
|upkeep
|turn|4
|
|t:|1728608636
|switch|p1a: Suicune|Suicune|100/100
|move|p2a: Da Big Dog|Hydro Pump|p1a: Suicune
|-resisted|p1a: Suicune
|-damage|p1a: Suicune|81/100
|
|-heal|p2a: Da Big Dog|88/100|[from] item: Leftovers
|-heal|p1a: Suicune|88/100|[from] item: Leftovers
|upkeep
|turn|5
|
|t:|1728608642
|move|p2a: Da Big Dog|Calm Mind|p2a: Da Big Dog
|-boost|p2a: Da Big Dog|spa|1
|-boost|p2a: Da Big Dog|spd|1
|move|p1a: Suicune|Calm Mind|p1a: Suicune
|-boost|p1a: Suicune|spa|1
|-boost|p1a: Suicune|spd|1
|
|-heal|p2a: Da Big Dog|94/100|[from] item: Leftovers
|-heal|p1a: Suicune|94/100|[from] item: Leftovers
|upkeep
|turn|6
|
|t:|1728608655
|switch|p2a: Krabs Borg|Metagross|100/100
|move|p1a: Suicune|Substitute|p1a: Suicune
|-start|p1a: Suicune|Substitute
|-damage|p1a: Suicune|69/100
|
|-heal|p1a: Suicune|75/100|[from] item: Leftovers
|upkeep
|turn|7
|
|t:|1728608667
|move|p1a: Suicune|Surf|p2a: Krabs Borg
|-damage|p2a: Krabs Borg|45/100
|move|p2a: Krabs Borg|Agility|p2a: Krabs Borg
|-boost|p2a: Krabs Borg|spe|2
|
|-heal|p1a: Suicune|81/100|[from] item: Leftovers
|upkeep
|turn|8
|
|t:|1728608679
|move|p2a: Krabs Borg|Earthquake|p1a: Suicune
|-crit|p1a: Suicune
|-end|p1a: Suicune|Substitute
|move|p1a: Suicune|Surf|p2a: Krabs Borg
|-damage|p2a: Krabs Borg|0 fnt
|faint|p2a: Krabs Borg
|
|t:|1728608685
|switch|p2a: Dey Call Me Onion|Celebi|100/100
|
|-heal|p1a: Suicune|87/100|[from] item: Leftovers
|upkeep
|turn|9
|
|t:|1728608695
|switch|p1a: Metagross|Metagross|100/100
|move|p2a: Dey Call Me Onion|Leech Seed|p1a: Metagross
|-start|p1a: Metagross|move: Leech Seed
|
|-damage|p1a: Metagross|88/100|[from] Leech Seed|[of] p2a: Dey Call Me Onion
|upkeep
|turn|10
|
|t:|1728608705
|switch|p2a: Da Big Dog|Suicune|94/100
|move|p1a: Metagross|Explosion|p2a: Da Big Dog
|-damage|p2a: Da Big Dog|0 fnt
|faint|p1a: Metagross
|faint|p2a: Da Big Dog
|
|t:|1728608715
|switch|p2a: Yellow Stuff|Zapdos|82/100
|switch|p1a: Tyranitar|Tyranitar, M|100/100
|-weather|Sandstorm|[from] ability: Sand Stream|[of] p1a: Tyranitar
|
|-weather|Sandstorm|[upkeep]
|-damage|p2a: Yellow Stuff|76/100|[from] Sandstorm
|-heal|p2a: Yellow Stuff|82/100|[from] item: Leftovers
|upkeep
|turn|11
|
|t:|1728608722
|switch|p2a: Dey Call Me Onion|Celebi|100/100
|move|p1a: Tyranitar|Crunch|p2a: Dey Call Me Onion
|-supereffective|p2a: Dey Call Me Onion
|-damage|p2a: Dey Call Me Onion|27/100
|
|-weather|Sandstorm|[upkeep]
|-damage|p2a: Dey Call Me Onion|21/100|[from] Sandstorm
|-heal|p2a: Dey Call Me Onion|27/100|[from] item: Leftovers
|upkeep
|turn|12
|
|t:|1728608744
|move|p2a: Dey Call Me Onion|Giga Drain|p1a: Tyranitar
|-supereffective|p1a: Tyranitar
|-crit|p1a: Tyranitar
|-damage|p1a: Tyranitar|0 fnt
|-heal|p2a: Dey Call Me Onion|86/100|[from] drain|[of] p1a: Tyranitar
|faint|p1a: Tyranitar
|
|t:|1728608751
|switch|p1a: Salamence|Salamence, M|100/100
|-ability|p1a: Salamence|Intimidate|boost
|-unboost|p2a: Dey Call Me Onion|atk|1
|
|-weather|Sandstorm|[upkeep]
|-damage|p2a: Dey Call Me Onion|80/100|[from] Sandstorm
|-damage|p1a: Salamence|94/100|[from] Sandstorm
|-heal|p2a: Dey Call Me Onion|86/100|[from] item: Leftovers
|-heal|p1a: Salamence|100/100|[from] item: Leftovers
|upkeep
|turn|13
|
|t:|1728608770
|move|p2a: Dey Call Me Onion|Leech Seed|p1a: Salamence
|-start|p1a: Salamence|move: Leech Seed
|move|p1a: Salamence|Dragon Dance|p1a: Salamence
|-boost|p1a: Salamence|atk|1
|-boost|p1a: Salamence|spe|1
|
|-weather|Sandstorm|[upkeep]
|-damage|p1a: Salamence|94/100|[from] Sandstorm
|-damage|p2a: Dey Call Me Onion|80/100|[from] Sandstorm
|-heal|p1a: Salamence|100/100|[from] item: Leftovers
|-damage|p1a: Salamence|88/100|[from] Leech Seed|[of] p2a: Dey Call Me Onion
|-heal|p2a: Dey Call Me Onion|93/100|[silent]
|-heal|p2a: Dey Call Me Onion|99/100|[from] item: Leftovers
|upkeep
|turn|14
|
|t:|1728608786
|switch|p2a: Pump it Up!|Kingdra, F|100/100
|move|p1a: Salamence|Dragon Dance|p1a: Salamence
|-boost|p1a: Salamence|atk|1
|-boost|p1a: Salamence|spe|1
|
|-weather|Sandstorm|[upkeep]
|-damage|p1a: Salamence|82/100|[from] Sandstorm
|-damage|p2a: Pump it Up!|95/100|[from] Sandstorm
|-heal|p1a: Salamence|88/100|[from] item: Leftovers
|-damage|p1a: Salamence|75/100|[from] Leech Seed|[of] p2a: Pump it Up!
|-heal|p2a: Pump it Up!|100/100|[silent]
|upkeep
|turn|15
|
|t:|1728608794
|switch|p1a: Snorlax|Snorlax, F|100/100
|move|p2a: Pump it Up!|Ice Beam|p1a: Snorlax
|-damage|p1a: Snorlax|84/100
|
|-weather|Sandstorm|[upkeep]
|-damage|p2a: Pump it Up!|95/100|[from] Sandstorm
|-damage|p1a: Snorlax|77/100|[from] Sandstorm
|-heal|p2a: Pump it Up!|100/100|[from] item: Leftovers
|-heal|p1a: Snorlax|84/100|[from] item: Leftovers
|upkeep
|turn|16
|
|t:|1728608800
|switch|p2a: Dey Call Me Onion|Celebi|99/100
|move|p1a: Snorlax|Curse|p1a: Snorlax
|-unboost|p1a: Snorlax|spe|1
|-boost|p1a: Snorlax|atk|1
|-boost|p1a: Snorlax|def|1
|
|-weather|Sandstorm|[upkeep]
|-damage|p2a: Dey Call Me Onion|93/100|[from] Sandstorm
|-damage|p1a: Snorlax|77/100|[from] Sandstorm
|-heal|p2a: Dey Call Me Onion|99/100|[from] item: Leftovers
|-heal|p1a: Snorlax|84/100|[from] item: Leftovers
|upkeep
|turn|17
|
|t:|1728608805
|move|p2a: Dey Call Me Onion|Leech Seed|p1a: Snorlax
|-start|p1a: Snorlax|move: Leech Seed
|move|p1a: Snorlax|Body Slam|p2a: Dey Call Me Onion
|-damage|p2a: Dey Call Me Onion|36/100
|
|-weather|Sandstorm|[upkeep]
|-damage|p2a: Dey Call Me Onion|30/100|[from] Sandstorm
|-damage|p1a: Snorlax|77/100|[from] Sandstorm
|-heal|p2a: Dey Call Me Onion|36/100|[from] item: Leftovers
|-heal|p1a: Snorlax|84/100|[from] item: Leftovers
|-damage|p1a: Snorlax|71/100|[from] Leech Seed|[of] p2a: Dey Call Me Onion
|-heal|p2a: Dey Call Me Onion|53/100|[silent]
|upkeep
|turn|18
|
|t:|1728608809
|move|p2a: Dey Call Me Onion|Giga Drain|p1a: Snorlax
|-damage|p1a: Snorlax|54/100
|-heal|p2a: Dey Call Me Onion|64/100|[from] drain|[of] p1a: Snorlax
|move|p1a: Snorlax|Body Slam|p2a: Dey Call Me Onion
|-damage|p2a: Dey Call Me Onion|4/100
|-status|p2a: Dey Call Me Onion|par
|
|-weather|Sandstorm|[upkeep]
|-damage|p2a: Dey Call Me Onion|0 fnt|[from] Sandstorm
|-damage|p1a: Snorlax|48/100|[from] Sandstorm
|faint|p2a: Dey Call Me Onion
|-heal|p1a: Snorlax|54/100|[from] item: Leftovers
|upkeep
|
|t:|1728608823
|switch|p2a: Yippee!|Dugtrio, M, shiny|100/100
|turn|19
|
|t:|1728608830
|move|p2a: Yippee!|Earthquake|p1a: Snorlax
|-damage|p1a: Snorlax|21/100
|move|p1a: Snorlax|Body Slam|p2a: Yippee!
|-damage|p2a: Yippee!|0 fnt
|faint|p2a: Yippee!
|
|t:|1728608836
|switch|p2a: Yellow Stuff|Zapdos|82/100
|
|-weather|Sandstorm|[upkeep]
|-damage|p2a: Yellow Stuff|76/100|[from] Sandstorm
|-damage|p1a: Snorlax|15/100|[from] Sandstorm
|-heal|p2a: Yellow Stuff|82/100|[from] item: Leftovers
|-heal|p1a: Snorlax|21/100|[from] item: Leftovers
|-damage|p1a: Snorlax|9/100|[from] Leech Seed|[of] p2a: Yellow Stuff
|-heal|p2a: Yellow Stuff|99/100|[silent]
|upkeep
|turn|20
|
|t:|1728608843
|move|p2a: Yellow Stuff|Thunderbolt|p1a: Snorlax
|-damage|p1a: Snorlax|0 fnt
|faint|p1a: Snorlax
|
|t:|1728608866
|switch|p1a: Salamence|Salamence, M|75/100
|-ability|p1a: Salamence|Intimidate|boost
|-unboost|p2a: Yellow Stuff|atk|1
|
|-weather|Sandstorm|[upkeep]
|-damage|p2a: Yellow Stuff|94/100|[from] Sandstorm
|-damage|p1a: Salamence|69/100|[from] Sandstorm
|-heal|p2a: Yellow Stuff|99/100|[from] item: Leftovers
|-heal|p1a: Salamence|75/100|[from] item: Leftovers
|upkeep
|turn|21
|
|t:|1728608882
|switch|p2a: Pump it Up!|Kingdra, F|100/100
|move|p1a: Salamence|Rock Slide|p2a: Pump it Up!
|-damage|p2a: Pump it Up!|70/100
|
|-weather|Sandstorm|[upkeep]
|-damage|p1a: Salamence|69/100|[from] Sandstorm
|-damage|p2a: Pump it Up!|64/100|[from] Sandstorm
|-heal|p1a: Salamence|75/100|[from] item: Leftovers
|-heal|p2a: Pump it Up!|70/100|[from] item: Leftovers
|upkeep
|turn|22
|
|t:|1728608891
|switch|p1a: Suicune|Suicune|87/100
|switch|p2a: Yellow Stuff|Zapdos|99/100
|
|-weather|Sandstorm|[upkeep]
|-damage|p2a: Yellow Stuff|94/100|[from] Sandstorm
|-damage|p1a: Suicune|81/100|[from] Sandstorm
|-heal|p2a: Yellow Stuff|99/100|[from] item: Leftovers
|-heal|p1a: Suicune|87/100|[from] item: Leftovers
|upkeep
|turn|23
|
|t:|1728608896
|switch|p1a: Claydol|Claydol|100/100
|move|p2a: Yellow Stuff|Thunderbolt|p1a: Claydol
|-immune|p1a: Claydol
|
|-weather|Sandstorm|[upkeep]
|-damage|p2a: Yellow Stuff|94/100|[from] Sandstorm
|-heal|p2a: Yellow Stuff|99/100|[from] item: Leftovers
|upkeep
|turn|24
|
|t:|1728608903
|move|p2a: Yellow Stuff|Substitute|p2a: Yellow Stuff
|-start|p2a: Yellow Stuff|Substitute
|-damage|p2a: Yellow Stuff|75/100
|move|p1a: Claydol|Rock Slide|p2a: Yellow Stuff
|-supereffective|p2a: Yellow Stuff
|-end|p2a: Yellow Stuff|Substitute
|
|-weather|Sandstorm|[upkeep]
|-damage|p2a: Yellow Stuff|69/100|[from] Sandstorm
|-heal|p2a: Yellow Stuff|75/100|[from] item: Leftovers
|upkeep
|turn|25
|
|t:|1728608920
|switch|p2a: Pump it Up!|Kingdra, F|70/100
|move|p1a: Claydol|Rock Slide|p2a: Pump it Up!
|-damage|p2a: Pump it Up!|50/100
|
|-weather|Sandstorm|[upkeep]
|-damage|p2a: Pump it Up!|44/100|[from] Sandstorm
|-heal|p2a: Pump it Up!|50/100|[from] item: Leftovers
|upkeep
|turn|26
|
|t:|1728608927
|switch|p1a: Suicune|Suicune|87/100
|move|p2a: Pump it Up!|Substitute|p2a: Pump it Up!
|-start|p2a: Pump it Up!|Substitute
|-damage|p2a: Pump it Up!|26/100
|
|-weather|Sandstorm|[upkeep]
|-damage|p1a: Suicune|81/100|[from] Sandstorm
|-damage|p2a: Pump it Up!|20/100|[from] Sandstorm
|-heal|p1a: Suicune|87/100|[from] item: Leftovers
|-heal|p2a: Pump it Up!|26/100|[from] item: Leftovers
|upkeep
|turn|27
|
|t:|1728608932
|switch|p2a: Yellow Stuff|Zapdos|75/100
|move|p1a: Suicune|Roar|p2a: Yellow Stuff
|drag|p2a: Pump it Up!|Kingdra, F|26/100
|
|-weather|Sandstorm|[upkeep]
|-damage|p1a: Suicune|81/100|[from] Sandstorm
|-damage|p2a: Pump it Up!|20/100|[from] Sandstorm
|-heal|p1a: Suicune|87/100|[from] item: Leftovers
|-heal|p2a: Pump it Up!|26/100|[from] item: Leftovers
|upkeep
|turn|28
|
|t:|1728608937
|switch|p2a: Yellow Stuff|Zapdos|75/100
|move|p1a: Suicune|Calm Mind|p1a: Suicune
|-boost|p1a: Suicune|spa|1
|-boost|p1a: Suicune|spd|1
|
|-weather|Sandstorm|[upkeep]
|-damage|p2a: Yellow Stuff|69/100|[from] Sandstorm
|-damage|p1a: Suicune|81/100|[from] Sandstorm
|-heal|p2a: Yellow Stuff|75/100|[from] item: Leftovers
|-heal|p1a: Suicune|87/100|[from] item: Leftovers
|upkeep
|turn|29
|
|t:|1728608940
|switch|p1a: Claydol|Claydol|100/100
|move|p2a: Yellow Stuff|Thunderbolt|p1a: Claydol
|-immune|p1a: Claydol
|
|-weather|Sandstorm|[upkeep]
|-damage|p2a: Yellow Stuff|69/100|[from] Sandstorm
|-heal|p2a: Yellow Stuff|75/100|[from] item: Leftovers
|upkeep
|turn|30
|
|t:|1728608945
|move|p2a: Yellow Stuff|Hidden Power|p1a: Claydol
|-supereffective|p1a: Claydol
|-damage|p1a: Claydol|57/100
|move|p1a: Claydol|Rock Slide|p2a: Yellow Stuff
|-supereffective|p2a: Yellow Stuff
|-damage|p2a: Yellow Stuff|28/100
|
|-weather|Sandstorm|[upkeep]
|-damage|p2a: Yellow Stuff|21/100|[from] Sandstorm
|-heal|p2a: Yellow Stuff|28/100|[from] item: Leftovers
|-heal|p1a: Claydol|63/100|[from] item: Leftovers
|upkeep
|turn|31
|inactive|vbncvx has 270 seconds left.
|inactive|RaskaPork has 270 seconds left.
|inactive|vbncvx has 240 seconds left.
|
|t:|1728609009
|move|p2a: Yellow Stuff|Thunderbolt|p1a: Claydol
|-immune|p1a: Claydol
|move|p1a: Claydol|Explosion|p2a: Yellow Stuff
|-damage|p2a: Yellow Stuff|0 fnt
|faint|p1a: Claydol
|faint|p2a: Yellow Stuff
|
|t:|1728609013
|switch|p2a: Pump it Up!|Kingdra, F|26/100
|switch|p1a: Salamence|Salamence, M|75/100
|-ability|p1a: Salamence|Intimidate|boost
|-unboost|p2a: Pump it Up!|atk|1
|
|-weather|Sandstorm|[upkeep]
|-damage|p1a: Salamence|69/100|[from] Sandstorm
|-damage|p2a: Pump it Up!|20/100|[from] Sandstorm
|-heal|p1a: Salamence|75/100|[from] item: Leftovers
|-heal|p2a: Pump it Up!|26/100|[from] item: Leftovers
|upkeep
|turn|32
|
|t:|1728609017
|move|p1a: Salamence|Hidden Power|p2a: Pump it Up!
|-damage|p2a: Pump it Up!|0 fnt
|faint|p2a: Pump it Up!
|
|win|vbncvx
|c|☆vbncvx|ggs
|c|☆RaskaPork|gg

</script>
<script type="application/json" class="data" id="replaydata-smogtours-gen3ou-797104">
{"id":"smogtours-gen3ou-797104","format":"[Gen 3] OU","players":["vbncvx","RaskaPork"],"uploadtime":1728609017,"views":101,"formatid":"gen3ou","rating":null,"private":0,"password":null}
</script>

<script defer src="js/replays.js?9d40a366"></script>
