<!DOCTYPE html>
<meta charset="utf-8" />
<meta name="viewport" content="width=device-width" />

<title>[Gen 3] OU: Sheik vs. Stockings - Replays - Pok&eacute;mon Showdown!</title>

<meta name="description" content="Watch a replay of a Pok&eacute;mon battle between Sheik and Stockings! Format: [Gen 3] OU; Date: Nov 4, 2024" />
<!--

Hey, you! Looking in the source for the replay log?

You can find them in JSON format, just add `.json` at the end of a replay URL.

https://replay.pokemonshowdown.com/gen7randomdoublesbattle-865046831.json

Or, if you only need the log itself, add `.log` instead:

https://replay.pokemonshowdown.com/gen7randomdoublesbattle-865046831.log

-->

<link rel="stylesheet" href="//pokemonshowdown.com/style/global.css?0.023195364461161105" />
<link rel="stylesheet" href="//play.pokemonshowdown.com/style/font-awesome.css?0.13261647063804238" />
<link rel="stylesheet" href="//play.pokemonshowdown.com/style/battle.css?0.8753245789963631" />
<link rel="stylesheet" href="//play.pokemonshowdown.com/style/utilichart.css?0.8627959624976733" />

<!-- Global site tag (gtag.js) - Google Analytics -->
<script async src="https://www.googletagmanager.com/gtag/js?id=UA-26211653-1"></script>
<script>
  window.dataLayer = window.dataLayer || [];
  function gtag(){dataLayer.push(arguments);}
  gtag('js', new Date());

  gtag('config', 'UA-26211653-1');
</script>
<!-- End Google Analytics -->
<!-- Venatus Ad Manager - Install in <HEAD> of page -->
	<script src="https://hb.vntsm.com/v3/live/ad-manager.min.js" type="text/javascript" data-site-id="642aba63ec9a7b11c3c9c1be" data-mode="scan" async></script>
<!-- / Venatus Ad Manager -->

<style>
	@media (max-width:820px) {
		.battle {
			margin: 0 auto;
		}
		.battle-log {
			margin: 7px auto 0;
			max-width: 640px;
			height: 300px;
			position: static;
		}
	}
	.optgroup {
		display: inline-block;
		line-height: 22px;
		font-size: 10pt;
	}
	.optgroup .button {
		height: 25px;
		padding-top: 0;
		padding-bottom: 0;
	}
	.optgroup button.button {
		padding-left: 12px;
		padding-right: 12px;
	}
	.linklist {
		list-style: none;
		margin: 0.5em 0;
		padding: 0;
	}
	.linklist li {
		padding: 2px 0;
	}
	.sidebar {
		float: left;
		width: 320px;
	}
	.bar-wrapper {
		max-width: 1100px;
		margin: 0 auto;
	}
	.bar-wrapper.has-sidebar {
		max-width: 1430px;
	}
	.mainbar {
		margin: 0;
		padding-right: 1px;
	}
	.mainbar.has-sidebar {
		margin-left: 330px;
	}
	@media (min-width: 1511px) {
		.sidebar {
			width: 400px;
		}
		.bar-wrapper.has-sidebar {
			max-width: 1510px;
		}
		.mainbar.has-sidebar {
			margin-left: 410px;
		}
	}
	.section.first-section {
		margin-top: 9px;
	}
	.blocklink small {
		white-space: normal;
	}
	.button {
		vertical-align: middle;
	}
	.replay-controls {
		padding-top: 10px;
	}
	.replay-controls h1 {
		font-size: 16pt;
		font-weight: normal;
		color: #CCC;
	}
	.pagelink {
		text-align: center;
	}
	.pagelink a {
		width: 150px;
	}
	.textbox, .button {
		font-size: 11pt;
		vertical-align: middle;
	}
	@media (max-width: 450px) {
		.button {
			font-size: 9pt;
		}
	}
</style>

<div>

	<header>
		<div class="nav-wrapper"><ul class="nav">
			<li><a class="button nav-first" href="//pokemonshowdown.com/"><img src="//pokemonshowdown.com/images/pokemonshowdownbeta.png" srcset="//pokemonshowdown.com/images/pokemonshowdownbeta.png 1x, //pokemonshowdown.com/images/pokemonshowdownbeta@2x.png 2x" alt="Pok&eacute;mon Showdown" width="146" height="44" /> Home</a></li>
			<li><a class="button" href="//pokemonshowdown.com/dex/">Pok&eacute;dex</a></li>
			<li><a class="button cur" href="/">Replays</a></li>
			<li><a class="button" href="//pokemonshowdown.com/ladder/">Ladder</a></li>
			<li><a class="button nav-last" href="//pokemonshowdown.com/forums/">Forum</a></li>
			<li><a class="button greenbutton nav-first nav-last" href="//play.pokemonshowdown.com/">Play</a></li>
		</ul></div>
	</header>

	<div class="main" id="main">

		<noscript><section class="section">You need to enable JavaScript to use this page; sorry!</section></noscript>

	</div>

</div>

<script defer nomodule src="//play.pokemonshowdown.com/js/lib/ps-polyfill.js"></script>
<script defer src="//play.pokemonshowdown.com/js/lib/preact.min.js"></script>

<script defer src="//play.pokemonshowdown.com/config/config.js?2bddbc15"></script>
<script defer src="//play.pokemonshowdown.com/js/lib/jquery-1.11.0.min.js"></script>
<script defer src="//play.pokemonshowdown.com/js/lib/html-sanitizer-minified.js"></script>
<script defer src="//play.pokemonshowdown.com/js/battle-sound.js"></script>
<script defer src="//play.pokemonshowdown.com/js/battledata.js?0.7209276989879541"></script>
<script defer src="//play.pokemonshowdown.com/data/pokedex-mini.js?0.6111056340867951"></script>
<script defer src="//play.pokemonshowdown.com/data/pokedex-mini-bw.js?0.3532142036491459"></script>
<script defer src="//play.pokemonshowdown.com/data/graphics.js?0.24223875632456182"></script>
<script defer src="//play.pokemonshowdown.com/data/pokedex.js?0.38839984266356864"></script>
<script defer src="//play.pokemonshowdown.com/data/moves.js?0.21866028504024015"></script>
<script defer src="//play.pokemonshowdown.com/data/abilities.js?0.2005157953846628"></script>
<script defer src="//play.pokemonshowdown.com/data/items.js?0.9894211263848525"></script>
<script defer src="//play.pokemonshowdown.com/data/teambuilder-tables.js?0.6008791140282215"></script>
<script defer src="//play.pokemonshowdown.com/js/battle-tooltips.js?0.7580118955022959"></script>
<script defer src="//play.pokemonshowdown.com/js/battle.js?0.6057722274234274"></script>

<script defer src="js/utils.js?e31f9a17"></script>
<script defer src="js/replays-battle.js?7008c182"></script>

<!-- don't scrape this data! just add .json or .log after the URL!
Full API docs: https://github.com/smogon/pokemon-showdown-client/blob/master/WEB-API.md -->
<script type="text/plain" class="log" id="replaylog-smogtours-gen3ou-804755">
|inactive|Battle timer is ON: inactive players will automatically lose when time's up.
|t:|1730741578
|gametype|singles
|player|p1|Sheik|#roaplxyorknewyanma|
|player|p2|Stockings|#advpliii|
|teamsize|p1|6
|teamsize|p2|6
|gen|3
|tier|[Gen 3] OU
|rule|Sleep Clause Mod: Limit one foe put to sleep
|rule|Switch Priority Clause Mod: Faster Pokémon switch first
|rule|Species Clause: Limit one of each Pokémon
|rule|OHKO Clause: OHKO moves are banned
|rule|Evasion Items Clause: Evasion items are banned
|rule|Evasion Moves Clause: Evasion moves are banned
|rule|Endless Battle Clause: Forcing endless battles is banned
|rule|HP Percentage Mod: HP is shown in percentages
|rule|One Boost Passer Clause: Limit one Baton Passer that has a way to boost its stats
|rule|Freeze Clause Mod: Limit one foe frozen
|
|t:|1730741578
|start
|switch|p1a: Tyranitar|Tyranitar, F|100/100
|switch|p2a: BIG HUNCHO JACK|Tyranitar, M|100/100
|-weather|Sandstorm|[from] ability: Sand Stream|[of] p2a: BIG HUNCHO JACK
|turn|1
|c|☆Stockings|hfhf
|c|☆Sheik|same
|inactive|Stockings has 270 seconds left.
|
|t:|1730741624
|move|p2a: BIG HUNCHO JACK|Earthquake|p1a: Tyranitar
|-supereffective|p1a: Tyranitar
|-damage|p1a: Tyranitar|38/100
|move|p1a: Tyranitar|Brick Break|p2a: BIG HUNCHO JACK
|-supereffective|p2a: BIG HUNCHO JACK
|-damage|p2a: BIG HUNCHO JACK|33/100
|
|-weather|Sandstorm|[upkeep]
|-heal|p2a: BIG HUNCHO JACK|40/100|[from] item: Leftovers
|-heal|p1a: Tyranitar|45/100|[from] item: Leftovers
|upkeep
|turn|2
|
|t:|1730741638
|switch|p2a: GOLDLEWIS|Skarmory, F|100/100
|switch|p1a: Swampert|Swampert, F|100/100
|
|-weather|Sandstorm|[upkeep]
|upkeep
|turn|3
|
|t:|1730741644
|switch|p1a: Forretress|Forretress, F|100/100
|move|p2a: GOLDLEWIS|Spikes|p1a: Forretress
|-sidestart|p1: Sheik|Spikes
|
|-weather|Sandstorm|[upkeep]
|upkeep
|turn|4
|
|t:|1730741649
|switch|p2a: POST PATCH MILLIA|Moltres|100/100
|move|p1a: Forretress|Spikes|p2a: POST PATCH MILLIA
|-sidestart|p2: Stockings|Spikes
|
|-weather|Sandstorm|[upkeep]
|-damage|p2a: POST PATCH MILLIA|94/100|[from] Sandstorm
|-heal|p2a: POST PATCH MILLIA|100/100|[from] item: Leftovers
|upkeep
|turn|5
|
|t:|1730741663
|switch|p1a: Blissey|Blissey, F, shiny|100/100
|-damage|p1a: Blissey|88/100|[from] Spikes
|move|p2a: POST PATCH MILLIA|Will-O-Wisp|p1a: Blissey
|-status|p1a: Blissey|brn
|
|-weather|Sandstorm|[upkeep]
|-damage|p2a: POST PATCH MILLIA|94/100|[from] Sandstorm
|-damage|p1a: Blissey|82/100 brn|[from] Sandstorm
|-heal|p2a: POST PATCH MILLIA|100/100|[from] item: Leftovers
|-heal|p1a: Blissey|88/100 brn|[from] item: Leftovers
|-damage|p1a: Blissey|76/100 brn|[from] brn
|upkeep
|turn|6
|
|t:|1730741678
|switch|p2a: FACE FACE|Gengar, F|100/100
|move|p1a: Blissey|Ice Beam|p2a: FACE FACE
|-damage|p2a: FACE FACE|69/100
|
|-weather|Sandstorm|[upkeep]
|-damage|p2a: FACE FACE|63/100|[from] Sandstorm
|-damage|p1a: Blissey|69/100 brn|[from] Sandstorm
|-heal|p2a: FACE FACE|69/100|[from] item: Leftovers
|-heal|p1a: Blissey|76/100 brn|[from] item: Leftovers
|-damage|p1a: Blissey|63/100 brn|[from] brn
|upkeep
|turn|7
|
|t:|1730741700
|move|p2a: FACE FACE|Taunt|p1a: Blissey
|-start|p1a: Blissey|move: Taunt
|move|p1a: Blissey|Ice Beam|p2a: FACE FACE
|-damage|p2a: FACE FACE|39/100
|
|-weather|Sandstorm|[upkeep]
|-damage|p2a: FACE FACE|34/100|[from] Sandstorm
|-damage|p1a: Blissey|57/100 brn|[from] Sandstorm
|-heal|p2a: FACE FACE|39/100|[from] item: Leftovers
|-heal|p1a: Blissey|63/100 brn|[from] item: Leftovers
|-damage|p1a: Blissey|51/100 brn|[from] brn
|upkeep
|turn|8
|
|t:|1730741718
|switch|p2a: GEORGE W BUSH|Swampert, F|100/100
|-damage|p2a: GEORGE W BUSH|88/100|[from] Spikes
|-curestatus|p1a: Blissey|brn|[from] ability: Natural Cure
|switch|p1a: Jirachi|Jirachi, shiny|100/100
|-damage|p1a: Jirachi|88/100|[from] Spikes
|
|-weather|Sandstorm|[upkeep]
|-heal|p1a: Jirachi|94/100|[from] item: Leftovers
|-heal|p2a: GEORGE W BUSH|94/100|[from] item: Leftovers
|upkeep
|turn|9
|inactive|Stockings has 270 seconds left.
|inactive|Sheik has 270 seconds left.
|
|t:|1730741764
|move|p1a: Jirachi|Toxic|p2a: GEORGE W BUSH
|-status|p2a: GEORGE W BUSH|tox
|move|p2a: GEORGE W BUSH|Earthquake|p1a: Jirachi
|-supereffective|p1a: Jirachi
|-damage|p1a: Jirachi|50/100
|
|-weather|Sandstorm|[upkeep]
|-heal|p1a: Jirachi|57/100|[from] item: Leftovers
|-heal|p2a: GEORGE W BUSH|100/100 tox|[from] item: Leftovers
|-damage|p2a: GEORGE W BUSH|94/100 tox|[from] psn
|upkeep
|turn|10
|inactive|Stockings has 270 seconds left.
|
|t:|1730741787
|switch|p2a: POST PATCH MILLIA|Moltres|100/100
|move|p1a: Jirachi|Wish|p1a: Jirachi
|
|-weather|Sandstorm|[upkeep]
|-damage|p2a: POST PATCH MILLIA|94/100|[from] Sandstorm
|-heal|p2a: POST PATCH MILLIA|100/100|[from] item: Leftovers
|-heal|p1a: Jirachi|63/100|[from] item: Leftovers
|upkeep
|turn|11
|
|t:|1730741794
|switch|p1a: Blissey|Blissey, F, shiny|51/100
|-damage|p1a: Blissey|38/100|[from] Spikes
|move|p2a: POST PATCH MILLIA|Flamethrower|p1a: Blissey
|-damage|p1a: Blissey|15/100
|
|-heal|p1a: Blissey|65/100|[from] move: Wish|[wisher] Jirachi
|-weather|Sandstorm|[upkeep]
|-damage|p2a: POST PATCH MILLIA|94/100|[from] Sandstorm
|-damage|p1a: Blissey|59/100|[from] Sandstorm
|-heal|p2a: POST PATCH MILLIA|100/100|[from] item: Leftovers
|-heal|p1a: Blissey|65/100|[from] item: Leftovers
|upkeep
|turn|12
|inactive|Stockings has 270 seconds left.
|
|t:|1730741812
|move|p2a: POST PATCH MILLIA|Flamethrower|p1a: Blissey
|-damage|p1a: Blissey|45/100
|move|p1a: Blissey|Ice Beam|p2a: POST PATCH MILLIA
|-damage|p2a: POST PATCH MILLIA|69/100
|
|-weather|Sandstorm|[upkeep]
|-damage|p2a: POST PATCH MILLIA|62/100|[from] Sandstorm
|-damage|p1a: Blissey|39/100|[from] Sandstorm
|-heal|p2a: POST PATCH MILLIA|69/100|[from] item: Leftovers
|-heal|p1a: Blissey|45/100|[from] item: Leftovers
|upkeep
|turn|13
|
|t:|1730741840
|move|p2a: POST PATCH MILLIA|Will-O-Wisp|p1a: Blissey
|-status|p1a: Blissey|brn
|move|p1a: Blissey|Soft-Boiled|p1a: Blissey
|-heal|p1a: Blissey|95/100 brn
|
|-weather|Sandstorm|[upkeep]
|-damage|p2a: POST PATCH MILLIA|62/100|[from] Sandstorm
|-damage|p1a: Blissey|89/100 brn|[from] Sandstorm
|-heal|p2a: POST PATCH MILLIA|69/100|[from] item: Leftovers
|-heal|p1a: Blissey|95/100 brn|[from] item: Leftovers
|-damage|p1a: Blissey|83/100 brn|[from] brn
|upkeep
|turn|14
|inactive|Stockings has 240 seconds left.
|
|t:|1730741864
|switch|p2a: GEORGE W BUSH|Swampert, F|94/100 tox
|-damage|p2a: GEORGE W BUSH|82/100 tox|[from] Spikes
|move|p1a: Blissey|Ice Beam|p2a: GEORGE W BUSH
|-damage|p2a: GEORGE W BUSH|60/100 tox
|
|-weather|Sandstorm|[upkeep]
|-damage|p1a: Blissey|77/100 brn|[from] Sandstorm
|-heal|p2a: GEORGE W BUSH|66/100 tox|[from] item: Leftovers
|-damage|p2a: GEORGE W BUSH|60/100 tox|[from] psn
|-heal|p1a: Blissey|83/100 brn|[from] item: Leftovers
|-damage|p1a: Blissey|70/100 brn|[from] brn
|upkeep
|turn|15
|inactive|Stockings has 240 seconds left.
|
|t:|1730741879
|-curestatus|p1a: Blissey|brn|[from] ability: Natural Cure
|switch|p1a: Forretress|Forretress, F|100/100
|-damage|p1a: Forretress|88/100|[from] Spikes
|move|p2a: GEORGE W BUSH|Earthquake|p1a: Forretress
|-damage|p1a: Forretress|62/100
|
|-weather|Sandstorm|[upkeep]
|-heal|p2a: GEORGE W BUSH|66/100 tox|[from] item: Leftovers
|-damage|p2a: GEORGE W BUSH|54/100 tox|[from] psn
|-heal|p1a: Forretress|68/100|[from] item: Leftovers
|upkeep
|turn|16
|
|t:|1730741894
|move|p2a: GEORGE W BUSH|Hydro Pump|p1a: Forretress
|-damage|p1a: Forretress|23/100
|move|p1a: Forretress|Spikes|p2a: GEORGE W BUSH
|-sidestart|p2: Stockings|Spikes
|
|-weather|Sandstorm|[upkeep]
|-heal|p2a: GEORGE W BUSH|60/100 tox|[from] item: Leftovers
|-damage|p2a: GEORGE W BUSH|41/100 tox|[from] psn
|-heal|p1a: Forretress|29/100|[from] item: Leftovers
|upkeep
|turn|17
|
|t:|1730741904
|switch|p2a: FACE FACE|Gengar, F|39/100
|move|p1a: Forretress|Spikes|p2a: FACE FACE
|-sidestart|p2: Stockings|Spikes
|
|-weather|Sandstorm|[upkeep]
|-damage|p2a: FACE FACE|34/100|[from] Sandstorm
|-heal|p2a: FACE FACE|39/100|[from] item: Leftovers
|-heal|p1a: Forretress|35/100|[from] item: Leftovers
|upkeep
|turn|18
|inactive|Stockings has 240 seconds left.
|c|☆Stockings|ow
|
|t:|1730741919
|switch|p1a: Tyranitar|Tyranitar, F|45/100
|-damage|p1a: Tyranitar|32/100|[from] Spikes
|move|p2a: FACE FACE|Will-O-Wisp|p1a: Tyranitar
|-status|p1a: Tyranitar|brn
|
|-weather|Sandstorm|[upkeep]
|-damage|p2a: FACE FACE|34/100|[from] Sandstorm
|-heal|p2a: FACE FACE|39/100|[from] item: Leftovers
|-heal|p1a: Tyranitar|38/100 brn|[from] item: Leftovers
|-damage|p1a: Tyranitar|26/100 brn|[from] brn
|upkeep
|turn|19
|inactive|Stockings has 240 seconds left.
|
|t:|1730741928
|move|p2a: FACE FACE|Thunderbolt|p1a: Tyranitar
|-damage|p1a: Tyranitar|2/100 brn
|move|p1a: Tyranitar|Pursuit|p2a: FACE FACE
|-supereffective|p2a: FACE FACE
|-damage|p2a: FACE FACE|0 fnt
|faint|p2a: FACE FACE
|inactive|Stockings has 240 seconds left.
|
|t:|1730741938
|switch|p2a: GOLDLEWIS|Skarmory, F|100/100
|
|-weather|Sandstorm|[upkeep]
|-heal|p1a: Tyranitar|8/100 brn|[from] item: Leftovers
|-damage|p1a: Tyranitar|0 fnt|[from] brn
|faint|p1a: Tyranitar
|upkeep
|
|t:|1730741941
|switch|p1a: Forretress|Forretress, F|35/100
|-damage|p1a: Forretress|23/100|[from] Spikes
|turn|20
|
|t:|1730741949
|move|p2a: GOLDLEWIS|Drill Peck|p1a: Forretress
|-damage|p1a: Forretress|5/100
|move|p1a: Forretress|Rapid Spin|p2a: GOLDLEWIS
|-resisted|p2a: GOLDLEWIS
|-damage|p2a: GOLDLEWIS|99/100
|-sideend|p1: Sheik|Spikes|[from] move: Rapid Spin|[of] p1a: Forretress
|
|-weather|Sandstorm|[upkeep]
|-heal|p2a: GOLDLEWIS|100/100|[from] item: Leftovers
|-heal|p1a: Forretress|12/100|[from] item: Leftovers
|upkeep
|turn|21
|
|t:|1730741956
|switch|p1a: Jirachi|Jirachi, shiny|63/100
|move|p2a: GOLDLEWIS|Spikes|p1a: Jirachi
|-sidestart|p1: Sheik|Spikes
|
|-weather|Sandstorm|[upkeep]
|-heal|p1a: Jirachi|69/100|[from] item: Leftovers
|upkeep
|turn|22
|
|t:|1730741964
|move|p1a: Jirachi|Wish|p1a: Jirachi
|move|p2a: GOLDLEWIS|Roar|p1a: Jirachi
|drag|p1a: Salamence|Salamence, M|100/100
|-ability|p1a: Salamence|Intimidate|boost
|-unboost|p2a: GOLDLEWIS|atk|1
|
|-weather|Sandstorm|[upkeep]
|-damage|p1a: Salamence|94/100|[from] Sandstorm
|-heal|p1a: Salamence|100/100|[from] item: Leftovers
|upkeep
|turn|23
|
|t:|1730741990
|move|p1a: Salamence|Fire Blast|p2a: GOLDLEWIS
|-supereffective|p2a: GOLDLEWIS
|-damage|p2a: GOLDLEWIS|26/100
|move|p2a: GOLDLEWIS|Roar|p1a: Salamence
|drag|p1a: Blissey|Blissey, F, shiny|70/100
|-damage|p1a: Blissey|58/100|[from] Spikes
|
|-heal|p1a: Blissey|100/100|[from] move: Wish|[wisher] Jirachi
|-weather|Sandstorm|[upkeep]
|-damage|p1a: Blissey|94/100|[from] Sandstorm
|-heal|p2a: GOLDLEWIS|32/100|[from] item: Leftovers
|-heal|p1a: Blissey|100/100|[from] item: Leftovers
|upkeep
|turn|24
|inactive|Stockings has 240 seconds left.
|
|t:|1730742017
|switch|p2a: FUDGE FACE|Blissey, F|100/100
|-damage|p2a: FUDGE FACE|76/100|[from] Spikes
|move|p1a: Blissey|Thunderbolt|p2a: FUDGE FACE
|-damage|p2a: FUDGE FACE|66/100
|
|-weather|Sandstorm|[upkeep]
|-damage|p1a: Blissey|94/100|[from] Sandstorm
|-damage|p2a: FUDGE FACE|60/100|[from] Sandstorm
|-heal|p1a: Blissey|100/100|[from] item: Leftovers
|-heal|p2a: FUDGE FACE|66/100|[from] item: Leftovers
|upkeep
|turn|25
|inactive|Stockings has 240 seconds left.
|
|t:|1730742033
|move|p1a: Blissey|Calm Mind|p1a: Blissey
|-boost|p1a: Blissey|spa|1
|-boost|p1a: Blissey|spd|1
|move|p2a: FUDGE FACE|Toxic|p1a: Blissey
|-status|p1a: Blissey|tox
|
|-weather|Sandstorm|[upkeep]
|-damage|p2a: FUDGE FACE|60/100|[from] Sandstorm
|-damage|p1a: Blissey|94/100 tox|[from] Sandstorm
|-heal|p2a: FUDGE FACE|66/100|[from] item: Leftovers
|-heal|p1a: Blissey|100/100 tox|[from] item: Leftovers
|-damage|p1a: Blissey|94/100 tox|[from] psn
|upkeep
|turn|26
|
|t:|1730742048
|-curestatus|p1a: Blissey|tox|[from] ability: Natural Cure
|switch|p1a: Swampert|Swampert, F|100/100
|-damage|p1a: Swampert|88/100|[from] Spikes
|move|p2a: FUDGE FACE|Soft-Boiled|p2a: FUDGE FACE
|-heal|p2a: FUDGE FACE|100/100
|
|-weather|Sandstorm|[upkeep]
|-damage|p2a: FUDGE FACE|94/100|[from] Sandstorm
|-heal|p1a: Swampert|94/100|[from] item: Leftovers
|-heal|p2a: FUDGE FACE|100/100|[from] item: Leftovers
|upkeep
|turn|27
|
|t:|1730742060
|switch|p2a: GOLDLEWIS|Skarmory, F|32/100
|move|p1a: Swampert|Surf|p2a: GOLDLEWIS
|-damage|p2a: GOLDLEWIS|7/100
|
|-weather|Sandstorm|[upkeep]
|-heal|p2a: GOLDLEWIS|13/100|[from] item: Leftovers
|-heal|p1a: Swampert|100/100|[from] item: Leftovers
|upkeep
|turn|28
|
|t:|1730742075
|move|p2a: GOLDLEWIS|Drill Peck|p1a: Swampert
|-damage|p1a: Swampert|84/100
|move|p1a: Swampert|Surf|p2a: GOLDLEWIS
|-damage|p2a: GOLDLEWIS|0 fnt
|faint|p2a: GOLDLEWIS
|
|t:|1730742085
|switch|p2a: POST PATCH MILLIA|Moltres|69/100
|
|-weather|Sandstorm|[upkeep]
|-damage|p2a: POST PATCH MILLIA|62/100|[from] Sandstorm
|-heal|p2a: POST PATCH MILLIA|69/100|[from] item: Leftovers
|-heal|p1a: Swampert|90/100|[from] item: Leftovers
|upkeep
|turn|29
|
|t:|1730742101
|switch|p2a: FUDGE FACE|Blissey, F|100/100
|-damage|p2a: FUDGE FACE|76/100|[from] Spikes
|move|p1a: Swampert|Protect||[still]
|-fail|p1a: Swampert
|
|-weather|Sandstorm|[upkeep]
|-damage|p2a: FUDGE FACE|69/100|[from] Sandstorm
|-heal|p1a: Swampert|96/100|[from] item: Leftovers
|-heal|p2a: FUDGE FACE|76/100|[from] item: Leftovers
|upkeep
|turn|30
|
|t:|1730742112
|move|p2a: FUDGE FACE|Toxic|p1a: Swampert
|-status|p1a: Swampert|tox
|move|p1a: Swampert|Roar|p2a: FUDGE FACE
|drag|p2a: POST PATCH MILLIA|Moltres|69/100
|
|-weather|Sandstorm|[upkeep]
|-damage|p2a: POST PATCH MILLIA|62/100|[from] Sandstorm
|-heal|p2a: POST PATCH MILLIA|69/100|[from] item: Leftovers
|-heal|p1a: Swampert|100/100 tox|[from] item: Leftovers
|-damage|p1a: Swampert|94/100 tox|[from] psn
|upkeep
|turn|31
|inactive|Stockings has 210 seconds left.
|
|t:|1730742134
|switch|p1a: Blissey|Blissey, F, shiny|94/100
|-damage|p1a: Blissey|82/100|[from] Spikes
|move|p2a: POST PATCH MILLIA|Hidden Power|p1a: Blissey
|-damage|p1a: Blissey|71/100
|
|-weather|Sandstorm|[upkeep]
|-damage|p2a: POST PATCH MILLIA|62/100|[from] Sandstorm
|-damage|p1a: Blissey|65/100|[from] Sandstorm
|-heal|p2a: POST PATCH MILLIA|69/100|[from] item: Leftovers
|-heal|p1a: Blissey|71/100|[from] item: Leftovers
|upkeep
|turn|32
|
|t:|1730742149
|switch|p2a: FUDGE FACE|Blissey, F|76/100
|-damage|p2a: FUDGE FACE|51/100|[from] Spikes
|move|p1a: Blissey|Calm Mind|p1a: Blissey
|-boost|p1a: Blissey|spa|1
|-boost|p1a: Blissey|spd|1
|
|-weather|Sandstorm|[upkeep]
|-damage|p1a: Blissey|65/100|[from] Sandstorm
|-damage|p2a: FUDGE FACE|45/100|[from] Sandstorm
|-heal|p1a: Blissey|71/100|[from] item: Leftovers
|-heal|p2a: FUDGE FACE|51/100|[from] item: Leftovers
|upkeep
|turn|33
|
|t:|1730742156
|switch|p1a: Swampert|Swampert, F|94/100 tox
|-damage|p1a: Swampert|82/100 tox|[from] Spikes
|move|p2a: FUDGE FACE|Soft-Boiled|p2a: FUDGE FACE
|-heal|p2a: FUDGE FACE|100/100
|
|-weather|Sandstorm|[upkeep]
|-damage|p2a: FUDGE FACE|94/100|[from] Sandstorm
|-heal|p1a: Swampert|88/100 tox|[from] item: Leftovers
|-damage|p1a: Swampert|82/100 tox|[from] psn
|-heal|p2a: FUDGE FACE|100/100|[from] item: Leftovers
|upkeep
|turn|34
|
|t:|1730742161
|move|p1a: Swampert|Refresh|p1a: Swampert
|-curestatus|p1a: Swampert|tox|[msg]
|move|p2a: FUDGE FACE|Ice Beam|p1a: Swampert
|-crit|p1a: Swampert
|-damage|p1a: Swampert|37/100
|
|-weather|Sandstorm|[upkeep]
|-damage|p2a: FUDGE FACE|94/100|[from] Sandstorm
|-heal|p1a: Swampert|44/100|[from] item: Leftovers
|-heal|p2a: FUDGE FACE|100/100|[from] item: Leftovers
|upkeep
|turn|35
|inactive|Stockings has 240 seconds left.
|
|t:|1730742171
|move|p1a: Swampert|Protect|p1a: Swampert
|-singleturn|p1a: Swampert|Protect
|move|p2a: FUDGE FACE|Ice Beam|p1a: Swampert
|-activate|p1a: Swampert|Protect
|
|-weather|Sandstorm|[upkeep]
|-damage|p2a: FUDGE FACE|94/100|[from] Sandstorm
|-heal|p1a: Swampert|50/100|[from] item: Leftovers
|-heal|p2a: FUDGE FACE|100/100|[from] item: Leftovers
|upkeep
|turn|36
|
|t:|1730742176
|move|p2a: FUDGE FACE|Ice Beam|p1a: Swampert
|-damage|p1a: Swampert|27/100
|move|p1a: Swampert|Roar|p2a: FUDGE FACE
|drag|p2a: BIG HUNCHO JACK|Tyranitar, M|40/100
|-damage|p2a: BIG HUNCHO JACK|15/100|[from] Spikes
|
|-weather|Sandstorm|[upkeep]
|-heal|p2a: BIG HUNCHO JACK|21/100|[from] item: Leftovers
|-heal|p1a: Swampert|33/100|[from] item: Leftovers
|upkeep
|turn|37
|inactive|Stockings has 240 seconds left.
|
|t:|1730742199
|move|p2a: BIG HUNCHO JACK|Dragon Dance|p2a: BIG HUNCHO JACK
|-boost|p2a: BIG HUNCHO JACK|atk|1
|-boost|p2a: BIG HUNCHO JACK|spe|1
|move|p1a: Swampert|Surf|p2a: BIG HUNCHO JACK
|-supereffective|p2a: BIG HUNCHO JACK
|-damage|p2a: BIG HUNCHO JACK|0 fnt
|faint|p2a: BIG HUNCHO JACK
|
|t:|1730742219
|switch|p2a: POST PATCH MILLIA|Moltres|69/100
|
|-weather|Sandstorm|[upkeep]
|-damage|p2a: POST PATCH MILLIA|62/100|[from] Sandstorm
|-heal|p2a: POST PATCH MILLIA|69/100|[from] item: Leftovers
|-heal|p1a: Swampert|40/100|[from] item: Leftovers
|upkeep
|turn|38
|
|t:|1730742231
|move|p1a: Swampert|Protect|p1a: Swampert
|-singleturn|p1a: Swampert|Protect
|move|p2a: POST PATCH MILLIA|Hidden Power|p1a: Swampert
|-activate|p1a: Swampert|Protect
|
|-weather|Sandstorm|[upkeep]
|-damage|p2a: POST PATCH MILLIA|62/100|[from] Sandstorm
|-heal|p2a: POST PATCH MILLIA|69/100|[from] item: Leftovers
|-heal|p1a: Swampert|46/100|[from] item: Leftovers
|upkeep
|turn|39
|
|t:|1730742237
|switch|p1a: Blissey|Blissey, F, shiny|71/100
|-damage|p1a: Blissey|58/100|[from] Spikes
|move|p2a: POST PATCH MILLIA|Hidden Power|p1a: Blissey
|-damage|p1a: Blissey|47/100
|
|-weather|Sandstorm|[upkeep]
|-damage|p2a: POST PATCH MILLIA|62/100|[from] Sandstorm
|-damage|p1a: Blissey|41/100|[from] Sandstorm
|-heal|p2a: POST PATCH MILLIA|69/100|[from] item: Leftovers
|-heal|p1a: Blissey|47/100|[from] item: Leftovers
|upkeep
|turn|40
|inactive|Stockings has 240 seconds left.
|
|t:|1730742245
|switch|p2a: FUDGE FACE|Blissey, F|100/100
|-damage|p2a: FUDGE FACE|76/100|[from] Spikes
|move|p1a: Blissey|Soft-Boiled|p1a: Blissey
|-heal|p1a: Blissey|97/100
|
|-weather|Sandstorm|[upkeep]
|-damage|p2a: FUDGE FACE|69/100|[from] Sandstorm
|-damage|p1a: Blissey|91/100|[from] Sandstorm
|-heal|p2a: FUDGE FACE|76/100|[from] item: Leftovers
|-heal|p1a: Blissey|97/100|[from] item: Leftovers
|upkeep
|turn|41
|
|t:|1730742250
|switch|p1a: Forretress|Forretress, F|12/100
|-damage|p1a: Forretress|0 fnt|[from] Spikes
|faint|p1a: Forretress
|
|t:|1730742254
|switch|p1a: Jirachi|Jirachi, shiny|69/100
|-damage|p1a: Jirachi|57/100|[from] Spikes
|
|-weather|Sandstorm|[upkeep]
|-damage|p2a: FUDGE FACE|69/100|[from] Sandstorm
|-heal|p1a: Jirachi|63/100|[from] item: Leftovers
|-heal|p2a: FUDGE FACE|76/100|[from] item: Leftovers
|upkeep
|turn|42
|
|t:|1730742270
|switch|p2a: POST PATCH MILLIA|Moltres|69/100
|move|p1a: Jirachi|Protect||[still]
|-fail|p1a: Jirachi
|
|-weather|Sandstorm|[upkeep]
|-damage|p2a: POST PATCH MILLIA|62/100|[from] Sandstorm
|-heal|p2a: POST PATCH MILLIA|69/100|[from] item: Leftovers
|-heal|p1a: Jirachi|69/100|[from] item: Leftovers
|upkeep
|turn|43
|
|t:|1730742282
|move|p1a: Jirachi|Protect|p1a: Jirachi
|-singleturn|p1a: Jirachi|Protect
|move|p2a: POST PATCH MILLIA|Flamethrower|p1a: Jirachi
|-activate|p1a: Jirachi|Protect
|
|-weather|Sandstorm|[upkeep]
|-damage|p2a: POST PATCH MILLIA|62/100|[from] Sandstorm
|-heal|p2a: POST PATCH MILLIA|69/100|[from] item: Leftovers
|-heal|p1a: Jirachi|75/100|[from] item: Leftovers
|upkeep
|turn|44
|
|t:|1730742286
|switch|p1a: Blissey|Blissey, F, shiny|97/100
|-damage|p1a: Blissey|85/100|[from] Spikes
|move|p2a: POST PATCH MILLIA|Overheat|p1a: Blissey
|-crit|p1a: Blissey
|-damage|p1a: Blissey|18/100
|-unboost|p2a: POST PATCH MILLIA|spa|2
|
|-weather|Sandstorm|[upkeep]
|-damage|p2a: POST PATCH MILLIA|62/100|[from] Sandstorm
|-damage|p1a: Blissey|12/100|[from] Sandstorm
|-heal|p2a: POST PATCH MILLIA|69/100|[from] item: Leftovers
|-heal|p1a: Blissey|18/100|[from] item: Leftovers
|upkeep
|turn|45
|
|t:|1730742312
|move|p2a: POST PATCH MILLIA|Overheat|p1a: Blissey|[miss]
|-miss|p2a: POST PATCH MILLIA|p1a: Blissey
|move|p1a: Blissey|Soft-Boiled|p1a: Blissey
|-heal|p1a: Blissey|68/100
|
|-weather|Sandstorm|[upkeep]
|-damage|p2a: POST PATCH MILLIA|62/100|[from] Sandstorm
|-damage|p1a: Blissey|62/100|[from] Sandstorm
|-heal|p2a: POST PATCH MILLIA|69/100|[from] item: Leftovers
|-heal|p1a: Blissey|68/100|[from] item: Leftovers
|upkeep
|turn|46
|
|t:|1730742320
|switch|p2a: FUDGE FACE|Blissey, F|76/100
|-damage|p2a: FUDGE FACE|51/100|[from] Spikes
|move|p1a: Blissey|Soft-Boiled|p1a: Blissey
|-heal|p1a: Blissey|100/100
|
|-weather|Sandstorm|[upkeep]
|-damage|p2a: FUDGE FACE|45/100|[from] Sandstorm
|-damage|p1a: Blissey|94/100|[from] Sandstorm
|-heal|p2a: FUDGE FACE|51/100|[from] item: Leftovers
|-heal|p1a: Blissey|100/100|[from] item: Leftovers
|upkeep
|turn|47
|
|t:|1730742328
|switch|p1a: Swampert|Swampert, F|46/100
|-damage|p1a: Swampert|33/100|[from] Spikes
|move|p2a: FUDGE FACE|Soft-Boiled|p2a: FUDGE FACE
|-heal|p2a: FUDGE FACE|100/100
|
|-weather|Sandstorm|[upkeep]
|-damage|p2a: FUDGE FACE|94/100|[from] Sandstorm
|-heal|p1a: Swampert|40/100|[from] item: Leftovers
|-heal|p2a: FUDGE FACE|100/100|[from] item: Leftovers
|upkeep
|turn|48
|
|t:|1730742334
|move|p1a: Swampert|Protect|p1a: Swampert
|-singleturn|p1a: Swampert|Protect
|move|p2a: FUDGE FACE|Ice Beam|p1a: Swampert
|-activate|p1a: Swampert|Protect
|
|-weather|Sandstorm|[upkeep]
|-damage|p2a: FUDGE FACE|94/100|[from] Sandstorm
|-heal|p1a: Swampert|46/100|[from] item: Leftovers
|-heal|p2a: FUDGE FACE|100/100|[from] item: Leftovers
|upkeep
|turn|49
|
|t:|1730742340
|move|p2a: FUDGE FACE|Ice Beam|p1a: Swampert
|-damage|p1a: Swampert|22/100
|move|p1a: Swampert|Roar|p2a: FUDGE FACE
|drag|p2a: GEORGE W BUSH|Swampert, F|41/100 tox
|-damage|p2a: GEORGE W BUSH|16/100 tox|[from] Spikes
|
|-weather|Sandstorm|[upkeep]
|-heal|p1a: Swampert|29/100|[from] item: Leftovers
|-heal|p2a: GEORGE W BUSH|22/100 tox|[from] item: Leftovers
|-damage|p2a: GEORGE W BUSH|16/100 tox|[from] psn
|upkeep
|turn|50
|inactive|Stockings has 270 seconds left.
|
|t:|1730742357
|move|p1a: Swampert|Protect|p1a: Swampert
|-singleturn|p1a: Swampert|Protect
|move|p2a: GEORGE W BUSH|Hydro Pump|p1a: Swampert|[miss]
|-miss|p2a: GEORGE W BUSH|p1a: Swampert
|
|-weather|Sandstorm|[upkeep]
|-heal|p1a: Swampert|35/100|[from] item: Leftovers
|-heal|p2a: GEORGE W BUSH|22/100 tox|[from] item: Leftovers
|-damage|p2a: GEORGE W BUSH|10/100 tox|[from] psn
|upkeep
|turn|51
|
|t:|1730742361
|move|p1a: Swampert|Surf|p2a: GEORGE W BUSH
|-damage|p2a: GEORGE W BUSH|0 fnt
|faint|p2a: GEORGE W BUSH
|
|t:|1730742370
|switch|p2a: POST PATCH MILLIA|Moltres|69/100
|
|-weather|Sandstorm|[upkeep]
|-damage|p2a: POST PATCH MILLIA|62/100|[from] Sandstorm
|-heal|p2a: POST PATCH MILLIA|69/100|[from] item: Leftovers
|-heal|p1a: Swampert|41/100|[from] item: Leftovers
|upkeep
|turn|52
|
|t:|1730742381
|move|p1a: Swampert|Protect|p1a: Swampert
|-singleturn|p1a: Swampert|Protect
|move|p2a: POST PATCH MILLIA|Hidden Power|p1a: Swampert
|-activate|p1a: Swampert|Protect
|
|-weather|Sandstorm|[upkeep]
|-damage|p2a: POST PATCH MILLIA|62/100|[from] Sandstorm
|-heal|p2a: POST PATCH MILLIA|69/100|[from] item: Leftovers
|-heal|p1a: Swampert|47/100|[from] item: Leftovers
|upkeep
|turn|53
|
|t:|1730742393
|switch|p1a: Blissey|Blissey, F, shiny|100/100
|-damage|p1a: Blissey|88/100|[from] Spikes
|move|p2a: POST PATCH MILLIA|Flamethrower|p1a: Blissey
|-damage|p1a: Blissey|67/100
|
|-weather|Sandstorm|[upkeep]
|-damage|p2a: POST PATCH MILLIA|62/100|[from] Sandstorm
|-damage|p1a: Blissey|61/100|[from] Sandstorm
|-heal|p2a: POST PATCH MILLIA|69/100|[from] item: Leftovers
|-heal|p1a: Blissey|67/100|[from] item: Leftovers
|upkeep
|turn|54
|
|t:|1730742405
|switch|p2a: FUDGE FACE|Blissey, F|100/100
|-damage|p2a: FUDGE FACE|76/100|[from] Spikes
|move|p1a: Blissey|Ice Beam|p2a: FUDGE FACE
|-crit|p2a: FUDGE FACE
|-damage|p2a: FUDGE FACE|57/100
|
|-weather|Sandstorm|[upkeep]
|-damage|p1a: Blissey|61/100|[from] Sandstorm
|-damage|p2a: FUDGE FACE|50/100|[from] Sandstorm
|-heal|p2a: FUDGE FACE|57/100|[from] item: Leftovers
|-heal|p1a: Blissey|67/100|[from] item: Leftovers
|upkeep
|turn|55
|
|t:|1730742418
|move|p1a: Blissey|Soft-Boiled|p1a: Blissey
|-heal|p1a: Blissey|100/100
|move|p2a: FUDGE FACE|Toxic|p1a: Blissey|[miss]
|-miss|p2a: FUDGE FACE|p1a: Blissey
|
|-weather|Sandstorm|[upkeep]
|-damage|p2a: FUDGE FACE|50/100|[from] Sandstorm
|-damage|p1a: Blissey|94/100|[from] Sandstorm
|-heal|p1a: Blissey|100/100|[from] item: Leftovers
|-heal|p2a: FUDGE FACE|57/100|[from] item: Leftovers
|upkeep
|turn|56
|inactive|Sheik has 270 seconds left.
|
|t:|1730742456
|switch|p1a: Swampert|Swampert, F|47/100
|-damage|p1a: Swampert|35/100|[from] Spikes
|move|p2a: FUDGE FACE|Soft-Boiled|p2a: FUDGE FACE
|-heal|p2a: FUDGE FACE|100/100
|
|-weather|Sandstorm|[upkeep]
|-damage|p2a: FUDGE FACE|94/100|[from] Sandstorm
|-heal|p1a: Swampert|41/100|[from] item: Leftovers
|-heal|p2a: FUDGE FACE|100/100|[from] item: Leftovers
|upkeep
|turn|57
|inactive|Sheik has 270 seconds left.
|
|t:|1730742477
|switch|p2a: POST PATCH MILLIA|Moltres|69/100
|move|p1a: Swampert|Roar|p2a: POST PATCH MILLIA
|drag|p2a: FUDGE FACE|Blissey, F|100/100
|-damage|p2a: FUDGE FACE|76/100|[from] Spikes
|
|-weather|Sandstorm|[upkeep]
|-damage|p2a: FUDGE FACE|69/100|[from] Sandstorm
|-heal|p1a: Swampert|47/100|[from] item: Leftovers
|-heal|p2a: FUDGE FACE|76/100|[from] item: Leftovers
|upkeep
|turn|58
|inactive|Sheik has 270 seconds left.
|inactive|Stockings has 270 seconds left.
|
|t:|1730742494
|switch|p1a: Jirachi|Jirachi, shiny|75/100
|-damage|p1a: Jirachi|63/100|[from] Spikes
|move|p2a: FUDGE FACE|Ice Beam|p1a: Jirachi
|-resisted|p1a: Jirachi
|-crit|p1a: Jirachi
|-damage|p1a: Jirachi|42/100
|
|-weather|Sandstorm|[upkeep]
|-damage|p2a: FUDGE FACE|69/100|[from] Sandstorm
|-heal|p1a: Jirachi|48/100|[from] item: Leftovers
|-heal|p2a: FUDGE FACE|76/100|[from] item: Leftovers
|upkeep
|turn|59
|inactive|Stockings has 270 seconds left.
|
|t:|1730742510
|move|p1a: Jirachi|Protect|p1a: Jirachi
|-singleturn|p1a: Jirachi|Protect
|move|p2a: FUDGE FACE|Fire Blast|p1a: Jirachi
|-activate|p1a: Jirachi|Protect
|
|-weather|Sandstorm|[upkeep]
|-damage|p2a: FUDGE FACE|69/100|[from] Sandstorm
|-heal|p1a: Jirachi|54/100|[from] item: Leftovers
|-heal|p2a: FUDGE FACE|76/100|[from] item: Leftovers
|upkeep
|turn|60
|inactive|Stockings has 270 seconds left.
|inactive|Sheik has 270 seconds left.
|
|t:|1730742544
|move|p1a: Jirachi|Toxic|p2a: FUDGE FACE
|-status|p2a: FUDGE FACE|tox
|move|p2a: FUDGE FACE|Fire Blast|p1a: Jirachi
|-supereffective|p1a: Jirachi
|-damage|p1a: Jirachi|0 fnt
|faint|p1a: Jirachi
|
|t:|1730742553
|switch|p1a: Salamence|Salamence, M|100/100
|-ability|p1a: Salamence|Intimidate|boost
|-unboost|p2a: FUDGE FACE|atk|1
|
|-weather|Sandstorm|[upkeep]
|-damage|p1a: Salamence|94/100|[from] Sandstorm
|-damage|p2a: FUDGE FACE|69/100 tox|[from] Sandstorm
|-heal|p1a: Salamence|100/100|[from] item: Leftovers
|-heal|p2a: FUDGE FACE|76/100 tox|[from] item: Leftovers
|-damage|p2a: FUDGE FACE|69/100 tox|[from] psn
|upkeep
|turn|61
|
|t:|1730742563
|-curestatus|p2a: FUDGE FACE|tox|[from] ability: Natural Cure
|switch|p2a: POST PATCH MILLIA|Moltres|69/100
|move|p1a: Salamence|Brick Break|p2a: POST PATCH MILLIA
|-resisted|p2a: POST PATCH MILLIA
|-damage|p2a: POST PATCH MILLIA|56/100
|
|-weather|Sandstorm|[upkeep]
|-damage|p1a: Salamence|94/100|[from] Sandstorm
|-damage|p2a: POST PATCH MILLIA|50/100|[from] Sandstorm
|-heal|p1a: Salamence|100/100|[from] item: Leftovers
|-heal|p2a: POST PATCH MILLIA|56/100|[from] item: Leftovers
|upkeep
|turn|62
|inactive|Sheik has 270 seconds left.
|inactive|Stockings has 270 seconds left.
|inactive|Sheik has 240 seconds left.
|
|t:|1730742623
|switch|p1a: Blissey|Blissey, F, shiny|100/100
|-damage|p1a: Blissey|88/100|[from] Spikes
|move|p2a: POST PATCH MILLIA|Flamethrower|p1a: Blissey
|-damage|p1a: Blissey|68/100
|
|-weather|Sandstorm|[upkeep]
|-damage|p2a: POST PATCH MILLIA|50/100|[from] Sandstorm
|-damage|p1a: Blissey|62/100|[from] Sandstorm
|-heal|p2a: POST PATCH MILLIA|56/100|[from] item: Leftovers
|-heal|p1a: Blissey|68/100|[from] item: Leftovers
|upkeep
|turn|63
|
|t:|1730742631
|switch|p2a: FUDGE FACE|Blissey, F|69/100
|-damage|p2a: FUDGE FACE|45/100|[from] Spikes
|switch|p1a: Salamence|Salamence, M|100/100
|-ability|p1a: Salamence|Intimidate|boost
|-unboost|p2a: FUDGE FACE|atk|1
|
|-weather|Sandstorm|[upkeep]
|-damage|p1a: Salamence|94/100|[from] Sandstorm
|-damage|p2a: FUDGE FACE|38/100|[from] Sandstorm
|-heal|p1a: Salamence|100/100|[from] item: Leftovers
|-heal|p2a: FUDGE FACE|45/100|[from] item: Leftovers
|upkeep
|turn|64
|
|t:|1730742640
|move|p1a: Salamence|Brick Break|p2a: FUDGE FACE
|-supereffective|p2a: FUDGE FACE
|-damage|p2a: FUDGE FACE|0 fnt
|faint|p2a: FUDGE FACE
|c|☆Stockings|gg
|c|☆Sheik|gg
|-message|Stockings forfeited.
|
|win|Sheik
|c|☆Sheik|/log Sheik made the replay of this battle unlisted.
|player|p2|

</script>
<script type="application/json" class="data" id="replaydata-smogtours-gen3ou-804755">
{"id":"smogtours-gen3ou-804755","format":"[Gen 3] OU","players":["Sheik","Stockings"],"uploadtime":1730742651,"views":56,"formatid":"gen3ou","rating":null,"private":1,"password":null}
</script>

<script defer src="js/replays.js?9d40a366"></script>
