<!DOCTYPE html>
<meta charset="utf-8" />
<meta name="viewport" content="width=device-width" />

<title>[Gen 3] OU: Ooziegib vs. FlappleFan20 - Replays - Pok&eacute;mon Showdown!</title>

<meta name="description" content="Watch a replay of a Pok&eacute;mon battle between Ooziegib and FlappleFan20! Format: [Gen 3] OU; Date: Oct 19, 2024" />
<!--

Hey, you! Looking in the source for the replay log?

You can find them in JSON format, just add `.json` at the end of a replay URL.

https://replay.pokemonshowdown.com/gen7randomdoublesbattle-865046831.json

Or, if you only need the log itself, add `.log` instead:

https://replay.pokemonshowdown.com/gen7randomdoublesbattle-865046831.log

-->

<link rel="stylesheet" href="//pokemonshowdown.com/style/global.css?0.023195364461161105" />
<link rel="stylesheet" href="//play.pokemonshowdown.com/style/font-awesome.css?0.13261647063804238" />
<link rel="stylesheet" href="//play.pokemonshowdown.com/style/battle.css?0.8753245789963631" />
<link rel="stylesheet" href="//play.pokemonshowdown.com/style/utilichart.css?0.8627959624976733" />

<!-- Global site tag (gtag.js) - Google Analytics -->
<script async src="https://www.googletagmanager.com/gtag/js?id=UA-26211653-1"></script>
<script>
  window.dataLayer = window.dataLayer || [];
  function gtag(){dataLayer.push(arguments);}
  gtag('js', new Date());

  gtag('config', 'UA-26211653-1');
</script>
<!-- End Google Analytics -->
<!-- Venatus Ad Manager - Install in <HEAD> of page -->
	<script src="https://hb.vntsm.com/v3/live/ad-manager.min.js" type="text/javascript" data-site-id="642aba63ec9a7b11c3c9c1be" data-mode="scan" async></script>
<!-- / Venatus Ad Manager -->

<style>
	@media (max-width:820px) {
		.battle {
			margin: 0 auto;
		}
		.battle-log {
			margin: 7px auto 0;
			max-width: 640px;
			height: 300px;
			position: static;
		}
	}
	.optgroup {
		display: inline-block;
		line-height: 22px;
		font-size: 10pt;
	}
	.optgroup .button {
		height: 25px;
		padding-top: 0;
		padding-bottom: 0;
	}
	.optgroup button.button {
		padding-left: 12px;
		padding-right: 12px;
	}
	.linklist {
		list-style: none;
		margin: 0.5em 0;
		padding: 0;
	}
	.linklist li {
		padding: 2px 0;
	}
	.sidebar {
		float: left;
		width: 320px;
	}
	.bar-wrapper {
		max-width: 1100px;
		margin: 0 auto;
	}
	.bar-wrapper.has-sidebar {
		max-width: 1430px;
	}
	.mainbar {
		margin: 0;
		padding-right: 1px;
	}
	.mainbar.has-sidebar {
		margin-left: 330px;
	}
	@media (min-width: 1511px) {
		.sidebar {
			width: 400px;
		}
		.bar-wrapper.has-sidebar {
			max-width: 1510px;
		}
		.mainbar.has-sidebar {
			margin-left: 410px;
		}
	}
	.section.first-section {
		margin-top: 9px;
	}
	.blocklink small {
		white-space: normal;
	}
	.button {
		vertical-align: middle;
	}
	.replay-controls {
		padding-top: 10px;
	}
	.replay-controls h1 {
		font-size: 16pt;
		font-weight: normal;
		color: #CCC;
	}
	.pagelink {
		text-align: center;
	}
	.pagelink a {
		width: 150px;
	}
	.textbox, .button {
		font-size: 11pt;
		vertical-align: middle;
	}
	@media (max-width: 450px) {
		.button {
			font-size: 9pt;
		}
	}
</style>

<div>

	<header>
		<div class="nav-wrapper"><ul class="nav">
			<li><a class="button nav-first" href="//pokemonshowdown.com/"><img src="//pokemonshowdown.com/images/pokemonshowdownbeta.png" srcset="//pokemonshowdown.com/images/pokemonshowdownbeta.png 1x, //pokemonshowdown.com/images/pokemonshowdownbeta@2x.png 2x" alt="Pok&eacute;mon Showdown" width="146" height="44" /> Home</a></li>
			<li><a class="button" href="//pokemonshowdown.com/dex/">Pok&eacute;dex</a></li>
			<li><a class="button cur" href="/">Replays</a></li>
			<li><a class="button" href="//pokemonshowdown.com/ladder/">Ladder</a></li>
			<li><a class="button nav-last" href="//pokemonshowdown.com/forums/">Forum</a></li>
			<li><a class="button greenbutton nav-first nav-last" href="//play.pokemonshowdown.com/">Play</a></li>
		</ul></div>
	</header>

	<div class="main" id="main">

		<noscript><section class="section">You need to enable JavaScript to use this page; sorry!</section></noscript>

	</div>

</div>

<script defer nomodule src="//play.pokemonshowdown.com/js/lib/ps-polyfill.js"></script>
<script defer src="//play.pokemonshowdown.com/js/lib/preact.min.js"></script>

<script defer src="//play.pokemonshowdown.com/config/config.js?2bddbc15"></script>
<script defer src="//play.pokemonshowdown.com/js/lib/jquery-1.11.0.min.js"></script>
<script defer src="//play.pokemonshowdown.com/js/lib/html-sanitizer-minified.js"></script>
<script defer src="//play.pokemonshowdown.com/js/battle-sound.js"></script>
<script defer src="//play.pokemonshowdown.com/js/battledata.js?0.7209276989879541"></script>
<script defer src="//play.pokemonshowdown.com/data/pokedex-mini.js?0.6111056340867951"></script>
<script defer src="//play.pokemonshowdown.com/data/pokedex-mini-bw.js?0.3532142036491459"></script>
<script defer src="//play.pokemonshowdown.com/data/graphics.js?0.24223875632456182"></script>
<script defer src="//play.pokemonshowdown.com/data/pokedex.js?0.38839984266356864"></script>
<script defer src="//play.pokemonshowdown.com/data/moves.js?0.21866028504024015"></script>
<script defer src="//play.pokemonshowdown.com/data/abilities.js?0.2005157953846628"></script>
<script defer src="//play.pokemonshowdown.com/data/items.js?0.9894211263848525"></script>
<script defer src="//play.pokemonshowdown.com/data/teambuilder-tables.js?0.6008791140282215"></script>
<script defer src="//play.pokemonshowdown.com/js/battle-tooltips.js?0.7580118955022959"></script>
<script defer src="//play.pokemonshowdown.com/js/battle.js?0.6057722274234274"></script>

<script defer src="js/utils.js?e31f9a17"></script>
<script defer src="js/replays-battle.js?7008c182"></script>

<!-- don't scrape this data! just add .json or .log after the URL!
Full API docs: https://github.com/smogon/pokemon-showdown-client/blob/master/WEB-API.md -->
<script type="text/plain" class="log" id="replaylog-smogtours-gen3ou-800121">
|inactive|Battle timer is ON: inactive players will automatically lose when time's up.
|t:|1729372191
|gametype|singles
|player|p1|Ooziegib|169|
|player|p2|FlappleFan20|swimmer-gen1|
|teamsize|p1|6
|teamsize|p2|6
|gen|3
|tier|[Gen 3] OU
|rule|Sleep Clause Mod: Limit one foe put to sleep
|rule|Switch Priority Clause Mod: Faster Pokémon switch first
|rule|Species Clause: Limit one of each Pokémon
|rule|OHKO Clause: OHKO moves are banned
|rule|Evasion Items Clause: Evasion items are banned
|rule|Evasion Moves Clause: Evasion moves are banned
|rule|Endless Battle Clause: Forcing endless battles is banned
|rule|HP Percentage Mod: HP is shown in percentages
|rule|One Boost Passer Clause: Limit one Baton Passer that has a way to boost its stats
|rule|Freeze Clause Mod: Limit one foe frozen
|
|t:|1729372191
|start
|switch|p1a: Zapdos|Zapdos|100/100
|switch|p2a: Tyranitar|Tyranitar, F|100/100
|-weather|Sandstorm|[from] ability: Sand Stream|[of] p2a: Tyranitar
|turn|1
|c|☆Ooziegib|glhf
|
|t:|1729372205
|switch|p1a: Swampert|Swampert, M|100/100
|switch|p2a: Blissey|Blissey, F|100/100
|
|-weather|Sandstorm|[upkeep]
|-damage|p2a: Blissey|94/100|[from] Sandstorm
|-heal|p2a: Blissey|100/100|[from] item: Leftovers
|upkeep
|turn|2
|
|t:|1729372217
|switch|p1a: Metagross|Metagross|100/100
|move|p2a: Blissey|Sing|p1a: Metagross|[miss]
|-miss|p2a: Blissey|p1a: Metagross
|
|-weather|Sandstorm|[upkeep]
|-damage|p2a: Blissey|94/100|[from] Sandstorm
|-heal|p2a: Blissey|100/100|[from] item: Leftovers
|upkeep
|turn|3
|
|t:|1729372233
|switch|p2a: Skarmory|Skarmory, F|100/100
|move|p1a: Metagross|Meteor Mash|p2a: Skarmory
|-resisted|p2a: Skarmory
|-damage|p2a: Skarmory|84/100
|
|-weather|Sandstorm|[upkeep]
|upkeep
|turn|4
|c|☆FlappleFan20|glhf to you too
|
|t:|1729372241
|move|p1a: Metagross|Hidden Power|p2a: Skarmory
|-supereffective|p2a: Skarmory
|-damage|p2a: Skarmory|46/100
|move|p2a: Skarmory|Thief|p1a: Metagross
|-damage|p1a: Metagross|94/100
|-enditem|p1a: Metagross|Leftovers|[silent]|[from] move: Thief|[of] p2a: Skarmory
|-item|p2a: Skarmory|Leftovers|[from] move: Thief|[of] p1a: Metagross
|
|-weather|Sandstorm|[upkeep]
|-heal|p2a: Skarmory|52/100|[from] item: Leftovers
|upkeep
|turn|5
|
|t:|1729372250
|move|p2a: Skarmory|Protect|p2a: Skarmory
|-singleturn|p2a: Skarmory|Protect
|move|p1a: Metagross|Hidden Power|p2a: Skarmory
|-activate|p2a: Skarmory|Protect
|
|-weather|Sandstorm|[upkeep]
|-heal|p2a: Skarmory|58/100|[from] item: Leftovers
|upkeep
|turn|6
|
|t:|1729372271
|switch|p2a: Starmie|Starmie|100/100
|move|p1a: Metagross|Hidden Power|p2a: Starmie
|-resisted|p2a: Starmie
|-damage|p2a: Starmie|87/100
|
|-weather|Sandstorm|[upkeep]
|-damage|p2a: Starmie|81/100|[from] Sandstorm
|-heal|p2a: Starmie|87/100|[from] item: Leftovers
|upkeep
|turn|7
|
|t:|1729372278
|move|p2a: Starmie|Thunder Wave|p1a: Metagross
|-status|p1a: Metagross|par
|move|p1a: Metagross|Explosion|p2a: Starmie
|-damage|p2a: Starmie|0 fnt
|faint|p1a: Metagross
|faint|p2a: Starmie
|
|t:|1729372295
|switch|p2a: Skarmory|Skarmory, F|58/100
|switch|p1a: Zapdos|Zapdos|100/100
|
|-weather|Sandstorm|[upkeep]
|-damage|p1a: Zapdos|94/100|[from] Sandstorm
|-heal|p1a: Zapdos|100/100|[from] item: Leftovers
|-heal|p2a: Skarmory|64/100|[from] item: Leftovers
|upkeep
|turn|8
|
|t:|1729372303
|move|p2a: Skarmory|Protect|p2a: Skarmory
|-singleturn|p2a: Skarmory|Protect
|move|p1a: Zapdos|Thunderbolt|p2a: Skarmory
|-activate|p2a: Skarmory|Protect
|
|-weather|Sandstorm|[upkeep]
|-damage|p1a: Zapdos|94/100|[from] Sandstorm
|-heal|p1a: Zapdos|100/100|[from] item: Leftovers
|-heal|p2a: Skarmory|70/100|[from] item: Leftovers
|upkeep
|turn|9
|
|t:|1729372310
|switch|p1a: Tyranitar|Tyranitar, F|100/100
|switch|p2a: Blissey|Blissey, F|100/100
|
|-weather|Sandstorm|[upkeep]
|-damage|p2a: Blissey|94/100|[from] Sandstorm
|-heal|p2a: Blissey|100/100|[from] item: Leftovers
|upkeep
|turn|10
|
|t:|1729372326
|move|p1a: Tyranitar|Rock Slide|p2a: Blissey
|-damage|p2a: Blissey|64/100
|move|p2a: Blissey|Sing|p1a: Tyranitar|[miss]
|-miss|p2a: Blissey|p1a: Tyranitar
|
|-weather|Sandstorm|[upkeep]
|-damage|p2a: Blissey|58/100|[from] Sandstorm
|-heal|p2a: Blissey|64/100|[from] item: Leftovers
|upkeep
|turn|11
|
|t:|1729372336
|switch|p2a: Metagross|Metagross|100/100
|move|p1a: Tyranitar|Dragon Dance|p1a: Tyranitar
|-boost|p1a: Tyranitar|atk|1
|-boost|p1a: Tyranitar|spe|1
|
|-weather|Sandstorm|[upkeep]
|upkeep
|turn|12
|
|t:|1729372342
|switch|p1a: Swampert|Swampert, M|100/100
|move|p2a: Metagross|Meteor Mash|p1a: Swampert
|-resisted|p1a: Swampert
|-damage|p1a: Swampert|81/100
|
|-weather|Sandstorm|[upkeep]
|-heal|p1a: Swampert|87/100|[from] item: Leftovers
|upkeep
|turn|13
|
|t:|1729372367
|switch|p2a: Blissey|Blissey, F|64/100
|move|p1a: Swampert|Earthquake|p2a: Blissey
|-damage|p2a: Blissey|30/100
|
|-weather|Sandstorm|[upkeep]
|-damage|p2a: Blissey|23/100|[from] Sandstorm
|-heal|p1a: Swampert|94/100|[from] item: Leftovers
|-heal|p2a: Blissey|30/100|[from] item: Leftovers
|upkeep
|turn|14
|
|t:|1729372375
|move|p1a: Swampert|Curse|p1a: Swampert
|-unboost|p1a: Swampert|spe|1
|-boost|p1a: Swampert|atk|1
|-boost|p1a: Swampert|def|1
|move|p2a: Blissey|Soft-Boiled|p2a: Blissey
|-heal|p2a: Blissey|79/100
|
|-weather|Sandstorm|[upkeep]
|-damage|p2a: Blissey|73/100|[from] Sandstorm
|-heal|p2a: Blissey|79/100|[from] item: Leftovers
|-heal|p1a: Swampert|99/100|[from] item: Leftovers
|upkeep
|turn|15
|
|t:|1729372378
|move|p2a: Blissey|Sing|p1a: Swampert|[miss]
|-miss|p2a: Blissey|p1a: Swampert
|move|p1a: Swampert|Earthquake|p2a: Blissey
|-crit|p2a: Blissey
|-damage|p2a: Blissey|0 fnt
|faint|p2a: Blissey
|
|t:|1729372391
|switch|p2a: Skarmory|Skarmory, F|70/100
|
|-weather|Sandstorm|[upkeep]
|-heal|p2a: Skarmory|76/100|[from] item: Leftovers
|-heal|p1a: Swampert|100/100|[from] item: Leftovers
|upkeep
|turn|16
|
|t:|1729372398
|switch|p1a: Zapdos|Zapdos|100/100
|move|p2a: Skarmory|Roar|p1a: Zapdos
|drag|p1a: Suicune|Suicune|100/100
|
|-weather|Sandstorm|[upkeep]
|-damage|p1a: Suicune|94/100|[from] Sandstorm
|-heal|p1a: Suicune|100/100|[from] item: Leftovers
|-heal|p2a: Skarmory|82/100|[from] item: Leftovers
|upkeep
|turn|17
|
|t:|1729372405
|move|p1a: Suicune|Calm Mind|p1a: Suicune
|-boost|p1a: Suicune|spa|1
|-boost|p1a: Suicune|spd|1
|move|p2a: Skarmory|Roar|p1a: Suicune
|drag|p1a: Zapdos|Zapdos|100/100
|
|-weather|Sandstorm|[upkeep]
|-damage|p1a: Zapdos|94/100|[from] Sandstorm
|-heal|p1a: Zapdos|100/100|[from] item: Leftovers
|-heal|p2a: Skarmory|88/100|[from] item: Leftovers
|upkeep
|turn|18
|
|t:|1729372409
|move|p2a: Skarmory|Protect|p2a: Skarmory
|-singleturn|p2a: Skarmory|Protect
|move|p1a: Zapdos|Thunderbolt|p2a: Skarmory
|-activate|p2a: Skarmory|Protect
|
|-weather|Sandstorm|[upkeep]
|-damage|p1a: Zapdos|94/100|[from] Sandstorm
|-heal|p1a: Zapdos|100/100|[from] item: Leftovers
|-heal|p2a: Skarmory|94/100|[from] item: Leftovers
|upkeep
|turn|19
|
|t:|1729372424
|switch|p2a: Tyranitar|Tyranitar, F|100/100
|move|p1a: Zapdos|Thunderbolt|p2a: Tyranitar
|-damage|p2a: Tyranitar|58/100
|
|-weather|Sandstorm|[upkeep]
|-damage|p1a: Zapdos|94/100|[from] Sandstorm
|-heal|p1a: Zapdos|100/100|[from] item: Leftovers
|-heal|p2a: Tyranitar|64/100|[from] item: Leftovers
|upkeep
|turn|20
|
|t:|1729372432
|switch|p1a: Swampert|Swampert, M|100/100
|move|p2a: Tyranitar|Crunch|p1a: Swampert
|-damage|p1a: Swampert|66/100
|-unboost|p1a: Swampert|spd|1
|
|-weather|Sandstorm|[upkeep]
|-heal|p2a: Tyranitar|70/100|[from] item: Leftovers
|-heal|p1a: Swampert|72/100|[from] item: Leftovers
|upkeep
|turn|21
|
|t:|1729372436
|move|p2a: Tyranitar|Hidden Power|p1a: Swampert
|-supereffective|p1a: Swampert
|-damage|p1a: Swampert|0 fnt
|faint|p1a: Swampert
|
|t:|1729372441
|switch|p1a: Suicune|Suicune|100/100
|
|-weather|Sandstorm|[upkeep]
|-damage|p1a: Suicune|94/100|[from] Sandstorm
|-heal|p1a: Suicune|100/100|[from] item: Leftovers
|-heal|p2a: Tyranitar|76/100|[from] item: Leftovers
|upkeep
|turn|22
|
|t:|1729372449
|switch|p2a: Skarmory|Skarmory, F|94/100
|move|p1a: Suicune|Hydro Pump|p2a: Skarmory
|-damage|p2a: Skarmory|43/100
|
|-weather|Sandstorm|[upkeep]
|-damage|p1a: Suicune|94/100|[from] Sandstorm
|-heal|p1a: Suicune|100/100|[from] item: Leftovers
|-heal|p2a: Skarmory|49/100|[from] item: Leftovers
|upkeep
|turn|23
|
|t:|1729372454
|move|p2a: Skarmory|Protect|p2a: Skarmory
|-singleturn|p2a: Skarmory|Protect
|move|p1a: Suicune|Hydro Pump|p2a: Skarmory
|-activate|p2a: Skarmory|Protect
|
|-weather|Sandstorm|[upkeep]
|-damage|p1a: Suicune|94/100|[from] Sandstorm
|-heal|p1a: Suicune|100/100|[from] item: Leftovers
|-heal|p2a: Skarmory|55/100|[from] item: Leftovers
|upkeep
|turn|24
|
|t:|1729372459
|move|p1a: Suicune|Hydro Pump|p2a: Skarmory
|-damage|p2a: Skarmory|8/100
|move|p2a: Skarmory|Roar|p1a: Suicune
|drag|p1a: Tyranitar|Tyranitar, F|100/100
|
|-weather|Sandstorm|[upkeep]
|-heal|p2a: Skarmory|14/100|[from] item: Leftovers
|upkeep
|turn|25
|
|t:|1729372472
|switch|p1a: Suicune|Suicune|100/100
|move|p2a: Skarmory|Roar|p1a: Suicune
|drag|p1a: Salamence|Salamence, F|100/100
|-ability|p1a: Salamence|Intimidate|boost
|-unboost|p2a: Skarmory|atk|1
|
|-weather|Sandstorm|[upkeep]
|-damage|p1a: Salamence|94/100|[from] Sandstorm
|-heal|p1a: Salamence|100/100|[from] item: Leftovers
|-heal|p2a: Skarmory|20/100|[from] item: Leftovers
|upkeep
|turn|26
|
|t:|1729372480
|move|p2a: Skarmory|Protect|p2a: Skarmory
|-singleturn|p2a: Skarmory|Protect
|move|p1a: Salamence|Rock Slide|p2a: Skarmory
|-activate|p2a: Skarmory|Protect
|
|-weather|Sandstorm|[upkeep]
|-damage|p1a: Salamence|94/100|[from] Sandstorm
|-heal|p1a: Salamence|100/100|[from] item: Leftovers
|-heal|p2a: Skarmory|26/100|[from] item: Leftovers
|upkeep
|turn|27
|
|t:|1729372492
|switch|p2a: Metagross|Metagross|100/100
|move|p1a: Salamence|Dragon Dance|p1a: Salamence
|-boost|p1a: Salamence|atk|1
|-boost|p1a: Salamence|spe|1
|
|-weather|Sandstorm|[upkeep]
|-damage|p1a: Salamence|94/100|[from] Sandstorm
|-heal|p1a: Salamence|100/100|[from] item: Leftovers
|upkeep
|turn|28
|
|t:|1729372499
|move|p2a: Metagross|Protect|p2a: Metagross
|-singleturn|p2a: Metagross|Protect
|move|p1a: Salamence|Earthquake|p2a: Metagross
|-activate|p2a: Metagross|Protect
|
|-weather|Sandstorm|[upkeep]
|-damage|p1a: Salamence|94/100|[from] Sandstorm
|-heal|p1a: Salamence|100/100|[from] item: Leftovers
|upkeep
|turn|29
|
|t:|1729372519
|move|p1a: Salamence|Earthquake|p2a: Metagross
|-supereffective|p2a: Metagross
|-damage|p2a: Metagross|35/100
|move|p2a: Metagross|Explosion|p1a: Salamence
|-damage|p1a: Salamence|0 fnt
|faint|p2a: Metagross
|faint|p1a: Salamence
|
|t:|1729372529
|switch|p1a: Suicune|Suicune|100/100
|switch|p2a: Tyranitar|Tyranitar, F|76/100
|
|-weather|Sandstorm|[upkeep]
|-damage|p1a: Suicune|94/100|[from] Sandstorm
|-heal|p1a: Suicune|100/100|[from] item: Leftovers
|-heal|p2a: Tyranitar|82/100|[from] item: Leftovers
|upkeep
|turn|30
|
|t:|1729372535
|move|p1a: Suicune|Hydro Pump|p2a: Tyranitar
|-supereffective|p2a: Tyranitar
|-damage|p2a: Tyranitar|0 fnt
|faint|p2a: Tyranitar
|
|t:|1729372538
|switch|p2a: Dugtrio|Dugtrio, M|100/100
|
|-weather|Sandstorm|[upkeep]
|-damage|p1a: Suicune|94/100|[from] Sandstorm
|-heal|p1a: Suicune|100/100|[from] item: Leftovers
|upkeep
|turn|31
|
|t:|1729372543
|move|p2a: Dugtrio|Earthquake|p1a: Suicune
|-damage|p1a: Suicune|59/100
|move|p1a: Suicune|Ice Beam|p2a: Dugtrio
|-supereffective|p2a: Dugtrio
|-damage|p2a: Dugtrio|0 fnt
|faint|p2a: Dugtrio
|c|☆FlappleFan20|ggs
|c|☆Ooziegib|gg
|
|t:|1729372547
|switch|p2a: Skarmory|Skarmory, F|26/100
|
|-weather|Sandstorm|[upkeep]
|-damage|p1a: Suicune|52/100|[from] Sandstorm
|-heal|p1a: Suicune|59/100|[from] item: Leftovers
|-heal|p2a: Skarmory|33/100|[from] item: Leftovers
|upkeep
|turn|32
|
|t:|1729372552
|switch|p1a: Zapdos|Zapdos|100/100
|move|p2a: Skarmory|Thief|p1a: Zapdos
|-damage|p1a: Zapdos|95/100
|
|-weather|Sandstorm|[upkeep]
|-damage|p1a: Zapdos|89/100|[from] Sandstorm
|-heal|p1a: Zapdos|95/100|[from] item: Leftovers
|-heal|p2a: Skarmory|39/100|[from] item: Leftovers
|upkeep
|turn|33
|
|t:|1729372556
|move|p1a: Zapdos|Thunderbolt|p2a: Skarmory
|-supereffective|p2a: Skarmory
|-damage|p2a: Skarmory|0 fnt
|faint|p2a: Skarmory
|
|win|Ooziegib
|c|☆FlappleFan20|you wanna send the replay?
|c|☆Ooziegib|I saved it
|c|☆FlappleFan20|cool

</script>
<script type="application/json" class="data" id="replaydata-smogtours-gen3ou-800121">
{"id":"smogtours-gen3ou-800121","format":"[Gen 3] OU","players":["Ooziegib","FlappleFan20"],"uploadtime":1729372556,"views":113,"formatid":"gen3ou","rating":null,"private":0,"password":null}
</script>

<script defer src="js/replays.js?9d40a366"></script>
