<!DOCTYPE html>
<meta charset="utf-8" />
<meta name="viewport" content="width=device-width" />

<title>[Gen 3] OU: FaceOFF3141 vs. oopsalldeoxys - Replays - Pok&eacute;mon Showdown!</title>

<meta name="description" content="Watch a replay of a Pok&eacute;mon battle between FaceOFF3141 and oopsalldeoxys! Format: [Gen 3] OU; Date: Oct 29, 2024" />
<!--

Hey, you! Looking in the source for the replay log?

You can find them in JSON format, just add `.json` at the end of a replay URL.

https://replay.pokemonshowdown.com/gen7randomdoublesbattle-865046831.json

Or, if you only need the log itself, add `.log` instead:

https://replay.pokemonshowdown.com/gen7randomdoublesbattle-865046831.log

-->

<link rel="stylesheet" href="//pokemonshowdown.com/style/global.css?0.023195364461161105" />
<link rel="stylesheet" href="//play.pokemonshowdown.com/style/font-awesome.css?0.13261647063804238" />
<link rel="stylesheet" href="//play.pokemonshowdown.com/style/battle.css?0.8753245789963631" />
<link rel="stylesheet" href="//play.pokemonshowdown.com/style/utilichart.css?0.8627959624976733" />

<!-- Global site tag (gtag.js) - Google Analytics -->
<script async src="https://www.googletagmanager.com/gtag/js?id=UA-26211653-1"></script>
<script>
  window.dataLayer = window.dataLayer || [];
  function gtag(){dataLayer.push(arguments);}
  gtag('js', new Date());

  gtag('config', 'UA-26211653-1');
</script>
<!-- End Google Analytics -->
<!-- Venatus Ad Manager - Install in <HEAD> of page -->
	<script src="https://hb.vntsm.com/v3/live/ad-manager.min.js" type="text/javascript" data-site-id="642aba63ec9a7b11c3c9c1be" data-mode="scan" async></script>
<!-- / Venatus Ad Manager -->

<style>
	@media (max-width:820px) {
		.battle {
			margin: 0 auto;
		}
		.battle-log {
			margin: 7px auto 0;
			max-width: 640px;
			height: 300px;
			position: static;
		}
	}
	.optgroup {
		display: inline-block;
		line-height: 22px;
		font-size: 10pt;
	}
	.optgroup .button {
		height: 25px;
		padding-top: 0;
		padding-bottom: 0;
	}
	.optgroup button.button {
		padding-left: 12px;
		padding-right: 12px;
	}
	.linklist {
		list-style: none;
		margin: 0.5em 0;
		padding: 0;
	}
	.linklist li {
		padding: 2px 0;
	}
	.sidebar {
		float: left;
		width: 320px;
	}
	.bar-wrapper {
		max-width: 1100px;
		margin: 0 auto;
	}
	.bar-wrapper.has-sidebar {
		max-width: 1430px;
	}
	.mainbar {
		margin: 0;
		padding-right: 1px;
	}
	.mainbar.has-sidebar {
		margin-left: 330px;
	}
	@media (min-width: 1511px) {
		.sidebar {
			width: 400px;
		}
		.bar-wrapper.has-sidebar {
			max-width: 1510px;
		}
		.mainbar.has-sidebar {
			margin-left: 410px;
		}
	}
	.section.first-section {
		margin-top: 9px;
	}
	.blocklink small {
		white-space: normal;
	}
	.button {
		vertical-align: middle;
	}
	.replay-controls {
		padding-top: 10px;
	}
	.replay-controls h1 {
		font-size: 16pt;
		font-weight: normal;
		color: #CCC;
	}
	.pagelink {
		text-align: center;
	}
	.pagelink a {
		width: 150px;
	}
	.textbox, .button {
		font-size: 11pt;
		vertical-align: middle;
	}
	@media (max-width: 450px) {
		.button {
			font-size: 9pt;
		}
	}
</style>

<div>

	<header>
		<div class="nav-wrapper"><ul class="nav">
			<li><a class="button nav-first" href="//pokemonshowdown.com/"><img src="//pokemonshowdown.com/images/pokemonshowdownbeta.png" srcset="//pokemonshowdown.com/images/pokemonshowdownbeta.png 1x, //pokemonshowdown.com/images/pokemonshowdownbeta@2x.png 2x" alt="Pok&eacute;mon Showdown" width="146" height="44" /> Home</a></li>
			<li><a class="button" href="//pokemonshowdown.com/dex/">Pok&eacute;dex</a></li>
			<li><a class="button cur" href="/">Replays</a></li>
			<li><a class="button" href="//pokemonshowdown.com/ladder/">Ladder</a></li>
			<li><a class="button nav-last" href="//pokemonshowdown.com/forums/">Forum</a></li>
			<li><a class="button greenbutton nav-first nav-last" href="//play.pokemonshowdown.com/">Play</a></li>
		</ul></div>
	</header>

	<div class="main" id="main">

		<noscript><section class="section">You need to enable JavaScript to use this page; sorry!</section></noscript>

	</div>

</div>

<script defer nomodule src="//play.pokemonshowdown.com/js/lib/ps-polyfill.js"></script>
<script defer src="//play.pokemonshowdown.com/js/lib/preact.min.js"></script>

<script defer src="//play.pokemonshowdown.com/config/config.js?2bddbc15"></script>
<script defer src="//play.pokemonshowdown.com/js/lib/jquery-1.11.0.min.js"></script>
<script defer src="//play.pokemonshowdown.com/js/lib/html-sanitizer-minified.js"></script>
<script defer src="//play.pokemonshowdown.com/js/battle-sound.js"></script>
<script defer src="//play.pokemonshowdown.com/js/battledata.js?0.7209276989879541"></script>
<script defer src="//play.pokemonshowdown.com/data/pokedex-mini.js?0.6111056340867951"></script>
<script defer src="//play.pokemonshowdown.com/data/pokedex-mini-bw.js?0.3532142036491459"></script>
<script defer src="//play.pokemonshowdown.com/data/graphics.js?0.24223875632456182"></script>
<script defer src="//play.pokemonshowdown.com/data/pokedex.js?0.38839984266356864"></script>
<script defer src="//play.pokemonshowdown.com/data/moves.js?0.21866028504024015"></script>
<script defer src="//play.pokemonshowdown.com/data/abilities.js?0.2005157953846628"></script>
<script defer src="//play.pokemonshowdown.com/data/items.js?0.9894211263848525"></script>
<script defer src="//play.pokemonshowdown.com/data/teambuilder-tables.js?0.6008791140282215"></script>
<script defer src="//play.pokemonshowdown.com/js/battle-tooltips.js?0.7580118955022959"></script>
<script defer src="//play.pokemonshowdown.com/js/battle.js?0.6057722274234274"></script>

<script defer src="js/utils.js?e31f9a17"></script>
<script defer src="js/replays-battle.js?7008c182"></script>

<!-- don't scrape this data! just add .json or .log after the URL!
Full API docs: https://github.com/smogon/pokemon-showdown-client/blob/master/WEB-API.md -->
<script type="text/plain" class="log" id="replaylog-smogtours-gen3ou-803289">
|inactive|Battle timer is ON: inactive players will automatically lose when time's up.
|t:|1730232252
|gametype|singles
|player|p1|FaceOFF3141|101|
|player|p2|oopsalldeoxys|2|
|teamsize|p1|6
|teamsize|p2|6
|gen|3
|tier|[Gen 3] OU
|rule|Sleep Clause Mod: Limit one foe put to sleep
|rule|Switch Priority Clause Mod: Faster Pokémon switch first
|rule|Species Clause: Limit one of each Pokémon
|rule|OHKO Clause: OHKO moves are banned
|rule|Evasion Items Clause: Evasion items are banned
|rule|Evasion Moves Clause: Evasion moves are banned
|rule|Endless Battle Clause: Forcing endless battles is banned
|rule|HP Percentage Mod: HP is shown in percentages
|rule|One Boost Passer Clause: Limit one Baton Passer that has a way to boost its stats
|rule|Freeze Clause Mod: Limit one foe frozen
|
|t:|1730232252
|start
|switch|p1a: Salamence|Salamence, M|100/100
|switch|p2a: The Fever|Zapdos|100/100
|-ability|p1a: Salamence|Intimidate|boost
|-unboost|p2a: The Fever|atk|1
|turn|1
|c|☆oopsalldeoxys|glhf
|c|☆FaceOFF3141|u2
|inactive|FaceOFF3141 has 270 seconds left.
|inactive|oopsalldeoxys has 270 seconds left.
|
|t:|1730232300
|switch|p1a: Celebi|Celebi|100/100
|switch|p2a: Lost Boys|Swampert, M, shiny|100/100
|
|upkeep
|turn|2
|inactive|FaceOFF3141 has 270 seconds left.
|inactive|oopsalldeoxys has 270 seconds left.
|
|t:|1730232358
|switch|p2a: Hustle Bones|Heracross, F, shiny|100/100
|move|p1a: Celebi|Leech Seed|p2a: Hustle Bones|[miss]
|-miss|p1a: Celebi|p2a: Hustle Bones
|
|upkeep
|turn|3
|inactive|FaceOFF3141 has 270 seconds left.
|
|t:|1730232383
|switch|p1a: Skarmory|Skarmory, F|100/100
|move|p2a: Hustle Bones|Rock Slide|p1a: Skarmory
|-crit|p1a: Skarmory
|-damage|p1a: Skarmory|62/100
|
|-heal|p1a: Skarmory|68/100|[from] item: Leftovers
|upkeep
|turn|4
|inactive|oopsalldeoxys has 270 seconds left.
|
|t:|1730232402
|switch|p2a: Fuck That|Jirachi|100/100
|move|p1a: Skarmory|Spikes|p2a: Fuck That
|-sidestart|p2: oopsalldeoxys|Spikes
|
|-heal|p1a: Skarmory|74/100|[from] item: Leftovers
|upkeep
|turn|5
|inactive|FaceOFF3141 has 240 seconds left.
|
|t:|1730232435
|switch|p1a: Tyranitar|Tyranitar, F|100/100
|-weather|Sandstorm|[from] ability: Sand Stream|[of] p1a: Tyranitar
|move|p2a: Fuck That|Thunder|p1a: Tyranitar
|-damage|p1a: Tyranitar|76/100
|-status|p1a: Tyranitar|par
|
|-weather|Sandstorm|[upkeep]
|-heal|p1a: Tyranitar|82/100 par|[from] item: Leftovers
|upkeep
|turn|6
|inactive|FaceOFF3141 has 240 seconds left.
|inactive|oopsalldeoxys has 240 seconds left.
|
|t:|1730232465
|switch|p2a: Lost Boys|Swampert, M, shiny|100/100
|-damage|p2a: Lost Boys|88/100|[from] Spikes
|switch|p1a: Celebi|Celebi|100/100
|
|-weather|Sandstorm|[upkeep]
|-damage|p1a: Celebi|94/100|[from] Sandstorm
|-heal|p1a: Celebi|100/100|[from] item: Leftovers
|-heal|p2a: Lost Boys|94/100|[from] item: Leftovers
|upkeep
|turn|7
|
|t:|1730232474
|switch|p2a: Hustle Bones|Heracross, F, shiny|100/100
|-damage|p2a: Hustle Bones|88/100|[from] Spikes
|move|p1a: Celebi|Leech Seed|p2a: Hustle Bones
|-start|p2a: Hustle Bones|move: Leech Seed
|
|-weather|Sandstorm|[upkeep]
|-damage|p2a: Hustle Bones|82/100|[from] Sandstorm
|-damage|p1a: Celebi|94/100|[from] Sandstorm
|-damage|p2a: Hustle Bones|70/100|[from] Leech Seed|[of] p1a: Celebi
|-heal|p1a: Celebi|100/100|[silent]
|upkeep
|turn|8
|
|t:|1730232482
|switch|p2a: The Fever|Zapdos|100/100
|switch|p1a: Skarmory|Skarmory, F|74/100
|
|-weather|Sandstorm|[upkeep]
|-damage|p2a: The Fever|94/100|[from] Sandstorm
|-heal|p2a: The Fever|100/100|[from] item: Leftovers
|-heal|p1a: Skarmory|80/100|[from] item: Leftovers
|upkeep
|turn|9
|inactive|FaceOFF3141 has 240 seconds left.
|
|t:|1730232489
|switch|p1a: Celebi|Celebi|100/100
|move|p2a: The Fever|Thunderbolt|p1a: Celebi
|-resisted|p1a: Celebi
|-damage|p1a: Celebi|83/100
|
|-weather|Sandstorm|[upkeep]
|-damage|p1a: Celebi|77/100|[from] Sandstorm
|-damage|p2a: The Fever|94/100|[from] Sandstorm
|-heal|p1a: Celebi|83/100|[from] item: Leftovers
|-heal|p2a: The Fever|100/100|[from] item: Leftovers
|upkeep
|turn|10
|
|t:|1730232498
|move|p1a: Celebi|Psychic|p2a: The Fever
|-damage|p2a: The Fever|70/100
|move|p2a: The Fever|Toxic|p1a: Celebi
|-status|p1a: Celebi|tox
|
|-weather|Sandstorm|[upkeep]
|-damage|p1a: Celebi|77/100 tox|[from] Sandstorm
|-damage|p2a: The Fever|64/100|[from] Sandstorm
|-heal|p1a: Celebi|83/100 tox|[from] item: Leftovers
|-damage|p1a: Celebi|77/100 tox|[from] psn
|-heal|p2a: The Fever|70/100|[from] item: Leftovers
|upkeep
|turn|11
|
|t:|1730232510
|move|p1a: Celebi|Leech Seed|p2a: The Fever
|-start|p2a: The Fever|move: Leech Seed
|move|p2a: The Fever|Thunderbolt|p1a: Celebi
|-resisted|p1a: Celebi
|-damage|p1a: Celebi|59/100 tox
|
|-weather|Sandstorm|[upkeep]
|-damage|p1a: Celebi|52/100 tox|[from] Sandstorm
|-damage|p2a: The Fever|64/100|[from] Sandstorm
|-heal|p1a: Celebi|59/100 tox|[from] item: Leftovers
|-damage|p1a: Celebi|46/100 tox|[from] psn
|-heal|p2a: The Fever|70/100|[from] item: Leftovers
|-damage|p2a: The Fever|58/100|[from] Leech Seed|[of] p1a: Celebi
|-heal|p1a: Celebi|59/100 tox|[silent]
|upkeep
|turn|12
|inactive|oopsalldeoxys has 270 seconds left.
|
|t:|1730232520
|-curestatus|p1a: Celebi|tox|[from] ability: Natural Cure
|switch|p1a: Skarmory|Skarmory, F|80/100
|switch|p2a: Fuck That|Jirachi|100/100
|-damage|p2a: Fuck That|88/100|[from] Spikes
|
|-weather|Sandstorm|[upkeep]
|-heal|p2a: Fuck That|94/100|[from] item: Leftovers
|-heal|p1a: Skarmory|86/100|[from] item: Leftovers
|upkeep
|turn|13
|inactive|oopsalldeoxys has 270 seconds left.
|inactive|FaceOFF3141 has 240 seconds left.
|inactive|oopsalldeoxys has 240 seconds left.
|
|t:|1730232563
|switch|p1a: Swampert|Swampert, F|100/100
|move|p2a: Fuck That|Thunder|p1a: Swampert
|-immune|p1a: Swampert
|
|-weather|Sandstorm|[upkeep]
|-heal|p2a: Fuck That|100/100|[from] item: Leftovers
|upkeep
|turn|14
|inactive|oopsalldeoxys has 240 seconds left.
|
|t:|1730232571
|switch|p2a: The Fever|Zapdos|58/100
|switch|p1a: Salamence|Salamence, M|100/100
|-ability|p1a: Salamence|Intimidate|boost
|-unboost|p2a: The Fever|atk|1
|
|-weather|Sandstorm|[upkeep]
|-damage|p1a: Salamence|94/100|[from] Sandstorm
|-damage|p2a: The Fever|51/100|[from] Sandstorm
|-heal|p1a: Salamence|100/100|[from] item: Leftovers
|-heal|p2a: The Fever|58/100|[from] item: Leftovers
|upkeep
|turn|15
|
|t:|1730232579
|switch|p2a: Lost Boys|Swampert, M, shiny|94/100
|-damage|p2a: Lost Boys|82/100|[from] Spikes
|move|p1a: Salamence|Dragon Claw|p2a: Lost Boys
|-damage|p2a: Lost Boys|43/100
|
|-weather|Sandstorm|[upkeep]
|-damage|p1a: Salamence|94/100|[from] Sandstorm
|-heal|p1a: Salamence|100/100|[from] item: Leftovers
|-heal|p2a: Lost Boys|49/100|[from] item: Leftovers
|upkeep
|turn|16
|inactive|FaceOFF3141 has 240 seconds left.
|inactive|oopsalldeoxys has 240 seconds left.
|inactive|FaceOFF3141 has 210 seconds left.
|inactive|FaceOFF3141 has 180 seconds left.
|
|t:|1730232653
|switch|p2a: Fuck That|Jirachi|100/100
|-damage|p2a: Fuck That|88/100|[from] Spikes
|move|p1a: Salamence|Dragon Claw|p2a: Fuck That
|-resisted|p2a: Fuck That
|-damage|p2a: Fuck That|71/100
|
|-weather|Sandstorm|[upkeep]
|-damage|p1a: Salamence|94/100|[from] Sandstorm
|-heal|p1a: Salamence|100/100|[from] item: Leftovers
|-heal|p2a: Fuck That|77/100|[from] item: Leftovers
|upkeep
|turn|17
|
|t:|1730232660
|switch|p1a: Tyranitar|Tyranitar, F|82/100 par
|move|p2a: Fuck That|Ice Punch|p1a: Tyranitar
|-damage|p1a: Tyranitar|66/100 par
|
|-weather|Sandstorm|[upkeep]
|-heal|p2a: Fuck That|83/100|[from] item: Leftovers
|-heal|p1a: Tyranitar|72/100 par|[from] item: Leftovers
|upkeep
|turn|18
|inactive|FaceOFF3141 has 180 seconds left.
|
|t:|1730232676
|-singleturn|p1a: Tyranitar|move: Focus Punch
|switch|p2a: Hustle Bones|Heracross, F, shiny|70/100
|-damage|p2a: Hustle Bones|58/100|[from] Spikes
|move|p1a: Tyranitar|Focus Punch|p2a: Hustle Bones
|-resisted|p2a: Hustle Bones
|-damage|p2a: Hustle Bones|16/100
|
|-weather|Sandstorm|[upkeep]
|-damage|p2a: Hustle Bones|10/100|[from] Sandstorm
|-heal|p1a: Tyranitar|78/100 par|[from] item: Leftovers
|upkeep
|turn|19
|inactive|FaceOFF3141 has 180 seconds left.
|inactive|oopsalldeoxys has 210 seconds left.
|
|t:|1730232710
|switch|p1a: Salamence|Salamence, M|100/100
|-ability|p1a: Salamence|Intimidate|boost
|-unboost|p2a: Hustle Bones|atk|1
|move|p2a: Hustle Bones|Rock Slide|p1a: Salamence
|-supereffective|p1a: Salamence
|-crit|p1a: Salamence
|-damage|p1a: Salamence|0 fnt
|faint|p1a: Salamence
|
|t:|1730232721
|switch|p1a: Skarmory|Skarmory, F|86/100
|
|-weather|Sandstorm|[upkeep]
|-damage|p2a: Hustle Bones|4/100|[from] Sandstorm
|-heal|p1a: Skarmory|92/100|[from] item: Leftovers
|upkeep
|turn|20
|
|t:|1730232734
|switch|p2a: The Fever|Zapdos|58/100
|move|p1a: Skarmory|Spikes|p2a: The Fever
|-sidestart|p2: oopsalldeoxys|Spikes
|
|-weather|Sandstorm|[upkeep]
|-damage|p2a: The Fever|51/100|[from] Sandstorm
|-heal|p2a: The Fever|58/100|[from] item: Leftovers
|-heal|p1a: Skarmory|98/100|[from] item: Leftovers
|upkeep
|turn|21
|
|t:|1730232748
|switch|p2a: The Cage|Dugtrio, F, shiny|100/100
|-damage|p2a: The Cage|84/100|[from] Spikes
|switch|p1a: Tyranitar|Tyranitar, F|78/100 par
|
|-weather|Sandstorm|[upkeep]
|-heal|p1a: Tyranitar|85/100 par|[from] item: Leftovers
|upkeep
|turn|22
|inactive|oopsalldeoxys has 240 seconds left.
|
|t:|1730232753
|move|p2a: The Cage|Earthquake|p1a: Tyranitar
|-supereffective|p1a: Tyranitar
|-damage|p1a: Tyranitar|0 fnt
|faint|p1a: Tyranitar
|
|t:|1730232760
|switch|p1a: Skarmory|Skarmory, F|98/100
|
|-weather|Sandstorm|[upkeep]
|-heal|p1a: Skarmory|100/100|[from] item: Leftovers
|upkeep
|turn|23
|
|t:|1730232776
|switch|p2a: The Fever|Zapdos|58/100
|switch|p1a: Swampert|Swampert, F|100/100
|
|-weather|Sandstorm|[upkeep]
|-damage|p2a: The Fever|51/100|[from] Sandstorm
|-heal|p2a: The Fever|58/100|[from] item: Leftovers
|upkeep
|turn|24
|
|t:|1730232793
|move|p2a: The Fever|Toxic|p1a: Swampert
|-status|p1a: Swampert|tox
|move|p1a: Swampert|Ice Beam|p2a: The Fever
|-supereffective|p2a: The Fever
|-damage|p2a: The Fever|21/100
|
|-weather|Sandstorm|[upkeep]
|-damage|p2a: The Fever|14/100|[from] Sandstorm
|-heal|p2a: The Fever|21/100|[from] item: Leftovers
|-damage|p1a: Swampert|94/100 tox|[from] psn
|upkeep
|turn|25
|inactive|oopsalldeoxys has 270 seconds left.
|
|t:|1730232799
|switch|p1a: Celebi|Celebi|59/100
|move|p2a: The Fever|Rest|p2a: The Fever
|-status|p2a: The Fever|slp|[from] move: Rest
|-heal|p2a: The Fever|100/100 slp|[silent]
|
|-weather|Sandstorm|[upkeep]
|-damage|p1a: Celebi|52/100|[from] Sandstorm
|-damage|p2a: The Fever|94/100 slp|[from] Sandstorm
|-heal|p1a: Celebi|59/100|[from] item: Leftovers
|-heal|p2a: The Fever|100/100 slp|[from] item: Leftovers
|upkeep
|turn|26
|
|t:|1730232805
|switch|p1a: Skarmory|Skarmory, F|100/100
|switch|p2a: Hustle Bones|Heracross, F, shiny|4/100
|-damage|p2a: Hustle Bones|0 fnt|[from] Spikes
|faint|p2a: Hustle Bones
|
|t:|1730232814
|switch|p2a: The Fever|Zapdos|100/100 slp
|
|-weather|Sandstorm|[upkeep]
|-damage|p2a: The Fever|94/100 slp|[from] Sandstorm
|-heal|p2a: The Fever|100/100 slp|[from] item: Leftovers
|upkeep
|turn|27
|
|t:|1730232820
|cant|p2a: The Fever|slp
|move|p1a: Skarmory|Spikes|p2a: The Fever
|-sidestart|p2: oopsalldeoxys|Spikes
|
|-weather|Sandstorm|[upkeep]
|-damage|p2a: The Fever|94/100 slp|[from] Sandstorm
|-heal|p2a: The Fever|100/100 slp|[from] item: Leftovers
|upkeep
|turn|28
|
|t:|1730232823
|cant|p2a: The Fever|slp
|move|p1a: Skarmory|Roar|p2a: The Fever
|drag|p2a: Fuck That|Jirachi|83/100
|-damage|p2a: Fuck That|58/100|[from] Spikes
|
|-weather|Sandstorm|[upkeep]
|-heal|p2a: Fuck That|65/100|[from] item: Leftovers
|upkeep
|turn|29
|
|t:|1730232835
|move|p2a: Fuck That|Wish|p2a: Fuck That
|move|p1a: Skarmory|Roar|p2a: Fuck That
|drag|p2a: Lost Boys|Swampert, M, shiny|49/100
|-damage|p2a: Lost Boys|24/100|[from] Spikes
|
|-weather|Sandstorm|[upkeep]
|-heal|p2a: Lost Boys|30/100|[from] item: Leftovers
|upkeep
|turn|30
|
|t:|1730232846
|move|p2a: Lost Boys|Hydro Pump|p1a: Skarmory
|-damage|p1a: Skarmory|42/100
|move|p1a: Skarmory|Roar|p2a: Lost Boys
|drag|p2a: The Cage|Dugtrio, F, shiny|84/100
|-damage|p2a: The Cage|59/100|[from] Spikes
|
|-heal|p2a: The Cage|100/100|[from] move: Wish|[wisher] Fuck That
|-weather|Sandstorm|[upkeep]
|-heal|p1a: Skarmory|48/100|[from] item: Leftovers
|upkeep
|turn|31
|
|t:|1730232857
|switch|p1a: Swampert|Swampert, F|94/100 tox
|move|p2a: The Cage|Rock Slide|p1a: Swampert
|-resisted|p1a: Swampert
|-crit|p1a: Swampert
|-damage|p1a: Swampert|71/100 tox
|
|-weather|Sandstorm|[upkeep]
|-heal|p1a: Swampert|77/100 tox|[from] item: Leftovers
|-damage|p1a: Swampert|71/100 tox|[from] psn
|upkeep
|turn|32
|
|t:|1730232871
|switch|p2a: Fuck That|Jirachi|65/100
|-damage|p2a: Fuck That|40/100|[from] Spikes
|move|p1a: Swampert|Ice Beam|p2a: Fuck That
|-resisted|p2a: Fuck That
|-damage|p2a: Fuck That|30/100
|
|-weather|Sandstorm|[upkeep]
|-heal|p2a: Fuck That|36/100|[from] item: Leftovers
|-heal|p1a: Swampert|77/100 tox|[from] item: Leftovers
|-damage|p1a: Swampert|65/100 tox|[from] psn
|upkeep
|turn|33
|
|t:|1730232876
|move|p2a: Fuck That|Wish|p2a: Fuck That
|move|p1a: Swampert|Earthquake|p2a: Fuck That
|-supereffective|p2a: Fuck That
|-damage|p2a: Fuck That|0 fnt
|faint|p2a: Fuck That
|
|t:|1730232882
|switch|p2a: The Fever|Zapdos|100/100 slp
|
|-weather|Sandstorm|[upkeep]
|-damage|p2a: The Fever|94/100 slp|[from] Sandstorm
|-heal|p2a: The Fever|100/100 slp|[from] item: Leftovers
|-heal|p1a: Swampert|71/100 tox|[from] item: Leftovers
|-damage|p1a: Swampert|53/100 tox|[from] psn
|upkeep
|turn|34
|inactive|FaceOFF3141 has 210 seconds left.
|
|t:|1730232894
|-curestatus|p2a: The Fever|slp|[msg]
|move|p2a: The Fever|Toxic|p1a: Swampert
|-fail|p1a: Swampert|tox
|move|p1a: Swampert|Ice Beam|p2a: The Fever
|-supereffective|p2a: The Fever
|-damage|p2a: The Fever|67/100
|-status|p2a: The Fever|frz
|
|-heal|p2a: The Fever|100/100 frz|[from] move: Wish|[wisher] Fuck That
|-weather|Sandstorm|[upkeep]
|-damage|p2a: The Fever|94/100 frz|[from] Sandstorm
|-heal|p2a: The Fever|100/100 frz|[from] item: Leftovers
|-heal|p1a: Swampert|59/100 tox|[from] item: Leftovers
|-damage|p1a: Swampert|34/100 tox|[from] psn
|upkeep
|turn|35
|inactive|FaceOFF3141 has 210 seconds left.
|
|t:|1730232924
|switch|p2a: Lost Boys|Swampert, M, shiny|30/100
|-damage|p2a: Lost Boys|5/100|[from] Spikes
|switch|p1a: Aerodactyl|Aerodactyl, M|100/100
|
|-weather|Sandstorm|[upkeep]
|-heal|p2a: Lost Boys|11/100|[from] item: Leftovers
|upkeep
|turn|36
|
|t:|1730232930
|move|p1a: Aerodactyl|Double-Edge|p2a: Lost Boys
|-damage|p2a: Lost Boys|0 fnt
|faint|p2a: Lost Boys
|
|t:|1730232937
|switch|p2a: Blackjack|Aerodactyl, M, shiny|100/100
|
|-weather|Sandstorm|[upkeep]
|upkeep
|turn|37
|
|t:|1730232941
|switch|p1a: Swampert|Swampert, F|34/100 tox
|move|p2a: Blackjack|Rock Slide|p1a: Swampert|[miss]
|-miss|p2a: Blackjack|p1a: Swampert
|
|-weather|Sandstorm|[upkeep]
|-heal|p1a: Swampert|40/100 tox|[from] item: Leftovers
|-damage|p1a: Swampert|34/100 tox|[from] psn
|upkeep
|turn|38
|inactive|FaceOFF3141 has 210 seconds left.
|
|t:|1730232975
|switch|p2a: The Fever|Zapdos|100/100 frz
|move|p1a: Swampert|Hydro Pump|p2a: The Fever
|-damage|p2a: The Fever|69/100 frz
|
|-weather|Sandstorm|[upkeep]
|-damage|p2a: The Fever|62/100 frz|[from] Sandstorm
|-heal|p2a: The Fever|69/100 frz|[from] item: Leftovers
|-heal|p1a: Swampert|40/100 tox|[from] item: Leftovers
|-damage|p1a: Swampert|28/100 tox|[from] psn
|upkeep
|turn|39
|
|t:|1730232979
|switch|p1a: Aerodactyl|Aerodactyl, M|100/100
|cant|p2a: The Fever|frz
|
|-weather|Sandstorm|[upkeep]
|-damage|p2a: The Fever|62/100 frz|[from] Sandstorm
|-heal|p2a: The Fever|69/100 frz|[from] item: Leftovers
|upkeep
|turn|40
|
|t:|1730232993
|switch|p2a: The Cage|Dugtrio, F, shiny|100/100
|-damage|p2a: The Cage|76/100|[from] Spikes
|move|p1a: Aerodactyl|Rock Slide|p2a: The Cage
|-resisted|p2a: The Cage
|-damage|p2a: The Cage|5/100
|
|-weather|Sandstorm|[upkeep]
|upkeep
|turn|41
|inactive|FaceOFF3141 has 210 seconds left.
|c|☆oopsalldeoxys|oop
|
|t:|1730233013
|switch|p1a: Swampert|Swampert, F|28/100 tox
|move|p2a: The Cage|Rock Slide|p1a: Swampert
|-resisted|p1a: Swampert
|-damage|p1a: Swampert|15/100 tox
|
|-weather|Sandstorm|[upkeep]
|-heal|p1a: Swampert|21/100 tox|[from] item: Leftovers
|-damage|p1a: Swampert|15/100 tox|[from] psn
|upkeep
|turn|42
|
|t:|1730233019
|move|p2a: The Cage|Rock Slide|p1a: Swampert
|-resisted|p1a: Swampert
|-damage|p1a: Swampert|4/100 tox
|move|p1a: Swampert|Ice Beam|p2a: The Cage
|-supereffective|p2a: The Cage
|-crit|p2a: The Cage
|-damage|p2a: The Cage|0 fnt
|faint|p2a: The Cage
|
|t:|1730233027
|switch|p2a: Blackjack|Aerodactyl, M, shiny|100/100
|
|-weather|Sandstorm|[upkeep]
|-heal|p1a: Swampert|10/100 tox|[from] item: Leftovers
|-damage|p1a: Swampert|0 fnt|[from] psn
|faint|p1a: Swampert
|upkeep
|inactive|FaceOFF3141 has 210 seconds left.
|inactive|FaceOFF3141 has 180 seconds left.
|
|t:|1730233067
|switch|p1a: Skarmory|Skarmory, F|48/100
|turn|43
|inactive|FaceOFF3141 has 180 seconds left.
|
|t:|1730233077
|move|p2a: Blackjack|Rock Slide|p1a: Skarmory
|-damage|p1a: Skarmory|6/100
|move|p1a: Skarmory|Toxic|p2a: Blackjack
|-status|p2a: Blackjack|tox
|
|-weather|Sandstorm|[upkeep]
|-damage|p2a: Blackjack|95/100 tox|[from] psn
|-heal|p1a: Skarmory|12/100|[from] item: Leftovers
|upkeep
|turn|44
|
|t:|1730233086
|move|p2a: Blackjack|Rock Slide|p1a: Skarmory
|-damage|p1a: Skarmory|0 fnt
|faint|p1a: Skarmory
|
|t:|1730233092
|switch|p1a: Celebi|Celebi|59/100
|
|-weather|Sandstorm|[upkeep]
|-damage|p1a: Celebi|52/100|[from] Sandstorm
|-damage|p2a: Blackjack|83/100 tox|[from] psn
|-heal|p1a: Celebi|59/100|[from] item: Leftovers
|upkeep
|turn|45
|
|t:|1730233102
|switch|p2a: The Fever|Zapdos|69/100 frz
|move|p1a: Celebi|Psychic|p2a: The Fever
|-damage|p2a: The Fever|40/100 frz
|
|-weather|Sandstorm|[upkeep]
|-damage|p1a: Celebi|52/100|[from] Sandstorm
|-damage|p2a: The Fever|34/100 frz|[from] Sandstorm
|-heal|p1a: Celebi|59/100|[from] item: Leftovers
|-heal|p2a: The Fever|40/100 frz|[from] item: Leftovers
|upkeep
|turn|46
|
|t:|1730233122
|move|p1a: Celebi|Leech Seed|p2a: The Fever
|-start|p2a: The Fever|move: Leech Seed
|cant|p2a: The Fever|frz
|
|-weather|Sandstorm|[upkeep]
|-damage|p1a: Celebi|52/100|[from] Sandstorm
|-damage|p2a: The Fever|34/100 frz|[from] Sandstorm
|-heal|p1a: Celebi|59/100|[from] item: Leftovers
|-heal|p2a: The Fever|40/100 frz|[from] item: Leftovers
|-damage|p2a: The Fever|28/100 frz|[from] Leech Seed|[of] p1a: Celebi
|-heal|p1a: Celebi|71/100|[silent]
|upkeep
|turn|47
|
|t:|1730233137
|move|p1a: Celebi|Giga Drain|p2a: The Fever
|-resisted|p2a: The Fever
|-damage|p2a: The Fever|18/100 frz
|-heal|p1a: Celebi|75/100|[from] drain|[of] p2a: The Fever
|cant|p2a: The Fever|frz
|
|-weather|Sandstorm|[upkeep]
|-damage|p1a: Celebi|69/100|[from] Sandstorm
|-damage|p2a: The Fever|12/100 frz|[from] Sandstorm
|-heal|p1a: Celebi|75/100|[from] item: Leftovers
|-heal|p2a: The Fever|18/100 frz|[from] item: Leftovers
|-damage|p2a: The Fever|6/100 frz|[from] Leech Seed|[of] p1a: Celebi
|-heal|p1a: Celebi|88/100|[silent]
|upkeep
|turn|48
|
|t:|1730233145
|move|p1a: Celebi|Giga Drain|p2a: The Fever
|-resisted|p2a: The Fever
|-damage|p2a: The Fever|0 fnt
|-heal|p1a: Celebi|90/100|[from] drain|[of] p2a: The Fever
|faint|p2a: The Fever
|
|t:|1730233148
|switch|p2a: Blackjack|Aerodactyl, M, shiny|83/100 tox
|
|-weather|Sandstorm|[upkeep]
|-damage|p1a: Celebi|84/100|[from] Sandstorm
|-damage|p2a: Blackjack|77/100 tox|[from] psn
|-heal|p1a: Celebi|90/100|[from] item: Leftovers
|upkeep
|turn|49
|inactive|FaceOFF3141 has 180 seconds left.
|
|t:|1730233185
|move|p2a: Blackjack|Rock Slide|p1a: Celebi
|-damage|p1a: Celebi|47/100
|move|p1a: Celebi|Giga Drain|p2a: Blackjack
|-damage|p2a: Blackjack|32/100 tox
|-heal|p1a: Celebi|64/100|[from] drain|[of] p2a: Blackjack
|
|-weather|Sandstorm|[upkeep]
|-damage|p1a: Celebi|58/100|[from] Sandstorm
|-damage|p2a: Blackjack|20/100 tox|[from] psn
|-heal|p1a: Celebi|64/100|[from] item: Leftovers
|upkeep
|turn|50
|
|t:|1730233195
|move|p2a: Blackjack|Rock Slide|p1a: Celebi
|-damage|p1a: Celebi|21/100
|move|p1a: Celebi|Giga Drain|p2a: Blackjack
|-damage|p2a: Blackjack|0 fnt
|-heal|p1a: Celebi|29/100|[from] drain|[of] p2a: Blackjack
|faint|p2a: Blackjack
|
|win|FaceOFF3141
|c|☆oopsalldeoxys|gg
|c|☆FaceOFF3141|gg

</script>
<script type="application/json" class="data" id="replaydata-smogtours-gen3ou-803289">
{"id":"smogtours-gen3ou-803289","format":"[Gen 3] OU","players":["FaceOFF3141","oopsalldeoxys"],"uploadtime":1730233195,"views":54,"formatid":"gen3ou","rating":null,"private":0,"password":null}
</script>

<script defer src="js/replays.js?9d40a366"></script>
