<!DOCTYPE html>
<meta charset="utf-8" />
<meta name="viewport" content="width=device-width" />

<title>[Gen 3] OU: triangles vs. Strawbbz - Replays - Pok&eacute;mon Showdown!</title>

<meta name="description" content="Watch a replay of a Pok&eacute;mon battle between triangles and Strawbbz! Format: [Gen 3] OU; Date: Oct 28, 2024" />
<!--

Hey, you! Looking in the source for the replay log?

You can find them in JSON format, just add `.json` at the end of a replay URL.

https://replay.pokemonshowdown.com/gen7randomdoublesbattle-865046831.json

Or, if you only need the log itself, add `.log` instead:

https://replay.pokemonshowdown.com/gen7randomdoublesbattle-865046831.log

-->

<link rel="stylesheet" href="//pokemonshowdown.com/style/global.css?0.767286132409787" />
<link rel="stylesheet" href="//play.pokemonshowdown.com/style/font-awesome.css?0.9266228007934947" />
<link rel="stylesheet" href="//play.pokemonshowdown.com/style/battle.css?0.7924700842790926" />
<link rel="stylesheet" href="//play.pokemonshowdown.com/style/utilichart.css?0.8777417872839479" />

<!-- Global site tag (gtag.js) - Google Analytics -->
<script async src="https://www.googletagmanager.com/gtag/js?id=UA-26211653-1"></script>
<script>
  window.dataLayer = window.dataLayer || [];
  function gtag(){dataLayer.push(arguments);}
  gtag('js', new Date());

  gtag('config', 'UA-26211653-1');
</script>
<!-- End Google Analytics -->
<!-- Venatus Ad Manager - Install in <HEAD> of page -->
	<script src="https://hb.vntsm.com/v3/live/ad-manager.min.js" type="text/javascript" data-site-id="642aba63ec9a7b11c3c9c1be" data-mode="scan" async></script>
<!-- / Venatus Ad Manager -->

<style>
	@media (max-width:820px) {
		.battle {
			margin: 0 auto;
		}
		.battle-log {
			margin: 7px auto 0;
			max-width: 640px;
			height: 300px;
			position: static;
		}
	}
	.optgroup {
		display: inline-block;
		line-height: 22px;
		font-size: 10pt;
	}
	.optgroup .button {
		height: 25px;
		padding-top: 0;
		padding-bottom: 0;
	}
	.optgroup button.button {
		padding-left: 12px;
		padding-right: 12px;
	}
	.linklist {
		list-style: none;
		margin: 0.5em 0;
		padding: 0;
	}
	.linklist li {
		padding: 2px 0;
	}
	.sidebar {
		float: left;
		width: 320px;
	}
	.bar-wrapper {
		max-width: 1100px;
		margin: 0 auto;
	}
	.bar-wrapper.has-sidebar {
		max-width: 1430px;
	}
	.mainbar {
		margin: 0;
		padding-right: 1px;
	}
	.mainbar.has-sidebar {
		margin-left: 330px;
	}
	@media (min-width: 1511px) {
		.sidebar {
			width: 400px;
		}
		.bar-wrapper.has-sidebar {
			max-width: 1510px;
		}
		.mainbar.has-sidebar {
			margin-left: 410px;
		}
	}
	.section.first-section {
		margin-top: 9px;
	}
	.blocklink small {
		white-space: normal;
	}
	.button {
		vertical-align: middle;
	}
	.replay-controls {
		padding-top: 10px;
	}
	.replay-controls h1 {
		font-size: 16pt;
		font-weight: normal;
		color: #CCC;
	}
	.pagelink {
		text-align: center;
	}
	.pagelink a {
		width: 150px;
	}
	.textbox, .button {
		font-size: 11pt;
		vertical-align: middle;
	}
	@media (max-width: 450px) {
		.button {
			font-size: 9pt;
		}
	}
</style>

<div>

	<header>
		<div class="nav-wrapper"><ul class="nav">
			<li><a class="button nav-first" href="//pokemonshowdown.com/"><img src="//pokemonshowdown.com/images/pokemonshowdownbeta.png" srcset="//pokemonshowdown.com/images/pokemonshowdownbeta.png 1x, //pokemonshowdown.com/images/pokemonshowdownbeta@2x.png 2x" alt="Pok&eacute;mon Showdown" width="146" height="44" /> Home</a></li>
			<li><a class="button" href="//pokemonshowdown.com/dex/">Pok&eacute;dex</a></li>
			<li><a class="button cur" href="/">Replays</a></li>
			<li><a class="button" href="//pokemonshowdown.com/ladder/">Ladder</a></li>
			<li><a class="button nav-last" href="//pokemonshowdown.com/forums/">Forum</a></li>
			<li><a class="button greenbutton nav-first nav-last" href="//play.pokemonshowdown.com/">Play</a></li>
		</ul></div>
	</header>

	<div class="main" id="main">

		<noscript><section class="section">You need to enable JavaScript to use this page; sorry!</section></noscript>

	</div>

</div>

<script defer nomodule src="//play.pokemonshowdown.com/js/lib/ps-polyfill.js"></script>
<script defer src="//play.pokemonshowdown.com/js/lib/preact.min.js"></script>

<script defer src="//play.pokemonshowdown.com/config/config.js?6dec07f6"></script>
<script defer src="//play.pokemonshowdown.com/js/lib/jquery-1.11.0.min.js"></script>
<script defer src="//play.pokemonshowdown.com/js/lib/html-sanitizer-minified.js"></script>
<script defer src="//play.pokemonshowdown.com/js/battle-sound.js"></script>
<script defer src="//play.pokemonshowdown.com/js/battledata.js?0.6315294753075389"></script>
<script defer src="//play.pokemonshowdown.com/data/pokedex-mini.js?0.7603743185311358"></script>
<script defer src="//play.pokemonshowdown.com/data/pokedex-mini-bw.js?0.030888842834281283"></script>
<script defer src="//play.pokemonshowdown.com/data/graphics.js?0.05593094747507488"></script>
<script defer src="//play.pokemonshowdown.com/data/pokedex.js?0.47064822249611904"></script>
<script defer src="//play.pokemonshowdown.com/data/moves.js?0.8583693120512459"></script>
<script defer src="//play.pokemonshowdown.com/data/abilities.js?0.16017181182386842"></script>
<script defer src="//play.pokemonshowdown.com/data/items.js?0.4163379185673943"></script>
<script defer src="//play.pokemonshowdown.com/data/teambuilder-tables.js?0.31075597372830477"></script>
<script defer src="//play.pokemonshowdown.com/js/battle-tooltips.js?0.6536193500708172"></script>
<script defer src="//play.pokemonshowdown.com/js/battle.js?0.1916591943277901"></script>

<script defer src="js/utils.js?e31f9a17"></script>
<script defer src="js/replays-battle.js?7008c182"></script>

<!-- don't scrape this data! just add .json or .log after the URL!
Full API docs: https://github.com/smogon/pokemon-showdown-client/blob/master/WEB-API.md -->
<script type="text/plain" class="log" id="replaylog-smogtours-gen3ou-803092">
|inactive|Battle timer is ON: inactive players will automatically lose when time's up.
|t:|1730138356
|gametype|singles
|player|p1|triangles|lucas|
|player|p2|Strawbbz|silver-gen2|
|teamsize|p1|6
|teamsize|p2|6
|gen|3
|tier|[Gen 3] OU
|rule|Sleep Clause Mod: Limit one foe put to sleep
|rule|Switch Priority Clause Mod: Faster Pokémon switch first
|rule|Species Clause: Limit one of each Pokémon
|rule|OHKO Clause: OHKO moves are banned
|rule|Evasion Items Clause: Evasion items are banned
|rule|Evasion Moves Clause: Evasion moves are banned
|rule|Endless Battle Clause: Forcing endless battles is banned
|rule|HP Percentage Mod: HP is shown in percentages
|rule|One Boost Passer Clause: Limit one Baton Passer that has a way to boost its stats
|rule|Freeze Clause Mod: Limit one foe frozen
|
|t:|1730138356
|start
|switch|p1a: Tyranitar|Tyranitar, F, shiny|100/100
|switch|p2a: Ohm's Law|Zapdos|100/100
|-weather|Sandstorm|[from] ability: Sand Stream|[of] p1a: Tyranitar
|turn|1
|c|☆triangles|hf
|inactive|triangles has 270 seconds left.
|
|t:|1730138392
|switch|p2a: Sui|Suicune|100/100
|move|p1a: Tyranitar|Ice Beam|p2a: Sui
|-resisted|p2a: Sui
|-damage|p2a: Sui|90/100
|
|-weather|Sandstorm|[upkeep]
|-damage|p2a: Sui|83/100|[from] Sandstorm
|-heal|p2a: Sui|90/100|[from] item: Leftovers
|upkeep
|turn|2
|
|t:|1730138417
|switch|p1a: Starmie|Starmie, shiny|100/100
|move|p2a: Sui|Calm Mind|p2a: Sui
|-boost|p2a: Sui|spa|1
|-boost|p2a: Sui|spd|1
|
|-weather|Sandstorm|[upkeep]
|-damage|p1a: Starmie|94/100|[from] Sandstorm
|-damage|p2a: Sui|83/100|[from] Sandstorm
|-heal|p1a: Starmie|100/100|[from] item: Leftovers
|-heal|p2a: Sui|90/100|[from] item: Leftovers
|upkeep
|turn|3
|inactive|triangles has 270 seconds left.
|inactive|Strawbbz has 270 seconds left.
|
|t:|1730138451
|move|p1a: Starmie|Thunderbolt|p2a: Sui
|-supereffective|p2a: Sui
|-damage|p2a: Sui|64/100
|move|p2a: Sui|Calm Mind|p2a: Sui
|-boost|p2a: Sui|spa|1
|-boost|p2a: Sui|spd|1
|
|-weather|Sandstorm|[upkeep]
|-damage|p1a: Starmie|94/100|[from] Sandstorm
|-damage|p2a: Sui|58/100|[from] Sandstorm
|-heal|p1a: Starmie|100/100|[from] item: Leftovers
|-heal|p2a: Sui|64/100|[from] item: Leftovers
|upkeep
|turn|4
|inactive|triangles has 270 seconds left.
|inactive|Strawbbz has 270 seconds left.
|
|t:|1730138466
|move|p1a: Starmie|Thunderbolt|p2a: Sui
|-supereffective|p2a: Sui
|-crit|p2a: Sui
|-damage|p2a: Sui|0 fnt
|faint|p2a: Sui
|c|☆triangles|ah
|c|☆triangles|lol
|c|☆triangles|that is
|inactive|Strawbbz has 270 seconds left.
|c|☆triangles|very dumb
|
|t:|1730138477
|switch|p2a: Ohm's Law|Zapdos|100/100
|
|-weather|Sandstorm|[upkeep]
|-damage|p1a: Starmie|94/100|[from] Sandstorm
|-damage|p2a: Ohm's Law|94/100|[from] Sandstorm
|-heal|p1a: Starmie|100/100|[from] item: Leftovers
|-heal|p2a: Ohm's Law|100/100|[from] item: Leftovers
|upkeep
|turn|5
|inactive|triangles has 270 seconds left.
|
|t:|1730138492
|switch|p1a: Swampert|Swampert, F, shiny|100/100
|move|p2a: Ohm's Law|Toxic|p1a: Swampert
|-status|p1a: Swampert|tox
|
|-weather|Sandstorm|[upkeep]
|-damage|p2a: Ohm's Law|94/100|[from] Sandstorm
|-heal|p2a: Ohm's Law|100/100|[from] item: Leftovers
|-damage|p1a: Swampert|94/100 tox|[from] psn
|upkeep
|turn|6
|inactive|triangles has 270 seconds left.
|inactive|Strawbbz has 270 seconds left.
|
|t:|1730138507
|switch|p2a: Make A Wish|Jirachi|100/100
|move|p1a: Swampert|Hydro Pump|p2a: Make A Wish
|-damage|p2a: Make A Wish|75/100
|
|-weather|Sandstorm|[upkeep]
|-heal|p2a: Make A Wish|81/100|[from] item: Leftovers
|-heal|p1a: Swampert|100/100 tox|[from] item: Leftovers
|-damage|p1a: Swampert|88/100 tox|[from] psn
|upkeep
|turn|7
|inactive|triangles has 270 seconds left.
|
|t:|1730138536
|move|p2a: Make A Wish|Wish|p2a: Make A Wish
|move|p1a: Swampert|Earthquake|p2a: Make A Wish
|-supereffective|p2a: Make A Wish
|-damage|p2a: Make A Wish|25/100
|
|-weather|Sandstorm|[upkeep]
|-heal|p2a: Make A Wish|31/100|[from] item: Leftovers
|-heal|p1a: Swampert|94/100 tox|[from] item: Leftovers
|-damage|p1a: Swampert|76/100 tox|[from] psn
|upkeep
|turn|8
|
|t:|1730138543
|switch|p1a: Charizard|Charizard, M, shiny|100/100
|move|p2a: Make A Wish|Protect||[still]
|-fail|p2a: Make A Wish
|
|-heal|p2a: Make A Wish|81/100|[from] move: Wish|[wisher] Make A Wish
|-weather|Sandstorm|[upkeep]
|-damage|p1a: Charizard|94/100|[from] Sandstorm
|-heal|p1a: Charizard|100/100|[from] item: Leftovers
|-heal|p2a: Make A Wish|87/100|[from] item: Leftovers
|upkeep
|turn|9
|
|t:|1730138551
|switch|p2a: Ohm's Law|Zapdos|100/100
|move|p1a: Charizard|Fire Blast|p2a: Ohm's Law
|-damage|p2a: Ohm's Law|65/100
|-status|p2a: Ohm's Law|brn
|
|-weather|Sandstorm|[upkeep]
|-damage|p1a: Charizard|94/100|[from] Sandstorm
|-damage|p2a: Ohm's Law|58/100 brn|[from] Sandstorm
|-heal|p1a: Charizard|100/100|[from] item: Leftovers
|-heal|p2a: Ohm's Law|65/100 brn|[from] item: Leftovers
|-damage|p2a: Ohm's Law|52/100 brn|[from] brn
|upkeep
|turn|10
|inactive|triangles has 270 seconds left.
|
|t:|1730138559
|switch|p1a: Swampert|Swampert, F, shiny|76/100 tox
|move|p2a: Ohm's Law|Thunderbolt|p1a: Swampert
|-immune|p1a: Swampert
|
|-weather|Sandstorm|[upkeep]
|-damage|p2a: Ohm's Law|46/100 brn|[from] Sandstorm
|-heal|p2a: Ohm's Law|52/100 brn|[from] item: Leftovers
|-damage|p2a: Ohm's Law|40/100 brn|[from] brn
|-heal|p1a: Swampert|82/100 tox|[from] item: Leftovers
|-damage|p1a: Swampert|76/100 tox|[from] psn
|upkeep
|turn|11
|
|t:|1730138565
|switch|p1a: Tyranitar|Tyranitar, F, shiny|100/100
|move|p2a: Ohm's Law|Rest|p2a: Ohm's Law
|-status|p2a: Ohm's Law|slp|[from] move: Rest
|-heal|p2a: Ohm's Law|100/100 slp|[silent]
|
|-weather|Sandstorm|[upkeep]
|-damage|p2a: Ohm's Law|94/100 slp|[from] Sandstorm
|-heal|p2a: Ohm's Law|100/100 slp|[from] item: Leftovers
|upkeep
|turn|12
|
|t:|1730138572
|switch|p2a: Kovid-18|Weezing, M|100/100
|move|p1a: Tyranitar|Ice Beam|p2a: Kovid-18
|-damage|p2a: Kovid-18|61/100
|
|-weather|Sandstorm|[upkeep]
|-damage|p2a: Kovid-18|55/100|[from] Sandstorm
|-heal|p2a: Kovid-18|61/100|[from] item: Leftovers
|upkeep
|turn|13
|
|t:|1730138587
|switch|p1a: Charizard|Charizard, M, shiny|100/100
|move|p2a: Kovid-18|Will-O-Wisp|p1a: Charizard
|-immune|p1a: Charizard
|
|-weather|Sandstorm|[upkeep]
|-damage|p1a: Charizard|94/100|[from] Sandstorm
|-damage|p2a: Kovid-18|55/100|[from] Sandstorm
|-heal|p1a: Charizard|100/100|[from] item: Leftovers
|-heal|p2a: Kovid-18|61/100|[from] item: Leftovers
|upkeep
|turn|14
|
|t:|1730138604
|switch|p1a: Tyranitar|Tyranitar, F, shiny|100/100
|switch|p2a: Morbidly a Beast|Blissey, F|100/100
|
|-weather|Sandstorm|[upkeep]
|-damage|p2a: Morbidly a Beast|94/100|[from] Sandstorm
|-heal|p2a: Morbidly a Beast|100/100|[from] item: Leftovers
|upkeep
|turn|15
|
|t:|1730138612
|move|p1a: Tyranitar|Brick Break|p2a: Morbidly a Beast
|-supereffective|p2a: Morbidly a Beast
|-damage|p2a: Morbidly a Beast|55/100
|move|p2a: Morbidly a Beast|Aromatherapy|p2a: Morbidly a Beast
|-cureteam|p2a: Morbidly a Beast|[from] move: Aromatherapy
|
|-weather|Sandstorm|[upkeep]
|-damage|p2a: Morbidly a Beast|49/100|[from] Sandstorm
|-heal|p2a: Morbidly a Beast|55/100|[from] item: Leftovers
|upkeep
|turn|16
|
|t:|1730138617
|switch|p2a: Babydoll|Claydol|100/100
|move|p1a: Tyranitar|Brick Break|p2a: Babydoll
|-resisted|p2a: Babydoll
|-damage|p2a: Babydoll|90/100
|
|-weather|Sandstorm|[upkeep]
|-heal|p2a: Babydoll|96/100|[from] item: Leftovers
|upkeep
|turn|17
|
|t:|1730138628
|switch|p1a: Charizard|Charizard, M, shiny|100/100
|move|p2a: Babydoll|Earthquake|p1a: Charizard
|-immune|p1a: Charizard
|
|-weather|Sandstorm|[upkeep]
|-damage|p1a: Charizard|94/100|[from] Sandstorm
|-heal|p1a: Charizard|100/100|[from] item: Leftovers
|-heal|p2a: Babydoll|100/100|[from] item: Leftovers
|upkeep
|turn|18
|
|t:|1730138635
|switch|p1a: Starmie|Starmie, shiny|100/100
|move|p2a: Babydoll|Psychic|p1a: Starmie
|-resisted|p1a: Starmie
|-damage|p1a: Starmie|83/100
|
|-weather|Sandstorm|[upkeep]
|-damage|p1a: Starmie|77/100|[from] Sandstorm
|-heal|p1a: Starmie|83/100|[from] item: Leftovers
|upkeep
|turn|19
|
|t:|1730138638
|switch|p1a: Jirachi|Jirachi|100/100
|switch|p2a: Morbidly a Beast|Blissey, F|55/100
|
|-weather|Sandstorm|[upkeep]
|-damage|p2a: Morbidly a Beast|49/100|[from] Sandstorm
|-heal|p2a: Morbidly a Beast|55/100|[from] item: Leftovers
|upkeep
|turn|20
|
|t:|1730138645
|move|p1a: Jirachi|Doom Desire|p2a: Morbidly a Beast
|-start|p1a: Jirachi|Doom Desire
|move|p2a: Morbidly a Beast|Seismic Toss|p1a: Jirachi
|-damage|p1a: Jirachi|75/100
|
|-weather|Sandstorm|[upkeep]
|-damage|p2a: Morbidly a Beast|49/100|[from] Sandstorm
|-heal|p2a: Morbidly a Beast|55/100|[from] item: Leftovers
|upkeep
|turn|21
|
|t:|1730138674
|switch|p1a: Tyranitar|Tyranitar, F, shiny|100/100
|move|p2a: Morbidly a Beast|Soft-Boiled|p2a: Morbidly a Beast
|-heal|p2a: Morbidly a Beast|100/100
|
|-weather|Sandstorm|[upkeep]
|-damage|p2a: Morbidly a Beast|94/100|[from] Sandstorm
|-heal|p2a: Morbidly a Beast|100/100|[from] item: Leftovers
|upkeep
|turn|22
|
|t:|1730138683
|switch|p2a: Babydoll|Claydol|100/100
|move|p1a: Tyranitar|Brick Break|p2a: Babydoll
|-resisted|p2a: Babydoll
|-damage|p2a: Babydoll|88/100
|
|-weather|Sandstorm|[upkeep]
|-heal|p2a: Babydoll|95/100|[from] item: Leftovers
|-end|p2a: Babydoll|move: Doom Desire
|-damage|p2a: Babydoll|0 fnt
|faint|p2a: Babydoll
|upkeep
|
|t:|1730138701
|switch|p2a: Ohm's Law|Zapdos|100/100
|turn|23
|
|t:|1730138719
|switch|p1a: Celebi|Celebi|100/100
|move|p2a: Ohm's Law|Thunderbolt|p1a: Celebi
|-resisted|p1a: Celebi
|-crit|p1a: Celebi
|-damage|p1a: Celebi|67/100
|
|-weather|Sandstorm|[upkeep]
|-damage|p1a: Celebi|61/100|[from] Sandstorm
|-damage|p2a: Ohm's Law|94/100|[from] Sandstorm
|-heal|p1a: Celebi|67/100|[from] item: Leftovers
|-heal|p2a: Ohm's Law|100/100|[from] item: Leftovers
|upkeep
|turn|24
|
|t:|1730138726
|move|p1a: Celebi|Calm Mind|p1a: Celebi
|-boost|p1a: Celebi|spa|1
|-boost|p1a: Celebi|spd|1
|move|p2a: Ohm's Law|Toxic|p1a: Celebi
|-status|p1a: Celebi|tox
|
|-weather|Sandstorm|[upkeep]
|-damage|p1a: Celebi|61/100 tox|[from] Sandstorm
|-damage|p2a: Ohm's Law|94/100|[from] Sandstorm
|-heal|p1a: Celebi|67/100 tox|[from] item: Leftovers
|-damage|p1a: Celebi|61/100 tox|[from] psn
|-heal|p2a: Ohm's Law|100/100|[from] item: Leftovers
|upkeep
|turn|25
|
|t:|1730138735
|move|p1a: Celebi|Baton Pass|p1a: Celebi
|
|t:|1730138736
|-curestatus|p1a: Celebi|tox|[from] ability: Natural Cure
|switch|p1a: Tyranitar|Tyranitar, F, shiny|100/100|[from] Baton Pass
|move|p2a: Ohm's Law|Roar|p1a: Tyranitar
|drag|p1a: Celebi|Celebi|61/100
|
|-weather|Sandstorm|[upkeep]
|-damage|p1a: Celebi|54/100|[from] Sandstorm
|-damage|p2a: Ohm's Law|94/100|[from] Sandstorm
|-heal|p1a: Celebi|61/100|[from] item: Leftovers
|-heal|p2a: Ohm's Law|100/100|[from] item: Leftovers
|upkeep
|turn|26
|
|t:|1730138748
|move|p1a: Celebi|Calm Mind|p1a: Celebi
|-boost|p1a: Celebi|spa|1
|-boost|p1a: Celebi|spd|1
|move|p2a: Ohm's Law|Toxic|p1a: Celebi
|-status|p1a: Celebi|tox
|
|-weather|Sandstorm|[upkeep]
|-damage|p1a: Celebi|54/100 tox|[from] Sandstorm
|-damage|p2a: Ohm's Law|94/100|[from] Sandstorm
|-heal|p1a: Celebi|61/100 tox|[from] item: Leftovers
|-damage|p1a: Celebi|54/100 tox|[from] psn
|-heal|p2a: Ohm's Law|100/100|[from] item: Leftovers
|upkeep
|turn|27
|
|t:|1730138752
|move|p1a: Celebi|Giga Drain|p2a: Ohm's Law
|-resisted|p2a: Ohm's Law
|-damage|p2a: Ohm's Law|89/100
|-heal|p1a: Celebi|60/100 tox|[from] drain|[of] p2a: Ohm's Law
|move|p2a: Ohm's Law|Roar|p1a: Celebi
|-curestatus|p1a: Celebi|tox|[from] ability: Natural Cure
|drag|p1a: Charizard|Charizard, M, shiny|100/100
|
|-weather|Sandstorm|[upkeep]
|-damage|p1a: Charizard|94/100|[from] Sandstorm
|-damage|p2a: Ohm's Law|83/100|[from] Sandstorm
|-heal|p1a: Charizard|100/100|[from] item: Leftovers
|-heal|p2a: Ohm's Law|89/100|[from] item: Leftovers
|upkeep
|turn|28
|
|t:|1730138758
|switch|p1a: Swampert|Swampert, F, shiny|76/100 tox
|move|p2a: Ohm's Law|Thunderbolt|p1a: Swampert
|-immune|p1a: Swampert
|
|-weather|Sandstorm|[upkeep]
|-damage|p2a: Ohm's Law|83/100|[from] Sandstorm
|-heal|p2a: Ohm's Law|89/100|[from] item: Leftovers
|-heal|p1a: Swampert|82/100 tox|[from] item: Leftovers
|-damage|p1a: Swampert|76/100 tox|[from] psn
|upkeep
|turn|29
|
|t:|1730138766
|switch|p2a: Kovid-18|Weezing, M|61/100
|move|p1a: Swampert|Earthquake|p2a: Kovid-18
|-immune|p2a: Kovid-18
|
|-weather|Sandstorm|[upkeep]
|-damage|p2a: Kovid-18|55/100|[from] Sandstorm
|-heal|p2a: Kovid-18|61/100|[from] item: Leftovers
|-heal|p1a: Swampert|82/100 tox|[from] item: Leftovers
|-damage|p1a: Swampert|69/100 tox|[from] psn
|upkeep
|turn|30
|
|t:|1730138785
|switch|p2a: Morbidly a Beast|Blissey, F|100/100
|move|p1a: Swampert|Earthquake|p2a: Morbidly a Beast
|-damage|p2a: Morbidly a Beast|59/100
|
|-weather|Sandstorm|[upkeep]
|-damage|p2a: Morbidly a Beast|52/100|[from] Sandstorm
|-heal|p2a: Morbidly a Beast|59/100|[from] item: Leftovers
|-heal|p1a: Swampert|76/100 tox|[from] item: Leftovers
|-damage|p1a: Swampert|57/100 tox|[from] psn
|upkeep
|turn|31
|
|t:|1730138788
|switch|p1a: Jirachi|Jirachi|75/100
|move|p2a: Morbidly a Beast|Soft-Boiled|p2a: Morbidly a Beast
|-heal|p2a: Morbidly a Beast|100/100
|
|-weather|Sandstorm|[upkeep]
|-damage|p2a: Morbidly a Beast|94/100|[from] Sandstorm
|-heal|p2a: Morbidly a Beast|100/100|[from] item: Leftovers
|upkeep
|turn|32
|
|t:|1730138797
|move|p1a: Jirachi|Doom Desire|p2a: Morbidly a Beast
|-start|p1a: Jirachi|Doom Desire
|move|p2a: Morbidly a Beast|Seismic Toss|p1a: Jirachi
|-damage|p1a: Jirachi|49/100
|
|-weather|Sandstorm|[upkeep]
|-damage|p2a: Morbidly a Beast|94/100|[from] Sandstorm
|-heal|p2a: Morbidly a Beast|100/100|[from] item: Leftovers
|upkeep
|turn|33
|
|t:|1730138805
|switch|p1a: Tyranitar|Tyranitar, F, shiny|100/100
|switch|p2a: Kovid-18|Weezing, M|61/100
|
|-weather|Sandstorm|[upkeep]
|-damage|p2a: Kovid-18|55/100|[from] Sandstorm
|-heal|p2a: Kovid-18|61/100|[from] item: Leftovers
|upkeep
|turn|34
|
|t:|1730138814
|move|p1a: Tyranitar|Fire Blast|p2a: Kovid-18
|-damage|p2a: Kovid-18|14/100
|move|p2a: Kovid-18|Will-O-Wisp|p1a: Tyranitar
|-status|p1a: Tyranitar|brn
|
|-weather|Sandstorm|[upkeep]
|-damage|p2a: Kovid-18|8/100|[from] Sandstorm
|-damage|p1a: Tyranitar|88/100 brn|[from] brn
|-heal|p2a: Kovid-18|14/100|[from] item: Leftovers
|-end|p2a: Kovid-18|move: Doom Desire
|-damage|p2a: Kovid-18|0 fnt
|faint|p2a: Kovid-18
|upkeep
|
|t:|1730138827
|switch|p2a: Make A Wish|Jirachi|87/100
|turn|35
|
|t:|1730138836
|switch|p1a: Charizard|Charizard, M, shiny|100/100
|move|p2a: Make A Wish|Protect||[still]
|-fail|p2a: Make A Wish
|
|-weather|Sandstorm|[upkeep]
|-damage|p1a: Charizard|94/100|[from] Sandstorm
|-heal|p1a: Charizard|100/100|[from] item: Leftovers
|-heal|p2a: Make A Wish|93/100|[from] item: Leftovers
|upkeep
|turn|36
|
|t:|1730138841
|switch|p2a: Morbidly a Beast|Blissey, F|100/100
|move|p1a: Charizard|Fire Blast|p2a: Morbidly a Beast
|-damage|p2a: Morbidly a Beast|79/100
|
|-weather|Sandstorm|[upkeep]
|-damage|p1a: Charizard|94/100|[from] Sandstorm
|-damage|p2a: Morbidly a Beast|73/100|[from] Sandstorm
|-heal|p1a: Charizard|100/100|[from] item: Leftovers
|-heal|p2a: Morbidly a Beast|79/100|[from] item: Leftovers
|upkeep
|turn|37
|
|t:|1730138843
|move|p1a: Charizard|Beat Up|p2a: Morbidly a Beast
|-damage|p2a: Morbidly a Beast|69/100
|-damage|p2a: Morbidly a Beast|60/100
|-crit|p2a: Morbidly a Beast
|-damage|p2a: Morbidly a Beast|36/100
|-damage|p2a: Morbidly a Beast|24/100
|-hitcount|p2a: Morbidly a Beast|4
|move|p2a: Morbidly a Beast|Seismic Toss|p1a: Charizard
|-damage|p1a: Charizard|67/100
|
|-weather|Sandstorm|[upkeep]
|-damage|p1a: Charizard|61/100|[from] Sandstorm
|-damage|p2a: Morbidly a Beast|18/100|[from] Sandstorm
|-heal|p1a: Charizard|67/100|[from] item: Leftovers
|-heal|p2a: Morbidly a Beast|24/100|[from] item: Leftovers
|upkeep
|turn|38
|
|t:|1730138847
|switch|p2a: Ohm's Law|Zapdos|89/100
|move|p1a: Charizard|Beat Up|p2a: Ohm's Law
|-damage|p2a: Ohm's Law|87/100
|-damage|p2a: Ohm's Law|85/100
|-damage|p2a: Ohm's Law|83/100
|-damage|p2a: Ohm's Law|80/100
|-hitcount|p2a: Ohm's Law|4
|
|-weather|Sandstorm|[upkeep]
|-damage|p1a: Charizard|61/100|[from] Sandstorm
|-damage|p2a: Ohm's Law|74/100|[from] Sandstorm
|-heal|p1a: Charizard|67/100|[from] item: Leftovers
|-heal|p2a: Ohm's Law|80/100|[from] item: Leftovers
|upkeep
|turn|39
|
|t:|1730138852
|switch|p1a: Swampert|Swampert, F, shiny|57/100 tox
|move|p2a: Ohm's Law|Thunderbolt|p1a: Swampert
|-immune|p1a: Swampert
|
|-weather|Sandstorm|[upkeep]
|-damage|p2a: Ohm's Law|74/100|[from] Sandstorm
|-heal|p2a: Ohm's Law|80/100|[from] item: Leftovers
|-heal|p1a: Swampert|63/100 tox|[from] item: Leftovers
|-damage|p1a: Swampert|57/100 tox|[from] psn
|upkeep
|turn|40
|
|t:|1730138860
|move|p1a: Swampert|Ice Beam|p2a: Ohm's Law
|-supereffective|p2a: Ohm's Law
|-damage|p2a: Ohm's Law|51/100
|move|p2a: Ohm's Law|Roar|p1a: Swampert
|drag|p1a: Jirachi|Jirachi|49/100
|
|-weather|Sandstorm|[upkeep]
|-damage|p2a: Ohm's Law|45/100|[from] Sandstorm
|-heal|p2a: Ohm's Law|51/100|[from] item: Leftovers
|upkeep
|turn|41
|
|t:|1730138864
|move|p1a: Jirachi|Body Slam|p2a: Ohm's Law
|-damage|p2a: Ohm's Law|7/100
|-status|p2a: Ohm's Law|par
|move|p2a: Ohm's Law|Thunderbolt|p1a: Jirachi
|-damage|p1a: Jirachi|17/100
|
|-weather|Sandstorm|[upkeep]
|-damage|p2a: Ohm's Law|1/100 par|[from] Sandstorm
|-heal|p2a: Ohm's Law|7/100 par|[from] item: Leftovers
|upkeep
|turn|42
|
|t:|1730138870
|switch|p2a: Make A Wish|Jirachi|93/100
|move|p1a: Jirachi|Body Slam|p2a: Make A Wish
|-resisted|p2a: Make A Wish
|-damage|p2a: Make A Wish|77/100
|-status|p2a: Make A Wish|par
|
|-weather|Sandstorm|[upkeep]
|-heal|p2a: Make A Wish|83/100 par|[from] item: Leftovers
|upkeep
|turn|43
|
|t:|1730138881
|switch|p1a: Swampert|Swampert, F, shiny|57/100 tox
|move|p2a: Make A Wish|Wish|p2a: Make A Wish
|
|-weather|Sandstorm|[upkeep]
|-heal|p1a: Swampert|63/100 tox|[from] item: Leftovers
|-damage|p1a: Swampert|57/100 tox|[from] psn
|-heal|p2a: Make A Wish|89/100 par|[from] item: Leftovers
|upkeep
|turn|44
|
|t:|1730138898
|move|p1a: Swampert|Earthquake|p2a: Make A Wish
|-supereffective|p2a: Make A Wish
|-damage|p2a: Make A Wish|32/100 par
|move|p2a: Make A Wish|Body Slam|p1a: Swampert
|-damage|p1a: Swampert|43/100 tox
|
|-heal|p2a: Make A Wish|82/100 par|[from] move: Wish|[wisher] Make A Wish
|-weather|Sandstorm|[upkeep]
|-heal|p1a: Swampert|49/100 tox|[from] item: Leftovers
|-damage|p1a: Swampert|36/100 tox|[from] psn
|-heal|p2a: Make A Wish|88/100 par|[from] item: Leftovers
|upkeep
|turn|45
|
|t:|1730138903
|move|p1a: Swampert|Earthquake|p2a: Make A Wish
|-supereffective|p2a: Make A Wish
|-crit|p2a: Make A Wish
|-damage|p2a: Make A Wish|0 fnt
|faint|p2a: Make A Wish
|
|t:|1730138914
|switch|p2a: Ohm's Law|Zapdos|7/100 par
|
|-weather|Sandstorm|[upkeep]
|-damage|p2a: Ohm's Law|1/100 par|[from] Sandstorm
|-heal|p1a: Swampert|43/100 tox|[from] item: Leftovers
|-damage|p1a: Swampert|24/100 tox|[from] psn
|-heal|p2a: Ohm's Law|7/100 par|[from] item: Leftovers
|upkeep
|turn|46
|c|☆triangles|not the greatest games but oh well
|
|t:|1730138923
|move|p1a: Swampert|Ice Beam|p2a: Ohm's Law
|-supereffective|p2a: Ohm's Law
|-damage|p2a: Ohm's Law|0 fnt
|faint|p2a: Ohm's Law
|c|☆Strawbbz|true
|-message|Strawbbz forfeited.
|
|win|triangles

</script>
<script type="application/json" class="data" id="replaydata-smogtours-gen3ou-803092">
{"id":"smogtours-gen3ou-803092","format":"[Gen 3] OU","players":["triangles","Strawbbz"],"uploadtime":1730138929,"views":90,"formatid":"gen3ou","rating":null,"private":0,"password":null}
</script>

<script defer src="js/replays.js?9d40a366"></script>
