<!DOCTYPE html>
<meta charset="utf-8" />
<meta name="viewport" content="width=device-width" />

<title>[Gen 3] OU: moowee vs. social inclusion - Replays - Pok&eacute;mon Showdown!</title>

<meta name="description" content="Watch a replay of a Pok&eacute;mon battle between moowee and social inclusion! Format: [Gen 3] OU; Date: Oct 17, 2024" />
<!--

Hey, you! Looking in the source for the replay log?

You can find them in JSON format, just add `.json` at the end of a replay URL.

https://replay.pokemonshowdown.com/gen7randomdoublesbattle-865046831.json

Or, if you only need the log itself, add `.log` instead:

https://replay.pokemonshowdown.com/gen7randomdoublesbattle-865046831.log

-->

<link rel="stylesheet" href="//pokemonshowdown.com/style/global.css?0.767286132409787" />
<link rel="stylesheet" href="//play.pokemonshowdown.com/style/font-awesome.css?0.9266228007934947" />
<link rel="stylesheet" href="//play.pokemonshowdown.com/style/battle.css?0.7924700842790926" />
<link rel="stylesheet" href="//play.pokemonshowdown.com/style/utilichart.css?0.8777417872839479" />

<!-- Global site tag (gtag.js) - Google Analytics -->
<script async src="https://www.googletagmanager.com/gtag/js?id=UA-26211653-1"></script>
<script>
  window.dataLayer = window.dataLayer || [];
  function gtag(){dataLayer.push(arguments);}
  gtag('js', new Date());

  gtag('config', 'UA-26211653-1');
</script>
<!-- End Google Analytics -->
<!-- Venatus Ad Manager - Install in <HEAD> of page -->
	<script src="https://hb.vntsm.com/v3/live/ad-manager.min.js" type="text/javascript" data-site-id="642aba63ec9a7b11c3c9c1be" data-mode="scan" async></script>
<!-- / Venatus Ad Manager -->

<style>
	@media (max-width:820px) {
		.battle {
			margin: 0 auto;
		}
		.battle-log {
			margin: 7px auto 0;
			max-width: 640px;
			height: 300px;
			position: static;
		}
	}
	.optgroup {
		display: inline-block;
		line-height: 22px;
		font-size: 10pt;
	}
	.optgroup .button {
		height: 25px;
		padding-top: 0;
		padding-bottom: 0;
	}
	.optgroup button.button {
		padding-left: 12px;
		padding-right: 12px;
	}
	.linklist {
		list-style: none;
		margin: 0.5em 0;
		padding: 0;
	}
	.linklist li {
		padding: 2px 0;
	}
	.sidebar {
		float: left;
		width: 320px;
	}
	.bar-wrapper {
		max-width: 1100px;
		margin: 0 auto;
	}
	.bar-wrapper.has-sidebar {
		max-width: 1430px;
	}
	.mainbar {
		margin: 0;
		padding-right: 1px;
	}
	.mainbar.has-sidebar {
		margin-left: 330px;
	}
	@media (min-width: 1511px) {
		.sidebar {
			width: 400px;
		}
		.bar-wrapper.has-sidebar {
			max-width: 1510px;
		}
		.mainbar.has-sidebar {
			margin-left: 410px;
		}
	}
	.section.first-section {
		margin-top: 9px;
	}
	.blocklink small {
		white-space: normal;
	}
	.button {
		vertical-align: middle;
	}
	.replay-controls {
		padding-top: 10px;
	}
	.replay-controls h1 {
		font-size: 16pt;
		font-weight: normal;
		color: #CCC;
	}
	.pagelink {
		text-align: center;
	}
	.pagelink a {
		width: 150px;
	}
	.textbox, .button {
		font-size: 11pt;
		vertical-align: middle;
	}
	@media (max-width: 450px) {
		.button {
			font-size: 9pt;
		}
	}
</style>

<div>

	<header>
		<div class="nav-wrapper"><ul class="nav">
			<li><a class="button nav-first" href="//pokemonshowdown.com/"><img src="//pokemonshowdown.com/images/pokemonshowdownbeta.png" srcset="//pokemonshowdown.com/images/pokemonshowdownbeta.png 1x, //pokemonshowdown.com/images/pokemonshowdownbeta@2x.png 2x" alt="Pok&eacute;mon Showdown" width="146" height="44" /> Home</a></li>
			<li><a class="button" href="//pokemonshowdown.com/dex/">Pok&eacute;dex</a></li>
			<li><a class="button cur" href="/">Replays</a></li>
			<li><a class="button" href="//pokemonshowdown.com/ladder/">Ladder</a></li>
			<li><a class="button nav-last" href="//pokemonshowdown.com/forums/">Forum</a></li>
			<li><a class="button greenbutton nav-first nav-last" href="//play.pokemonshowdown.com/">Play</a></li>
		</ul></div>
	</header>

	<div class="main" id="main">

		<noscript><section class="section">You need to enable JavaScript to use this page; sorry!</section></noscript>

	</div>

</div>

<script defer nomodule src="//play.pokemonshowdown.com/js/lib/ps-polyfill.js"></script>
<script defer src="//play.pokemonshowdown.com/js/lib/preact.min.js"></script>

<script defer src="//play.pokemonshowdown.com/config/config.js?6dec07f6"></script>
<script defer src="//play.pokemonshowdown.com/js/lib/jquery-1.11.0.min.js"></script>
<script defer src="//play.pokemonshowdown.com/js/lib/html-sanitizer-minified.js"></script>
<script defer src="//play.pokemonshowdown.com/js/battle-sound.js"></script>
<script defer src="//play.pokemonshowdown.com/js/battledata.js?0.6315294753075389"></script>
<script defer src="//play.pokemonshowdown.com/data/pokedex-mini.js?0.7603743185311358"></script>
<script defer src="//play.pokemonshowdown.com/data/pokedex-mini-bw.js?0.030888842834281283"></script>
<script defer src="//play.pokemonshowdown.com/data/graphics.js?0.05593094747507488"></script>
<script defer src="//play.pokemonshowdown.com/data/pokedex.js?0.47064822249611904"></script>
<script defer src="//play.pokemonshowdown.com/data/moves.js?0.8583693120512459"></script>
<script defer src="//play.pokemonshowdown.com/data/abilities.js?0.16017181182386842"></script>
<script defer src="//play.pokemonshowdown.com/data/items.js?0.4163379185673943"></script>
<script defer src="//play.pokemonshowdown.com/data/teambuilder-tables.js?0.31075597372830477"></script>
<script defer src="//play.pokemonshowdown.com/js/battle-tooltips.js?0.6536193500708172"></script>
<script defer src="//play.pokemonshowdown.com/js/battle.js?0.1916591943277901"></script>

<script defer src="js/utils.js?e31f9a17"></script>
<script defer src="js/replays-battle.js?7008c182"></script>

<!-- don't scrape this data! just add .json or .log after the URL!
Full API docs: https://github.com/smogon/pokemon-showdown-client/blob/master/WEB-API.md -->
<script type="text/plain" class="log" id="replaylog-smogtours-gen3ou-799334">
|inactive|Battle timer is ON: inactive players will automatically lose when time's up.
|t:|1729193135
|gametype|singles
|player|p1|moowee|burglar|
|player|p2|social inclusion|102|
|teamsize|p1|6
|teamsize|p2|6
|gen|3
|tier|[Gen 3] OU
|rule|Sleep Clause Mod: Limit one foe put to sleep
|rule|Switch Priority Clause Mod: Faster Pokémon switch first
|rule|Species Clause: Limit one of each Pokémon
|rule|OHKO Clause: OHKO moves are banned
|rule|Evasion Items Clause: Evasion items are banned
|rule|Evasion Moves Clause: Evasion moves are banned
|rule|Endless Battle Clause: Forcing endless battles is banned
|rule|HP Percentage Mod: HP is shown in percentages
|rule|One Boost Passer Clause: Limit one Baton Passer that has a way to boost its stats
|rule|Freeze Clause Mod: Limit one foe frozen
|
|t:|1729193135
|start
|switch|p1a: Salamence|Salamence, M|100/100
|switch|p2a: Snorlax|Snorlax, F|100/100
|-ability|p1a: Salamence|Intimidate|boost
|-unboost|p2a: Snorlax|atk|1
|turn|1
|inactive|social inclusion has 270 seconds left.
|
|t:|1729193182
|switch|p2a: Umbreon|Umbreon, M, shiny|100/100
|move|p1a: Salamence|Brick Break|p2a: Umbreon
|-supereffective|p2a: Umbreon
|-damage|p2a: Umbreon|68/100
|
|-heal|p2a: Umbreon|74/100|[from] item: Leftovers
|upkeep
|turn|2
|
|t:|1729193206
|switch|p1a: Dugtrio|Dugtrio, M|100/100
|move|p2a: Umbreon|Wish|p2a: Umbreon
|
|-heal|p2a: Umbreon|80/100|[from] item: Leftovers
|upkeep
|turn|3
|
|t:|1729193211
|move|p1a: Dugtrio|Hidden Power|p2a: Umbreon
|-supereffective|p2a: Umbreon
|-damage|p2a: Umbreon|36/100
|move|p2a: Umbreon|Toxic|p1a: Dugtrio
|-status|p1a: Dugtrio|tox
|
|-heal|p2a: Umbreon|86/100|[from] move: Wish|[wisher] Umbreon
|-damage|p1a: Dugtrio|94/100 tox|[from] psn
|-heal|p2a: Umbreon|92/100|[from] item: Leftovers
|upkeep
|turn|4
|
|t:|1729193215
|move|p1a: Dugtrio|Hidden Power|p2a: Umbreon
|-supereffective|p2a: Umbreon
|-damage|p2a: Umbreon|52/100
|move|p2a: Umbreon|Wish|p2a: Umbreon
|
|-damage|p1a: Dugtrio|82/100 tox|[from] psn
|-heal|p2a: Umbreon|58/100|[from] item: Leftovers
|upkeep
|turn|5
|
|t:|1729193218
|move|p2a: Umbreon|Protect|p2a: Umbreon
|-singleturn|p2a: Umbreon|Protect
|move|p1a: Dugtrio|Hidden Power|p2a: Umbreon
|-activate|p2a: Umbreon|Protect
|
|-heal|p2a: Umbreon|100/100|[from] move: Wish|[wisher] Umbreon
|-damage|p1a: Dugtrio|64/100 tox|[from] psn
|upkeep
|turn|6
|
|t:|1729193220
|move|p1a: Dugtrio|Hidden Power|p2a: Umbreon
|-supereffective|p2a: Umbreon
|-damage|p2a: Umbreon|59/100
|move|p2a: Umbreon|Wish|p2a: Umbreon
|
|-damage|p1a: Dugtrio|39/100 tox|[from] psn
|-heal|p2a: Umbreon|65/100|[from] item: Leftovers
|upkeep
|turn|7
|
|t:|1729193224
|move|p2a: Umbreon|Protect|p2a: Umbreon
|-singleturn|p2a: Umbreon|Protect
|move|p1a: Dugtrio|Hidden Power|p2a: Umbreon
|-activate|p2a: Umbreon|Protect
|
|-heal|p2a: Umbreon|100/100|[from] move: Wish|[wisher] Umbreon
|-damage|p1a: Dugtrio|8/100 tox|[from] psn
|upkeep
|turn|8
|
|t:|1729193227
|move|p1a: Dugtrio|Hidden Power|p2a: Umbreon
|-supereffective|p2a: Umbreon
|-damage|p2a: Umbreon|56/100
|move|p2a: Umbreon|Wish|p2a: Umbreon
|
|-damage|p1a: Dugtrio|0 fnt|[from] psn
|faint|p1a: Dugtrio
|-heal|p2a: Umbreon|62/100|[from] item: Leftovers
|upkeep
|
|t:|1729193237
|switch|p1a: Zapdos|Zapdos|100/100
|turn|9
|inactive|social inclusion has 270 seconds left.
|
|t:|1729193278
|move|p1a: Zapdos|Thunder Wave|p2a: Umbreon
|-status|p2a: Umbreon|par
|-status|p1a: Zapdos|par|[from] ability: Synchronize|[of] p2a: Umbreon
|move|p2a: Umbreon|Toxic||[still]
|-fail|p2a: Umbreon
|
|-heal|p2a: Umbreon|100/100 par|[from] move: Wish|[wisher] Umbreon
|upkeep
|turn|10
|
|t:|1729193284
|switch|p2a: Celebi|Celebi|100/100
|move|p1a: Zapdos|Thunderbolt|p2a: Celebi
|-resisted|p2a: Celebi
|-damage|p2a: Celebi|82/100
|
|-heal|p2a: Celebi|88/100|[from] item: Leftovers
|upkeep
|turn|11
|
|t:|1729193289
|switch|p1a: Celebi|Celebi|100/100
|move|p2a: Celebi|Heal Bell|p2a: Celebi
|-activate|p2a: Celebi|move: Heal Bell
|-curestatus|p2: Umbreon|par|[silent]
|
|-heal|p2a: Celebi|95/100|[from] item: Leftovers
|upkeep
|turn|12
|inactive|social inclusion has 270 seconds left.
|
|t:|1729193315
|switch|p2a: Moltres|Moltres|100/100
|move|p1a: Celebi|Calm Mind|p1a: Celebi
|-boost|p1a: Celebi|spa|1
|-boost|p1a: Celebi|spd|1
|
|upkeep
|turn|13
|inactive|social inclusion has 270 seconds left.
|
|t:|1729193332
|move|p1a: Celebi|Baton Pass|p1a: Celebi
|
|t:|1729193337
|switch|p1a: Starmie|Starmie|100/100|[from] Baton Pass
|move|p2a: Moltres|Flamethrower|p1a: Starmie
|-resisted|p1a: Starmie
|-damage|p1a: Starmie|74/100
|
|-heal|p1a: Starmie|80/100|[from] item: Leftovers
|upkeep
|turn|14
|inactive|social inclusion has 270 seconds left.
|inactive|social inclusion has 240 seconds left.
|
|t:|1729193396
|switch|p2a: Swampert|Swampert, F|100/100
|move|p1a: Starmie|Surf|p2a: Swampert
|-damage|p2a: Swampert|42/100
|
|-heal|p1a: Starmie|86/100|[from] item: Leftovers
|-heal|p2a: Swampert|48/100|[from] item: Leftovers
|upkeep
|turn|15
|
|t:|1729193402
|move|p2a: Swampert|Protect|p2a: Swampert
|-singleturn|p2a: Swampert|Protect
|move|p1a: Starmie|Surf|p2a: Swampert
|-activate|p2a: Swampert|Protect
|
|-heal|p1a: Starmie|92/100|[from] item: Leftovers
|-heal|p2a: Swampert|54/100|[from] item: Leftovers
|upkeep
|turn|16
|
|t:|1729193410
|move|p1a: Starmie|Surf|p2a: Swampert
|-damage|p2a: Swampert|0 fnt
|faint|p2a: Swampert
|
|t:|1729193412
|switch|p2a: Snorlax|Snorlax, F|100/100
|
|-heal|p1a: Starmie|98/100|[from] item: Leftovers
|upkeep
|turn|17
|
|t:|1729193417
|switch|p1a: Salamence|Salamence, M|100/100
|-ability|p1a: Salamence|Intimidate|boost
|-unboost|p2a: Snorlax|atk|1
|move|p2a: Snorlax|Body Slam|p1a: Salamence
|-damage|p1a: Salamence|72/100
|-status|p1a: Salamence|par
|
|-heal|p1a: Salamence|78/100 par|[from] item: Leftovers
|upkeep
|turn|18
|
|t:|1729193423
|switch|p2a: Umbreon|Umbreon, M, shiny|100/100
|cant|p1a: Salamence|par
|
|-heal|p1a: Salamence|84/100 par|[from] item: Leftovers
|upkeep
|turn|19
|inactive|social inclusion has 270 seconds left.
|
|t:|1729193441
|move|p2a: Umbreon|Wish|p2a: Umbreon
|move|p1a: Salamence|Brick Break|p2a: Umbreon
|-supereffective|p2a: Umbreon
|-damage|p2a: Umbreon|66/100
|
|-heal|p2a: Umbreon|72/100|[from] item: Leftovers
|-heal|p1a: Salamence|91/100 par|[from] item: Leftovers
|upkeep
|turn|20
|
|t:|1729193450
|switch|p1a: Celebi|Celebi|100/100
|move|p2a: Umbreon|Protect||[still]
|-fail|p2a: Umbreon
|
|-heal|p2a: Umbreon|100/100|[from] move: Wish|[wisher] Umbreon
|upkeep
|turn|21
|
|t:|1729193452
|switch|p2a: Moltres|Moltres|100/100
|move|p1a: Celebi|Calm Mind|p1a: Celebi
|-boost|p1a: Celebi|spa|1
|-boost|p1a: Celebi|spd|1
|
|upkeep
|turn|22
|
|t:|1729193458
|move|p1a: Celebi|Calm Mind|p1a: Celebi
|-boost|p1a: Celebi|spa|1
|-boost|p1a: Celebi|spd|1
|move|p2a: Moltres|Roar|p1a: Celebi
|drag|p1a: Starmie|Starmie|98/100
|
|-heal|p1a: Starmie|100/100|[from] item: Leftovers
|upkeep
|turn|23
|
|t:|1729193469
|switch|p2a: Celebi|Celebi|95/100
|move|p1a: Starmie|Surf|p2a: Celebi
|-resisted|p2a: Celebi
|-damage|p2a: Celebi|79/100
|
|-heal|p2a: Celebi|85/100|[from] item: Leftovers
|upkeep
|turn|24
|
|t:|1729193484
|switch|p1a: Zapdos|Zapdos|100/100 par
|move|p2a: Celebi|Hidden Power|p1a: Zapdos
|-resisted|p1a: Zapdos
|-damage|p1a: Zapdos|85/100 par
|
|-heal|p2a: Celebi|91/100|[from] item: Leftovers
|-heal|p1a: Zapdos|91/100 par|[from] item: Leftovers
|upkeep
|turn|25
|
|t:|1729193490
|move|p2a: Celebi|Leech Seed|p1a: Zapdos
|-start|p1a: Zapdos|move: Leech Seed
|move|p1a: Zapdos|Hidden Power|p2a: Celebi
|-supereffective|p2a: Celebi
|-damage|p2a: Celebi|56/100
|
|-heal|p2a: Celebi|62/100|[from] item: Leftovers
|-heal|p1a: Zapdos|98/100 par|[from] item: Leftovers
|-damage|p1a: Zapdos|85/100 par|[from] Leech Seed|[of] p2a: Celebi
|-heal|p2a: Celebi|72/100|[silent]
|upkeep
|turn|26
|
|t:|1729193500
|switch|p1a: Salamence|Salamence, M|91/100 par
|-ability|p1a: Salamence|Intimidate|boost
|-unboost|p2a: Celebi|atk|1
|move|p2a: Celebi|Recover|p2a: Celebi
|-heal|p2a: Celebi|100/100
|
|-heal|p1a: Salamence|97/100 par|[from] item: Leftovers
|upkeep
|turn|27
|
|t:|1729193505
|move|p2a: Celebi|Leech Seed|p1a: Salamence
|-start|p1a: Salamence|move: Leech Seed
|cant|p1a: Salamence|par
|
|-heal|p1a: Salamence|100/100 par|[from] item: Leftovers
|-damage|p1a: Salamence|88/100 par|[from] Leech Seed|[of] p2a: Celebi
|upkeep
|turn|28
|
|t:|1729193512
|switch|p2a: Moltres|Moltres|100/100
|switch|p1a: Zapdos|Zapdos|85/100 par
|
|-heal|p1a: Zapdos|91/100 par|[from] item: Leftovers
|upkeep
|turn|29
|
|t:|1729193525
|switch|p2a: Celebi|Celebi|100/100
|move|p1a: Zapdos|Thunderbolt|p2a: Celebi
|-resisted|p2a: Celebi
|-damage|p2a: Celebi|82/100
|
|-heal|p2a: Celebi|89/100|[from] item: Leftovers
|-heal|p1a: Zapdos|98/100 par|[from] item: Leftovers
|upkeep
|turn|30
|
|t:|1729193533
|switch|p2a: Forretress|Forretress, M|100/100
|cant|p1a: Zapdos|par
|
|-heal|p1a: Zapdos|100/100 par|[from] item: Leftovers
|upkeep
|turn|31
|
|t:|1729193545
|switch|p1a: Celebi|Celebi|100/100
|move|p2a: Forretress|Spikes|p1a: Celebi
|-sidestart|p1: moowee|Spikes
|
|upkeep
|turn|32
|
|t:|1729193551
|switch|p2a: Moltres|Moltres|100/100
|move|p1a: Celebi|Calm Mind|p1a: Celebi
|-boost|p1a: Celebi|spa|1
|-boost|p1a: Celebi|spd|1
|
|upkeep
|turn|33
|
|t:|1729193564
|move|p1a: Celebi|Baton Pass|p1a: Celebi
|
|t:|1729193565
|switch|p1a: Salamence|Salamence, M|88/100 par|[from] Baton Pass
|-ability|p1a: Salamence|Intimidate|boost
|-unboost|p2a: Moltres|atk|1
|move|p2a: Moltres|Roar|p1a: Salamence
|drag|p1a: Celebi|Celebi|100/100
|-damage|p1a: Celebi|88/100|[from] Spikes
|
|-heal|p1a: Celebi|94/100|[from] item: Leftovers
|upkeep
|turn|34
|
|t:|1729193575
|switch|p1a: Zapdos|Zapdos|100/100 par
|move|p2a: Moltres|Flamethrower|p1a: Zapdos
|-damage|p1a: Zapdos|40/100 par
|
|-heal|p1a: Zapdos|46/100 par|[from] item: Leftovers
|upkeep
|turn|35
|
|t:|1729193582
|switch|p1a: Salamence|Salamence, M|88/100 par
|-ability|p1a: Salamence|Intimidate|boost
|-unboost|p2a: Moltres|atk|1
|move|p2a: Moltres|Flamethrower|p1a: Salamence
|-resisted|p1a: Salamence
|-damage|p1a: Salamence|53/100 par
|
|-heal|p1a: Salamence|59/100 par|[from] item: Leftovers
|upkeep
|turn|36
|
|t:|1729193593
|move|p2a: Moltres|Flamethrower|p1a: Salamence
|-resisted|p1a: Salamence
|-damage|p1a: Salamence|29/100 par
|move|p1a: Salamence|Dragon Claw|p2a: Moltres
|-damage|p2a: Moltres|53/100
|
|-heal|p2a: Moltres|60/100|[from] item: Leftovers
|-heal|p1a: Salamence|35/100 par|[from] item: Leftovers
|upkeep
|turn|37
|
|t:|1729193625
|switch|p1a: Starmie|Starmie|100/100
|-damage|p1a: Starmie|88/100|[from] Spikes
|move|p2a: Moltres|Flamethrower|p1a: Starmie
|-resisted|p1a: Starmie
|-damage|p1a: Starmie|48/100
|
|-heal|p1a: Starmie|54/100|[from] item: Leftovers
|-heal|p2a: Moltres|66/100|[from] item: Leftovers
|upkeep
|turn|38
|
|t:|1729193634
|switch|p2a: Umbreon|Umbreon, M, shiny|100/100
|move|p1a: Starmie|Ice Beam|p2a: Umbreon
|-damage|p2a: Umbreon|83/100
|
|-heal|p1a: Starmie|60/100|[from] item: Leftovers
|-heal|p2a: Umbreon|89/100|[from] item: Leftovers
|upkeep
|turn|39
|
|t:|1729193650
|-activate|p1a: Starmie|move: Pursuit
|move|p2a: Umbreon|Pursuit|p1a: Starmie|[from]Pursuit
|-supereffective|p1a: Starmie
|-damage|p1a: Starmie|0 fnt
|faint|p1a: Starmie
|-hint|Previously chosen switches continue in Gen 2-4 after a Pursuit target faints.
|switch|p1a: Zapdos|Zapdos|46/100 par
|
|-heal|p2a: Umbreon|95/100|[from] item: Leftovers
|-heal|p1a: Zapdos|52/100 par|[from] item: Leftovers
|upkeep
|turn|40
|
|t:|1729193661
|switch|p2a: Celebi|Celebi|89/100
|move|p1a: Zapdos|Hidden Power|p2a: Celebi
|-supereffective|p2a: Celebi
|-damage|p2a: Celebi|49/100
|
|-heal|p2a: Celebi|55/100|[from] item: Leftovers
|-heal|p1a: Zapdos|58/100 par|[from] item: Leftovers
|upkeep
|turn|41
|
|t:|1729193667
|move|p2a: Celebi|Recover|p2a: Celebi
|-heal|p2a: Celebi|100/100
|cant|p1a: Zapdos|par
|
|-heal|p1a: Zapdos|64/100 par|[from] item: Leftovers
|upkeep
|turn|42
|
|t:|1729193671
|move|p2a: Celebi|Leech Seed|p1a: Zapdos
|-start|p1a: Zapdos|move: Leech Seed
|cant|p1a: Zapdos|par
|
|-heal|p1a: Zapdos|71/100 par|[from] item: Leftovers
|-damage|p1a: Zapdos|58/100 par|[from] Leech Seed|[of] p2a: Celebi
|upkeep
|turn|43
|
|t:|1729193674
|switch|p2a: Snorlax|Snorlax, F|100/100
|switch|p1a: Salamence|Salamence, M|35/100 par
|-ability|p1a: Salamence|Intimidate|boost
|-unboost|p2a: Snorlax|atk|1
|
|-heal|p1a: Salamence|41/100 par|[from] item: Leftovers
|upkeep
|turn|44
|
|t:|1729193680
|move|p2a: Snorlax|Body Slam|p1a: Salamence
|-damage|p1a: Salamence|14/100 par
|move|p1a: Salamence|Brick Break|p2a: Snorlax
|-supereffective|p2a: Snorlax
|-damage|p2a: Snorlax|70/100
|
|-heal|p2a: Snorlax|77/100|[from] item: Leftovers
|-heal|p1a: Salamence|20/100 par|[from] item: Leftovers
|upkeep
|turn|45
|
|t:|1729193685
|move|p2a: Snorlax|Body Slam|p1a: Salamence
|-damage|p1a: Salamence|0 fnt
|faint|p1a: Salamence
|
|t:|1729193697
|switch|p1a: Celebi|Celebi|94/100
|-damage|p1a: Celebi|82/100|[from] Spikes
|
|-heal|p1a: Celebi|88/100|[from] item: Leftovers
|-heal|p2a: Snorlax|83/100|[from] item: Leftovers
|upkeep
|turn|46
|
|t:|1729193704
|switch|p2a: Moltres|Moltres|66/100
|move|p1a: Celebi|Baton Pass|p1a: Celebi
|
|t:|1729193707
|switch|p1a: Zapdos|Zapdos|58/100 par|[from] Baton Pass
|
|-heal|p2a: Moltres|72/100|[from] item: Leftovers
|-heal|p1a: Zapdos|64/100 par|[from] item: Leftovers
|upkeep
|turn|47
|
|t:|1729193710
|switch|p2a: Celebi|Celebi|100/100
|move|p1a: Zapdos|Thunderbolt|p2a: Celebi
|-resisted|p2a: Celebi
|-damage|p2a: Celebi|80/100
|
|-heal|p2a: Celebi|86/100|[from] item: Leftovers
|-heal|p1a: Zapdos|71/100 par|[from] item: Leftovers
|upkeep
|turn|48
|
|t:|1729193715
|move|p2a: Celebi|Leech Seed|p1a: Zapdos
|-start|p1a: Zapdos|move: Leech Seed
|move|p1a: Zapdos|Hidden Power|p2a: Celebi
|-supereffective|p2a: Celebi
|-damage|p2a: Celebi|49/100
|
|-heal|p2a: Celebi|55/100|[from] item: Leftovers
|-heal|p1a: Zapdos|77/100 par|[from] item: Leftovers
|-damage|p1a: Zapdos|64/100 par|[from] Leech Seed|[of] p2a: Celebi
|-heal|p2a: Celebi|65/100|[silent]
|upkeep
|turn|49
|
|t:|1729193722
|move|p2a: Celebi|Recover|p2a: Celebi
|-heal|p2a: Celebi|100/100
|move|p1a: Zapdos|Thunder Wave|p2a: Celebi
|-status|p2a: Celebi|par
|
|-heal|p1a: Zapdos|71/100 par|[from] item: Leftovers
|-damage|p1a: Zapdos|58/100 par|[from] Leech Seed|[of] p2a: Celebi
|upkeep
|turn|50
|
|t:|1729193735
|switch|p1a: Metagross|Metagross|100/100
|-damage|p1a: Metagross|88/100|[from] Spikes
|-curestatus|p2a: Celebi|par|[from] ability: Natural Cure
|switch|p2a: Forretress|Forretress, M|100/100
|
|upkeep
|turn|51
|
|t:|1729193744
|move|p1a: Metagross|Meteor Mash|p2a: Forretress
|-resisted|p2a: Forretress
|-damage|p2a: Forretress|78/100
|move|p2a: Forretress|Earthquake|p1a: Metagross
|-supereffective|p1a: Metagross
|-damage|p1a: Metagross|57/100
|
|-heal|p2a: Forretress|84/100|[from] item: Leftovers
|upkeep
|turn|52
|inactive|social inclusion has 270 seconds left.
|
|t:|1729193774
|switch|p1a: Celebi|Celebi|88/100
|-damage|p1a: Celebi|76/100|[from] Spikes
|move|p2a: Forretress|Earthquake|p1a: Celebi
|-resisted|p1a: Celebi
|-damage|p1a: Celebi|67/100
|
|-heal|p1a: Celebi|73/100|[from] item: Leftovers
|-heal|p2a: Forretress|90/100|[from] item: Leftovers
|upkeep
|turn|53
|
|t:|1729193784
|switch|p2a: Moltres|Moltres|72/100
|move|p1a: Celebi|Giga Drain|p2a: Moltres
|-resisted|p2a: Moltres
|-damage|p2a: Moltres|65/100
|-heal|p1a: Celebi|76/100|[from] drain|[of] p2a: Moltres
|
|-heal|p1a: Celebi|82/100|[from] item: Leftovers
|-heal|p2a: Moltres|71/100|[from] item: Leftovers
|upkeep
|turn|54
|
|t:|1729193796
|move|p1a: Celebi|Hidden Power|p2a: Moltres
|-resisted|p2a: Moltres
|-crit|p2a: Moltres
|-damage|p2a: Moltres|51/100
|move|p2a: Moltres|Flamethrower|p1a: Celebi
|-supereffective|p1a: Celebi
|-damage|p1a: Celebi|0 fnt
|faint|p1a: Celebi
|
|t:|1729193800
|switch|p1a: Zapdos|Zapdos|58/100 par
|
|-heal|p2a: Moltres|57/100|[from] item: Leftovers
|-heal|p1a: Zapdos|64/100 par|[from] item: Leftovers
|upkeep
|turn|55
|
|t:|1729193804
|switch|p2a: Forretress|Forretress, M|90/100
|move|p1a: Zapdos|Hidden Power|p2a: Forretress
|-resisted|p2a: Forretress
|-damage|p2a: Forretress|79/100
|
|-heal|p2a: Forretress|85/100|[from] item: Leftovers
|-heal|p1a: Zapdos|71/100 par|[from] item: Leftovers
|upkeep
|turn|56
|
|t:|1729193808
|move|p2a: Forretress|Explosion|p1a: Zapdos
|-damage|p1a: Zapdos|0 fnt
|faint|p2a: Forretress
|faint|p1a: Zapdos
|
|t:|1729193811
|switch|p1a: Metagross|Metagross|57/100
|switch|p2a: Moltres|Moltres|57/100
|-damage|p1a: Metagross|45/100|[from] Spikes
|
|-heal|p2a: Moltres|63/100|[from] item: Leftovers
|upkeep
|turn|57
|c|☆moowee|gg
|
|t:|1729193816
|move|p2a: Moltres|Flamethrower|p1a: Metagross
|-supereffective|p1a: Metagross
|-damage|p1a: Metagross|0 fnt
|faint|p1a: Metagross
|
|win|social inclusion
|c|☆social inclusion|ggs mate

</script>
<script type="application/json" class="data" id="replaydata-smogtours-gen3ou-799334">
{"id":"smogtours-gen3ou-799334","format":"[Gen 3] OU","players":["moowee","social inclusion"],"uploadtime":1729193816,"views":106,"formatid":"gen3ou","rating":null,"private":0,"password":null}
</script>

<script defer src="js/replays.js?9d40a366"></script>
