<!DOCTYPE html>
<meta charset="utf-8" />
<meta name="viewport" content="width=device-width" />

<title>[Gen 3] OU: Ghostfall22 vs. DarthTyros - Replays - Pok&eacute;mon Showdown!</title>

<meta name="description" content="Watch a replay of a Pok&eacute;mon battle between Ghostfall22 and DarthTyros! Format: [Gen 3] OU; Date: Oct 19, 2024" />
<!--

Hey, you! Looking in the source for the replay log?

You can find them in JSON format, just add `.json` at the end of a replay URL.

https://replay.pokemonshowdown.com/gen7randomdoublesbattle-865046831.json

Or, if you only need the log itself, add `.log` instead:

https://replay.pokemonshowdown.com/gen7randomdoublesbattle-865046831.log

-->

<link rel="stylesheet" href="//pokemonshowdown.com/style/global.css?0.023195364461161105" />
<link rel="stylesheet" href="//play.pokemonshowdown.com/style/font-awesome.css?0.13261647063804238" />
<link rel="stylesheet" href="//play.pokemonshowdown.com/style/battle.css?0.8753245789963631" />
<link rel="stylesheet" href="//play.pokemonshowdown.com/style/utilichart.css?0.8627959624976733" />

<!-- Global site tag (gtag.js) - Google Analytics -->
<script async src="https://www.googletagmanager.com/gtag/js?id=UA-26211653-1"></script>
<script>
  window.dataLayer = window.dataLayer || [];
  function gtag(){dataLayer.push(arguments);}
  gtag('js', new Date());

  gtag('config', 'UA-26211653-1');
</script>
<!-- End Google Analytics -->
<!-- Venatus Ad Manager - Install in <HEAD> of page -->
	<script src="https://hb.vntsm.com/v3/live/ad-manager.min.js" type="text/javascript" data-site-id="642aba63ec9a7b11c3c9c1be" data-mode="scan" async></script>
<!-- / Venatus Ad Manager -->

<style>
	@media (max-width:820px) {
		.battle {
			margin: 0 auto;
		}
		.battle-log {
			margin: 7px auto 0;
			max-width: 640px;
			height: 300px;
			position: static;
		}
	}
	.optgroup {
		display: inline-block;
		line-height: 22px;
		font-size: 10pt;
	}
	.optgroup .button {
		height: 25px;
		padding-top: 0;
		padding-bottom: 0;
	}
	.optgroup button.button {
		padding-left: 12px;
		padding-right: 12px;
	}
	.linklist {
		list-style: none;
		margin: 0.5em 0;
		padding: 0;
	}
	.linklist li {
		padding: 2px 0;
	}
	.sidebar {
		float: left;
		width: 320px;
	}
	.bar-wrapper {
		max-width: 1100px;
		margin: 0 auto;
	}
	.bar-wrapper.has-sidebar {
		max-width: 1430px;
	}
	.mainbar {
		margin: 0;
		padding-right: 1px;
	}
	.mainbar.has-sidebar {
		margin-left: 330px;
	}
	@media (min-width: 1511px) {
		.sidebar {
			width: 400px;
		}
		.bar-wrapper.has-sidebar {
			max-width: 1510px;
		}
		.mainbar.has-sidebar {
			margin-left: 410px;
		}
	}
	.section.first-section {
		margin-top: 9px;
	}
	.blocklink small {
		white-space: normal;
	}
	.button {
		vertical-align: middle;
	}
	.replay-controls {
		padding-top: 10px;
	}
	.replay-controls h1 {
		font-size: 16pt;
		font-weight: normal;
		color: #CCC;
	}
	.pagelink {
		text-align: center;
	}
	.pagelink a {
		width: 150px;
	}
	.textbox, .button {
		font-size: 11pt;
		vertical-align: middle;
	}
	@media (max-width: 450px) {
		.button {
			font-size: 9pt;
		}
	}
</style>

<div>

	<header>
		<div class="nav-wrapper"><ul class="nav">
			<li><a class="button nav-first" href="//pokemonshowdown.com/"><img src="//pokemonshowdown.com/images/pokemonshowdownbeta.png" srcset="//pokemonshowdown.com/images/pokemonshowdownbeta.png 1x, //pokemonshowdown.com/images/pokemonshowdownbeta@2x.png 2x" alt="Pok&eacute;mon Showdown" width="146" height="44" /> Home</a></li>
			<li><a class="button" href="//pokemonshowdown.com/dex/">Pok&eacute;dex</a></li>
			<li><a class="button cur" href="/">Replays</a></li>
			<li><a class="button" href="//pokemonshowdown.com/ladder/">Ladder</a></li>
			<li><a class="button nav-last" href="//pokemonshowdown.com/forums/">Forum</a></li>
			<li><a class="button greenbutton nav-first nav-last" href="//play.pokemonshowdown.com/">Play</a></li>
		</ul></div>
	</header>

	<div class="main" id="main">

		<noscript><section class="section">You need to enable JavaScript to use this page; sorry!</section></noscript>

	</div>

</div>

<script defer nomodule src="//play.pokemonshowdown.com/js/lib/ps-polyfill.js"></script>
<script defer src="//play.pokemonshowdown.com/js/lib/preact.min.js"></script>

<script defer src="//play.pokemonshowdown.com/config/config.js?2bddbc15"></script>
<script defer src="//play.pokemonshowdown.com/js/lib/jquery-1.11.0.min.js"></script>
<script defer src="//play.pokemonshowdown.com/js/lib/html-sanitizer-minified.js"></script>
<script defer src="//play.pokemonshowdown.com/js/battle-sound.js"></script>
<script defer src="//play.pokemonshowdown.com/js/battledata.js?0.7209276989879541"></script>
<script defer src="//play.pokemonshowdown.com/data/pokedex-mini.js?0.6111056340867951"></script>
<script defer src="//play.pokemonshowdown.com/data/pokedex-mini-bw.js?0.3532142036491459"></script>
<script defer src="//play.pokemonshowdown.com/data/graphics.js?0.24223875632456182"></script>
<script defer src="//play.pokemonshowdown.com/data/pokedex.js?0.38839984266356864"></script>
<script defer src="//play.pokemonshowdown.com/data/moves.js?0.21866028504024015"></script>
<script defer src="//play.pokemonshowdown.com/data/abilities.js?0.2005157953846628"></script>
<script defer src="//play.pokemonshowdown.com/data/items.js?0.9894211263848525"></script>
<script defer src="//play.pokemonshowdown.com/data/teambuilder-tables.js?0.6008791140282215"></script>
<script defer src="//play.pokemonshowdown.com/js/battle-tooltips.js?0.7580118955022959"></script>
<script defer src="//play.pokemonshowdown.com/js/battle.js?0.6057722274234274"></script>

<script defer src="js/utils.js?e31f9a17"></script>
<script defer src="js/replays-battle.js?7008c182"></script>

<!-- don't scrape this data! just add .json or .log after the URL!
Full API docs: https://github.com/smogon/pokemon-showdown-client/blob/master/WEB-API.md -->
<script type="text/plain" class="log" id="replaylog-smogtours-gen3ou-800153">
|inactive|Battle timer is ON: inactive players will automatically lose when time's up.
|t:|1729376060
|gametype|singles
|player|p1|Ghostfall22|lady-gen4|
|player|p2|DarthTyros|#advpliv|
|teamsize|p1|6
|teamsize|p2|6
|gen|3
|tier|[Gen 3] OU
|rule|Sleep Clause Mod: Limit one foe put to sleep
|rule|Switch Priority Clause Mod: Faster Pokémon switch first
|rule|Species Clause: Limit one of each Pokémon
|rule|OHKO Clause: OHKO moves are banned
|rule|Evasion Items Clause: Evasion items are banned
|rule|Evasion Moves Clause: Evasion moves are banned
|rule|Endless Battle Clause: Forcing endless battles is banned
|rule|HP Percentage Mod: HP is shown in percentages
|rule|One Boost Passer Clause: Limit one Baton Passer that has a way to boost its stats
|rule|Freeze Clause Mod: Limit one foe frozen
|
|t:|1729376060
|start
|switch|p1a: Salamence|Salamence, M|100/100
|switch|p2a: Rob Boss|Smeargle, M, shiny|100/100
|-ability|p1a: Salamence|Intimidate|boost
|-unboost|p2a: Rob Boss|atk|1
|turn|1
|c|☆Ghostfall22|hf
|
|t:|1729376066
|switch|p2a: Thor|Zapdos|100/100
|move|p1a: Salamence|Brick Break|p2a: Thor
|-resisted|p2a: Thor
|-damage|p2a: Thor|89/100
|
|-heal|p2a: Thor|95/100|[from] item: Leftovers
|upkeep
|turn|2
|c|☆DarthTyros|u2
|
|t:|1729376073
|switch|p1a: Celebi|Celebi|100/100
|move|p2a: Thor|Baton Pass|p2a: Thor
|
|t:|1729376076
|switch|p2a: Rob Boss|Smeargle, M, shiny|100/100|[from] Baton Pass
|
|upkeep
|turn|3
|
|t:|1729376082
|move|p2a: Rob Boss|Spore|p1a: Celebi
|-status|p1a: Celebi|slp|[from] move: Spore
|cant|p1a: Celebi|slp
|
|upkeep
|turn|4
|
|t:|1729376085
|-curestatus|p1a: Celebi|slp|[from] ability: Natural Cure
|switch|p1a: Salamence|Salamence, M|100/100
|-ability|p1a: Salamence|Intimidate|boost
|-unboost|p2a: Rob Boss|atk|1
|move|p2a: Rob Boss|Spore|p1a: Salamence
|-status|p1a: Salamence|slp|[from] move: Spore
|
|upkeep
|turn|5
|
|t:|1729376091
|switch|p1a: Starmie|Starmie, shiny|100/100
|move|p2a: Rob Boss|Spikes|p1a: Starmie
|-sidestart|p1: Ghostfall22|Spikes
|
|upkeep
|turn|6
|
|t:|1729376097
|move|p1a: Starmie|Thunder Wave|p2a: Rob Boss
|-status|p2a: Rob Boss|par
|cant|p2a: Rob Boss|par
|
|upkeep
|turn|7
|
|t:|1729376102
|move|p1a: Starmie|Rapid Spin|p2a: Rob Boss
|-damage|p2a: Rob Boss|90/100 par
|-sideend|p1: Ghostfall22|Spikes|[from] move: Rapid Spin|[of] p1a: Starmie
|cant|p2a: Rob Boss|par
|
|upkeep
|turn|8
|
|t:|1729376107
|move|p1a: Starmie|Surf|p2a: Rob Boss
|-damage|p2a: Rob Boss|29/100 par
|cant|p2a: Rob Boss|par
|
|upkeep
|turn|9
|c|☆DarthTyros|-=-
|
|t:|1729376115
|move|p1a: Starmie|Surf|p2a: Rob Boss
|-damage|p2a: Rob Boss|0 fnt
|faint|p2a: Rob Boss
|
|t:|1729376117
|switch|p2a: Thor|Zapdos|95/100
|
|-heal|p2a: Thor|100/100|[from] item: Leftovers
|upkeep
|turn|10
|
|t:|1729376119
|switch|p1a: Blissey|Blissey, F, shiny|100/100
|move|p2a: Thor|Substitute|p2a: Thor
|-start|p2a: Thor|Substitute
|-damage|p2a: Thor|75/100
|
|-heal|p2a: Thor|82/100|[from] item: Leftovers
|upkeep
|turn|11
|
|t:|1729376124
|switch|p1a: Skarmory|Skarmory, F, shiny|100/100
|move|p2a: Thor|Baton Pass|p2a: Thor
|
|t:|1729376127
|switch|p2a: Devil|Gengar, F|100/100|[from] Baton Pass
|
|upkeep
|turn|12
|
|t:|1729376132
|switch|p1a: Celebi|Celebi|100/100
|move|p2a: Devil|Will-O-Wisp|p1a: Celebi
|-status|p1a: Celebi|brn
|
|-damage|p1a: Celebi|88/100 brn|[from] brn
|upkeep
|turn|13
|
|t:|1729376136
|-curestatus|p1a: Celebi|brn|[from] ability: Natural Cure
|switch|p1a: Blissey|Blissey, F, shiny|100/100
|move|p2a: Devil|Ice Punch|p1a: Blissey
|-damage|p1a: Blissey|92/100
|
|-heal|p1a: Blissey|99/100|[from] item: Leftovers
|upkeep
|turn|14
|
|t:|1729376142
|move|p2a: Devil|Will-O-Wisp|p1a: Blissey|[miss]
|-miss|p2a: Devil|p1a: Blissey
|move|p1a: Blissey|Ice Beam|p2a: Devil
|-activate|p2a: Devil|Substitute|[damage]
|
|-heal|p1a: Blissey|100/100|[from] item: Leftovers
|upkeep
|turn|15
|
|t:|1729376145
|move|p2a: Devil|Will-O-Wisp|p1a: Blissey
|-status|p1a: Blissey|brn
|move|p1a: Blissey|Ice Beam|p2a: Devil
|-end|p2a: Devil|Substitute
|
|-damage|p1a: Blissey|88/100 brn|[from] brn
|upkeep
|turn|16
|
|t:|1729376151
|switch|p2a: Godzilla|Tyranitar, F|100/100
|-weather|Sandstorm|[from] ability: Sand Stream|[of] p2a: Godzilla
|-curestatus|p1a: Blissey|brn|[from] ability: Natural Cure
|switch|p1a: Skarmory|Skarmory, F, shiny|100/100
|
|-weather|Sandstorm|[upkeep]
|upkeep
|turn|17
|
|t:|1729376157
|move|p2a: Godzilla|Dragon Dance|p2a: Godzilla
|-boost|p2a: Godzilla|atk|1
|-boost|p2a: Godzilla|spe|1
|move|p1a: Skarmory|Spikes|p2a: Godzilla
|-sidestart|p2: DarthTyros|Spikes
|
|-weather|Sandstorm|[upkeep]
|upkeep
|turn|18
|
|t:|1729376159
|move|p2a: Godzilla|Rock Slide|p1a: Skarmory
|-damage|p1a: Skarmory|55/100
|move|p1a: Skarmory|Whirlwind|p2a: Godzilla
|drag|p2a: SCP-079|Metagross|100/100
|-damage|p2a: SCP-079|88/100|[from] Spikes
|
|-weather|Sandstorm|[upkeep]
|-heal|p2a: SCP-079|94/100|[from] item: Leftovers
|-heal|p1a: Skarmory|61/100|[from] item: Leftovers
|upkeep
|turn|19
|
|t:|1729376165
|switch|p2a: Devil|Gengar, F|100/100
|move|p1a: Skarmory|Spikes|p2a: Devil
|-sidestart|p2: DarthTyros|Spikes
|
|-weather|Sandstorm|[upkeep]
|-damage|p2a: Devil|94/100|[from] Sandstorm
|-heal|p2a: Devil|100/100|[from] item: Leftovers
|-heal|p1a: Skarmory|67/100|[from] item: Leftovers
|upkeep
|turn|20
|
|t:|1729376167
|move|p1a: Skarmory|Protect|p1a: Skarmory
|-singleturn|p1a: Skarmory|Protect
|move|p2a: Devil|Will-O-Wisp|p1a: Skarmory
|-activate|p1a: Skarmory|Protect
|
|-weather|Sandstorm|[upkeep]
|-damage|p2a: Devil|94/100|[from] Sandstorm
|-heal|p2a: Devil|100/100|[from] item: Leftovers
|-heal|p1a: Skarmory|73/100|[from] item: Leftovers
|upkeep
|turn|21
|
|t:|1729376170
|switch|p1a: Blissey|Blissey, F, shiny|88/100
|move|p2a: Devil|Will-O-Wisp|p1a: Blissey
|-status|p1a: Blissey|brn
|
|-weather|Sandstorm|[upkeep]
|-damage|p2a: Devil|94/100|[from] Sandstorm
|-damage|p1a: Blissey|82/100 brn|[from] Sandstorm
|-heal|p2a: Devil|100/100|[from] item: Leftovers
|-heal|p1a: Blissey|88/100 brn|[from] item: Leftovers
|-damage|p1a: Blissey|76/100 brn|[from] brn
|upkeep
|turn|22
|
|t:|1729376181
|-curestatus|p1a: Blissey|brn|[from] ability: Natural Cure
|switch|p1a: Celebi|Celebi|88/100
|move|p2a: Devil|Taunt|p1a: Celebi
|-start|p1a: Celebi|move: Taunt
|
|-weather|Sandstorm|[upkeep]
|-damage|p2a: Devil|94/100|[from] Sandstorm
|-damage|p1a: Celebi|82/100|[from] Sandstorm
|-heal|p2a: Devil|100/100|[from] item: Leftovers
|-heal|p1a: Celebi|88/100|[from] item: Leftovers
|upkeep
|turn|23
|
|t:|1729376187
|switch|p2a: Godzilla|Tyranitar, F|100/100
|-damage|p2a: Godzilla|84/100|[from] Spikes
|move|p1a: Celebi|Hidden Power|p2a: Godzilla
|-supereffective|p2a: Godzilla
|-damage|p2a: Godzilla|29/100
|
|-weather|Sandstorm|[upkeep]
|-damage|p1a: Celebi|82/100|[from] Sandstorm
|-heal|p1a: Celebi|88/100|[from] item: Leftovers
|-end|p1a: Celebi|move: Taunt|[silent]
|upkeep
|turn|24
|
|t:|1729376192
|move|p1a: Celebi|Hidden Power|p2a: Godzilla
|-supereffective|p2a: Godzilla
|-damage|p2a: Godzilla|0 fnt
|faint|p2a: Godzilla
|
|t:|1729376194
|switch|p2a: SCP-079|Metagross|94/100
|-damage|p2a: SCP-079|78/100|[from] Spikes
|
|-weather|Sandstorm|[upkeep]
|-damage|p1a: Celebi|82/100|[from] Sandstorm
|-heal|p1a: Celebi|88/100|[from] item: Leftovers
|-heal|p2a: SCP-079|84/100|[from] item: Leftovers
|upkeep
|turn|25
|
|t:|1729376197
|switch|p1a: Skarmory|Skarmory, F, shiny|73/100
|move|p2a: SCP-079|Meteor Mash|p1a: Skarmory
|-resisted|p1a: Skarmory
|-damage|p1a: Skarmory|54/100
|
|-weather|Sandstorm|[upkeep]
|-heal|p2a: SCP-079|90/100|[from] item: Leftovers
|-heal|p1a: Skarmory|60/100|[from] item: Leftovers
|upkeep
|turn|26
|
|t:|1729376205
|switch|p2a: Devil|Gengar, F|100/100
|move|p1a: Skarmory|Spikes|p2a: Devil
|-sidestart|p2: DarthTyros|Spikes
|
|-weather|Sandstorm|[upkeep]
|-damage|p2a: Devil|94/100|[from] Sandstorm
|-heal|p2a: Devil|100/100|[from] item: Leftovers
|-heal|p1a: Skarmory|66/100|[from] item: Leftovers
|upkeep
|turn|27
|
|t:|1729376208
|move|p1a: Skarmory|Protect|p1a: Skarmory
|-singleturn|p1a: Skarmory|Protect
|move|p2a: Devil|Will-O-Wisp|p1a: Skarmory
|-activate|p1a: Skarmory|Protect
|
|-weather|Sandstorm|[upkeep]
|-damage|p2a: Devil|94/100|[from] Sandstorm
|-heal|p2a: Devil|100/100|[from] item: Leftovers
|-heal|p1a: Skarmory|72/100|[from] item: Leftovers
|upkeep
|turn|28
|
|t:|1729376212
|switch|p1a: Blissey|Blissey, F, shiny|76/100
|move|p2a: Devil|Will-O-Wisp|p1a: Blissey
|-status|p1a: Blissey|brn
|
|-weather|Sandstorm|[upkeep]
|-damage|p2a: Devil|94/100|[from] Sandstorm
|-damage|p1a: Blissey|69/100 brn|[from] Sandstorm
|-heal|p2a: Devil|100/100|[from] item: Leftovers
|-heal|p1a: Blissey|76/100 brn|[from] item: Leftovers
|-damage|p1a: Blissey|63/100 brn|[from] brn
|upkeep
|turn|29
|
|t:|1729376225
|move|p2a: Devil|Taunt|p1a: Blissey
|-start|p1a: Blissey|move: Taunt
|move|p1a: Blissey|Thunderbolt|p2a: Devil
|-damage|p2a: Devil|70/100
|
|-weather|Sandstorm|[upkeep]
|-damage|p2a: Devil|64/100|[from] Sandstorm
|-damage|p1a: Blissey|57/100 brn|[from] Sandstorm
|-heal|p2a: Devil|70/100|[from] item: Leftovers
|-heal|p1a: Blissey|63/100 brn|[from] item: Leftovers
|-damage|p1a: Blissey|51/100 brn|[from] brn
|upkeep
|turn|30
|
|t:|1729376236
|-curestatus|p1a: Blissey|brn|[from] ability: Natural Cure
|switch|p1a: Starmie|Starmie, shiny|100/100
|move|p2a: Devil|Thunderbolt|p1a: Starmie
|-supereffective|p1a: Starmie
|-damage|p1a: Starmie|33/100
|-status|p1a: Starmie|par
|
|-weather|Sandstorm|[upkeep]
|-damage|p2a: Devil|64/100|[from] Sandstorm
|-damage|p1a: Starmie|27/100 par|[from] Sandstorm
|-heal|p2a: Devil|70/100|[from] item: Leftovers
|-heal|p1a: Starmie|33/100 par|[from] item: Leftovers
|upkeep
|turn|31
|
|t:|1729376245
|-curestatus|p1a: Starmie|par|[from] ability: Natural Cure
|switch|p1a: Celebi|Celebi|88/100
|move|p2a: Devil|Thunderbolt|p1a: Celebi
|-resisted|p1a: Celebi
|-crit|p1a: Celebi
|-damage|p1a: Celebi|67/100
|
|-weather|Sandstorm|[upkeep]
|-damage|p2a: Devil|64/100|[from] Sandstorm
|-damage|p1a: Celebi|61/100|[from] Sandstorm
|-heal|p2a: Devil|70/100|[from] item: Leftovers
|-heal|p1a: Celebi|67/100|[from] item: Leftovers
|upkeep
|turn|32
|
|t:|1729376258
|switch|p2a: SCP-079|Metagross|90/100
|-damage|p2a: SCP-079|65/100|[from] Spikes
|move|p1a: Celebi|Leech Seed|p2a: SCP-079
|-start|p2a: SCP-079|move: Leech Seed
|
|-weather|Sandstorm|[upkeep]
|-damage|p1a: Celebi|61/100|[from] Sandstorm
|-heal|p1a: Celebi|67/100|[from] item: Leftovers
|-heal|p2a: SCP-079|71/100|[from] item: Leftovers
|-damage|p2a: SCP-079|58/100|[from] Leech Seed|[of] p1a: Celebi
|-heal|p1a: Celebi|78/100|[silent]
|upkeep
|turn|33
|
|t:|1729376270
|switch|p1a: Metagross|Metagross|100/100
|move|p2a: SCP-079|Meteor Mash|p1a: Metagross
|-resisted|p1a: Metagross
|-damage|p1a: Metagross|83/100
|
|-weather|Sandstorm|[upkeep]
|-heal|p2a: SCP-079|65/100|[from] item: Leftovers
|-damage|p2a: SCP-079|52/100|[from] Leech Seed|[of] p1a: Metagross
|-heal|p1a: Metagross|95/100|[silent]
|-heal|p1a: Metagross|100/100|[from] item: Leftovers
|upkeep
|turn|34
|
|t:|1729376275
|switch|p2a: SantaFeSwamp|Swampert, M, shiny|100/100
|-damage|p2a: SantaFeSwamp|76/100|[from] Spikes
|move|p1a: Metagross|Meteor Mash|p2a: SantaFeSwamp
|-resisted|p2a: SantaFeSwamp
|-damage|p2a: SantaFeSwamp|43/100
|-boost|p1a: Metagross|atk|1
|
|-weather|Sandstorm|[upkeep]
|upkeep
|turn|35
|
|t:|1729376282
|move|p2a: SantaFeSwamp|Endeavor|p1a: Metagross
|-damage|p1a: Metagross|40/100
|move|p1a: Metagross|Earthquake|p2a: SantaFeSwamp
|-damage|p2a: SantaFeSwamp|0 fnt
|faint|p2a: SantaFeSwamp
|
|t:|1729376285
|switch|p2a: Thor|Zapdos|82/100
|
|-weather|Sandstorm|[upkeep]
|-damage|p2a: Thor|75/100|[from] Sandstorm
|-heal|p2a: Thor|82/100|[from] item: Leftovers
|-heal|p1a: Metagross|46/100|[from] item: Leftovers
|upkeep
|turn|36
|
|t:|1729376302
|move|p1a: Metagross|Protect|p1a: Metagross
|-singleturn|p1a: Metagross|Protect
|move|p2a: Thor|Substitute|p2a: Thor
|-start|p2a: Thor|Substitute
|-damage|p2a: Thor|57/100
|
|-weather|Sandstorm|[upkeep]
|-damage|p2a: Thor|50/100|[from] Sandstorm
|-heal|p2a: Thor|57/100|[from] item: Leftovers
|-heal|p1a: Metagross|52/100|[from] item: Leftovers
|upkeep
|turn|37
|
|t:|1729376312
|switch|p1a: Blissey|Blissey, F, shiny|51/100
|move|p2a: Thor|Thunderbolt|p1a: Blissey
|-crit|p1a: Blissey
|-damage|p1a: Blissey|14/100
|
|-weather|Sandstorm|[upkeep]
|-damage|p2a: Thor|50/100|[from] Sandstorm
|-damage|p1a: Blissey|8/100|[from] Sandstorm
|-heal|p2a: Thor|57/100|[from] item: Leftovers
|-heal|p1a: Blissey|14/100|[from] item: Leftovers
|upkeep
|turn|38
|
|t:|1729376332
|move|p2a: Thor|Thunderbolt|p1a: Blissey
|-damage|p1a: Blissey|0 fnt
|faint|p1a: Blissey
|inactive|Ghostfall22 has 270 seconds left.
|
|t:|1729376346
|switch|p1a: Celebi|Celebi|78/100
|
|-weather|Sandstorm|[upkeep]
|-damage|p2a: Thor|50/100|[from] Sandstorm
|-damage|p1a: Celebi|72/100|[from] Sandstorm
|-heal|p2a: Thor|57/100|[from] item: Leftovers
|-heal|p1a: Celebi|78/100|[from] item: Leftovers
|upkeep
|turn|39
|
|t:|1729376352
|move|p2a: Thor|Baton Pass|p2a: Thor
|
|t:|1729376354
|switch|p2a: SCP-079|Metagross|52/100|[from] Baton Pass
|-damage|p2a: SCP-079|27/100|[from] Spikes
|move|p1a: Celebi|Psychic|p2a: SCP-079
|-resisted|p2a: SCP-079
|-activate|p2a: SCP-079|Substitute|[damage]
|
|-weather|Sandstorm|[upkeep]
|-damage|p1a: Celebi|72/100|[from] Sandstorm
|-heal|p1a: Celebi|78/100|[from] item: Leftovers
|-heal|p2a: SCP-079|33/100|[from] item: Leftovers
|upkeep
|turn|40
|
|t:|1729376360
|switch|p1a: Skarmory|Skarmory, F, shiny|72/100
|move|p2a: SCP-079|Meteor Mash|p1a: Skarmory
|-resisted|p1a: Skarmory
|-damage|p1a: Skarmory|52/100
|
|-weather|Sandstorm|[upkeep]
|-heal|p2a: SCP-079|39/100|[from] item: Leftovers
|-heal|p1a: Skarmory|58/100|[from] item: Leftovers
|upkeep
|turn|41
|
|t:|1729376365
|move|p2a: SCP-079|Meteor Mash|p1a: Skarmory
|-resisted|p1a: Skarmory
|-damage|p1a: Skarmory|36/100
|move|p1a: Skarmory|Whirlwind|p2a: SCP-079
|drag|p2a: Thor|Zapdos|57/100
|
|-weather|Sandstorm|[upkeep]
|-damage|p2a: Thor|50/100|[from] Sandstorm
|-heal|p2a: Thor|57/100|[from] item: Leftovers
|-heal|p1a: Skarmory|42/100|[from] item: Leftovers
|upkeep
|turn|42
|
|t:|1729376372
|switch|p1a: Celebi|Celebi|78/100
|move|p2a: Thor|Thunderbolt|p1a: Celebi
|-resisted|p1a: Celebi
|-damage|p1a: Celebi|59/100
|
|-weather|Sandstorm|[upkeep]
|-damage|p2a: Thor|50/100|[from] Sandstorm
|-damage|p1a: Celebi|53/100|[from] Sandstorm
|-heal|p2a: Thor|57/100|[from] item: Leftovers
|-heal|p1a: Celebi|59/100|[from] item: Leftovers
|upkeep
|turn|43
|
|t:|1729376378
|move|p2a: Thor|Thunderbolt|p1a: Celebi
|-resisted|p1a: Celebi
|-damage|p1a: Celebi|41/100
|move|p1a: Celebi|Recover|p1a: Celebi
|-heal|p1a: Celebi|91/100
|
|-weather|Sandstorm|[upkeep]
|-damage|p2a: Thor|50/100|[from] Sandstorm
|-damage|p1a: Celebi|85/100|[from] Sandstorm
|-heal|p2a: Thor|57/100|[from] item: Leftovers
|-heal|p1a: Celebi|91/100|[from] item: Leftovers
|upkeep
|turn|44
|
|t:|1729376390
|move|p2a: Thor|Substitute|p2a: Thor
|-start|p2a: Thor|Substitute
|-damage|p2a: Thor|32/100
|move|p1a: Celebi|Psychic|p2a: Thor
|-end|p2a: Thor|Substitute
|
|-weather|Sandstorm|[upkeep]
|-damage|p2a: Thor|25/100|[from] Sandstorm
|-damage|p1a: Celebi|85/100|[from] Sandstorm
|-heal|p2a: Thor|32/100|[from] item: Leftovers
|-heal|p1a: Celebi|91/100|[from] item: Leftovers
|upkeep
|turn|45
|c|☆DarthTyros|gg
|-message|DarthTyros forfeited.
|
|win|Ghostfall22
|c|☆Ghostfall22|ggs
|c|☆DarthTyros|would have not liked tpfull para 
|c|☆DarthTyros|3 times in a row
|c|☆Ghostfall22|yeah that was really bad luck

</script>
<script type="application/json" class="data" id="replaydata-smogtours-gen3ou-800153">
{"id":"smogtours-gen3ou-800153","format":"[Gen 3] OU","players":["Ghostfall22","DarthTyros"],"uploadtime":1729376398,"views":118,"formatid":"gen3ou","rating":null,"private":0,"password":null}
</script>

<script defer src="js/replays.js?9d40a366"></script>
