<!DOCTYPE html>
<meta charset="utf-8" />
<meta name="viewport" content="width=device-width" />

<title>[Gen 3] OU: Forblaze On Em vs. chiefbeef1234 - Replays - Pok&eacute;mon Showdown!</title>

<meta name="description" content="Watch a replay of a Pok&eacute;mon battle between Forblaze On Em and chiefbeef1234! Format: [Gen 3] OU; Date: Oct 13, 2024" />
<!--

Hey, you! Looking in the source for the replay log?

You can find them in JSON format, just add `.json` at the end of a replay URL.

https://replay.pokemonshowdown.com/gen7randomdoublesbattle-865046831.json

Or, if you only need the log itself, add `.log` instead:

https://replay.pokemonshowdown.com/gen7randomdoublesbattle-865046831.log

-->

<link rel="stylesheet" href="//pokemonshowdown.com/style/global.css?0.767286132409787" />
<link rel="stylesheet" href="//play.pokemonshowdown.com/style/font-awesome.css?0.9266228007934947" />
<link rel="stylesheet" href="//play.pokemonshowdown.com/style/battle.css?0.7924700842790926" />
<link rel="stylesheet" href="//play.pokemonshowdown.com/style/utilichart.css?0.8777417872839479" />

<!-- Global site tag (gtag.js) - Google Analytics -->
<script async src="https://www.googletagmanager.com/gtag/js?id=UA-26211653-1"></script>
<script>
  window.dataLayer = window.dataLayer || [];
  function gtag(){dataLayer.push(arguments);}
  gtag('js', new Date());

  gtag('config', 'UA-26211653-1');
</script>
<!-- End Google Analytics -->
<!-- Venatus Ad Manager - Install in <HEAD> of page -->
	<script src="https://hb.vntsm.com/v3/live/ad-manager.min.js" type="text/javascript" data-site-id="642aba63ec9a7b11c3c9c1be" data-mode="scan" async></script>
<!-- / Venatus Ad Manager -->

<style>
	@media (max-width:820px) {
		.battle {
			margin: 0 auto;
		}
		.battle-log {
			margin: 7px auto 0;
			max-width: 640px;
			height: 300px;
			position: static;
		}
	}
	.optgroup {
		display: inline-block;
		line-height: 22px;
		font-size: 10pt;
	}
	.optgroup .button {
		height: 25px;
		padding-top: 0;
		padding-bottom: 0;
	}
	.optgroup button.button {
		padding-left: 12px;
		padding-right: 12px;
	}
	.linklist {
		list-style: none;
		margin: 0.5em 0;
		padding: 0;
	}
	.linklist li {
		padding: 2px 0;
	}
	.sidebar {
		float: left;
		width: 320px;
	}
	.bar-wrapper {
		max-width: 1100px;
		margin: 0 auto;
	}
	.bar-wrapper.has-sidebar {
		max-width: 1430px;
	}
	.mainbar {
		margin: 0;
		padding-right: 1px;
	}
	.mainbar.has-sidebar {
		margin-left: 330px;
	}
	@media (min-width: 1511px) {
		.sidebar {
			width: 400px;
		}
		.bar-wrapper.has-sidebar {
			max-width: 1510px;
		}
		.mainbar.has-sidebar {
			margin-left: 410px;
		}
	}
	.section.first-section {
		margin-top: 9px;
	}
	.blocklink small {
		white-space: normal;
	}
	.button {
		vertical-align: middle;
	}
	.replay-controls {
		padding-top: 10px;
	}
	.replay-controls h1 {
		font-size: 16pt;
		font-weight: normal;
		color: #CCC;
	}
	.pagelink {
		text-align: center;
	}
	.pagelink a {
		width: 150px;
	}
	.textbox, .button {
		font-size: 11pt;
		vertical-align: middle;
	}
	@media (max-width: 450px) {
		.button {
			font-size: 9pt;
		}
	}
</style>

<div>

	<header>
		<div class="nav-wrapper"><ul class="nav">
			<li><a class="button nav-first" href="//pokemonshowdown.com/"><img src="//pokemonshowdown.com/images/pokemonshowdownbeta.png" srcset="//pokemonshowdown.com/images/pokemonshowdownbeta.png 1x, //pokemonshowdown.com/images/pokemonshowdownbeta@2x.png 2x" alt="Pok&eacute;mon Showdown" width="146" height="44" /> Home</a></li>
			<li><a class="button" href="//pokemonshowdown.com/dex/">Pok&eacute;dex</a></li>
			<li><a class="button cur" href="/">Replays</a></li>
			<li><a class="button" href="//pokemonshowdown.com/ladder/">Ladder</a></li>
			<li><a class="button nav-last" href="//pokemonshowdown.com/forums/">Forum</a></li>
			<li><a class="button greenbutton nav-first nav-last" href="//play.pokemonshowdown.com/">Play</a></li>
		</ul></div>
	</header>

	<div class="main" id="main">

		<noscript><section class="section">You need to enable JavaScript to use this page; sorry!</section></noscript>

	</div>

</div>

<script defer nomodule src="//play.pokemonshowdown.com/js/lib/ps-polyfill.js"></script>
<script defer src="//play.pokemonshowdown.com/js/lib/preact.min.js"></script>

<script defer src="//play.pokemonshowdown.com/config/config.js?6dec07f6"></script>
<script defer src="//play.pokemonshowdown.com/js/lib/jquery-1.11.0.min.js"></script>
<script defer src="//play.pokemonshowdown.com/js/lib/html-sanitizer-minified.js"></script>
<script defer src="//play.pokemonshowdown.com/js/battle-sound.js"></script>
<script defer src="//play.pokemonshowdown.com/js/battledata.js?0.6315294753075389"></script>
<script defer src="//play.pokemonshowdown.com/data/pokedex-mini.js?0.7603743185311358"></script>
<script defer src="//play.pokemonshowdown.com/data/pokedex-mini-bw.js?0.030888842834281283"></script>
<script defer src="//play.pokemonshowdown.com/data/graphics.js?0.05593094747507488"></script>
<script defer src="//play.pokemonshowdown.com/data/pokedex.js?0.47064822249611904"></script>
<script defer src="//play.pokemonshowdown.com/data/moves.js?0.8583693120512459"></script>
<script defer src="//play.pokemonshowdown.com/data/abilities.js?0.16017181182386842"></script>
<script defer src="//play.pokemonshowdown.com/data/items.js?0.4163379185673943"></script>
<script defer src="//play.pokemonshowdown.com/data/teambuilder-tables.js?0.31075597372830477"></script>
<script defer src="//play.pokemonshowdown.com/js/battle-tooltips.js?0.6536193500708172"></script>
<script defer src="//play.pokemonshowdown.com/js/battle.js?0.1916591943277901"></script>

<script defer src="js/utils.js?e31f9a17"></script>
<script defer src="js/replays-battle.js?7008c182"></script>

<!-- don't scrape this data! just add .json or .log after the URL!
Full API docs: https://github.com/smogon/pokemon-showdown-client/blob/master/WEB-API.md -->
<script type="text/plain" class="log" id="replaylog-smogtours-gen3ou-798064">
|inactive|Battle timer is ON: inactive players will automatically lose when time's up.
|t:|1728832085
|gametype|singles
|player|p1|Forblaze On Em|2|
|player|p2|chiefbeef1234|erika-gen1rb|
|teamsize|p1|6
|teamsize|p2|6
|gen|3
|tier|[Gen 3] OU
|rule|Sleep Clause Mod: Limit one foe put to sleep
|rule|Switch Priority Clause Mod: Faster Pokémon switch first
|rule|Species Clause: Limit one of each Pokémon
|rule|OHKO Clause: OHKO moves are banned
|rule|Evasion Items Clause: Evasion items are banned
|rule|Evasion Moves Clause: Evasion moves are banned
|rule|Endless Battle Clause: Forcing endless battles is banned
|rule|HP Percentage Mod: HP is shown in percentages
|rule|One Boost Passer Clause: Limit one Baton Passer that has a way to boost its stats
|rule|Freeze Clause Mod: Limit one foe frozen
|
|t:|1728832085
|start
|switch|p1a: Zapdos|Zapdos|100/100
|switch|p2a: Ninjask|Ninjask, M|100/100
|turn|1
|
|t:|1728832098
|move|p2a: Ninjask|Substitute|p2a: Ninjask
|-start|p2a: Ninjask|Substitute
|-damage|p2a: Ninjask|76/100
|move|p1a: Zapdos|Thunderbolt|p2a: Ninjask
|-supereffective|p2a: Ninjask
|-end|p2a: Ninjask|Substitute
|
|-ability|p2a: Ninjask|Speed Boost|boost
|-boost|p2a: Ninjask|spe|1
|-heal|p2a: Ninjask|82/100|[from] item: Leftovers
|upkeep
|turn|2
|
|t:|1728832104
|move|p2a: Ninjask|Substitute|p2a: Ninjask
|-start|p2a: Ninjask|Substitute
|-damage|p2a: Ninjask|57/100
|move|p1a: Zapdos|Hidden Power|p2a: Ninjask
|-supereffective|p2a: Ninjask
|-end|p2a: Ninjask|Substitute
|
|-ability|p2a: Ninjask|Speed Boost|boost
|-boost|p2a: Ninjask|spe|1
|-heal|p2a: Ninjask|63/100|[from] item: Leftovers
|upkeep
|turn|3
|
|t:|1728832112
|move|p2a: Ninjask|Substitute|p2a: Ninjask
|-start|p2a: Ninjask|Substitute
|-damage|p2a: Ninjask|38/100
|move|p1a: Zapdos|Hidden Power|p2a: Ninjask
|-supereffective|p2a: Ninjask
|-end|p2a: Ninjask|Substitute
|
|-ability|p2a: Ninjask|Speed Boost|boost
|-boost|p2a: Ninjask|spe|1
|-heal|p2a: Ninjask|44/100|[from] item: Leftovers
|upkeep
|turn|4
|
|t:|1728832116
|move|p2a: Ninjask|Baton Pass|p2a: Ninjask
|
|t:|1728832118
|switch|p2a: Rhydon|Rhydon, M|100/100|[from] Baton Pass
|move|p1a: Zapdos|Hidden Power|p2a: Rhydon
|-supereffective|p2a: Rhydon
|-damage|p2a: Rhydon|28/100
|
|-heal|p2a: Rhydon|34/100|[from] item: Leftovers
|upkeep
|turn|5
|
|t:|1728832128
|move|p2a: Rhydon|Rock Blast|p1a: Zapdos
|-supereffective|p1a: Zapdos
|-damage|p1a: Zapdos|71/100
|-supereffective|p1a: Zapdos
|-damage|p1a: Zapdos|44/100
|-hitcount|p1a: Zapdos|2
|move|p1a: Zapdos|Hidden Power|p2a: Rhydon
|-supereffective|p2a: Rhydon
|-damage|p2a: Rhydon|0 fnt
|faint|p2a: Rhydon
|
|t:|1728832145
|switch|p2a: Magneton|Magneton|100/100
|
|-heal|p1a: Zapdos|50/100|[from] item: Leftovers
|upkeep
|turn|6
|
|t:|1728832152
|move|p1a: Zapdos|Baton Pass|p1a: Zapdos
|
|t:|1728832153
|switch|p1a: Dugtrio|Dugtrio, F|100/100|[from] Baton Pass
|move|p2a: Magneton|Thunderbolt|p1a: Dugtrio
|-immune|p1a: Dugtrio
|
|upkeep
|turn|7
|
|t:|1728832157
|move|p1a: Dugtrio|Earthquake|p2a: Magneton
|-supereffective|p2a: Magneton
|-damage|p2a: Magneton|0 fnt
|faint|p2a: Magneton
|
|t:|1728832159
|switch|p2a: Ninjask|Ninjask, M|44/100
|
|-heal|p2a: Ninjask|50/100|[from] item: Leftovers
|upkeep
|turn|8
|
|t:|1728832166
|switch|p1a: Metagross|Metagross|100/100
|move|p2a: Ninjask|Substitute|p2a: Ninjask
|-start|p2a: Ninjask|Substitute
|-damage|p2a: Ninjask|26/100
|
|-ability|p2a: Ninjask|Speed Boost|boost
|-boost|p2a: Ninjask|spe|1
|-heal|p2a: Ninjask|32/100|[from] item: Leftovers
|upkeep
|turn|9
|
|t:|1728832173
|move|p2a: Ninjask|Baton Pass|p2a: Ninjask
|
|t:|1728832174
|switch|p2a: Suicune|Suicune|100/100|[from] Baton Pass
|move|p1a: Metagross|Hidden Power|p2a: Suicune
|-resisted|p2a: Suicune
|-activate|p2a: Suicune|Substitute|[damage]
|
|upkeep
|turn|10
|
|t:|1728832180
|move|p2a: Suicune|Calm Mind|p2a: Suicune
|-boost|p2a: Suicune|spa|1
|-boost|p2a: Suicune|spd|1
|move|p1a: Metagross|Explosion|p2a: Suicune
|-end|p2a: Suicune|Substitute
|faint|p1a: Metagross
|
|t:|1728832185
|switch|p1a: Zapdos|Zapdos|50/100
|
|-heal|p1a: Zapdos|56/100|[from] item: Leftovers
|upkeep
|turn|11
|
|t:|1728832189
|move|p2a: Suicune|Ice Beam|p1a: Zapdos
|-supereffective|p1a: Zapdos
|-damage|p1a: Zapdos|0 fnt
|faint|p1a: Zapdos
|
|t:|1728832197
|switch|p1a: Suicune|Suicune|100/100
|
|upkeep
|turn|12
|
|t:|1728832206
|switch|p2a: Gengar|Gengar, M|100/100
|move|p1a: Suicune|Toxic|p2a: Gengar
|-immune|p2a: Gengar
|
|upkeep
|turn|13
|
|t:|1728832213
|move|p2a: Gengar|Mean Look|p1a: Suicune
|-activate|p1a: Suicune|trapped
|move|p1a: Suicune|Calm Mind|p1a: Suicune
|-boost|p1a: Suicune|spa|1
|-boost|p1a: Suicune|spd|1
|
|upkeep
|turn|14
|
|t:|1728832219
|move|p2a: Gengar|Destiny Bond|p2a: Gengar
|-singlemove|p2a: Gengar|Destiny Bond
|move|p1a: Suicune|Hydro Pump|p2a: Gengar|[miss]
|-miss|p1a: Suicune|p2a: Gengar
|
|upkeep
|turn|15
|
|t:|1728832224
|move|p2a: Gengar|Substitute|p2a: Gengar
|-start|p2a: Gengar|Substitute
|-damage|p2a: Gengar|76/100
|move|p1a: Suicune|Ice Beam|p2a: Gengar
|-crit|p2a: Gengar
|-end|p2a: Gengar|Substitute
|
|-heal|p2a: Gengar|82/100|[from] item: Leftovers
|upkeep
|turn|16
|
|t:|1728832226
|move|p2a: Gengar|Destiny Bond|p2a: Gengar
|-singlemove|p2a: Gengar|Destiny Bond
|move|p1a: Suicune|Ice Beam|p2a: Gengar
|-damage|p2a: Gengar|30/100
|
|-heal|p2a: Gengar|36/100|[from] item: Leftovers
|upkeep
|turn|17
|
|t:|1728832239
|move|p2a: Gengar|Substitute|p2a: Gengar
|-start|p2a: Gengar|Substitute
|-damage|p2a: Gengar|11/100
|move|p1a: Suicune|Calm Mind|p1a: Suicune
|-boost|p1a: Suicune|spa|1
|-boost|p1a: Suicune|spd|1
|
|-heal|p2a: Gengar|17/100|[from] item: Leftovers
|upkeep
|turn|18
|
|t:|1728832244
|move|p2a: Gengar|Perish Song|p2a: Gengar
|-start|p1a: Suicune|perish3|[silent]
|-start|p2a: Gengar|perish3|[silent]
|-fieldactivate|move: Perish Song
|move|p1a: Suicune|Ice Beam|p2a: Gengar
|-crit|p2a: Gengar
|-end|p2a: Gengar|Substitute
|
|-heal|p2a: Gengar|23/100|[from] item: Leftovers
|-start|p2a: Gengar|perish3
|-start|p1a: Suicune|perish3
|upkeep
|turn|19
|
|t:|1728832254
|move|p2a: Gengar|Destiny Bond|p2a: Gengar
|-singlemove|p2a: Gengar|Destiny Bond
|move|p1a: Suicune|Ice Beam|p2a: Gengar
|-damage|p2a: Gengar|0 fnt
|faint|p2a: Gengar
|-activate|p2a: Gengar|move: Destiny Bond
|faint|p1a: Suicune
|
|t:|1728832262
|switch|p2a: Breloom|Breloom, F|100/100
|switch|p1a: Raikou|Raikou|100/100
|
|upkeep
|turn|20
|
|t:|1728832266
|switch|p1a: Salamence|Salamence, M|100/100
|-ability|p1a: Salamence|Intimidate|boost
|-unboost|p2a: Breloom|atk|1
|move|p2a: Breloom|Sky Uppercut|p1a: Salamence
|-resisted|p1a: Salamence
|-damage|p1a: Salamence|82/100
|
|-heal|p1a: Salamence|88/100|[from] item: Leftovers
|upkeep
|turn|21
|
|t:|1728832271
|move|p1a: Salamence|Dragon Dance|p1a: Salamence
|-boost|p1a: Salamence|atk|1
|-boost|p1a: Salamence|spe|1
|move|p2a: Breloom|Spore|p1a: Salamence
|-status|p1a: Salamence|slp|[from] move: Spore
|
|-heal|p1a: Salamence|94/100 slp|[from] item: Leftovers
|upkeep
|turn|22
|
|t:|1728832275
|switch|p2a: Suicune|Suicune|100/100
|cant|p1a: Salamence|slp
|
|-heal|p1a: Salamence|99/100 slp|[from] item: Leftovers
|upkeep
|turn|23
|
|t:|1728832285
|cant|p1a: Salamence|slp
|move|p2a: Suicune|Ice Beam|p1a: Salamence
|-supereffective|p1a: Salamence
|-damage|p1a: Salamence|11/100 slp
|
|-heal|p1a: Salamence|17/100 slp|[from] item: Leftovers
|upkeep
|turn|24
|
|t:|1728832290
|-curestatus|p1a: Salamence|slp|[msg]
|move|p1a: Salamence|Hidden Power|p2a: Suicune
|-damage|p2a: Suicune|55/100
|move|p2a: Suicune|Ice Beam|p1a: Salamence
|-supereffective|p1a: Salamence
|-damage|p1a: Salamence|0 fnt
|faint|p1a: Salamence
|
|t:|1728832298
|switch|p1a: Raikou|Raikou|100/100
|
|-heal|p2a: Suicune|61/100|[from] item: Leftovers
|upkeep
|turn|25
|
|t:|1728832302
|switch|p2a: Breloom|Breloom, F|100/100
|move|p1a: Raikou|Substitute|p1a: Raikou
|-start|p1a: Raikou|Substitute
|-damage|p1a: Raikou|76/100
|
|-heal|p1a: Raikou|82/100|[from] item: Leftovers
|upkeep
|turn|26
|
|t:|1728832309
|move|p1a: Raikou|Thunderbolt|p2a: Breloom
|-resisted|p2a: Breloom
|-damage|p2a: Breloom|56/100
|move|p2a: Breloom|Sky Uppercut|p1a: Raikou
|-end|p1a: Raikou|Substitute
|
|-heal|p1a: Raikou|88/100|[from] item: Leftovers
|-heal|p2a: Breloom|63/100|[from] item: Leftovers
|upkeep
|turn|27
|
|t:|1728832316
|move|p1a: Raikou|Thunderbolt|p2a: Breloom
|-resisted|p2a: Breloom
|-damage|p2a: Breloom|22/100
|move|p2a: Breloom|Sky Uppercut|p1a: Raikou
|-damage|p1a: Raikou|24/100
|
|-heal|p1a: Raikou|30/100|[from] item: Leftovers
|-heal|p2a: Breloom|28/100|[from] item: Leftovers
|upkeep
|turn|28
|
|t:|1728832320
|move|p2a: Breloom|Mach Punch|p1a: Raikou
|-damage|p1a: Raikou|4/100
|move|p1a: Raikou|Thunderbolt|p2a: Breloom
|-resisted|p2a: Breloom
|-damage|p2a: Breloom|0 fnt
|faint|p2a: Breloom
|
|t:|1728832323
|switch|p2a: Ninjask|Ninjask, M|32/100
|
|-heal|p2a: Ninjask|38/100|[from] item: Leftovers
|-heal|p1a: Raikou|10/100|[from] item: Leftovers
|upkeep
|turn|29
|
|t:|1728832334
|switch|p1a: Dugtrio|Dugtrio, F|100/100
|move|p2a: Ninjask|Silver Wind|p1a: Dugtrio
|-damage|p1a: Dugtrio|37/100
|
|-ability|p2a: Ninjask|Speed Boost|boost
|-boost|p2a: Ninjask|spe|1
|-heal|p2a: Ninjask|44/100|[from] item: Leftovers
|upkeep
|turn|30
|
|t:|1728832339
|move|p2a: Ninjask|Silver Wind|p1a: Dugtrio
|-damage|p1a: Dugtrio|0 fnt
|faint|p1a: Dugtrio
|
|t:|1728832341
|switch|p1a: Raikou|Raikou|10/100
|
|-ability|p2a: Ninjask|Speed Boost|boost
|-boost|p2a: Ninjask|spe|1
|-heal|p2a: Ninjask|50/100|[from] item: Leftovers
|-heal|p1a: Raikou|17/100|[from] item: Leftovers
|upkeep
|turn|31
|
|t:|1728832342
|move|p2a: Ninjask|Silver Wind|p1a: Raikou
|-damage|p1a: Raikou|0 fnt
|faint|p1a: Raikou
|
|win|chiefbeef1234
|c|☆chiefbeef1234|Ggs
|player|p1|

</script>
<script type="application/json" class="data" id="replaydata-smogtours-gen3ou-798064">
{"id":"smogtours-gen3ou-798064","format":"[Gen 3] OU","players":["Forblaze On Em","chiefbeef1234"],"uploadtime":1728832342,"views":91,"formatid":"gen3ou","rating":null,"private":0,"password":null}
</script>

<script defer src="js/replays.js?9d40a366"></script>
