<!DOCTYPE html>
<meta charset="utf-8" />
<meta name="viewport" content="width=device-width" />

<title>[Gen 3] OU: Incognition vs. Gulchittious Boi - Replays - Pok&eacute;mon Showdown!</title>

<meta name="description" content="Watch a replay of a Pok&eacute;mon battle between Incognition and Gulchittious Boi! Format: [Gen 3] OU; Date: Oct 13, 2024" />
<!--

Hey, you! Looking in the source for the replay log?

You can find them in JSON format, just add `.json` at the end of a replay URL.

https://replay.pokemonshowdown.com/gen7randomdoublesbattle-865046831.json

Or, if you only need the log itself, add `.log` instead:

https://replay.pokemonshowdown.com/gen7randomdoublesbattle-865046831.log

-->

<link rel="stylesheet" href="//pokemonshowdown.com/style/global.css?0.023195364461161105" />
<link rel="stylesheet" href="//play.pokemonshowdown.com/style/font-awesome.css?0.13261647063804238" />
<link rel="stylesheet" href="//play.pokemonshowdown.com/style/battle.css?0.8753245789963631" />
<link rel="stylesheet" href="//play.pokemonshowdown.com/style/utilichart.css?0.8627959624976733" />

<!-- Global site tag (gtag.js) - Google Analytics -->
<script async src="https://www.googletagmanager.com/gtag/js?id=UA-26211653-1"></script>
<script>
  window.dataLayer = window.dataLayer || [];
  function gtag(){dataLayer.push(arguments);}
  gtag('js', new Date());

  gtag('config', 'UA-26211653-1');
</script>
<!-- End Google Analytics -->
<!-- Venatus Ad Manager - Install in <HEAD> of page -->
	<script src="https://hb.vntsm.com/v3/live/ad-manager.min.js" type="text/javascript" data-site-id="642aba63ec9a7b11c3c9c1be" data-mode="scan" async></script>
<!-- / Venatus Ad Manager -->

<style>
	@media (max-width:820px) {
		.battle {
			margin: 0 auto;
		}
		.battle-log {
			margin: 7px auto 0;
			max-width: 640px;
			height: 300px;
			position: static;
		}
	}
	.optgroup {
		display: inline-block;
		line-height: 22px;
		font-size: 10pt;
	}
	.optgroup .button {
		height: 25px;
		padding-top: 0;
		padding-bottom: 0;
	}
	.optgroup button.button {
		padding-left: 12px;
		padding-right: 12px;
	}
	.linklist {
		list-style: none;
		margin: 0.5em 0;
		padding: 0;
	}
	.linklist li {
		padding: 2px 0;
	}
	.sidebar {
		float: left;
		width: 320px;
	}
	.bar-wrapper {
		max-width: 1100px;
		margin: 0 auto;
	}
	.bar-wrapper.has-sidebar {
		max-width: 1430px;
	}
	.mainbar {
		margin: 0;
		padding-right: 1px;
	}
	.mainbar.has-sidebar {
		margin-left: 330px;
	}
	@media (min-width: 1511px) {
		.sidebar {
			width: 400px;
		}
		.bar-wrapper.has-sidebar {
			max-width: 1510px;
		}
		.mainbar.has-sidebar {
			margin-left: 410px;
		}
	}
	.section.first-section {
		margin-top: 9px;
	}
	.blocklink small {
		white-space: normal;
	}
	.button {
		vertical-align: middle;
	}
	.replay-controls {
		padding-top: 10px;
	}
	.replay-controls h1 {
		font-size: 16pt;
		font-weight: normal;
		color: #CCC;
	}
	.pagelink {
		text-align: center;
	}
	.pagelink a {
		width: 150px;
	}
	.textbox, .button {
		font-size: 11pt;
		vertical-align: middle;
	}
	@media (max-width: 450px) {
		.button {
			font-size: 9pt;
		}
	}
</style>

<div>

	<header>
		<div class="nav-wrapper"><ul class="nav">
			<li><a class="button nav-first" href="//pokemonshowdown.com/"><img src="//pokemonshowdown.com/images/pokemonshowdownbeta.png" srcset="//pokemonshowdown.com/images/pokemonshowdownbeta.png 1x, //pokemonshowdown.com/images/pokemonshowdownbeta@2x.png 2x" alt="Pok&eacute;mon Showdown" width="146" height="44" /> Home</a></li>
			<li><a class="button" href="//pokemonshowdown.com/dex/">Pok&eacute;dex</a></li>
			<li><a class="button cur" href="/">Replays</a></li>
			<li><a class="button" href="//pokemonshowdown.com/ladder/">Ladder</a></li>
			<li><a class="button nav-last" href="//pokemonshowdown.com/forums/">Forum</a></li>
			<li><a class="button greenbutton nav-first nav-last" href="//play.pokemonshowdown.com/">Play</a></li>
		</ul></div>
	</header>

	<div class="main" id="main">

		<noscript><section class="section">You need to enable JavaScript to use this page; sorry!</section></noscript>

	</div>

</div>

<script defer nomodule src="//play.pokemonshowdown.com/js/lib/ps-polyfill.js"></script>
<script defer src="//play.pokemonshowdown.com/js/lib/preact.min.js"></script>

<script defer src="//play.pokemonshowdown.com/config/config.js?2bddbc15"></script>
<script defer src="//play.pokemonshowdown.com/js/lib/jquery-1.11.0.min.js"></script>
<script defer src="//play.pokemonshowdown.com/js/lib/html-sanitizer-minified.js"></script>
<script defer src="//play.pokemonshowdown.com/js/battle-sound.js"></script>
<script defer src="//play.pokemonshowdown.com/js/battledata.js?0.7209276989879541"></script>
<script defer src="//play.pokemonshowdown.com/data/pokedex-mini.js?0.6111056340867951"></script>
<script defer src="//play.pokemonshowdown.com/data/pokedex-mini-bw.js?0.3532142036491459"></script>
<script defer src="//play.pokemonshowdown.com/data/graphics.js?0.24223875632456182"></script>
<script defer src="//play.pokemonshowdown.com/data/pokedex.js?0.38839984266356864"></script>
<script defer src="//play.pokemonshowdown.com/data/moves.js?0.21866028504024015"></script>
<script defer src="//play.pokemonshowdown.com/data/abilities.js?0.2005157953846628"></script>
<script defer src="//play.pokemonshowdown.com/data/items.js?0.9894211263848525"></script>
<script defer src="//play.pokemonshowdown.com/data/teambuilder-tables.js?0.6008791140282215"></script>
<script defer src="//play.pokemonshowdown.com/js/battle-tooltips.js?0.7580118955022959"></script>
<script defer src="//play.pokemonshowdown.com/js/battle.js?0.6057722274234274"></script>

<script defer src="js/utils.js?e31f9a17"></script>
<script defer src="js/replays-battle.js?7008c182"></script>

<!-- don't scrape this data! just add .json or .log after the URL!
Full API docs: https://github.com/smogon/pokemon-showdown-client/blob/master/WEB-API.md -->
<script type="text/plain" class="log" id="replaylog-smogtours-gen3ou-798165">
|inactive|Battle timer is ON: inactive players will automatically lose when time's up.
|t:|1728839092
|gametype|singles
|player|p1|Incognition|265|
|player|p2|Gulchittious Boi|266|
|teamsize|p1|6
|teamsize|p2|6
|gen|3
|tier|[Gen 3] OU
|rule|Sleep Clause Mod: Limit one foe put to sleep
|rule|Switch Priority Clause Mod: Faster Pokémon switch first
|rule|Species Clause: Limit one of each Pokémon
|rule|OHKO Clause: OHKO moves are banned
|rule|Evasion Items Clause: Evasion items are banned
|rule|Evasion Moves Clause: Evasion moves are banned
|rule|Endless Battle Clause: Forcing endless battles is banned
|rule|HP Percentage Mod: HP is shown in percentages
|rule|One Boost Passer Clause: Limit one Baton Passer that has a way to boost its stats
|rule|Freeze Clause Mod: Limit one foe frozen
|
|t:|1728839092
|start
|switch|p1a: Tyranitar|Tyranitar, M|100/100
|switch|p2a: Zapdos|Zapdos|100/100
|-weather|Sandstorm|[from] ability: Sand Stream|[of] p1a: Tyranitar
|turn|1
|c|☆Incognition|hf
|
|t:|1728839122
|switch|p2a: Swampert|Swampert, M|100/100
|move|p1a: Tyranitar|Ice Beam|p2a: Swampert
|-damage|p2a: Swampert|75/100
|-status|p2a: Swampert|frz
|
|-weather|Sandstorm|[upkeep]
|-heal|p2a: Swampert|81/100 frz|[from] item: Leftovers
|upkeep
|turn|2
|c|☆Incognition|mb
|
|t:|1728839132
|switch|p2a: Celebi|Celebi|100/100
|move|p1a: Tyranitar|Hidden Power|p2a: Celebi
|-resisted|p2a: Celebi
|-damage|p2a: Celebi|94/100
|
|-weather|Sandstorm|[upkeep]
|-damage|p2a: Celebi|87/100|[from] Sandstorm
|-heal|p2a: Celebi|94/100|[from] item: Leftovers
|upkeep
|turn|3
|
|t:|1728839150
|switch|p1a: Skarmory|Skarmory, F|100/100
|move|p2a: Celebi|Leech Seed|p1a: Skarmory
|-start|p1a: Skarmory|move: Leech Seed
|
|-weather|Sandstorm|[upkeep]
|-damage|p2a: Celebi|87/100|[from] Sandstorm
|-heal|p2a: Celebi|94/100|[from] item: Leftovers
|-damage|p1a: Skarmory|88/100|[from] Leech Seed|[of] p2a: Celebi
|-heal|p2a: Celebi|100/100|[silent]
|upkeep
|turn|4
|
|t:|1728839160
|move|p2a: Celebi|Baton Pass|p2a: Celebi
|
|t:|1728839162
|switch|p2a: Starmie|Starmie|100/100|[from] Baton Pass
|move|p1a: Skarmory|Spikes|p2a: Starmie
|-sidestart|p2: Gulchittious Boi|Spikes
|
|-weather|Sandstorm|[upkeep]
|-damage|p2a: Starmie|94/100|[from] Sandstorm
|-heal|p2a: Starmie|100/100|[from] item: Leftovers
|-heal|p1a: Skarmory|94/100|[from] item: Leftovers
|-damage|p1a: Skarmory|82/100|[from] Leech Seed|[of] p2a: Starmie
|upkeep
|turn|5
|
|t:|1728839182
|move|p2a: Starmie|Hydro Pump|p1a: Skarmory
|-damage|p1a: Skarmory|34/100
|move|p1a: Skarmory|Roar|p2a: Starmie
|drag|p2a: Celebi|Celebi|100/100
|-damage|p2a: Celebi|88/100|[from] Spikes
|
|-weather|Sandstorm|[upkeep]
|-damage|p2a: Celebi|82/100|[from] Sandstorm
|-heal|p2a: Celebi|88/100|[from] item: Leftovers
|-heal|p1a: Skarmory|40/100|[from] item: Leftovers
|-damage|p1a: Skarmory|27/100|[from] Leech Seed|[of] p2a: Celebi
|-heal|p2a: Celebi|98/100|[silent]
|upkeep
|turn|6
|
|t:|1728839197
|move|p2a: Celebi|Leech Seed||[still]
|-fail|p2a: Celebi
|move|p1a: Skarmory|Spikes|p2a: Celebi
|-sidestart|p2: Gulchittious Boi|Spikes
|
|-weather|Sandstorm|[upkeep]
|-damage|p2a: Celebi|92/100|[from] Sandstorm
|-heal|p2a: Celebi|98/100|[from] item: Leftovers
|-heal|p1a: Skarmory|33/100|[from] item: Leftovers
|-damage|p1a: Skarmory|21/100|[from] Leech Seed|[of] p2a: Celebi
|-heal|p2a: Celebi|100/100|[silent]
|upkeep
|turn|7
|
|t:|1728839207
|move|p2a: Celebi|Baton Pass|p2a: Celebi
|
|t:|1728839209
|switch|p2a: Starmie|Starmie|100/100|[from] Baton Pass
|-damage|p2a: Starmie|84/100|[from] Spikes
|move|p1a: Skarmory|Roar|p2a: Starmie
|drag|p2a: Zapdos|Zapdos|100/100
|
|-weather|Sandstorm|[upkeep]
|-damage|p2a: Zapdos|94/100|[from] Sandstorm
|-heal|p2a: Zapdos|100/100|[from] item: Leftovers
|-heal|p1a: Skarmory|27/100|[from] item: Leftovers
|-damage|p1a: Skarmory|15/100|[from] Leech Seed|[of] p2a: Zapdos
|upkeep
|turn|8
|
|t:|1728839222
|move|p2a: Zapdos|Substitute|p2a: Zapdos
|-start|p2a: Zapdos|Substitute
|-damage|p2a: Zapdos|76/100
|move|p1a: Skarmory|Toxic||[still]
|-fail|p1a: Skarmory
|
|-weather|Sandstorm|[upkeep]
|-damage|p2a: Zapdos|69/100|[from] Sandstorm
|-heal|p2a: Zapdos|76/100|[from] item: Leftovers
|-heal|p1a: Skarmory|21/100|[from] item: Leftovers
|-damage|p1a: Skarmory|9/100|[from] Leech Seed|[of] p2a: Zapdos
|-heal|p2a: Zapdos|88/100|[silent]
|upkeep
|turn|9
|
|t:|1728839233
|move|p2a: Zapdos|Thunderbolt|p1a: Skarmory
|-supereffective|p1a: Skarmory
|-damage|p1a: Skarmory|0 fnt
|faint|p1a: Skarmory
|
|t:|1728839240
|switch|p1a: Tyranitar|Tyranitar, M|100/100
|
|-weather|Sandstorm|[upkeep]
|-damage|p2a: Zapdos|82/100|[from] Sandstorm
|-heal|p2a: Zapdos|88/100|[from] item: Leftovers
|upkeep
|turn|10
|
|t:|1728839253
|move|p2a: Zapdos|Baton Pass|p2a: Zapdos
|
|t:|1728839258
|switch|p2a: Starmie|Starmie|84/100|[from] Baton Pass
|-damage|p2a: Starmie|68/100|[from] Spikes
|move|p1a: Tyranitar|Ice Beam|p2a: Starmie
|-resisted|p2a: Starmie
|-activate|p2a: Starmie|Substitute|[damage]
|
|-weather|Sandstorm|[upkeep]
|-damage|p2a: Starmie|62/100|[from] Sandstorm
|-heal|p2a: Starmie|68/100|[from] item: Leftovers
|upkeep
|turn|11
|
|t:|1728839270
|move|p2a: Starmie|Hydro Pump|p1a: Tyranitar
|-supereffective|p1a: Tyranitar
|-damage|p1a: Tyranitar|0 fnt
|faint|p1a: Tyranitar
|
|t:|1728839277
|switch|p1a: Gengar|Gengar, F|100/100
|
|-weather|Sandstorm|[upkeep]
|-damage|p2a: Starmie|62/100|[from] Sandstorm
|-damage|p1a: Gengar|95/100|[from] Sandstorm
|-heal|p2a: Starmie|68/100|[from] item: Leftovers
|-heal|p1a: Gengar|100/100|[from] item: Leftovers
|upkeep
|turn|12
|
|t:|1728839285
|move|p2a: Starmie|Hydro Pump|p1a: Gengar
|-damage|p1a: Gengar|36/100
|move|p1a: Gengar|Giga Drain|p2a: Starmie
|-supereffective|p2a: Starmie
|-crit|p2a: Starmie
|-end|p2a: Starmie|Substitute
|-heal|p1a: Gengar|40/100|[from] drain|[of] p2a: Starmie
|
|-weather|Sandstorm|[upkeep]
|-damage|p2a: Starmie|62/100|[from] Sandstorm
|-damage|p1a: Gengar|34/100|[from] Sandstorm
|-heal|p2a: Starmie|68/100|[from] item: Leftovers
|-heal|p1a: Gengar|40/100|[from] item: Leftovers
|upkeep
|turn|13
|
|t:|1728839299
|switch|p1a: Celebi|Celebi|100/100
|move|p2a: Starmie|Hydro Pump|p1a: Celebi
|-resisted|p1a: Celebi
|-damage|p1a: Celebi|82/100
|
|-weather|Sandstorm|[upkeep]
|-damage|p2a: Starmie|62/100|[from] Sandstorm
|-damage|p1a: Celebi|75/100|[from] Sandstorm
|-heal|p2a: Starmie|68/100|[from] item: Leftovers
|-heal|p1a: Celebi|82/100|[from] item: Leftovers
|upkeep
|turn|14
|
|t:|1728839310
|move|p2a: Starmie|Rapid Spin|p1a: Celebi
|-damage|p1a: Celebi|79/100
|-sideend|p2: Gulchittious Boi|Spikes|[from] move: Rapid Spin|[of] p2a: Starmie
|move|p1a: Celebi|Giga Drain|p2a: Starmie
|-supereffective|p2a: Starmie
|-crit|p2a: Starmie
|-damage|p2a: Starmie|0 fnt
|-heal|p1a: Celebi|100/100|[from] drain|[of] p2a: Starmie
|faint|p2a: Starmie
|
|t:|1728839324
|switch|p2a: Tyranitar|Tyranitar, F|100/100
|
|-weather|Sandstorm|[upkeep]
|-damage|p1a: Celebi|94/100|[from] Sandstorm
|-heal|p1a: Celebi|100/100|[from] item: Leftovers
|upkeep
|turn|15
|
|t:|1728839342
|switch|p1a: Swampert|Swampert, M|100/100
|move|p2a: Tyranitar|Hidden Power|p1a: Swampert
|-damage|p1a: Swampert|79/100
|
|-weather|Sandstorm|[upkeep]
|-heal|p1a: Swampert|85/100|[from] item: Leftovers
|upkeep
|turn|16
|
|t:|1728839350
|switch|p2a: Celebi|Celebi|100/100
|move|p1a: Swampert|Hydro Pump|p2a: Celebi
|-resisted|p2a: Celebi
|-damage|p2a: Celebi|87/100
|
|-weather|Sandstorm|[upkeep]
|-damage|p2a: Celebi|81/100|[from] Sandstorm
|-heal|p2a: Celebi|87/100|[from] item: Leftovers
|-heal|p1a: Swampert|92/100|[from] item: Leftovers
|upkeep
|turn|17
|
|t:|1728839360
|switch|p1a: Celebi|Celebi|100/100
|move|p2a: Celebi|Psychic|p1a: Celebi
|-resisted|p1a: Celebi
|-damage|p1a: Celebi|90/100
|-unboost|p1a: Celebi|spd|1
|
|-weather|Sandstorm|[upkeep]
|-damage|p1a: Celebi|84/100|[from] Sandstorm
|-damage|p2a: Celebi|81/100|[from] Sandstorm
|-heal|p1a: Celebi|90/100|[from] item: Leftovers
|-heal|p2a: Celebi|87/100|[from] item: Leftovers
|upkeep
|turn|18
|
|t:|1728839372
|move|p1a: Celebi|Hidden Power|p2a: Celebi
|-supereffective|p2a: Celebi
|-damage|p2a: Celebi|63/100
|move|p2a: Celebi|Psychic|p1a: Celebi
|-resisted|p1a: Celebi
|-damage|p1a: Celebi|75/100
|
|-weather|Sandstorm|[upkeep]
|-damage|p1a: Celebi|69/100|[from] Sandstorm
|-damage|p2a: Celebi|56/100|[from] Sandstorm
|-heal|p1a: Celebi|75/100|[from] item: Leftovers
|-heal|p2a: Celebi|63/100|[from] item: Leftovers
|upkeep
|turn|19
|
|t:|1728839385
|move|p1a: Celebi|Hidden Power|p2a: Celebi
|-supereffective|p2a: Celebi
|-damage|p2a: Celebi|39/100
|move|p2a: Celebi|Recover|p2a: Celebi
|-heal|p2a: Celebi|89/100
|
|-weather|Sandstorm|[upkeep]
|-damage|p1a: Celebi|69/100|[from] Sandstorm
|-damage|p2a: Celebi|82/100|[from] Sandstorm
|-heal|p1a: Celebi|75/100|[from] item: Leftovers
|-heal|p2a: Celebi|89/100|[from] item: Leftovers
|upkeep
|turn|20
|
|t:|1728839398
|move|p1a: Celebi|Hidden Power|p2a: Celebi
|-supereffective|p2a: Celebi
|-damage|p2a: Celebi|68/100
|move|p2a: Celebi|Baton Pass|p2a: Celebi
|
|t:|1728839400
|switch|p2a: Dugtrio|Dugtrio, F|100/100|[from] Baton Pass
|
|-weather|Sandstorm|[upkeep]
|-damage|p1a: Celebi|69/100|[from] Sandstorm
|-heal|p1a: Celebi|75/100|[from] item: Leftovers
|upkeep
|turn|21
|
|t:|1728839410
|move|p2a: Dugtrio|Hidden Power|p1a: Celebi
|-supereffective|p1a: Celebi
|-crit|p1a: Celebi
|-damage|p1a: Celebi|0 fnt
|faint|p1a: Celebi
|
|t:|1728839430
|switch|p1a: Swampert|Swampert, M|92/100
|
|-weather|Sandstorm|[upkeep]
|-heal|p1a: Swampert|98/100|[from] item: Leftovers
|upkeep
|turn|22
|
|t:|1728839440
|switch|p2a: Swampert|Swampert, M|81/100 frz
|move|p1a: Swampert|Ice Beam|p2a: Swampert
|-damage|p2a: Swampert|59/100 frz
|
|-weather|Sandstorm|[upkeep]
|-heal|p1a: Swampert|100/100|[from] item: Leftovers
|-heal|p2a: Swampert|65/100 frz|[from] item: Leftovers
|upkeep
|turn|23
|
|t:|1728839450
|cant|p2a: Swampert|frz
|move|p1a: Swampert|Hydro Pump|p2a: Swampert
|-damage|p2a: Swampert|24/100 frz
|
|-weather|Sandstorm|[upkeep]
|-heal|p2a: Swampert|30/100 frz|[from] item: Leftovers
|upkeep
|turn|24
|
|t:|1728839457
|switch|p2a: Celebi|Celebi|68/100
|move|p1a: Swampert|Hydro Pump|p2a: Celebi|[miss]
|-miss|p1a: Swampert|p2a: Celebi
|
|-weather|Sandstorm|[upkeep]
|-damage|p2a: Celebi|62/100|[from] Sandstorm
|-heal|p2a: Celebi|68/100|[from] item: Leftovers
|upkeep
|turn|25
|
|t:|1728839466
|move|p2a: Celebi|Leech Seed|p1a: Swampert
|-start|p1a: Swampert|move: Leech Seed
|move|p1a: Swampert|Ice Beam|p2a: Celebi
|-supereffective|p2a: Celebi
|-damage|p2a: Celebi|39/100
|
|-weather|Sandstorm|[upkeep]
|-damage|p2a: Celebi|33/100|[from] Sandstorm
|-heal|p2a: Celebi|39/100|[from] item: Leftovers
|-damage|p1a: Swampert|88/100|[from] Leech Seed|[of] p2a: Celebi
|-heal|p2a: Celebi|51/100|[silent]
|upkeep
|turn|26
|
|t:|1728839477
|switch|p1a: Gengar|Gengar, F|40/100
|move|p2a: Celebi|Recover|p2a: Celebi
|-heal|p2a: Celebi|100/100
|
|-weather|Sandstorm|[upkeep]
|-damage|p1a: Gengar|34/100|[from] Sandstorm
|-damage|p2a: Celebi|94/100|[from] Sandstorm
|-heal|p1a: Gengar|40/100|[from] item: Leftovers
|-heal|p2a: Celebi|100/100|[from] item: Leftovers
|upkeep
|turn|27
|
|t:|1728839487
|switch|p2a: Swampert|Swampert, M|30/100 frz
|move|p1a: Gengar|Explosion|p2a: Swampert
|-damage|p2a: Swampert|0 fnt
|faint|p1a: Gengar
|faint|p2a: Swampert
|
|t:|1728839498
|switch|p1a: Swampert|Swampert, M|88/100
|switch|p2a: Celebi|Celebi|100/100
|
|-weather|Sandstorm|[upkeep]
|-damage|p2a: Celebi|94/100|[from] Sandstorm
|-heal|p2a: Celebi|100/100|[from] item: Leftovers
|-heal|p1a: Swampert|94/100|[from] item: Leftovers
|upkeep
|turn|28
|
|t:|1728839506
|move|p2a: Celebi|Leech Seed|p1a: Swampert
|-start|p1a: Swampert|move: Leech Seed
|move|p1a: Swampert|Ice Beam|p2a: Celebi
|-supereffective|p2a: Celebi
|-damage|p2a: Celebi|69/100
|
|-weather|Sandstorm|[upkeep]
|-damage|p2a: Celebi|63/100|[from] Sandstorm
|-heal|p2a: Celebi|69/100|[from] item: Leftovers
|-heal|p1a: Swampert|100/100|[from] item: Leftovers
|-damage|p1a: Swampert|88/100|[from] Leech Seed|[of] p2a: Celebi
|-heal|p2a: Celebi|81/100|[silent]
|upkeep
|turn|29
|
|t:|1728839518
|switch|p1a: Aerodactyl|Aerodactyl, M|100/100
|move|p2a: Celebi|Psychic|p1a: Aerodactyl
|-damage|p1a: Aerodactyl|56/100
|
|-weather|Sandstorm|[upkeep]
|-damage|p2a: Celebi|75/100|[from] Sandstorm
|-heal|p2a: Celebi|81/100|[from] item: Leftovers
|upkeep
|turn|30
|
|t:|1728839532
|switch|p2a: Zapdos|Zapdos|88/100
|move|p1a: Aerodactyl|Hidden Power|p2a: Zapdos
|-resisted|p2a: Zapdos
|-damage|p2a: Zapdos|68/100
|
|-weather|Sandstorm|[upkeep]
|-damage|p2a: Zapdos|62/100|[from] Sandstorm
|-heal|p2a: Zapdos|68/100|[from] item: Leftovers
|upkeep
|turn|31
|
|t:|1728839541
|switch|p1a: Swampert|Swampert, M|88/100
|move|p2a: Zapdos|Substitute|p2a: Zapdos
|-start|p2a: Zapdos|Substitute
|-damage|p2a: Zapdos|43/100
|
|-weather|Sandstorm|[upkeep]
|-damage|p2a: Zapdos|37/100|[from] Sandstorm
|-heal|p2a: Zapdos|43/100|[from] item: Leftovers
|-heal|p1a: Swampert|94/100|[from] item: Leftovers
|upkeep
|turn|32
|
|t:|1728839551
|move|p2a: Zapdos|Hidden Power|p1a: Swampert
|-supereffective|p1a: Swampert
|-damage|p1a: Swampert|5/100
|move|p1a: Swampert|Ice Beam|p2a: Zapdos
|-supereffective|p2a: Zapdos
|-end|p2a: Zapdos|Substitute
|
|-weather|Sandstorm|[upkeep]
|-damage|p2a: Zapdos|37/100|[from] Sandstorm
|-heal|p2a: Zapdos|43/100|[from] item: Leftovers
|-heal|p1a: Swampert|11/100|[from] item: Leftovers
|upkeep
|turn|33
|
|t:|1728839562
|move|p2a: Zapdos|Hidden Power|p1a: Swampert
|-supereffective|p1a: Swampert
|-crit|p1a: Swampert
|-damage|p1a: Swampert|0 fnt
|faint|p1a: Swampert
|
|t:|1728839566
|switch|p1a: Aerodactyl|Aerodactyl, M|56/100
|
|-weather|Sandstorm|[upkeep]
|-damage|p2a: Zapdos|37/100|[from] Sandstorm
|-heal|p2a: Zapdos|43/100|[from] item: Leftovers
|upkeep
|turn|34
|
|t:|1728839573
|move|p1a: Aerodactyl|Double-Edge|p2a: Zapdos
|-damage|p2a: Zapdos|0 fnt
|faint|p2a: Zapdos
|
|t:|1728839575
|switch|p2a: Tyranitar|Tyranitar, F|100/100
|
|-weather|Sandstorm|[upkeep]
|upkeep
|turn|35
|
|t:|1728839579
|move|p1a: Aerodactyl|Double-Edge|p2a: Tyranitar
|-resisted|p2a: Tyranitar
|-damage|p2a: Tyranitar|80/100
|move|p2a: Tyranitar|Rock Slide|p1a: Aerodactyl
|-supereffective|p1a: Aerodactyl
|-damage|p1a: Aerodactyl|0 fnt
|faint|p1a: Aerodactyl
|
|win|Gulchittious Boi

</script>
<script type="application/json" class="data" id="replaydata-smogtours-gen3ou-798165">
{"id":"smogtours-gen3ou-798165","format":"[Gen 3] OU","players":["Incognition","Gulchittious Boi"],"uploadtime":1728839579,"views":133,"formatid":"gen3ou","rating":null,"private":0,"password":null}
</script>

<script defer src="js/replays.js?9d40a366"></script>
