<!DOCTYPE html>
<meta charset="utf-8" />
<meta name="viewport" content="width=device-width" />

<title>[Gen 3] OU: Organic Oranges vs. incognidoqueen - Replays - Pok&eacute;mon Showdown!</title>

<meta name="description" content="Watch a replay of a Pok&eacute;mon battle between Organic Oranges and incognidoqueen! Format: [Gen 3] OU; Date: Oct 26, 2024" />
<!--

Hey, you! Looking in the source for the replay log?

You can find them in JSON format, just add `.json` at the end of a replay URL.

https://replay.pokemonshowdown.com/gen7randomdoublesbattle-865046831.json

Or, if you only need the log itself, add `.log` instead:

https://replay.pokemonshowdown.com/gen7randomdoublesbattle-865046831.log

-->

<link rel="stylesheet" href="//pokemonshowdown.com/style/global.css?0.023195364461161105" />
<link rel="stylesheet" href="//play.pokemonshowdown.com/style/font-awesome.css?0.13261647063804238" />
<link rel="stylesheet" href="//play.pokemonshowdown.com/style/battle.css?0.8753245789963631" />
<link rel="stylesheet" href="//play.pokemonshowdown.com/style/utilichart.css?0.8627959624976733" />

<!-- Global site tag (gtag.js) - Google Analytics -->
<script async src="https://www.googletagmanager.com/gtag/js?id=UA-26211653-1"></script>
<script>
  window.dataLayer = window.dataLayer || [];
  function gtag(){dataLayer.push(arguments);}
  gtag('js', new Date());

  gtag('config', 'UA-26211653-1');
</script>
<!-- End Google Analytics -->
<!-- Venatus Ad Manager - Install in <HEAD> of page -->
	<script src="https://hb.vntsm.com/v3/live/ad-manager.min.js" type="text/javascript" data-site-id="642aba63ec9a7b11c3c9c1be" data-mode="scan" async></script>
<!-- / Venatus Ad Manager -->

<style>
	@media (max-width:820px) {
		.battle {
			margin: 0 auto;
		}
		.battle-log {
			margin: 7px auto 0;
			max-width: 640px;
			height: 300px;
			position: static;
		}
	}
	.optgroup {
		display: inline-block;
		line-height: 22px;
		font-size: 10pt;
	}
	.optgroup .button {
		height: 25px;
		padding-top: 0;
		padding-bottom: 0;
	}
	.optgroup button.button {
		padding-left: 12px;
		padding-right: 12px;
	}
	.linklist {
		list-style: none;
		margin: 0.5em 0;
		padding: 0;
	}
	.linklist li {
		padding: 2px 0;
	}
	.sidebar {
		float: left;
		width: 320px;
	}
	.bar-wrapper {
		max-width: 1100px;
		margin: 0 auto;
	}
	.bar-wrapper.has-sidebar {
		max-width: 1430px;
	}
	.mainbar {
		margin: 0;
		padding-right: 1px;
	}
	.mainbar.has-sidebar {
		margin-left: 330px;
	}
	@media (min-width: 1511px) {
		.sidebar {
			width: 400px;
		}
		.bar-wrapper.has-sidebar {
			max-width: 1510px;
		}
		.mainbar.has-sidebar {
			margin-left: 410px;
		}
	}
	.section.first-section {
		margin-top: 9px;
	}
	.blocklink small {
		white-space: normal;
	}
	.button {
		vertical-align: middle;
	}
	.replay-controls {
		padding-top: 10px;
	}
	.replay-controls h1 {
		font-size: 16pt;
		font-weight: normal;
		color: #CCC;
	}
	.pagelink {
		text-align: center;
	}
	.pagelink a {
		width: 150px;
	}
	.textbox, .button {
		font-size: 11pt;
		vertical-align: middle;
	}
	@media (max-width: 450px) {
		.button {
			font-size: 9pt;
		}
	}
</style>

<div>

	<header>
		<div class="nav-wrapper"><ul class="nav">
			<li><a class="button nav-first" href="//pokemonshowdown.com/"><img src="//pokemonshowdown.com/images/pokemonshowdownbeta.png" srcset="//pokemonshowdown.com/images/pokemonshowdownbeta.png 1x, //pokemonshowdown.com/images/pokemonshowdownbeta@2x.png 2x" alt="Pok&eacute;mon Showdown" width="146" height="44" /> Home</a></li>
			<li><a class="button" href="//pokemonshowdown.com/dex/">Pok&eacute;dex</a></li>
			<li><a class="button cur" href="/">Replays</a></li>
			<li><a class="button" href="//pokemonshowdown.com/ladder/">Ladder</a></li>
			<li><a class="button nav-last" href="//pokemonshowdown.com/forums/">Forum</a></li>
			<li><a class="button greenbutton nav-first nav-last" href="//play.pokemonshowdown.com/">Play</a></li>
		</ul></div>
	</header>

	<div class="main" id="main">

		<noscript><section class="section">You need to enable JavaScript to use this page; sorry!</section></noscript>

	</div>

</div>

<script defer nomodule src="//play.pokemonshowdown.com/js/lib/ps-polyfill.js"></script>
<script defer src="//play.pokemonshowdown.com/js/lib/preact.min.js"></script>

<script defer src="//play.pokemonshowdown.com/config/config.js?2bddbc15"></script>
<script defer src="//play.pokemonshowdown.com/js/lib/jquery-1.11.0.min.js"></script>
<script defer src="//play.pokemonshowdown.com/js/lib/html-sanitizer-minified.js"></script>
<script defer src="//play.pokemonshowdown.com/js/battle-sound.js"></script>
<script defer src="//play.pokemonshowdown.com/js/battledata.js?0.7209276989879541"></script>
<script defer src="//play.pokemonshowdown.com/data/pokedex-mini.js?0.6111056340867951"></script>
<script defer src="//play.pokemonshowdown.com/data/pokedex-mini-bw.js?0.3532142036491459"></script>
<script defer src="//play.pokemonshowdown.com/data/graphics.js?0.24223875632456182"></script>
<script defer src="//play.pokemonshowdown.com/data/pokedex.js?0.38839984266356864"></script>
<script defer src="//play.pokemonshowdown.com/data/moves.js?0.21866028504024015"></script>
<script defer src="//play.pokemonshowdown.com/data/abilities.js?0.2005157953846628"></script>
<script defer src="//play.pokemonshowdown.com/data/items.js?0.9894211263848525"></script>
<script defer src="//play.pokemonshowdown.com/data/teambuilder-tables.js?0.6008791140282215"></script>
<script defer src="//play.pokemonshowdown.com/js/battle-tooltips.js?0.7580118955022959"></script>
<script defer src="//play.pokemonshowdown.com/js/battle.js?0.6057722274234274"></script>

<script defer src="js/utils.js?e31f9a17"></script>
<script defer src="js/replays-battle.js?7008c182"></script>

<!-- don't scrape this data! just add .json or .log after the URL!
Full API docs: https://github.com/smogon/pokemon-showdown-client/blob/master/WEB-API.md -->
<script type="text/plain" class="log" id="replaylog-smogtours-gen3ou-802050">
|inactive|Battle timer is ON: inactive players will automatically lose when time's up.
|t:|1729913055
|gametype|singles
|player|p1|Organic Oranges|tate|
|player|p2|incognidoqueen|clerkf|
|teamsize|p1|6
|teamsize|p2|6
|gen|3
|tier|[Gen 3] OU
|rule|Sleep Clause Mod: Limit one foe put to sleep
|rule|Switch Priority Clause Mod: Faster Pokémon switch first
|rule|Species Clause: Limit one of each Pokémon
|rule|OHKO Clause: OHKO moves are banned
|rule|Evasion Items Clause: Evasion items are banned
|rule|Evasion Moves Clause: Evasion moves are banned
|rule|Endless Battle Clause: Forcing endless battles is banned
|rule|HP Percentage Mod: HP is shown in percentages
|rule|One Boost Passer Clause: Limit one Baton Passer that has a way to boost its stats
|rule|Freeze Clause Mod: Limit one foe frozen
|
|t:|1729913055
|start
|switch|p1a: Listen2UAllDay|Salamence, F, shiny|100/100
|switch|p2a: Gorimyr|Salamence, M, shiny|100/100
|-ability|p2a: Gorimyr|Intimidate|boost
|-unboost|p1a: Listen2UAllDay|atk|1
|-ability|p1a: Listen2UAllDay|Intimidate|boost
|-unboost|p2a: Gorimyr|atk|1
|turn|1
|c|☆incognidoqueen|Glhf
|
|t:|1729913064
|switch|p1a: Gyarados|Gyarados, F|100/100
|-ability|p1a: Gyarados|Intimidate|boost
|-unboost|p2a: Gorimyr|atk|1
|move|p2a: Gorimyr|Dragon Claw|p1a: Gyarados
|-damage|p1a: Gyarados|61/100
|
|-heal|p1a: Gyarados|67/100|[from] item: Leftovers
|upkeep
|turn|2
|
|t:|1729913074
|switch|p2a: Jake the killer|Jirachi|100/100
|move|p1a: Gyarados|Dragon Dance|p1a: Gyarados
|-boost|p1a: Gyarados|atk|1
|-boost|p1a: Gyarados|spe|1
|
|-heal|p1a: Gyarados|73/100|[from] item: Leftovers
|upkeep
|turn|3
|
|t:|1729913086
|switch|p2a: Gorimyr|Salamence, M, shiny|100/100
|-ability|p2a: Gorimyr|Intimidate|boost
|-unboost|p1a: Gyarados|atk|1
|move|p1a: Gyarados|Thunder Wave|p2a: Gorimyr
|-status|p2a: Gorimyr|par
|
|-heal|p1a: Gyarados|79/100|[from] item: Leftovers
|upkeep
|turn|4
|
|t:|1729913096
|move|p1a: Gyarados|Dragon Dance|p1a: Gyarados
|-boost|p1a: Gyarados|atk|1
|-boost|p1a: Gyarados|spe|1
|move|p2a: Gorimyr|Dragon Claw|p1a: Gyarados
|-damage|p1a: Gyarados|41/100
|
|-heal|p1a: Gyarados|47/100|[from] item: Leftovers
|upkeep
|turn|5
|
|t:|1729913107
|move|p1a: Gyarados|Earthquake|p2a: Gorimyr
|-immune|p2a: Gorimyr
|move|p2a: Gorimyr|Dragon Claw|p1a: Gyarados
|-damage|p1a: Gyarados|10/100
|
|-heal|p1a: Gyarados|16/100|[from] item: Leftovers
|upkeep
|turn|6
|
|t:|1729913115
|move|p1a: Gyarados|Hidden Power|p2a: Gorimyr
|-damage|p2a: Gorimyr|32/100 par
|move|p2a: Gorimyr|Dragon Claw|p1a: Gyarados
|-damage|p1a: Gyarados|0 fnt
|faint|p1a: Gyarados
|
|t:|1729913125
|switch|p1a: Listen2UAllDay|Salamence, F, shiny|100/100
|-ability|p1a: Listen2UAllDay|Intimidate|boost
|-unboost|p2a: Gorimyr|atk|1
|
|-heal|p2a: Gorimyr|38/100 par|[from] item: Leftovers
|upkeep
|turn|7
|
|t:|1729913135
|move|p1a: Listen2UAllDay|Hidden Power|p2a: Gorimyr
|-damage|p2a: Gorimyr|0 fnt
|faint|p2a: Gorimyr
|
|t:|1729913138
|switch|p2a: Borrimyr|Gengar, F|100/100
|
|upkeep
|turn|8
|
|t:|1729913149
|switch|p1a: Turn it down|Magneton, shiny|100/100
|move|p2a: Borrimyr|Will-O-Wisp|p1a: Turn it down
|-status|p1a: Turn it down|brn
|
|-damage|p1a: Turn it down|88/100 brn|[from] brn
|upkeep
|turn|9
|
|t:|1729913157
|switch|p2a: Forrimyr|Swampert, F|100/100
|move|p1a: Turn it down|Thunder Wave|p2a: Forrimyr
|-immune|p2a: Forrimyr
|
|-damage|p1a: Turn it down|76/100 brn|[from] brn
|upkeep
|turn|10
|
|t:|1729913167
|move|p2a: Forrimyr|Protect|p2a: Forrimyr
|-singleturn|p2a: Forrimyr|Protect
|move|p1a: Turn it down|Hidden Power|p2a: Forrimyr
|-activate|p2a: Forrimyr|Protect
|
|-damage|p1a: Turn it down|63/100 brn|[from] brn
|upkeep
|turn|11
|
|t:|1729913175
|switch|p2a: Chickenmyr|Moltres|100/100
|move|p1a: Turn it down|Thunder Wave|p2a: Chickenmyr
|-status|p2a: Chickenmyr|par
|
|-damage|p1a: Turn it down|51/100 brn|[from] brn
|upkeep
|turn|12
|
|t:|1729913183
|switch|p2a: Forrimyr|Swampert, F|100/100
|move|p1a: Turn it down|Thunderbolt|p2a: Forrimyr
|-immune|p2a: Forrimyr
|
|-damage|p1a: Turn it down|38/100 brn|[from] brn
|upkeep
|turn|13
|
|t:|1729913191
|switch|p1a: Suicune|Suicune, shiny|100/100
|move|p2a: Forrimyr|Protect||[still]
|-fail|p2a: Forrimyr
|
|upkeep
|turn|14
|
|t:|1729913199
|switch|p2a: Jake the killer|Jirachi|100/100
|move|p1a: Suicune|Calm Mind|p1a: Suicune
|-boost|p1a: Suicune|spa|1
|-boost|p1a: Suicune|spd|1
|
|upkeep
|turn|15
|
|t:|1729913206
|move|p2a: Jake the killer|Calm Mind|p2a: Jake the killer
|-boost|p2a: Jake the killer|spa|1
|-boost|p2a: Jake the killer|spd|1
|move|p1a: Suicune|Calm Mind|p1a: Suicune
|-boost|p1a: Suicune|spa|1
|-boost|p1a: Suicune|spd|1
|
|upkeep
|turn|16
|
|t:|1729913212
|move|p2a: Jake the killer|Calm Mind|p2a: Jake the killer
|-boost|p2a: Jake the killer|spa|1
|-boost|p2a: Jake the killer|spd|1
|move|p1a: Suicune|Calm Mind|p1a: Suicune
|-boost|p1a: Suicune|spa|1
|-boost|p1a: Suicune|spd|1
|
|upkeep
|turn|17
|
|t:|1729913219
|move|p2a: Jake the killer|Thunder|p1a: Suicune
|-supereffective|p1a: Suicune
|-damage|p1a: Suicune|66/100
|-status|p1a: Suicune|par
|move|p1a: Suicune|Calm Mind|p1a: Suicune
|-boost|p1a: Suicune|spa|1
|-boost|p1a: Suicune|spd|1
|
|-heal|p1a: Suicune|72/100 par|[from] item: Leftovers
|upkeep
|turn|18
|
|t:|1729913233
|move|p2a: Jake the killer|Calm Mind|p2a: Jake the killer
|-boost|p2a: Jake the killer|spa|1
|-boost|p2a: Jake the killer|spd|1
|cant|p1a: Suicune|par
|
|-heal|p1a: Suicune|79/100 par|[from] item: Leftovers
|upkeep
|turn|19
|
|t:|1729913239
|move|p2a: Jake the killer|Calm Mind|p2a: Jake the killer
|-boost|p2a: Jake the killer|spa|1
|-boost|p2a: Jake the killer|spd|1
|move|p1a: Suicune|Roar|p2a: Jake the killer
|drag|p2a: Morrimyr|Dugtrio, M|100/100
|
|-heal|p1a: Suicune|85/100 par|[from] item: Leftovers
|upkeep
|turn|20
|
|t:|1729913248
|move|p2a: Morrimyr|Earthquake|p1a: Suicune
|-damage|p1a: Suicune|52/100 par
|move|p1a: Suicune|Surf|p2a: Morrimyr
|-supereffective|p2a: Morrimyr
|-damage|p2a: Morrimyr|0 fnt
|faint|p2a: Morrimyr
|
|t:|1729913255
|switch|p2a: Borrimyr|Gengar, F|100/100
|
|-heal|p1a: Suicune|58/100 par|[from] item: Leftovers
|upkeep
|turn|21
|
|t:|1729913260
|move|p2a: Borrimyr|Thunderbolt|p1a: Suicune
|-supereffective|p1a: Suicune
|-damage|p1a: Suicune|44/100 par
|move|p1a: Suicune|Surf|p2a: Borrimyr
|-damage|p2a: Borrimyr|0 fnt
|faint|p2a: Borrimyr
|
|t:|1729913271
|switch|p2a: Chickenmyr|Moltres|100/100 par
|
|-heal|p1a: Suicune|50/100 par|[from] item: Leftovers
|upkeep
|turn|22
|
|t:|1729913277
|move|p1a: Suicune|Rest|p1a: Suicune
|-status|p1a: Suicune|slp|[from] move: Rest
|-heal|p1a: Suicune|100/100 slp|[silent]
|move|p2a: Chickenmyr|Roar|p1a: Suicune
|drag|p1a: Listen2UAllDay|Salamence, F, shiny|100/100
|-ability|p1a: Listen2UAllDay|Intimidate|boost
|-unboost|p2a: Chickenmyr|atk|1
|
|upkeep
|turn|23
|
|t:|1729913290
|move|p1a: Listen2UAllDay|Dragon Dance|p1a: Listen2UAllDay
|-boost|p1a: Listen2UAllDay|atk|1
|-boost|p1a: Listen2UAllDay|spe|1
|move|p2a: Chickenmyr|Hidden Power|p1a: Listen2UAllDay
|-supereffective|p1a: Listen2UAllDay
|-damage|p1a: Listen2UAllDay|0 fnt
|faint|p1a: Listen2UAllDay
|
|t:|1729913303
|switch|p1a: Metagross|Metagross|100/100
|
|upkeep
|turn|24
|
|t:|1729913306
|move|p1a: Metagross|Explosion|p2a: Chickenmyr
|-damage|p2a: Chickenmyr|0 fnt
|faint|p1a: Metagross
|faint|p2a: Chickenmyr
|
|t:|1729913318
|switch|p2a: Forrimyr|Swampert, F|100/100
|switch|p1a: Turn it down|Magneton, shiny|38/100 brn
|
|-damage|p1a: Turn it down|26/100 brn|[from] brn
|upkeep
|turn|25
|
|t:|1729913329
|move|p1a: Turn it down|Thunder Wave|p2a: Forrimyr
|-immune|p2a: Forrimyr
|move|p2a: Forrimyr|Earthquake|p1a: Turn it down
|-supereffective|p1a: Turn it down
|-damage|p1a: Turn it down|0 fnt
|faint|p1a: Turn it down
|
|t:|1729913349
|switch|p1a: Replay|Snorlax, F, shiny|100/100
|
|upkeep
|turn|26
|
|t:|1729913364
|switch|p2a: Jake the killer|Jirachi|100/100
|move|p1a: Replay|Curse|p1a: Replay
|-unboost|p1a: Replay|spe|1
|-boost|p1a: Replay|atk|1
|-boost|p1a: Replay|def|1
|
|upkeep
|turn|27
|
|t:|1729913374
|move|p2a: Jake the killer|Thunder|p1a: Replay|[miss]
|-miss|p2a: Jake the killer|p1a: Replay
|move|p1a: Replay|Curse|p1a: Replay
|-unboost|p1a: Replay|spe|1
|-boost|p1a: Replay|atk|1
|-boost|p1a: Replay|def|1
|
|upkeep
|turn|28
|
|t:|1729913386
|move|p2a: Jake the killer|Thunder|p1a: Replay
|-damage|p1a: Replay|86/100
|-status|p1a: Replay|par
|move|p1a: Replay|Earthquake|p2a: Jake the killer
|-supereffective|p2a: Jake the killer
|-damage|p2a: Jake the killer|21/100
|
|-heal|p2a: Jake the killer|27/100|[from] item: Leftovers
|-heal|p1a: Replay|92/100 par|[from] item: Leftovers
|upkeep
|turn|29
|
|t:|1729913395
|switch|p2a: Forrimyr|Swampert, F|100/100
|move|p1a: Replay|Earthquake|p2a: Forrimyr
|-damage|p2a: Forrimyr|57/100
|
|-heal|p2a: Forrimyr|63/100|[from] item: Leftovers
|-heal|p1a: Replay|98/100 par|[from] item: Leftovers
|upkeep
|turn|30
|
|t:|1729913405
|move|p2a: Forrimyr|Surf|p1a: Replay
|-damage|p1a: Replay|81/100 par
|move|p1a: Replay|Body Slam|p2a: Forrimyr
|-damage|p2a: Forrimyr|9/100
|
|-heal|p2a: Forrimyr|15/100|[from] item: Leftovers
|-heal|p1a: Replay|87/100 par|[from] item: Leftovers
|upkeep
|turn|31
|
|t:|1729913413
|move|p2a: Forrimyr|Surf|p1a: Replay
|-damage|p1a: Replay|63/100 par
|cant|p1a: Replay|par
|
|-heal|p2a: Forrimyr|21/100|[from] item: Leftovers
|-heal|p1a: Replay|69/100 par|[from] item: Leftovers
|upkeep
|turn|32
|
|t:|1729913421
|move|p2a: Forrimyr|Surf|p1a: Replay
|-damage|p1a: Replay|44/100 par
|move|p1a: Replay|Body Slam|p2a: Forrimyr
|-damage|p2a: Forrimyr|0 fnt
|faint|p2a: Forrimyr
|
|t:|1729913427
|switch|p2a: Jake the killer|Jirachi|27/100
|
|-heal|p2a: Jake the killer|34/100|[from] item: Leftovers
|-heal|p1a: Replay|50/100 par|[from] item: Leftovers
|upkeep
|turn|33
|
|t:|1729913438
|move|p2a: Jake the killer|Calm Mind|p2a: Jake the killer
|-boost|p2a: Jake the killer|spa|1
|-boost|p2a: Jake the killer|spd|1
|move|p1a: Replay|Self-Destruct|p2a: Jake the killer
|-resisted|p2a: Jake the killer
|-damage|p2a: Jake the killer|0 fnt
|faint|p1a: Replay
|faint|p2a: Jake the killer
|
|win|Organic Oranges
|c|☆incognidoqueen|Gg
|player|p2|

</script>
<script type="application/json" class="data" id="replaydata-smogtours-gen3ou-802050">
{"id":"smogtours-gen3ou-802050","format":"[Gen 3] OU","players":["Organic Oranges","incognidoqueen"],"uploadtime":1729913438,"views":111,"formatid":"gen3ou","rating":null,"private":0,"password":null}
</script>

<script defer src="js/replays.js?9d40a366"></script>
