<!DOCTYPE html>
<meta charset="utf-8" />
<meta name="viewport" content="width=device-width" />

<title>[Gen 3] OU: 3 blades vs. Oskari SOSA - Replays - Pok&eacute;mon Showdown!</title>

<meta name="description" content="Watch a replay of a Pok&eacute;mon battle between 3 blades and Oskari SOSA! Format: [Gen 3] OU; Date: Oct 31, 2024" />
<!--

Hey, you! Looking in the source for the replay log?

You can find them in JSON format, just add `.json` at the end of a replay URL.

https://replay.pokemonshowdown.com/gen7randomdoublesbattle-865046831.json

Or, if you only need the log itself, add `.log` instead:

https://replay.pokemonshowdown.com/gen7randomdoublesbattle-865046831.log

-->

<link rel="stylesheet" href="//pokemonshowdown.com/style/global.css?0.023195364461161105" />
<link rel="stylesheet" href="//play.pokemonshowdown.com/style/font-awesome.css?0.13261647063804238" />
<link rel="stylesheet" href="//play.pokemonshowdown.com/style/battle.css?0.8753245789963631" />
<link rel="stylesheet" href="//play.pokemonshowdown.com/style/utilichart.css?0.8627959624976733" />

<!-- Global site tag (gtag.js) - Google Analytics -->
<script async src="https://www.googletagmanager.com/gtag/js?id=UA-26211653-1"></script>
<script>
  window.dataLayer = window.dataLayer || [];
  function gtag(){dataLayer.push(arguments);}
  gtag('js', new Date());

  gtag('config', 'UA-26211653-1');
</script>
<!-- End Google Analytics -->
<!-- Venatus Ad Manager - Install in <HEAD> of page -->
	<script src="https://hb.vntsm.com/v3/live/ad-manager.min.js" type="text/javascript" data-site-id="642aba63ec9a7b11c3c9c1be" data-mode="scan" async></script>
<!-- / Venatus Ad Manager -->

<style>
	@media (max-width:820px) {
		.battle {
			margin: 0 auto;
		}
		.battle-log {
			margin: 7px auto 0;
			max-width: 640px;
			height: 300px;
			position: static;
		}
	}
	.optgroup {
		display: inline-block;
		line-height: 22px;
		font-size: 10pt;
	}
	.optgroup .button {
		height: 25px;
		padding-top: 0;
		padding-bottom: 0;
	}
	.optgroup button.button {
		padding-left: 12px;
		padding-right: 12px;
	}
	.linklist {
		list-style: none;
		margin: 0.5em 0;
		padding: 0;
	}
	.linklist li {
		padding: 2px 0;
	}
	.sidebar {
		float: left;
		width: 320px;
	}
	.bar-wrapper {
		max-width: 1100px;
		margin: 0 auto;
	}
	.bar-wrapper.has-sidebar {
		max-width: 1430px;
	}
	.mainbar {
		margin: 0;
		padding-right: 1px;
	}
	.mainbar.has-sidebar {
		margin-left: 330px;
	}
	@media (min-width: 1511px) {
		.sidebar {
			width: 400px;
		}
		.bar-wrapper.has-sidebar {
			max-width: 1510px;
		}
		.mainbar.has-sidebar {
			margin-left: 410px;
		}
	}
	.section.first-section {
		margin-top: 9px;
	}
	.blocklink small {
		white-space: normal;
	}
	.button {
		vertical-align: middle;
	}
	.replay-controls {
		padding-top: 10px;
	}
	.replay-controls h1 {
		font-size: 16pt;
		font-weight: normal;
		color: #CCC;
	}
	.pagelink {
		text-align: center;
	}
	.pagelink a {
		width: 150px;
	}
	.textbox, .button {
		font-size: 11pt;
		vertical-align: middle;
	}
	@media (max-width: 450px) {
		.button {
			font-size: 9pt;
		}
	}
</style>

<div>

	<header>
		<div class="nav-wrapper"><ul class="nav">
			<li><a class="button nav-first" href="//pokemonshowdown.com/"><img src="//pokemonshowdown.com/images/pokemonshowdownbeta.png" srcset="//pokemonshowdown.com/images/pokemonshowdownbeta.png 1x, //pokemonshowdown.com/images/pokemonshowdownbeta@2x.png 2x" alt="Pok&eacute;mon Showdown" width="146" height="44" /> Home</a></li>
			<li><a class="button" href="//pokemonshowdown.com/dex/">Pok&eacute;dex</a></li>
			<li><a class="button cur" href="/">Replays</a></li>
			<li><a class="button" href="//pokemonshowdown.com/ladder/">Ladder</a></li>
			<li><a class="button nav-last" href="//pokemonshowdown.com/forums/">Forum</a></li>
			<li><a class="button greenbutton nav-first nav-last" href="//play.pokemonshowdown.com/">Play</a></li>
		</ul></div>
	</header>

	<div class="main" id="main">

		<noscript><section class="section">You need to enable JavaScript to use this page; sorry!</section></noscript>

	</div>

</div>

<script defer nomodule src="//play.pokemonshowdown.com/js/lib/ps-polyfill.js"></script>
<script defer src="//play.pokemonshowdown.com/js/lib/preact.min.js"></script>

<script defer src="//play.pokemonshowdown.com/config/config.js?2bddbc15"></script>
<script defer src="//play.pokemonshowdown.com/js/lib/jquery-1.11.0.min.js"></script>
<script defer src="//play.pokemonshowdown.com/js/lib/html-sanitizer-minified.js"></script>
<script defer src="//play.pokemonshowdown.com/js/battle-sound.js"></script>
<script defer src="//play.pokemonshowdown.com/js/battledata.js?0.7209276989879541"></script>
<script defer src="//play.pokemonshowdown.com/data/pokedex-mini.js?0.6111056340867951"></script>
<script defer src="//play.pokemonshowdown.com/data/pokedex-mini-bw.js?0.3532142036491459"></script>
<script defer src="//play.pokemonshowdown.com/data/graphics.js?0.24223875632456182"></script>
<script defer src="//play.pokemonshowdown.com/data/pokedex.js?0.38839984266356864"></script>
<script defer src="//play.pokemonshowdown.com/data/moves.js?0.21866028504024015"></script>
<script defer src="//play.pokemonshowdown.com/data/abilities.js?0.2005157953846628"></script>
<script defer src="//play.pokemonshowdown.com/data/items.js?0.9894211263848525"></script>
<script defer src="//play.pokemonshowdown.com/data/teambuilder-tables.js?0.6008791140282215"></script>
<script defer src="//play.pokemonshowdown.com/js/battle-tooltips.js?0.7580118955022959"></script>
<script defer src="//play.pokemonshowdown.com/js/battle.js?0.6057722274234274"></script>

<script defer src="js/utils.js?e31f9a17"></script>
<script defer src="js/replays-battle.js?7008c182"></script>

<!-- don't scrape this data! just add .json or .log after the URL!
Full API docs: https://github.com/smogon/pokemon-showdown-client/blob/master/WEB-API.md -->
<script type="text/plain" class="log" id="replaylog-smogtours-gen3ou-803555">
|inactive|Battle timer is ON: inactive players will automatically lose when time's up.
|t:|1730344749
|gametype|singles
|player|p1|3 blades|guzma|
|player|p2|Oskari SOSA|giovanni|
|teamsize|p1|6
|teamsize|p2|6
|gen|3
|tier|[Gen 3] OU
|rule|Sleep Clause Mod: Limit one foe put to sleep
|rule|Switch Priority Clause Mod: Faster Pokémon switch first
|rule|Species Clause: Limit one of each Pokémon
|rule|OHKO Clause: OHKO moves are banned
|rule|Evasion Items Clause: Evasion items are banned
|rule|Evasion Moves Clause: Evasion moves are banned
|rule|Endless Battle Clause: Forcing endless battles is banned
|rule|HP Percentage Mod: HP is shown in percentages
|rule|One Boost Passer Clause: Limit one Baton Passer that has a way to boost its stats
|rule|Freeze Clause Mod: Limit one foe frozen
|
|t:|1730344749
|start
|switch|p1a: Zapdos|Zapdos|100/100
|switch|p2a: Hariyama|Hariyama, M|100/100
|turn|1
|c|☆3 blades|Hf
|c|☆Oskari SOSA|hf mano
|inactive|3 blades disconnected and has 300 seconds to reconnect!
|player|p1|
|inactive|3 blades reconnected and has 280 seconds left.
|player|p1|3 blades|guzma|
|inactive|3 blades has 270 seconds left.
|
|t:|1730344792
|move|p1a: Zapdos|Thunderbolt|p2a: Hariyama
|-damage|p2a: Hariyama|44/100
|-status|p2a: Hariyama|par
|move|p2a: Hariyama|Knock Off|p1a: Zapdos
|-damage|p1a: Zapdos|98/100
|-enditem|p1a: Zapdos|Leftovers|[from] move: Knock Off|[of] p2a: Hariyama
|-hint|In Gens 3-4, Knock Off only makes the target's item unusable; it cannot obtain a new item.
|
|-heal|p2a: Hariyama|50/100 par|[from] item: Leftovers
|upkeep
|turn|2
|
|t:|1730344811
|switch|p2a: Tyranitar|Tyranitar, M|100/100
|-weather|Sandstorm|[from] ability: Sand Stream|[of] p2a: Tyranitar
|move|p1a: Zapdos|Baton Pass|p1a: Zapdos
|c|☆3 blades|Is It?
|
|t:|1730344819
|switch|p1a: Metagross|Metagross|100/100|[from] Baton Pass
|
|-weather|Sandstorm|[upkeep]
|upkeep
|turn|3
|c|☆3 blades|Oops
|
|t:|1730344835
|switch|p2a: Starmie|Starmie|100/100
|move|p1a: Metagross|Explosion|p2a: Starmie
|-damage|p2a: Starmie|0 fnt
|faint|p1a: Metagross
|faint|p2a: Starmie
|
|t:|1730344844
|switch|p2a: Tyranitar|Tyranitar, M|100/100
|switch|p1a: Zapdos|Zapdos|98/100
|
|-weather|Sandstorm|[upkeep]
|-damage|p1a: Zapdos|92/100|[from] Sandstorm
|upkeep
|turn|4
|
|t:|1730344848
|move|p1a: Zapdos|Baton Pass|p1a: Zapdos
|
|t:|1730344850
|switch|p1a: Swampert|Swampert, M|100/100|[from] Baton Pass
|move|p2a: Tyranitar|Crunch|p1a: Swampert
|-damage|p1a: Swampert|60/100
|
|-weather|Sandstorm|[upkeep]
|-heal|p1a: Swampert|67/100|[from] item: Leftovers
|upkeep
|turn|5
|
|t:|1730344857
|switch|p2a: Celebi|Celebi|100/100
|move|p1a: Swampert|Surf|p2a: Celebi
|-resisted|p2a: Celebi
|-damage|p2a: Celebi|86/100
|
|-weather|Sandstorm|[upkeep]
|-damage|p2a: Celebi|79/100|[from] Sandstorm
|-heal|p2a: Celebi|86/100|[from] item: Leftovers
|-heal|p1a: Swampert|73/100|[from] item: Leftovers
|upkeep
|turn|6
|
|t:|1730344862
|switch|p1a: Charizard|Charizard, M|100/100
|move|p2a: Celebi|Leech Seed|p1a: Charizard
|-start|p1a: Charizard|move: Leech Seed
|
|-weather|Sandstorm|[upkeep]
|-damage|p1a: Charizard|94/100|[from] Sandstorm
|-damage|p2a: Celebi|79/100|[from] Sandstorm
|-heal|p1a: Charizard|100/100|[from] item: Leftovers
|-damage|p1a: Charizard|88/100|[from] Leech Seed|[of] p2a: Celebi
|-heal|p2a: Celebi|89/100|[silent]
|-heal|p2a: Celebi|95/100|[from] item: Leftovers
|upkeep
|turn|7
|
|t:|1730344870
|switch|p1a: Celebi|Celebi|100/100
|switch|p2a: Salamence|Salamence, M|100/100
|-ability|p2a: Salamence|Intimidate|boost
|-unboost|p1a: Celebi|atk|1
|
|-weather|Sandstorm|[upkeep]
|-damage|p1a: Celebi|94/100|[from] Sandstorm
|-damage|p2a: Salamence|94/100|[from] Sandstorm
|-heal|p1a: Celebi|100/100|[from] item: Leftovers
|-heal|p2a: Salamence|100/100|[from] item: Leftovers
|upkeep
|turn|8
|
|t:|1730344876
|move|p1a: Celebi|Hidden Power|p2a: Salamence
|-supereffective|p2a: Salamence
|-damage|p2a: Salamence|33/100
|move|p2a: Salamence|Wish|p2a: Salamence
|
|-weather|Sandstorm|[upkeep]
|-damage|p1a: Celebi|94/100|[from] Sandstorm
|-damage|p2a: Salamence|27/100|[from] Sandstorm
|-heal|p1a: Celebi|100/100|[from] item: Leftovers
|-heal|p2a: Salamence|33/100|[from] item: Leftovers
|upkeep
|turn|9
|
|t:|1730344886
|move|p2a: Salamence|Protect|p2a: Salamence
|-singleturn|p2a: Salamence|Protect
|move|p1a: Celebi|Calm Mind|p1a: Celebi
|-boost|p1a: Celebi|spa|1
|-boost|p1a: Celebi|spd|1
|
|-heal|p2a: Salamence|83/100|[from] move: Wish|[wisher] Salamence
|-weather|Sandstorm|[upkeep]
|-damage|p1a: Celebi|94/100|[from] Sandstorm
|-damage|p2a: Salamence|77/100|[from] Sandstorm
|-heal|p1a: Celebi|100/100|[from] item: Leftovers
|-heal|p2a: Salamence|83/100|[from] item: Leftovers
|upkeep
|turn|10
|
|t:|1730344896
|switch|p2a: Tyranitar|Tyranitar, M|100/100
|move|p1a: Celebi|Calm Mind|p1a: Celebi
|-boost|p1a: Celebi|spa|1
|-boost|p1a: Celebi|spd|1
|
|-weather|Sandstorm|[upkeep]
|-damage|p1a: Celebi|94/100|[from] Sandstorm
|-heal|p1a: Celebi|100/100|[from] item: Leftovers
|upkeep
|turn|11
|
|t:|1730344899
|move|p1a: Celebi|Giga Drain|p2a: Tyranitar
|-supereffective|p2a: Tyranitar
|-damage|p2a: Tyranitar|29/100
|move|p2a: Tyranitar|Roar|p1a: Celebi
|drag|p1a: Charizard|Charizard, M|88/100
|
|-weather|Sandstorm|[upkeep]
|-damage|p1a: Charizard|82/100|[from] Sandstorm
|-heal|p1a: Charizard|88/100|[from] item: Leftovers
|-heal|p2a: Tyranitar|36/100|[from] item: Leftovers
|upkeep
|turn|12
|
|t:|1730344907
|switch|p1a: Celebi|Celebi|100/100
|switch|p2a: Salamence|Salamence, M|83/100
|-ability|p2a: Salamence|Intimidate|boost
|-unboost|p1a: Celebi|atk|1
|
|-weather|Sandstorm|[upkeep]
|-damage|p1a: Celebi|94/100|[from] Sandstorm
|-damage|p2a: Salamence|77/100|[from] Sandstorm
|-heal|p1a: Celebi|100/100|[from] item: Leftovers
|-heal|p2a: Salamence|83/100|[from] item: Leftovers
|upkeep
|turn|13
|
|t:|1730344912
|switch|p2a: Metagross|Metagross|100/100
|move|p1a: Celebi|Calm Mind|p1a: Celebi
|-boost|p1a: Celebi|spa|1
|-boost|p1a: Celebi|spd|1
|
|-weather|Sandstorm|[upkeep]
|-damage|p1a: Celebi|94/100|[from] Sandstorm
|-heal|p1a: Celebi|100/100|[from] item: Leftovers
|upkeep
|turn|14
|
|t:|1730344915
|move|p1a: Celebi|Baton Pass|p1a: Celebi
|
|t:|1730344917
|switch|p1a: Zapdos|Zapdos|92/100|[from] Baton Pass
|move|p2a: Metagross|Meteor Mash|p1a: Zapdos
|-resisted|p1a: Zapdos
|-damage|p1a: Zapdos|62/100
|
|-weather|Sandstorm|[upkeep]
|-damage|p1a: Zapdos|56/100|[from] Sandstorm
|upkeep
|turn|15
|
|t:|1730344922
|switch|p2a: Celebi|Celebi|95/100
|move|p1a: Zapdos|Thunderbolt|p2a: Celebi
|-resisted|p2a: Celebi
|-damage|p2a: Celebi|68/100
|
|-weather|Sandstorm|[upkeep]
|-damage|p1a: Zapdos|50/100|[from] Sandstorm
|-damage|p2a: Celebi|61/100|[from] Sandstorm
|-heal|p2a: Celebi|68/100|[from] item: Leftovers
|upkeep
|turn|16
|
|t:|1730344932
|move|p1a: Zapdos|Baton Pass|p1a: Zapdos
|
|t:|1730344933
|switch|p1a: Celebi|Celebi|100/100|[from] Baton Pass
|move|p2a: Celebi|Hidden Power|p1a: Celebi
|-resisted|p1a: Celebi
|-damage|p1a: Celebi|93/100
|
|-weather|Sandstorm|[upkeep]
|-damage|p1a: Celebi|87/100|[from] Sandstorm
|-damage|p2a: Celebi|61/100|[from] Sandstorm
|-heal|p1a: Celebi|93/100|[from] item: Leftovers
|-heal|p2a: Celebi|68/100|[from] item: Leftovers
|upkeep
|turn|17
|
|t:|1730344937
|switch|p2a: Metagross|Metagross|100/100
|move|p1a: Celebi|Baton Pass|p1a: Celebi
|
|t:|1730344939
|switch|p1a: Charizard|Charizard, M|88/100|[from] Baton Pass
|
|-weather|Sandstorm|[upkeep]
|-damage|p1a: Charizard|82/100|[from] Sandstorm
|-heal|p1a: Charizard|88/100|[from] item: Leftovers
|upkeep
|turn|18
|
|t:|1730344943
|switch|p2a: Salamence|Salamence, M|83/100
|-ability|p2a: Salamence|Intimidate|boost
|-unboost|p1a: Charizard|atk|1
|move|p1a: Charizard|Fire Blast|p2a: Salamence|[miss]
|-miss|p1a: Charizard|p2a: Salamence
|
|-weather|Sandstorm|[upkeep]
|-damage|p1a: Charizard|82/100|[from] Sandstorm
|-damage|p2a: Salamence|77/100|[from] Sandstorm
|-heal|p1a: Charizard|88/100|[from] item: Leftovers
|-heal|p2a: Salamence|83/100|[from] item: Leftovers
|upkeep
|turn|19
|
|t:|1730344949
|move|p1a: Charizard|Substitute|p1a: Charizard
|-start|p1a: Charizard|Substitute
|-damage|p1a: Charizard|63/100
|move|p2a: Salamence|Wish|p2a: Salamence
|
|-weather|Sandstorm|[upkeep]
|-damage|p1a: Charizard|57/100|[from] Sandstorm
|-damage|p2a: Salamence|77/100|[from] Sandstorm
|-heal|p1a: Charizard|63/100|[from] item: Leftovers
|-heal|p2a: Salamence|83/100|[from] item: Leftovers
|upkeep
|turn|20
|
|t:|1730344954
|move|p1a: Charizard|Hidden Power|p2a: Salamence
|-resisted|p2a: Salamence
|-damage|p2a: Salamence|74/100
|move|p2a: Salamence|Roar|p1a: Charizard
|drag|p1a: Swampert|Swampert, M|73/100
|
|-heal|p2a: Salamence|100/100|[from] move: Wish|[wisher] Salamence
|-weather|Sandstorm|[upkeep]
|-damage|p2a: Salamence|94/100|[from] Sandstorm
|-heal|p2a: Salamence|100/100|[from] item: Leftovers
|-heal|p1a: Swampert|79/100|[from] item: Leftovers
|upkeep
|turn|21
|
|t:|1730344961
|switch|p2a: Celebi|Celebi|68/100
|move|p1a: Swampert|Ice Beam|p2a: Celebi
|-supereffective|p2a: Celebi
|-damage|p2a: Celebi|30/100
|
|-weather|Sandstorm|[upkeep]
|-damage|p2a: Celebi|24/100|[from] Sandstorm
|-heal|p2a: Celebi|30/100|[from] item: Leftovers
|-heal|p1a: Swampert|85/100|[from] item: Leftovers
|upkeep
|turn|22
|
|t:|1730344965
|switch|p1a: Charizard|Charizard, M|63/100
|move|p2a: Celebi|Recover|p2a: Celebi
|-heal|p2a: Celebi|80/100
|
|-weather|Sandstorm|[upkeep]
|-damage|p1a: Charizard|57/100|[from] Sandstorm
|-damage|p2a: Celebi|74/100|[from] Sandstorm
|-heal|p1a: Charizard|63/100|[from] item: Leftovers
|-heal|p2a: Celebi|80/100|[from] item: Leftovers
|upkeep
|turn|23
|
|t:|1730344979
|switch|p1a: Celebi|Celebi|93/100
|switch|p2a: Salamence|Salamence, M|100/100
|-ability|p2a: Salamence|Intimidate|boost
|-unboost|p1a: Celebi|atk|1
|
|-weather|Sandstorm|[upkeep]
|-damage|p1a: Celebi|87/100|[from] Sandstorm
|-damage|p2a: Salamence|94/100|[from] Sandstorm
|-heal|p1a: Celebi|93/100|[from] item: Leftovers
|-heal|p2a: Salamence|100/100|[from] item: Leftovers
|upkeep
|turn|24
|c|☆Oskari SOSA|mano tu tinha linkar o jogo ?
|c|+goldmason|I did
|c|☆Oskari SOSA|n gosto de pressão kkkk
|c|☆Oskari SOSA|ah...
|c|☆3 blades|To no Cel
|c|☆Oskari SOSA|all g
|c|☆3 blades|Thanks Mason
|
|t:|1730345004
|switch|p2a: Metagross|Metagross|100/100
|move|p1a: Celebi|Calm Mind|p1a: Celebi
|-boost|p1a: Celebi|spa|1
|-boost|p1a: Celebi|spd|1
|
|-weather|Sandstorm|[upkeep]
|-damage|p1a: Celebi|87/100|[from] Sandstorm
|-heal|p1a: Celebi|93/100|[from] item: Leftovers
|upkeep
|turn|25
|
|t:|1730345008
|move|p1a: Celebi|Baton Pass|p1a: Celebi
|
|t:|1730345010
|switch|p1a: Swampert|Swampert, M|85/100|[from] Baton Pass
|move|p2a: Metagross|Meteor Mash|p1a: Swampert|[miss]
|-miss|p2a: Metagross|p1a: Swampert
|
|-weather|Sandstorm|[upkeep]
|-heal|p1a: Swampert|91/100|[from] item: Leftovers
|upkeep
|turn|26
|
|t:|1730345014
|switch|p2a: Hariyama|Hariyama, M|50/100 par
|move|p1a: Swampert|Ice Beam|p2a: Hariyama
|-damage|p2a: Hariyama|12/100 par
|
|-weather|Sandstorm|[upkeep]
|-damage|p2a: Hariyama|6/100 par|[from] Sandstorm
|-heal|p1a: Swampert|98/100|[from] item: Leftovers
|-heal|p2a: Hariyama|12/100 par|[from] item: Leftovers
|upkeep
|turn|27
|
|t:|1730345018
|move|p1a: Swampert|Substitute|p1a: Swampert
|-start|p1a: Swampert|Substitute
|-damage|p1a: Swampert|73/100
|move|p2a: Hariyama|Brick Break|p1a: Swampert
|-end|p1a: Swampert|Substitute
|
|-weather|Sandstorm|[upkeep]
|-damage|p2a: Hariyama|6/100 par|[from] Sandstorm
|-heal|p1a: Swampert|79/100|[from] item: Leftovers
|-heal|p2a: Hariyama|12/100 par|[from] item: Leftovers
|upkeep
|turn|28
|
|t:|1730345020
|move|p1a: Swampert|Surf|p2a: Hariyama
|-damage|p2a: Hariyama|0 fnt
|faint|p2a: Hariyama
|
|t:|1730345022
|switch|p2a: Celebi|Celebi|80/100
|
|-weather|Sandstorm|[upkeep]
|-damage|p2a: Celebi|74/100|[from] Sandstorm
|-heal|p2a: Celebi|80/100|[from] item: Leftovers
|-heal|p1a: Swampert|85/100|[from] item: Leftovers
|upkeep
|turn|29
|
|t:|1730345025
|switch|p1a: Celebi|Celebi|93/100
|move|p2a: Celebi|Leech Seed|p1a: Celebi
|-immune|p1a: Celebi
|
|-weather|Sandstorm|[upkeep]
|-damage|p1a: Celebi|87/100|[from] Sandstorm
|-damage|p2a: Celebi|74/100|[from] Sandstorm
|-heal|p1a: Celebi|93/100|[from] item: Leftovers
|-heal|p2a: Celebi|80/100|[from] item: Leftovers
|upkeep
|turn|30
|
|t:|1730345030
|switch|p2a: Metagross|Metagross|100/100
|move|p1a: Celebi|Calm Mind|p1a: Celebi
|-boost|p1a: Celebi|spa|1
|-boost|p1a: Celebi|spd|1
|
|-weather|Sandstorm|[upkeep]
|-damage|p1a: Celebi|87/100|[from] Sandstorm
|-heal|p1a: Celebi|93/100|[from] item: Leftovers
|upkeep
|turn|31
|
|t:|1730345037
|move|p1a: Celebi|Baton Pass|p1a: Celebi
|
|t:|1730345039
|switch|p1a: Swampert|Swampert, M|85/100|[from] Baton Pass
|move|p2a: Metagross|Earthquake|p1a: Swampert
|-damage|p1a: Swampert|58/100
|
|-weather|Sandstorm|[upkeep]
|-heal|p1a: Swampert|64/100|[from] item: Leftovers
|upkeep
|turn|32
|
|t:|1730345042
|move|p1a: Swampert|Ice Beam|p2a: Metagross
|-resisted|p2a: Metagross
|-damage|p2a: Metagross|82/100
|move|p2a: Metagross|Earthquake|p1a: Swampert
|-damage|p1a: Swampert|35/100
|
|-weather|Sandstorm|[upkeep]
|-heal|p1a: Swampert|41/100|[from] item: Leftovers
|-heal|p2a: Metagross|88/100|[from] item: Leftovers
|upkeep
|turn|33
|
|t:|1730345047
|switch|p2a: Celebi|Celebi|80/100
|move|p1a: Swampert|Ice Beam|p2a: Celebi
|-supereffective|p2a: Celebi
|-damage|p2a: Celebi|26/100
|
|-weather|Sandstorm|[upkeep]
|-damage|p2a: Celebi|20/100|[from] Sandstorm
|-heal|p2a: Celebi|26/100|[from] item: Leftovers
|-heal|p1a: Swampert|47/100|[from] item: Leftovers
|upkeep
|turn|34
|
|t:|1730345062
|switch|p1a: Celebi|Celebi|93/100
|move|p2a: Celebi|Recover|p2a: Celebi
|-heal|p2a: Celebi|76/100
|
|-weather|Sandstorm|[upkeep]
|-damage|p1a: Celebi|87/100|[from] Sandstorm
|-damage|p2a: Celebi|70/100|[from] Sandstorm
|-heal|p1a: Celebi|93/100|[from] item: Leftovers
|-heal|p2a: Celebi|76/100|[from] item: Leftovers
|upkeep
|turn|35
|
|t:|1730345068
|switch|p2a: Metagross|Metagross|88/100
|move|p1a: Celebi|Baton Pass|p1a: Celebi
|
|t:|1730345070
|switch|p1a: Charizard|Charizard, M|63/100|[from] Baton Pass
|
|-weather|Sandstorm|[upkeep]
|-damage|p1a: Charizard|57/100|[from] Sandstorm
|-heal|p1a: Charizard|63/100|[from] item: Leftovers
|-heal|p2a: Metagross|94/100|[from] item: Leftovers
|upkeep
|turn|36
|
|t:|1730345075
|switch|p1a: Celebi|Celebi|93/100
|move|p2a: Metagross|Protect||[still]
|-fail|p2a: Metagross
|
|-weather|Sandstorm|[upkeep]
|-damage|p1a: Celebi|87/100|[from] Sandstorm
|-heal|p1a: Celebi|93/100|[from] item: Leftovers
|-heal|p2a: Metagross|100/100|[from] item: Leftovers
|upkeep
|turn|37
|
|t:|1730345085
|switch|p1a: Swampert|Swampert, M|47/100
|move|p2a: Metagross|Meteor Mash|p1a: Swampert
|-resisted|p1a: Swampert
|-damage|p1a: Swampert|26/100
|
|-weather|Sandstorm|[upkeep]
|-heal|p1a: Swampert|32/100|[from] item: Leftovers
|upkeep
|turn|38
|
|t:|1730345088
|move|p1a: Swampert|Surf|p2a: Metagross
|-damage|p2a: Metagross|49/100
|move|p2a: Metagross|Earthquake|p1a: Swampert
|-damage|p1a: Swampert|5/100
|
|-weather|Sandstorm|[upkeep]
|-heal|p1a: Swampert|11/100|[from] item: Leftovers
|-heal|p2a: Metagross|55/100|[from] item: Leftovers
|upkeep
|turn|39
|
|t:|1730345093
|switch|p2a: Celebi|Celebi|76/100
|move|p1a: Swampert|Surf|p2a: Celebi
|-resisted|p2a: Celebi
|-damage|p2a: Celebi|56/100
|
|-weather|Sandstorm|[upkeep]
|-damage|p2a: Celebi|50/100|[from] Sandstorm
|-heal|p2a: Celebi|56/100|[from] item: Leftovers
|-heal|p1a: Swampert|17/100|[from] item: Leftovers
|upkeep
|turn|40
|
|t:|1730345099
|switch|p1a: Celebi|Celebi|93/100
|move|p2a: Celebi|Psychic|p1a: Celebi
|-resisted|p1a: Celebi
|-damage|p1a: Celebi|79/100
|
|-weather|Sandstorm|[upkeep]
|-damage|p1a: Celebi|73/100|[from] Sandstorm
|-damage|p2a: Celebi|50/100|[from] Sandstorm
|-heal|p1a: Celebi|79/100|[from] item: Leftovers
|-heal|p2a: Celebi|56/100|[from] item: Leftovers
|upkeep
|turn|41
|
|t:|1730345106
|switch|p2a: Metagross|Metagross|55/100
|move|p1a: Celebi|Calm Mind|p1a: Celebi
|-boost|p1a: Celebi|spa|1
|-boost|p1a: Celebi|spd|1
|
|-weather|Sandstorm|[upkeep]
|-damage|p1a: Celebi|73/100|[from] Sandstorm
|-heal|p1a: Celebi|79/100|[from] item: Leftovers
|-heal|p2a: Metagross|61/100|[from] item: Leftovers
|upkeep
|turn|42
|
|t:|1730345110
|move|p1a: Celebi|Baton Pass|p1a: Celebi
|
|t:|1730345111
|switch|p1a: Charizard|Charizard, M|63/100|[from] Baton Pass
|move|p2a: Metagross|Meteor Mash|p1a: Charizard
|-resisted|p1a: Charizard
|-damage|p1a: Charizard|25/100
|
|-weather|Sandstorm|[upkeep]
|-damage|p1a: Charizard|19/100|[from] Sandstorm
|-heal|p1a: Charizard|25/100|[from] item: Leftovers
|-heal|p2a: Metagross|67/100|[from] item: Leftovers
|upkeep
|turn|43
|
|t:|1730345116
|move|p2a: Metagross|Protect|p2a: Metagross
|-singleturn|p2a: Metagross|Protect
|move|p1a: Charizard|Fire Blast|p2a: Metagross
|-activate|p2a: Metagross|Protect
|
|-weather|Sandstorm|[upkeep]
|-damage|p1a: Charizard|19/100|[from] Sandstorm
|-heal|p1a: Charizard|25/100|[from] item: Leftovers
|-heal|p2a: Metagross|73/100|[from] item: Leftovers
|upkeep
|turn|44
|
|t:|1730345119
|switch|p2a: Tyranitar|Tyranitar, M|36/100
|move|p1a: Charizard|Fire Blast|p2a: Tyranitar
|-resisted|p2a: Tyranitar
|-damage|p2a: Tyranitar|0 fnt
|faint|p2a: Tyranitar
|
|t:|1730345120
|switch|p2a: Salamence|Salamence, M|100/100
|-ability|p2a: Salamence|Intimidate|boost
|-unboost|p1a: Charizard|atk|1
|
|-weather|Sandstorm|[upkeep]
|-damage|p1a: Charizard|19/100|[from] Sandstorm
|-damage|p2a: Salamence|94/100|[from] Sandstorm
|-heal|p1a: Charizard|25/100|[from] item: Leftovers
|-heal|p2a: Salamence|100/100|[from] item: Leftovers
|upkeep
|turn|45
|
|t:|1730345133
|move|p1a: Charizard|Fire Blast|p2a: Salamence
|-resisted|p2a: Salamence
|-damage|p2a: Salamence|32/100
|move|p2a: Salamence|Dragon Claw|p1a: Charizard
|-damage|p1a: Charizard|1/100
|
|-weather|Sandstorm|[upkeep]
|-damage|p1a: Charizard|0 fnt|[from] Sandstorm
|-damage|p2a: Salamence|26/100|[from] Sandstorm
|faint|p1a: Charizard
|-heal|p2a: Salamence|32/100|[from] item: Leftovers
|upkeep
|
|t:|1730345145
|switch|p1a: Celebi|Celebi|79/100
|turn|46
|
|t:|1730345149
|switch|p2a: Metagross|Metagross|73/100
|move|p1a: Celebi|Calm Mind|p1a: Celebi
|-boost|p1a: Celebi|spa|1
|-boost|p1a: Celebi|spd|1
|
|-weather|Sandstorm|[upkeep]
|-damage|p1a: Celebi|73/100|[from] Sandstorm
|-heal|p1a: Celebi|79/100|[from] item: Leftovers
|-heal|p2a: Metagross|79/100|[from] item: Leftovers
|upkeep
|turn|47
|
|t:|1730345166
|move|p1a: Celebi|Baton Pass|p1a: Celebi
|
|t:|1730345167
|switch|p1a: Zapdos|Zapdos|50/100|[from] Baton Pass
|move|p2a: Metagross|Meteor Mash|p1a: Zapdos
|-resisted|p1a: Zapdos
|-damage|p1a: Zapdos|22/100
|
|-weather|Sandstorm|[upkeep]
|-damage|p1a: Zapdos|16/100|[from] Sandstorm
|-heal|p2a: Metagross|85/100|[from] item: Leftovers
|upkeep
|turn|48
|
|t:|1730345175
|move|p2a: Metagross|Protect|p2a: Metagross
|-singleturn|p2a: Metagross|Protect
|move|p1a: Zapdos|Thunderbolt|p2a: Metagross
|-activate|p2a: Metagross|Protect
|
|-weather|Sandstorm|[upkeep]
|-damage|p1a: Zapdos|10/100|[from] Sandstorm
|-heal|p2a: Metagross|91/100|[from] item: Leftovers
|upkeep
|turn|49
|
|t:|1730345184
|move|p1a: Zapdos|Thunderbolt|p2a: Metagross
|-damage|p2a: Metagross|19/100
|move|p2a: Metagross|Meteor Mash|p1a: Zapdos
|-resisted|p1a: Zapdos
|-damage|p1a: Zapdos|0 fnt
|faint|p1a: Zapdos
|
|t:|1730345190
|switch|p1a: Swampert|Swampert, M|17/100
|
|-weather|Sandstorm|[upkeep]
|-heal|p1a: Swampert|24/100|[from] item: Leftovers
|-heal|p2a: Metagross|25/100|[from] item: Leftovers
|upkeep
|turn|50
|
|t:|1730345195
|switch|p2a: Celebi|Celebi|56/100
|move|p1a: Swampert|Surf|p2a: Celebi
|-resisted|p2a: Celebi
|-damage|p2a: Celebi|37/100
|
|-weather|Sandstorm|[upkeep]
|-damage|p2a: Celebi|31/100|[from] Sandstorm
|-heal|p2a: Celebi|37/100|[from] item: Leftovers
|-heal|p1a: Swampert|30/100|[from] item: Leftovers
|upkeep
|turn|51
|
|t:|1730345201
|move|p2a: Celebi|Recover|p2a: Celebi
|-heal|p2a: Celebi|87/100
|move|p1a: Swampert|Ice Beam|p2a: Celebi
|-supereffective|p2a: Celebi
|-damage|p2a: Celebi|50/100
|
|-weather|Sandstorm|[upkeep]
|-damage|p2a: Celebi|44/100|[from] Sandstorm
|-heal|p2a: Celebi|50/100|[from] item: Leftovers
|-heal|p1a: Swampert|36/100|[from] item: Leftovers
|upkeep
|turn|52
|
|t:|1730345206
|switch|p1a: Celebi|Celebi|79/100
|move|p2a: Celebi|Recover|p2a: Celebi
|-heal|p2a: Celebi|99/100
|
|-weather|Sandstorm|[upkeep]
|-damage|p1a: Celebi|73/100|[from] Sandstorm
|-damage|p2a: Celebi|94/100|[from] Sandstorm
|-heal|p1a: Celebi|79/100|[from] item: Leftovers
|-heal|p2a: Celebi|99/100|[from] item: Leftovers
|upkeep
|turn|53
|
|t:|1730345212
|switch|p2a: Metagross|Metagross|25/100
|move|p1a: Celebi|Baton Pass|p1a: Celebi
|
|t:|1730345213
|switch|p1a: Swampert|Swampert, M|36/100|[from] Baton Pass
|
|-weather|Sandstorm|[upkeep]
|-heal|p1a: Swampert|42/100|[from] item: Leftovers
|-heal|p2a: Metagross|31/100|[from] item: Leftovers
|upkeep
|turn|54
|
|t:|1730345216
|move|p2a: Metagross|Protect|p2a: Metagross
|-singleturn|p2a: Metagross|Protect
|move|p1a: Swampert|Surf|p2a: Metagross
|-activate|p2a: Metagross|Protect
|
|-weather|Sandstorm|[upkeep]
|-heal|p1a: Swampert|48/100|[from] item: Leftovers
|-heal|p2a: Metagross|37/100|[from] item: Leftovers
|upkeep
|turn|55
|
|t:|1730345224
|switch|p2a: Celebi|Celebi|99/100
|move|p1a: Swampert|Ice Beam|p2a: Celebi
|-supereffective|p2a: Celebi
|-damage|p2a: Celebi|62/100
|
|-weather|Sandstorm|[upkeep]
|-damage|p2a: Celebi|56/100|[from] Sandstorm
|-heal|p2a: Celebi|62/100|[from] item: Leftovers
|-heal|p1a: Swampert|54/100|[from] item: Leftovers
|upkeep
|turn|56
|
|t:|1730345228
|switch|p1a: Celebi|Celebi|79/100
|move|p2a: Celebi|Recover|p2a: Celebi
|-heal|p2a: Celebi|100/100
|
|-weather|Sandstorm|[upkeep]
|-damage|p1a: Celebi|73/100|[from] Sandstorm
|-damage|p2a: Celebi|94/100|[from] Sandstorm
|-heal|p1a: Celebi|79/100|[from] item: Leftovers
|-heal|p2a: Celebi|100/100|[from] item: Leftovers
|upkeep
|turn|57
|
|t:|1730345231
|switch|p2a: Metagross|Metagross|37/100
|move|p1a: Celebi|Calm Mind|p1a: Celebi
|-boost|p1a: Celebi|spa|1
|-boost|p1a: Celebi|spd|1
|
|-weather|Sandstorm|[upkeep]
|-damage|p1a: Celebi|73/100|[from] Sandstorm
|-heal|p1a: Celebi|79/100|[from] item: Leftovers
|-heal|p2a: Metagross|43/100|[from] item: Leftovers
|upkeep
|turn|58
|
|t:|1730345235
|move|p1a: Celebi|Baton Pass|p1a: Celebi
|
|t:|1730345236
|switch|p1a: Swampert|Swampert, M|54/100|[from] Baton Pass
|move|p2a: Metagross|Earthquake|p1a: Swampert
|-damage|p1a: Swampert|26/100
|
|-weather|Sandstorm|[upkeep]
|-heal|p1a: Swampert|32/100|[from] item: Leftovers
|-heal|p2a: Metagross|49/100|[from] item: Leftovers
|upkeep
|turn|59
|
|t:|1730345239
|switch|p2a: Celebi|Celebi|100/100
|move|p1a: Swampert|Substitute|p1a: Swampert
|-start|p1a: Swampert|Substitute
|-damage|p1a: Swampert|7/100
|
|-weather|Sandstorm|[upkeep]
|-damage|p2a: Celebi|94/100|[from] Sandstorm
|-heal|p2a: Celebi|100/100|[from] item: Leftovers
|-heal|p1a: Swampert|13/100|[from] item: Leftovers
|upkeep
|turn|60
|
|t:|1730345243
|move|p2a: Celebi|Hidden Power|p1a: Swampert
|-supereffective|p1a: Swampert
|-end|p1a: Swampert|Substitute
|move|p1a: Swampert|Ice Beam|p2a: Celebi
|-supereffective|p2a: Celebi
|-damage|p2a: Celebi|42/100
|
|-weather|Sandstorm|[upkeep]
|-damage|p2a: Celebi|35/100|[from] Sandstorm
|-heal|p2a: Celebi|42/100|[from] item: Leftovers
|-heal|p1a: Swampert|20/100|[from] item: Leftovers
|upkeep
|turn|61
|
|t:|1730345259
|move|p2a: Celebi|Hidden Power|p1a: Swampert
|-supereffective|p1a: Swampert
|-damage|p1a: Swampert|0 fnt
|faint|p1a: Swampert
|
|t:|1730345265
|switch|p1a: Tyranitar|Tyranitar, M|100/100
|
|-weather|Sandstorm|[upkeep]
|-damage|p2a: Celebi|35/100|[from] Sandstorm
|-heal|p2a: Celebi|42/100|[from] item: Leftovers
|upkeep
|turn|62
|
|t:|1730345269
|move|p2a: Celebi|Leech Seed|p1a: Tyranitar
|-start|p1a: Tyranitar|move: Leech Seed
|move|p1a: Tyranitar|Dragon Dance|p1a: Tyranitar
|-boost|p1a: Tyranitar|atk|1
|-boost|p1a: Tyranitar|spe|1
|
|-weather|Sandstorm|[upkeep]
|-damage|p2a: Celebi|35/100|[from] Sandstorm
|-damage|p1a: Tyranitar|88/100|[from] Leech Seed|[of] p2a: Celebi
|-heal|p2a: Celebi|47/100|[silent]
|-heal|p2a: Celebi|53/100|[from] item: Leftovers
|upkeep
|turn|63
|
|t:|1730345272
|switch|p2a: Salamence|Salamence, M|32/100
|-ability|p2a: Salamence|Intimidate|boost
|-unboost|p1a: Tyranitar|atk|1
|move|p1a: Tyranitar|Rock Slide|p2a: Salamence
|-supereffective|p2a: Salamence
|-damage|p2a: Salamence|0 fnt
|faint|p2a: Salamence
|
|t:|1730345277
|switch|p2a: Metagross|Metagross|49/100
|
|-weather|Sandstorm|[upkeep]
|-heal|p1a: Tyranitar|94/100|[from] item: Leftovers
|-damage|p1a: Tyranitar|82/100|[from] Leech Seed|[of] p2a: Metagross
|-heal|p2a: Metagross|63/100|[silent]
|-heal|p2a: Metagross|69/100|[from] item: Leftovers
|upkeep
|turn|64
|
|t:|1730345280
|move|p1a: Tyranitar|Earthquake|p2a: Metagross
|-supereffective|p2a: Metagross
|-damage|p2a: Metagross|25/100
|move|p2a: Metagross|Meteor Mash|p1a: Tyranitar
|-supereffective|p1a: Tyranitar
|-damage|p1a: Tyranitar|13/100
|
|-weather|Sandstorm|[upkeep]
|-heal|p1a: Tyranitar|19/100|[from] item: Leftovers
|-damage|p1a: Tyranitar|7/100|[from] Leech Seed|[of] p2a: Metagross
|-heal|p2a: Metagross|38/100|[silent]
|-heal|p2a: Metagross|44/100|[from] item: Leftovers
|upkeep
|turn|65
|
|t:|1730345288
|switch|p1a: Celebi|Celebi|79/100
|move|p2a: Metagross|Protect||[still]
|-fail|p2a: Metagross
|
|-weather|Sandstorm|[upkeep]
|-damage|p1a: Celebi|73/100|[from] Sandstorm
|-heal|p1a: Celebi|79/100|[from] item: Leftovers
|-heal|p2a: Metagross|50/100|[from] item: Leftovers
|upkeep
|turn|66
|
|t:|1730345291
|move|p1a: Celebi|Calm Mind|p1a: Celebi
|-boost|p1a: Celebi|spa|1
|-boost|p1a: Celebi|spd|1
|move|p2a: Metagross|Meteor Mash|p1a: Celebi
|-damage|p1a: Celebi|43/100
|
|-weather|Sandstorm|[upkeep]
|-damage|p1a: Celebi|37/100|[from] Sandstorm
|-heal|p1a: Celebi|43/100|[from] item: Leftovers
|-heal|p2a: Metagross|57/100|[from] item: Leftovers
|upkeep
|turn|67
|
|t:|1730345295
|move|p1a: Celebi|Giga Drain|p2a: Metagross
|-resisted|p2a: Metagross
|-damage|p2a: Metagross|41/100
|-heal|p1a: Celebi|50/100|[from] drain|[of] p2a: Metagross
|move|p2a: Metagross|Meteor Mash|p1a: Celebi
|-damage|p1a: Celebi|14/100
|-boost|p2a: Metagross|atk|1
|
|-weather|Sandstorm|[upkeep]
|-damage|p1a: Celebi|8/100|[from] Sandstorm
|-heal|p1a: Celebi|14/100|[from] item: Leftovers
|-heal|p2a: Metagross|47/100|[from] item: Leftovers
|upkeep
|turn|68
|
|t:|1730345300
|move|p1a: Celebi|Giga Drain|p2a: Metagross
|-resisted|p2a: Metagross
|-damage|p2a: Metagross|32/100
|-heal|p1a: Celebi|21/100|[from] drain|[of] p2a: Metagross
|move|p2a: Metagross|Earthquake|p1a: Celebi
|-resisted|p1a: Celebi
|-damage|p1a: Celebi|3/100
|
|-weather|Sandstorm|[upkeep]
|-damage|p1a: Celebi|0 fnt|[from] Sandstorm
|faint|p1a: Celebi
|-heal|p2a: Metagross|38/100|[from] item: Leftovers
|upkeep
|
|t:|1730345302
|switch|p1a: Tyranitar|Tyranitar, M|7/100
|turn|69
|
|t:|1730345304
|move|p1a: Tyranitar|Earthquake|p2a: Metagross
|-supereffective|p2a: Metagross
|-damage|p2a: Metagross|0 fnt
|faint|p2a: Metagross
|
|t:|1730345306
|switch|p2a: Celebi|Celebi|53/100
|
|-weather|Sandstorm|[upkeep]
|-damage|p2a: Celebi|47/100|[from] Sandstorm
|-heal|p2a: Celebi|53/100|[from] item: Leftovers
|-heal|p1a: Tyranitar|13/100|[from] item: Leftovers
|upkeep
|turn|70
|c|☆Oskari SOSA|gg
|
|t:|1730345310
|move|p2a: Celebi|Hidden Power|p1a: Tyranitar
|-supereffective|p1a: Tyranitar
|-damage|p1a: Tyranitar|0 fnt
|faint|p1a: Tyranitar
|
|win|Oskari SOSA
|c|☆3 blades|Gg
|player|p1|
|player|p1|3 blades|guzma|
|player|p1|

</script>
<script type="application/json" class="data" id="replaydata-smogtours-gen3ou-803555">
{"id":"smogtours-gen3ou-803555","format":"[Gen 3] OU","players":["3 blades","Oskari SOSA"],"uploadtime":1730345310,"views":70,"formatid":"gen3ou","rating":null,"private":0,"password":null}
</script>

<script defer src="js/replays.js?9d40a366"></script>
