<!DOCTYPE html>
<meta charset="utf-8" />
<meta name="viewport" content="width=device-width" />

<title>[Gen 3] OU: Group PD vs. bigyunakafan - Replays - Pok&eacute;mon Showdown!</title>

<meta name="description" content="Watch a replay of a Pok&eacute;mon battle between Group PD and bigyunakafan! Format: [Gen 3] OU; Date: Oct 8, 2024" />
<!--

Hey, you! Looking in the source for the replay log?

You can find them in JSON format, just add `.json` at the end of a replay URL.

https://replay.pokemonshowdown.com/gen7randomdoublesbattle-865046831.json

Or, if you only need the log itself, add `.log` instead:

https://replay.pokemonshowdown.com/gen7randomdoublesbattle-865046831.log

-->

<link rel="stylesheet" href="//pokemonshowdown.com/style/global.css?0.023195364461161105" />
<link rel="stylesheet" href="//play.pokemonshowdown.com/style/font-awesome.css?0.13261647063804238" />
<link rel="stylesheet" href="//play.pokemonshowdown.com/style/battle.css?0.8753245789963631" />
<link rel="stylesheet" href="//play.pokemonshowdown.com/style/utilichart.css?0.8627959624976733" />

<!-- Global site tag (gtag.js) - Google Analytics -->
<script async src="https://www.googletagmanager.com/gtag/js?id=UA-26211653-1"></script>
<script>
  window.dataLayer = window.dataLayer || [];
  function gtag(){dataLayer.push(arguments);}
  gtag('js', new Date());

  gtag('config', 'UA-26211653-1');
</script>
<!-- End Google Analytics -->
<!-- Venatus Ad Manager - Install in <HEAD> of page -->
	<script src="https://hb.vntsm.com/v3/live/ad-manager.min.js" type="text/javascript" data-site-id="642aba63ec9a7b11c3c9c1be" data-mode="scan" async></script>
<!-- / Venatus Ad Manager -->

<style>
	@media (max-width:820px) {
		.battle {
			margin: 0 auto;
		}
		.battle-log {
			margin: 7px auto 0;
			max-width: 640px;
			height: 300px;
			position: static;
		}
	}
	.optgroup {
		display: inline-block;
		line-height: 22px;
		font-size: 10pt;
	}
	.optgroup .button {
		height: 25px;
		padding-top: 0;
		padding-bottom: 0;
	}
	.optgroup button.button {
		padding-left: 12px;
		padding-right: 12px;
	}
	.linklist {
		list-style: none;
		margin: 0.5em 0;
		padding: 0;
	}
	.linklist li {
		padding: 2px 0;
	}
	.sidebar {
		float: left;
		width: 320px;
	}
	.bar-wrapper {
		max-width: 1100px;
		margin: 0 auto;
	}
	.bar-wrapper.has-sidebar {
		max-width: 1430px;
	}
	.mainbar {
		margin: 0;
		padding-right: 1px;
	}
	.mainbar.has-sidebar {
		margin-left: 330px;
	}
	@media (min-width: 1511px) {
		.sidebar {
			width: 400px;
		}
		.bar-wrapper.has-sidebar {
			max-width: 1510px;
		}
		.mainbar.has-sidebar {
			margin-left: 410px;
		}
	}
	.section.first-section {
		margin-top: 9px;
	}
	.blocklink small {
		white-space: normal;
	}
	.button {
		vertical-align: middle;
	}
	.replay-controls {
		padding-top: 10px;
	}
	.replay-controls h1 {
		font-size: 16pt;
		font-weight: normal;
		color: #CCC;
	}
	.pagelink {
		text-align: center;
	}
	.pagelink a {
		width: 150px;
	}
	.textbox, .button {
		font-size: 11pt;
		vertical-align: middle;
	}
	@media (max-width: 450px) {
		.button {
			font-size: 9pt;
		}
	}
</style>

<div>

	<header>
		<div class="nav-wrapper"><ul class="nav">
			<li><a class="button nav-first" href="//pokemonshowdown.com/"><img src="//pokemonshowdown.com/images/pokemonshowdownbeta.png" srcset="//pokemonshowdown.com/images/pokemonshowdownbeta.png 1x, //pokemonshowdown.com/images/pokemonshowdownbeta@2x.png 2x" alt="Pok&eacute;mon Showdown" width="146" height="44" /> Home</a></li>
			<li><a class="button" href="//pokemonshowdown.com/dex/">Pok&eacute;dex</a></li>
			<li><a class="button cur" href="/">Replays</a></li>
			<li><a class="button" href="//pokemonshowdown.com/ladder/">Ladder</a></li>
			<li><a class="button nav-last" href="//pokemonshowdown.com/forums/">Forum</a></li>
			<li><a class="button greenbutton nav-first nav-last" href="//play.pokemonshowdown.com/">Play</a></li>
		</ul></div>
	</header>

	<div class="main" id="main">

		<noscript><section class="section">You need to enable JavaScript to use this page; sorry!</section></noscript>

	</div>

</div>

<script defer nomodule src="//play.pokemonshowdown.com/js/lib/ps-polyfill.js"></script>
<script defer src="//play.pokemonshowdown.com/js/lib/preact.min.js"></script>

<script defer src="//play.pokemonshowdown.com/config/config.js?2bddbc15"></script>
<script defer src="//play.pokemonshowdown.com/js/lib/jquery-1.11.0.min.js"></script>
<script defer src="//play.pokemonshowdown.com/js/lib/html-sanitizer-minified.js"></script>
<script defer src="//play.pokemonshowdown.com/js/battle-sound.js"></script>
<script defer src="//play.pokemonshowdown.com/js/battledata.js?0.7209276989879541"></script>
<script defer src="//play.pokemonshowdown.com/data/pokedex-mini.js?0.6111056340867951"></script>
<script defer src="//play.pokemonshowdown.com/data/pokedex-mini-bw.js?0.3532142036491459"></script>
<script defer src="//play.pokemonshowdown.com/data/graphics.js?0.24223875632456182"></script>
<script defer src="//play.pokemonshowdown.com/data/pokedex.js?0.38839984266356864"></script>
<script defer src="//play.pokemonshowdown.com/data/moves.js?0.21866028504024015"></script>
<script defer src="//play.pokemonshowdown.com/data/abilities.js?0.2005157953846628"></script>
<script defer src="//play.pokemonshowdown.com/data/items.js?0.9894211263848525"></script>
<script defer src="//play.pokemonshowdown.com/data/teambuilder-tables.js?0.6008791140282215"></script>
<script defer src="//play.pokemonshowdown.com/js/battle-tooltips.js?0.7580118955022959"></script>
<script defer src="//play.pokemonshowdown.com/js/battle.js?0.6057722274234274"></script>

<script defer src="js/utils.js?e31f9a17"></script>
<script defer src="js/replays-battle.js?7008c182"></script>

<!-- don't scrape this data! just add .json or .log after the URL!
Full API docs: https://github.com/smogon/pokemon-showdown-client/blob/master/WEB-API.md -->
<script type="text/plain" class="log" id="replaylog-smogtours-gen3ou-796446">
|inactive|Battle timer is ON: inactive players will automatically lose when time's up.
|t:|1728414498
|gametype|singles
|player|p1|Group PD|169|
|player|p2|bigyunakafan|101|
|teamsize|p1|6
|teamsize|p2|6
|gen|3
|tier|[Gen 3] OU
|rule|Sleep Clause Mod: Limit one foe put to sleep
|rule|Switch Priority Clause Mod: Faster Pokémon switch first
|rule|Species Clause: Limit one of each Pokémon
|rule|OHKO Clause: OHKO moves are banned
|rule|Evasion Items Clause: Evasion items are banned
|rule|Evasion Moves Clause: Evasion moves are banned
|rule|Endless Battle Clause: Forcing endless battles is banned
|rule|HP Percentage Mod: HP is shown in percentages
|rule|One Boost Passer Clause: Limit one Baton Passer that has a way to boost its stats
|rule|Freeze Clause Mod: Limit one foe frozen
|
|t:|1728414498
|start
|switch|p1a: Zapdos|Zapdos|100/100
|switch|p2a: Zapdos|Zapdos|100/100
|turn|1
|
|t:|1728414511
|move|p2a: Zapdos|Thunderbolt|p1a: Zapdos
|-damage|p1a: Zapdos|43/100
|move|p1a: Zapdos|Thunderbolt|p2a: Zapdos
|-damage|p2a: Zapdos|41/100
|
|-heal|p1a: Zapdos|50/100|[from] item: Leftovers
|-heal|p2a: Zapdos|47/100|[from] item: Leftovers
|upkeep
|turn|2
|
|t:|1728414518
|switch|p1a: Snorlax|Snorlax, M|100/100
|move|p2a: Zapdos|Thunderbolt|p1a: Snorlax
|-damage|p1a: Snorlax|72/100
|-status|p1a: Snorlax|par
|
|-heal|p2a: Zapdos|54/100|[from] item: Leftovers
|-heal|p1a: Snorlax|78/100 par|[from] item: Leftovers
|upkeep
|turn|3
|
|t:|1728414527
|switch|p2a: AUSLove|Gengar, F|100/100
|move|p1a: Snorlax|Shadow Ball|p2a: AUSLove
|-supereffective|p2a: AUSLove
|-damage|p2a: AUSLove|25/100
|-unboost|p2a: AUSLove|spd|1
|
|-heal|p2a: AUSLove|31/100|[from] item: Leftovers
|-heal|p1a: Snorlax|84/100 par|[from] item: Leftovers
|upkeep
|turn|4
|
|t:|1728414535
|switch|p2a: Forretress|Forretress, M|100/100
|move|p1a: Snorlax|Shadow Ball|p2a: Forretress
|-resisted|p2a: Forretress
|-damage|p2a: Forretress|92/100
|
|-heal|p2a: Forretress|98/100|[from] item: Leftovers
|-heal|p1a: Snorlax|90/100 par|[from] item: Leftovers
|upkeep
|turn|5
|
|t:|1728414543
|switch|p1a: Charizard|Charizard, F|100/100
|move|p2a: Forretress|Earthquake|p1a: Charizard
|-immune|p1a: Charizard
|
|-heal|p2a: Forretress|100/100|[from] item: Leftovers
|upkeep
|turn|6
|
|t:|1728414550
|switch|p2a: Hariyama|Hariyama, F|100/100
|move|p1a: Charizard|Fire Blast|p2a: Hariyama
|-damage|p2a: Hariyama|57/100
|
|-heal|p2a: Hariyama|64/100|[from] item: Leftovers
|upkeep
|turn|7
|
|t:|1728414558
|switch|p1a: Swampert|Swampert, M|100/100
|move|p2a: Hariyama|Whirlwind|p1a: Swampert
|drag|p1a: Zapdos|Zapdos|50/100
|
|-heal|p1a: Zapdos|56/100|[from] item: Leftovers
|-heal|p2a: Hariyama|70/100|[from] item: Leftovers
|upkeep
|turn|8
|
|t:|1728414566
|switch|p2a: AUSLove|Gengar, F|31/100
|move|p1a: Zapdos|Baton Pass|p1a: Zapdos
|
|t:|1728414579
|switch|p1a: Metagross|Metagross|100/100|[from] Baton Pass
|
|-heal|p2a: AUSLove|38/100|[from] item: Leftovers
|upkeep
|turn|9
|
|t:|1728414585
|move|p2a: AUSLove|Will-O-Wisp|p1a: Metagross
|-status|p1a: Metagross|brn
|move|p1a: Metagross|Psychic|p2a: AUSLove
|-supereffective|p2a: AUSLove
|-damage|p2a: AUSLove|0 fnt
|faint|p2a: AUSLove
|
|t:|1728414591
|switch|p2a: Forretress|Forretress, M|100/100
|
|-damage|p1a: Metagross|88/100 brn|[from] brn
|upkeep
|turn|10
|
|t:|1728414594
|move|p1a: Metagross|Hidden Power|p2a: Forretress
|-supereffective|p2a: Forretress
|-damage|p2a: Forretress|23/100
|move|p2a: Forretress|Spikes|p1a: Metagross
|-sidestart|p1: Group PD|Spikes
|
|-heal|p1a: Metagross|94/100 brn|[from] item: Leftovers
|-damage|p1a: Metagross|82/100 brn|[from] brn
|-heal|p2a: Forretress|29/100|[from] item: Leftovers
|upkeep
|turn|11
|
|t:|1728414607
|switch|p2a: Hariyama|Hariyama, F|70/100
|move|p1a: Metagross|Hidden Power|p2a: Hariyama
|-damage|p2a: Hariyama|53/100
|
|-heal|p1a: Metagross|88/100 brn|[from] item: Leftovers
|-damage|p1a: Metagross|76/100 brn|[from] brn
|-heal|p2a: Hariyama|59/100|[from] item: Leftovers
|upkeep
|turn|12
|
|t:|1728414611
|move|p1a: Metagross|Psychic|p2a: Hariyama
|-supereffective|p2a: Hariyama
|-damage|p2a: Hariyama|2/100
|move|p2a: Hariyama|Rest|p2a: Hariyama
|-status|p2a: Hariyama|slp|[from] move: Rest
|-heal|p2a: Hariyama|100/100 slp|[silent]
|
|-heal|p1a: Metagross|82/100 brn|[from] item: Leftovers
|-damage|p1a: Metagross|69/100 brn|[from] brn
|upkeep
|turn|13
|
|t:|1728414616
|switch|p1a: Zapdos|Zapdos|56/100
|cant|p2a: Hariyama|slp
|move|p2a: Hariyama|Sleep Talk|p2a: Hariyama
|move|p2a: Hariyama|Rest|p2a: Hariyama|[from]Sleep Talk
|
|-heal|p1a: Zapdos|62/100|[from] item: Leftovers
|upkeep
|turn|14
|
|t:|1728414627
|move|p1a: Zapdos|Thunderbolt|p2a: Hariyama
|-damage|p2a: Hariyama|66/100 slp
|cant|p2a: Hariyama|slp
|move|p2a: Hariyama|Sleep Talk|p2a: Hariyama
|move|p2a: Hariyama|Whirlwind|p1a: Zapdos|[from]Sleep Talk
|drag|p1a: Breloom|Breloom, M|100/100
|-damage|p1a: Breloom|88/100|[from] Spikes
|
|-heal|p1a: Breloom|94/100|[from] item: Leftovers
|-heal|p2a: Hariyama|72/100 slp|[from] item: Leftovers
|upkeep
|turn|15
|
|t:|1728414644
|move|p1a: Breloom|Sky Uppercut|p2a: Hariyama
|-damage|p2a: Hariyama|28/100 slp
|-curestatus|p2a: Hariyama|slp|[msg]
|move|p2a: Hariyama|Rest|p2a: Hariyama
|-status|p2a: Hariyama|slp|[from] move: Rest
|-heal|p2a: Hariyama|100/100 slp|[silent]
|
|-heal|p1a: Breloom|100/100|[from] item: Leftovers
|upkeep
|turn|16
|
|t:|1728414653
|-singleturn|p1a: Breloom|move: Focus Punch
|switch|p2a: Zapdos|Zapdos|54/100
|move|p1a: Breloom|Focus Punch|p2a: Zapdos
|-resisted|p2a: Zapdos
|-damage|p2a: Zapdos|6/100
|
|-heal|p2a: Zapdos|12/100|[from] item: Leftovers
|upkeep
|turn|17
|
|t:|1728414661
|switch|p1a: Snorlax|Snorlax, M|90/100 par
|-damage|p1a: Snorlax|78/100 par|[from] Spikes
|move|p2a: Zapdos|Thunderbolt|p1a: Snorlax
|-damage|p1a: Snorlax|51/100 par
|
|-heal|p2a: Zapdos|18/100|[from] item: Leftovers
|-heal|p1a: Snorlax|58/100 par|[from] item: Leftovers
|upkeep
|turn|18
|
|t:|1728414671
|switch|p2a: Forretress|Forretress, M|29/100
|cant|p1a: Snorlax|par
|
|-heal|p2a: Forretress|36/100|[from] item: Leftovers
|-heal|p1a: Snorlax|64/100 par|[from] item: Leftovers
|upkeep
|turn|19
|
|t:|1728414676
|switch|p1a: Charizard|Charizard, F|100/100
|move|p2a: Forretress|Spikes|p1a: Charizard
|-sidestart|p1: Group PD|Spikes
|
|-heal|p2a: Forretress|42/100|[from] item: Leftovers
|upkeep
|turn|20
|
|t:|1728414689
|move|p1a: Charizard|Fire Blast|p2a: Forretress
|-supereffective|p2a: Forretress
|-damage|p2a: Forretress|0 fnt
|faint|p2a: Forretress
|
|t:|1728414705
|switch|p2a: Zapdos|Zapdos|18/100
|
|-heal|p2a: Zapdos|24/100|[from] item: Leftovers
|upkeep
|turn|21
|
|t:|1728414711
|switch|p1a: Snorlax|Snorlax, M|64/100 par
|-damage|p1a: Snorlax|47/100 par|[from] Spikes
|move|p2a: Zapdos|Thunderbolt|p1a: Snorlax
|-damage|p1a: Snorlax|19/100 par
|
|-heal|p2a: Zapdos|31/100|[from] item: Leftovers
|-heal|p1a: Snorlax|25/100 par|[from] item: Leftovers
|upkeep
|turn|22
|
|t:|1728414714
|move|p2a: Zapdos|Thunderbolt|p1a: Snorlax
|-damage|p1a: Snorlax|0 fnt
|faint|p1a: Snorlax
|
|t:|1728414717
|switch|p1a: Zapdos|Zapdos|62/100
|
|-heal|p1a: Zapdos|68/100|[from] item: Leftovers
|-heal|p2a: Zapdos|37/100|[from] item: Leftovers
|upkeep
|turn|23
|
|t:|1728414721
|switch|p2a: Dugtrio|Dugtrio, M|100/100
|move|p1a: Zapdos|Thunderbolt|p2a: Dugtrio
|-immune|p2a: Dugtrio
|
|-heal|p1a: Zapdos|75/100|[from] item: Leftovers
|upkeep
|turn|24
|
|t:|1728414729
|switch|p1a: Swampert|Swampert, M|100/100
|-damage|p1a: Swampert|84/100|[from] Spikes
|move|p2a: Dugtrio|Rock Slide|p1a: Swampert|[miss]
|-miss|p2a: Dugtrio|p1a: Swampert
|
|-heal|p1a: Swampert|90/100|[from] item: Leftovers
|upkeep
|turn|25
|
|t:|1728414735
|switch|p2a: Hariyama|Hariyama, F|100/100 slp
|move|p1a: Swampert|Ice Beam|p2a: Hariyama
|-damage|p2a: Hariyama|79/100 slp
|
|-heal|p1a: Swampert|96/100|[from] item: Leftovers
|-heal|p2a: Hariyama|85/100 slp|[from] item: Leftovers
|upkeep
|turn|26
|
|t:|1728414740
|move|p1a: Swampert|Earthquake|p2a: Hariyama
|-damage|p2a: Hariyama|49/100 slp
|cant|p2a: Hariyama|slp
|move|p2a: Hariyama|Sleep Talk|p2a: Hariyama
|move|p2a: Hariyama|Cross Chop|p1a: Swampert|[from]Sleep Talk
|-damage|p1a: Swampert|26/100
|
|-heal|p1a: Swampert|32/100|[from] item: Leftovers
|-heal|p2a: Hariyama|55/100 slp|[from] item: Leftovers
|upkeep
|turn|27
|
|t:|1728414745
|move|p1a: Swampert|Hydro Pump|p2a: Hariyama|[miss]
|-miss|p1a: Swampert|p2a: Hariyama
|cant|p2a: Hariyama|slp
|move|p2a: Hariyama|Sleep Talk|p2a: Hariyama
|move|p2a: Hariyama|Whirlwind|p1a: Swampert|[from]Sleep Talk
|drag|p1a: Charizard|Charizard, F|100/100
|
|-heal|p2a: Hariyama|61/100 slp|[from] item: Leftovers
|upkeep
|turn|28
|
|t:|1728414750
|-singleturn|p1a: Charizard|move: Focus Punch
|-curestatus|p2a: Hariyama|slp|[msg]
|move|p2a: Hariyama|Rest|p2a: Hariyama
|-status|p2a: Hariyama|slp|[from] move: Rest
|-heal|p2a: Hariyama|100/100 slp|[silent]
|move|p1a: Charizard|Focus Punch|p2a: Hariyama
|-damage|p2a: Hariyama|70/100 slp
|
|-heal|p2a: Hariyama|76/100 slp|[from] item: Leftovers
|upkeep
|turn|29
|
|t:|1728414755
|move|p1a: Charizard|Fire Blast|p2a: Hariyama
|-damage|p2a: Hariyama|37/100 slp
|cant|p2a: Hariyama|slp
|move|p2a: Hariyama|Sleep Talk|p2a: Hariyama
|move|p2a: Hariyama|Cross Chop|p1a: Charizard|[from]Sleep Talk
|-resisted|p1a: Charizard
|-damage|p1a: Charizard|57/100
|
|-heal|p1a: Charizard|63/100|[from] item: Leftovers
|-heal|p2a: Hariyama|43/100 slp|[from] item: Leftovers
|upkeep
|turn|30
|
|t:|1728414777
|move|p1a: Charizard|Dragon Claw|p2a: Hariyama
|-damage|p2a: Hariyama|26/100 slp
|cant|p2a: Hariyama|slp
|move|p2a: Hariyama|Sleep Talk|p2a: Hariyama
|move|p2a: Hariyama|Whirlwind|p1a: Charizard|[from]Sleep Talk
|drag|p1a: Breloom|Breloom, M|100/100
|-damage|p1a: Breloom|84/100|[from] Spikes
|
|-heal|p1a: Breloom|90/100|[from] item: Leftovers
|-heal|p2a: Hariyama|32/100 slp|[from] item: Leftovers
|upkeep
|turn|31
|
|t:|1728414789
|move|p1a: Breloom|Sky Uppercut|p2a: Hariyama
|-damage|p2a: Hariyama|0 fnt
|faint|p2a: Hariyama
|inactive|bigyunakafan has 270 seconds left.
|
|t:|1728414813
|switch|p2a: Dugtrio|Dugtrio, M|100/100
|
|-heal|p1a: Breloom|96/100|[from] item: Leftovers
|upkeep
|turn|32
|
|t:|1728414819
|move|p2a: Dugtrio|Aerial Ace|p1a: Breloom
|-supereffective|p1a: Breloom
|-damage|p1a: Breloom|0 fnt
|faint|p1a: Breloom
|
|t:|1728414825
|switch|p1a: Zapdos|Zapdos|75/100
|
|-heal|p1a: Zapdos|81/100|[from] item: Leftovers
|upkeep
|turn|33
|
|t:|1728414829
|move|p2a: Dugtrio|Aerial Ace|p1a: Zapdos
|-resisted|p1a: Zapdos
|-damage|p1a: Zapdos|68/100
|move|p1a: Zapdos|Thunderbolt|p2a: Dugtrio
|-immune|p2a: Dugtrio
|
|-heal|p1a: Zapdos|75/100|[from] item: Leftovers
|upkeep
|turn|34
|
|t:|1728414834
|move|p2a: Dugtrio|Aerial Ace|p1a: Zapdos
|-resisted|p1a: Zapdos
|-damage|p1a: Zapdos|62/100
|move|p1a: Zapdos|Hidden Power|p2a: Dugtrio
|-supereffective|p2a: Dugtrio
|-damage|p2a: Dugtrio|0 fnt
|faint|p2a: Dugtrio
|
|t:|1728414862
|switch|p2a: Aerodactyl|Aerodactyl, F|100/100
|
|-heal|p1a: Zapdos|68/100|[from] item: Leftovers
|upkeep
|turn|35
|
|t:|1728414873
|move|p2a: Aerodactyl|Rock Slide|p1a: Zapdos
|-supereffective|p1a: Zapdos
|-damage|p1a: Zapdos|0 fnt
|faint|p1a: Zapdos
|
|t:|1728414878
|switch|p1a: Swampert|Swampert, M|32/100
|-damage|p1a: Swampert|15/100|[from] Spikes
|
|-heal|p1a: Swampert|22/100|[from] item: Leftovers
|upkeep
|turn|36
|
|t:|1728414881
|move|p2a: Aerodactyl|Rock Slide|p1a: Swampert
|-resisted|p1a: Swampert
|-damage|p1a: Swampert|0 fnt
|faint|p1a: Swampert
|
|t:|1728414886
|switch|p1a: Metagross|Metagross|69/100 brn
|-damage|p1a: Metagross|53/100 brn|[from] Spikes
|
|-heal|p1a: Metagross|59/100 brn|[from] item: Leftovers
|-damage|p1a: Metagross|46/100 brn|[from] brn
|upkeep
|turn|37
|
|t:|1728414904
|switch|p2a: Zapdos|Zapdos|37/100
|move|p1a: Metagross|Meteor Mash|p2a: Zapdos
|-resisted|p2a: Zapdos
|-damage|p2a: Zapdos|24/100
|
|-heal|p2a: Zapdos|30/100|[from] item: Leftovers
|-heal|p1a: Metagross|52/100 brn|[from] item: Leftovers
|-damage|p1a: Metagross|40/100 brn|[from] brn
|upkeep
|turn|38
|
|t:|1728414910
|move|p2a: Zapdos|Thunderbolt|p1a: Metagross
|-crit|p1a: Metagross
|-damage|p1a: Metagross|0 fnt
|faint|p1a: Metagross
|
|t:|1728414911
|switch|p1a: Charizard|Charizard, F|63/100
|
|-heal|p1a: Charizard|69/100|[from] item: Leftovers
|-heal|p2a: Zapdos|37/100|[from] item: Leftovers
|upkeep
|turn|39
|
|t:|1728414914
|move|p1a: Charizard|Fire Blast|p2a: Zapdos
|-damage|p2a: Zapdos|0 fnt
|faint|p2a: Zapdos
|
|t:|1728414916
|switch|p2a: Aerodactyl|Aerodactyl, F|100/100
|
|-heal|p1a: Charizard|75/100|[from] item: Leftovers
|upkeep
|turn|40
|
|t:|1728414925
|move|p2a: Aerodactyl|Rock Slide|p1a: Charizard
|-supereffective|p1a: Charizard
|-damage|p1a: Charizard|0 fnt
|faint|p1a: Charizard
|
|win|bigyunakafan

</script>
<script type="application/json" class="data" id="replaydata-smogtours-gen3ou-796446">
{"id":"smogtours-gen3ou-796446","format":"[Gen 3] OU","players":["Group PD","bigyunakafan"],"uploadtime":1728414925,"views":88,"formatid":"gen3ou","rating":null,"private":0,"password":null}
</script>

<script defer src="js/replays.js?9d40a366"></script>
