<!DOCTYPE html>
<meta charset="utf-8" />
<meta name="viewport" content="width=device-width" />

<title>[Gen 3] OU: violet river vs. reshiram660 - Replays - Pok&eacute;mon Showdown!</title>

<meta name="description" content="Watch a replay of a Pok&eacute;mon battle between violet river and reshiram660! Format: [Gen 3] OU; Date: Oct 4, 2024" />
<!--

Hey, you! Looking in the source for the replay log?

You can find them in JSON format, just add `.json` at the end of a replay URL.

https://replay.pokemonshowdown.com/gen7randomdoublesbattle-865046831.json

Or, if you only need the log itself, add `.log` instead:

https://replay.pokemonshowdown.com/gen7randomdoublesbattle-865046831.log

-->

<link rel="stylesheet" href="//pokemonshowdown.com/style/global.css?0.767286132409787" />
<link rel="stylesheet" href="//play.pokemonshowdown.com/style/font-awesome.css?0.9266228007934947" />
<link rel="stylesheet" href="//play.pokemonshowdown.com/style/battle.css?0.7924700842790926" />
<link rel="stylesheet" href="//play.pokemonshowdown.com/style/utilichart.css?0.8777417872839479" />

<!-- Global site tag (gtag.js) - Google Analytics -->
<script async src="https://www.googletagmanager.com/gtag/js?id=UA-26211653-1"></script>
<script>
  window.dataLayer = window.dataLayer || [];
  function gtag(){dataLayer.push(arguments);}
  gtag('js', new Date());

  gtag('config', 'UA-26211653-1');
</script>
<!-- End Google Analytics -->
<!-- Venatus Ad Manager - Install in <HEAD> of page -->
	<script src="https://hb.vntsm.com/v3/live/ad-manager.min.js" type="text/javascript" data-site-id="642aba63ec9a7b11c3c9c1be" data-mode="scan" async></script>
<!-- / Venatus Ad Manager -->

<style>
	@media (max-width:820px) {
		.battle {
			margin: 0 auto;
		}
		.battle-log {
			margin: 7px auto 0;
			max-width: 640px;
			height: 300px;
			position: static;
		}
	}
	.optgroup {
		display: inline-block;
		line-height: 22px;
		font-size: 10pt;
	}
	.optgroup .button {
		height: 25px;
		padding-top: 0;
		padding-bottom: 0;
	}
	.optgroup button.button {
		padding-left: 12px;
		padding-right: 12px;
	}
	.linklist {
		list-style: none;
		margin: 0.5em 0;
		padding: 0;
	}
	.linklist li {
		padding: 2px 0;
	}
	.sidebar {
		float: left;
		width: 320px;
	}
	.bar-wrapper {
		max-width: 1100px;
		margin: 0 auto;
	}
	.bar-wrapper.has-sidebar {
		max-width: 1430px;
	}
	.mainbar {
		margin: 0;
		padding-right: 1px;
	}
	.mainbar.has-sidebar {
		margin-left: 330px;
	}
	@media (min-width: 1511px) {
		.sidebar {
			width: 400px;
		}
		.bar-wrapper.has-sidebar {
			max-width: 1510px;
		}
		.mainbar.has-sidebar {
			margin-left: 410px;
		}
	}
	.section.first-section {
		margin-top: 9px;
	}
	.blocklink small {
		white-space: normal;
	}
	.button {
		vertical-align: middle;
	}
	.replay-controls {
		padding-top: 10px;
	}
	.replay-controls h1 {
		font-size: 16pt;
		font-weight: normal;
		color: #CCC;
	}
	.pagelink {
		text-align: center;
	}
	.pagelink a {
		width: 150px;
	}
	.textbox, .button {
		font-size: 11pt;
		vertical-align: middle;
	}
	@media (max-width: 450px) {
		.button {
			font-size: 9pt;
		}
	}
</style>

<div>

	<header>
		<div class="nav-wrapper"><ul class="nav">
			<li><a class="button nav-first" href="//pokemonshowdown.com/"><img src="//pokemonshowdown.com/images/pokemonshowdownbeta.png" srcset="//pokemonshowdown.com/images/pokemonshowdownbeta.png 1x, //pokemonshowdown.com/images/pokemonshowdownbeta@2x.png 2x" alt="Pok&eacute;mon Showdown" width="146" height="44" /> Home</a></li>
			<li><a class="button" href="//pokemonshowdown.com/dex/">Pok&eacute;dex</a></li>
			<li><a class="button cur" href="/">Replays</a></li>
			<li><a class="button" href="//pokemonshowdown.com/ladder/">Ladder</a></li>
			<li><a class="button nav-last" href="//pokemonshowdown.com/forums/">Forum</a></li>
			<li><a class="button greenbutton nav-first nav-last" href="//play.pokemonshowdown.com/">Play</a></li>
		</ul></div>
	</header>

	<div class="main" id="main">

		<noscript><section class="section">You need to enable JavaScript to use this page; sorry!</section></noscript>

	</div>

</div>

<script defer nomodule src="//play.pokemonshowdown.com/js/lib/ps-polyfill.js"></script>
<script defer src="//play.pokemonshowdown.com/js/lib/preact.min.js"></script>

<script defer src="//play.pokemonshowdown.com/config/config.js?6dec07f6"></script>
<script defer src="//play.pokemonshowdown.com/js/lib/jquery-1.11.0.min.js"></script>
<script defer src="//play.pokemonshowdown.com/js/lib/html-sanitizer-minified.js"></script>
<script defer src="//play.pokemonshowdown.com/js/battle-sound.js"></script>
<script defer src="//play.pokemonshowdown.com/js/battledata.js?0.6315294753075389"></script>
<script defer src="//play.pokemonshowdown.com/data/pokedex-mini.js?0.7603743185311358"></script>
<script defer src="//play.pokemonshowdown.com/data/pokedex-mini-bw.js?0.030888842834281283"></script>
<script defer src="//play.pokemonshowdown.com/data/graphics.js?0.05593094747507488"></script>
<script defer src="//play.pokemonshowdown.com/data/pokedex.js?0.47064822249611904"></script>
<script defer src="//play.pokemonshowdown.com/data/moves.js?0.8583693120512459"></script>
<script defer src="//play.pokemonshowdown.com/data/abilities.js?0.16017181182386842"></script>
<script defer src="//play.pokemonshowdown.com/data/items.js?0.4163379185673943"></script>
<script defer src="//play.pokemonshowdown.com/data/teambuilder-tables.js?0.31075597372830477"></script>
<script defer src="//play.pokemonshowdown.com/js/battle-tooltips.js?0.6536193500708172"></script>
<script defer src="//play.pokemonshowdown.com/js/battle.js?0.1916591943277901"></script>

<script defer src="js/utils.js?e31f9a17"></script>
<script defer src="js/replays-battle.js?7008c182"></script>

<!-- don't scrape this data! just add .json or .log after the URL!
Full API docs: https://github.com/smogon/pokemon-showdown-client/blob/master/WEB-API.md -->
<script type="text/plain" class="log" id="replaylog-smogtours-gen3ou-794521">
|inactive|Battle timer is ON: inactive players will automatically lose when time's up.
|t:|1728031545
|gametype|singles
|player|p1|violet river|sonia-masters|
|player|p2|reshiram660|2|
|teamsize|p1|6
|teamsize|p2|6
|gen|3
|tier|[Gen 3] OU
|rule|Sleep Clause Mod: Limit one foe put to sleep
|rule|Switch Priority Clause Mod: Faster Pokémon switch first
|rule|Species Clause: Limit one of each Pokémon
|rule|OHKO Clause: OHKO moves are banned
|rule|Evasion Items Clause: Evasion items are banned
|rule|Evasion Moves Clause: Evasion moves are banned
|rule|Endless Battle Clause: Forcing endless battles is banned
|rule|HP Percentage Mod: HP is shown in percentages
|rule|One Boost Passer Clause: Limit one Baton Passer that has a way to boost its stats
|rule|Freeze Clause Mod: Limit one foe frozen
|
|t:|1728031545
|start
|switch|p1a: Soulwind Slayer|Registeel|100/100
|switch|p2a: Titanas|Tyranitar, M|100/100
|-weather|Sandstorm|[from] ability: Sand Stream|[of] p2a: Titanas
|turn|1
|c|☆violet river|hf
|
|t:|1728031558
|switch|p1a: Jump for Beef|Milotic, M|100/100
|move|p2a: Titanas|Dragon Dance|p2a: Titanas
|-boost|p2a: Titanas|atk|1
|-boost|p2a: Titanas|spe|1
|
|-weather|Sandstorm|[upkeep]
|-damage|p1a: Jump for Beef|94/100|[from] Sandstorm
|-heal|p1a: Jump for Beef|100/100|[from] item: Leftovers
|upkeep
|turn|2
|
|t:|1728031582
|switch|p2a: Skarmory|Skarmory, M|100/100
|move|p1a: Jump for Beef|Surf|p2a: Skarmory
|-damage|p2a: Skarmory|69/100
|
|-weather|Sandstorm|[upkeep]
|-damage|p1a: Jump for Beef|94/100|[from] Sandstorm
|-heal|p1a: Jump for Beef|100/100|[from] item: Leftovers
|-heal|p2a: Skarmory|75/100|[from] item: Leftovers
|upkeep
|turn|3
|
|t:|1728031585
|move|p1a: Jump for Beef|Surf|p2a: Skarmory
|-damage|p2a: Skarmory|44/100
|move|p2a: Skarmory|Spikes|p1a: Jump for Beef
|-sidestart|p1: violet river|Spikes
|
|-weather|Sandstorm|[upkeep]
|-damage|p1a: Jump for Beef|94/100|[from] Sandstorm
|-heal|p1a: Jump for Beef|100/100|[from] item: Leftovers
|-heal|p2a: Skarmory|50/100|[from] item: Leftovers
|upkeep
|turn|4
|
|t:|1728031588
|move|p2a: Skarmory|Protect|p2a: Skarmory
|-singleturn|p2a: Skarmory|Protect
|move|p1a: Jump for Beef|Surf|p2a: Skarmory
|-activate|p2a: Skarmory|Protect
|
|-weather|Sandstorm|[upkeep]
|-damage|p1a: Jump for Beef|94/100|[from] Sandstorm
|-heal|p1a: Jump for Beef|100/100|[from] item: Leftovers
|-heal|p2a: Skarmory|56/100|[from] item: Leftovers
|upkeep
|turn|5
|
|t:|1728031592
|move|p1a: Jump for Beef|Surf|p2a: Skarmory
|-damage|p2a: Skarmory|27/100
|move|p2a: Skarmory|Spikes|p1a: Jump for Beef
|-sidestart|p1: violet river|Spikes
|
|-weather|Sandstorm|[upkeep]
|-damage|p1a: Jump for Beef|94/100|[from] Sandstorm
|-heal|p1a: Jump for Beef|100/100|[from] item: Leftovers
|-heal|p2a: Skarmory|33/100|[from] item: Leftovers
|upkeep
|turn|6
|
|t:|1728031596
|move|p2a: Skarmory|Protect|p2a: Skarmory
|-singleturn|p2a: Skarmory|Protect
|move|p1a: Jump for Beef|Surf|p2a: Skarmory
|-activate|p2a: Skarmory|Protect
|
|-weather|Sandstorm|[upkeep]
|-damage|p1a: Jump for Beef|94/100|[from] Sandstorm
|-heal|p1a: Jump for Beef|100/100|[from] item: Leftovers
|-heal|p2a: Skarmory|39/100|[from] item: Leftovers
|upkeep
|turn|7
|
|t:|1728031600
|move|p1a: Jump for Beef|Surf|p2a: Skarmory
|-damage|p2a: Skarmory|10/100
|move|p2a: Skarmory|Spikes|p1a: Jump for Beef
|-sidestart|p1: violet river|Spikes
|
|-weather|Sandstorm|[upkeep]
|-damage|p1a: Jump for Beef|94/100|[from] Sandstorm
|-heal|p1a: Jump for Beef|100/100|[from] item: Leftovers
|-heal|p2a: Skarmory|16/100|[from] item: Leftovers
|upkeep
|turn|8
|
|t:|1728031603
|switch|p1a: God's Eyes|Claydol|100/100
|move|p2a: Skarmory|Protect||[still]
|-fail|p2a: Skarmory
|
|-weather|Sandstorm|[upkeep]
|-heal|p2a: Skarmory|22/100|[from] item: Leftovers
|upkeep
|turn|9
|
|t:|1728031607
|move|p1a: God's Eyes|Psychic|p2a: Skarmory
|-resisted|p2a: Skarmory
|-damage|p2a: Skarmory|11/100
|move|p2a: Skarmory|Roar|p1a: God's Eyes
|drag|p1a: She Who Wanders|Blissey, F|100/100
|-damage|p1a: She Who Wanders|76/100|[from] Spikes
|
|-weather|Sandstorm|[upkeep]
|-damage|p1a: She Who Wanders|69/100|[from] Sandstorm
|-heal|p2a: Skarmory|17/100|[from] item: Leftovers
|-heal|p1a: She Who Wanders|76/100|[from] item: Leftovers
|upkeep
|turn|10
|
|t:|1728031614
|switch|p1a: God's Eyes|Claydol|100/100
|move|p2a: Skarmory|Toxic|p1a: God's Eyes
|-status|p1a: God's Eyes|tox
|
|-weather|Sandstorm|[upkeep]
|-damage|p1a: God's Eyes|94/100 tox|[from] psn
|-heal|p2a: Skarmory|23/100|[from] item: Leftovers
|upkeep
|turn|11
|
|t:|1728031620
|move|p1a: God's Eyes|Rapid Spin|p2a: Skarmory
|-resisted|p2a: Skarmory
|-damage|p2a: Skarmory|22/100
|-sideend|p1: violet river|Spikes|[from] move: Rapid Spin|[of] p1a: God's Eyes
|move|p2a: Skarmory|Roar|p1a: God's Eyes
|drag|p1a: Ms. Nails|Skarmory, F|100/100
|
|-weather|Sandstorm|[upkeep]
|-heal|p2a: Skarmory|28/100|[from] item: Leftovers
|upkeep
|turn|12
|
|t:|1728031628
|move|p2a: Skarmory|Spikes|p1a: Ms. Nails
|-sidestart|p1: violet river|Spikes
|move|p1a: Ms. Nails|Spikes|p2a: Skarmory
|-sidestart|p2: reshiram660|Spikes
|
|-weather|Sandstorm|[upkeep]
|-heal|p2a: Skarmory|34/100|[from] item: Leftovers
|upkeep
|turn|13
|
|t:|1728031630
|move|p2a: Skarmory|Spikes|p1a: Ms. Nails
|-sidestart|p1: violet river|Spikes
|move|p1a: Ms. Nails|Spikes|p2a: Skarmory
|-sidestart|p2: reshiram660|Spikes
|
|-weather|Sandstorm|[upkeep]
|-heal|p2a: Skarmory|40/100|[from] item: Leftovers
|upkeep
|turn|14
|
|t:|1728031633
|move|p2a: Skarmory|Spikes|p1a: Ms. Nails
|-sidestart|p1: violet river|Spikes
|move|p1a: Ms. Nails|Spikes|p2a: Skarmory
|-sidestart|p2: reshiram660|Spikes
|
|-weather|Sandstorm|[upkeep]
|-heal|p2a: Skarmory|46/100|[from] item: Leftovers
|upkeep
|turn|15
|
|t:|1728031637
|move|p2a: Skarmory|Protect|p2a: Skarmory
|-singleturn|p2a: Skarmory|Protect
|move|p1a: Ms. Nails|Roar|p2a: Skarmory
|-activate|p2a: Skarmory|Protect
|
|-weather|Sandstorm|[upkeep]
|-heal|p2a: Skarmory|52/100|[from] item: Leftovers
|upkeep
|turn|16
|
|t:|1728031639
|move|p2a: Skarmory|Roar|p1a: Ms. Nails
|drag|p1a: She Who Wanders|Blissey, F|76/100
|-damage|p1a: She Who Wanders|51/100|[from] Spikes
|
|-weather|Sandstorm|[upkeep]
|-damage|p1a: She Who Wanders|45/100|[from] Sandstorm
|-heal|p2a: Skarmory|58/100|[from] item: Leftovers
|-heal|p1a: She Who Wanders|51/100|[from] item: Leftovers
|upkeep
|turn|17
|
|t:|1728031643
|move|p1a: She Who Wanders|Soft-Boiled|p1a: She Who Wanders
|-heal|p1a: She Who Wanders|100/100
|move|p2a: Skarmory|Roar|p1a: She Who Wanders
|drag|p1a: Soulwind Slayer|Registeel|100/100
|-damage|p1a: Soulwind Slayer|75/100|[from] Spikes
|
|-weather|Sandstorm|[upkeep]
|-heal|p2a: Skarmory|64/100|[from] item: Leftovers
|-heal|p1a: Soulwind Slayer|82/100|[from] item: Leftovers
|upkeep
|turn|18
|
|t:|1728031649
|move|p2a: Skarmory|Protect|p2a: Skarmory
|-singleturn|p2a: Skarmory|Protect
|move|p1a: Soulwind Slayer|Thunder Wave|p2a: Skarmory
|-activate|p2a: Skarmory|Protect
|
|-weather|Sandstorm|[upkeep]
|-heal|p2a: Skarmory|70/100|[from] item: Leftovers
|-heal|p1a: Soulwind Slayer|88/100|[from] item: Leftovers
|upkeep
|turn|19
|
|t:|1728031653
|move|p1a: Soulwind Slayer|Thunder Wave|p2a: Skarmory
|-status|p2a: Skarmory|par
|cant|p2a: Skarmory|par
|
|-weather|Sandstorm|[upkeep]
|-heal|p1a: Soulwind Slayer|94/100|[from] item: Leftovers
|-heal|p2a: Skarmory|76/100 par|[from] item: Leftovers
|upkeep
|turn|20
|
|t:|1728031656
|move|p1a: Soulwind Slayer|Seismic Toss|p2a: Skarmory
|-damage|p2a: Skarmory|46/100 par
|cant|p2a: Skarmory|par
|
|-weather|Sandstorm|[upkeep]
|-heal|p1a: Soulwind Slayer|99/100|[from] item: Leftovers
|-heal|p2a: Skarmory|52/100 par|[from] item: Leftovers
|upkeep
|turn|21
|
|t:|1728031661
|move|p1a: Soulwind Slayer|Seismic Toss|p2a: Skarmory
|-damage|p2a: Skarmory|22/100 par
|move|p2a: Skarmory|Roar|p1a: Soulwind Slayer
|drag|p1a: She Who Wanders|Blissey, F|100/100
|-damage|p1a: She Who Wanders|76/100|[from] Spikes
|
|-weather|Sandstorm|[upkeep]
|-damage|p1a: She Who Wanders|69/100|[from] Sandstorm
|-heal|p1a: She Who Wanders|76/100|[from] item: Leftovers
|-heal|p2a: Skarmory|28/100 par|[from] item: Leftovers
|upkeep
|turn|22
|
|t:|1728031670
|move|p1a: She Who Wanders|Soft-Boiled|p1a: She Who Wanders
|-heal|p1a: She Who Wanders|100/100
|move|p2a: Skarmory|Toxic|p1a: She Who Wanders
|-status|p1a: She Who Wanders|tox
|
|-weather|Sandstorm|[upkeep]
|-damage|p1a: She Who Wanders|94/100 tox|[from] Sandstorm
|-heal|p1a: She Who Wanders|100/100 tox|[from] item: Leftovers
|-damage|p1a: She Who Wanders|94/100 tox|[from] psn
|-heal|p2a: Skarmory|34/100 par|[from] item: Leftovers
|upkeep
|turn|23
|
|t:|1728031674
|-curestatus|p1a: She Who Wanders|tox|[from] ability: Natural Cure
|switch|p1a: God's Eyes|Claydol|94/100 tox
|move|p2a: Skarmory|Roar|p1a: God's Eyes
|drag|p1a: Ms. Nails|Skarmory, F|100/100
|
|-weather|Sandstorm|[upkeep]
|-heal|p2a: Skarmory|40/100 par|[from] item: Leftovers
|upkeep
|turn|24
|
|t:|1728031686
|move|p2a: Skarmory|Protect|p2a: Skarmory
|-singleturn|p2a: Skarmory|Protect
|move|p1a: Ms. Nails|Roar|p2a: Skarmory
|-activate|p2a: Skarmory|Protect
|
|-weather|Sandstorm|[upkeep]
|-heal|p2a: Skarmory|46/100 par|[from] item: Leftovers
|upkeep
|turn|25
|
|t:|1728031690
|switch|p1a: God's Eyes|Claydol|94/100 tox
|move|p2a: Skarmory|Roar|p1a: God's Eyes
|drag|p1a: Chudtrio|Dugtrio, M|100/100
|-damage|p1a: Chudtrio|76/100|[from] Spikes
|
|-weather|Sandstorm|[upkeep]
|-heal|p2a: Skarmory|52/100 par|[from] item: Leftovers
|upkeep
|turn|26
|
|t:|1728031697
|switch|p1a: God's Eyes|Claydol|94/100 tox
|cant|p2a: Skarmory|par
|
|-weather|Sandstorm|[upkeep]
|-heal|p1a: God's Eyes|100/100 tox|[from] item: Leftovers
|-damage|p1a: God's Eyes|94/100 tox|[from] psn
|-heal|p2a: Skarmory|58/100 par|[from] item: Leftovers
|upkeep
|turn|27
|
|t:|1728031700
|move|p1a: God's Eyes|Rapid Spin|p2a: Skarmory
|-resisted|p2a: Skarmory
|-damage|p2a: Skarmory|56/100 par
|-sideend|p1: violet river|Spikes|[from] move: Rapid Spin|[of] p1a: God's Eyes
|move|p2a: Skarmory|Roar|p1a: God's Eyes
|drag|p1a: Jump for Beef|Milotic, M|100/100
|
|-weather|Sandstorm|[upkeep]
|-damage|p1a: Jump for Beef|94/100|[from] Sandstorm
|-heal|p1a: Jump for Beef|100/100|[from] item: Leftovers
|-heal|p2a: Skarmory|62/100 par|[from] item: Leftovers
|upkeep
|turn|28
|
|t:|1728031705
|move|p1a: Jump for Beef|Surf|p2a: Skarmory
|-damage|p2a: Skarmory|29/100 par
|move|p2a: Skarmory|Spikes|p1a: Jump for Beef
|-sidestart|p1: violet river|Spikes
|
|-weather|Sandstorm|[upkeep]
|-damage|p1a: Jump for Beef|94/100|[from] Sandstorm
|-heal|p1a: Jump for Beef|100/100|[from] item: Leftovers
|-heal|p2a: Skarmory|35/100 par|[from] item: Leftovers
|upkeep
|turn|29
|
|t:|1728031709
|move|p1a: Jump for Beef|Surf|p2a: Skarmory
|-damage|p2a: Skarmory|5/100 par
|cant|p2a: Skarmory|par
|
|-weather|Sandstorm|[upkeep]
|-damage|p1a: Jump for Beef|94/100|[from] Sandstorm
|-heal|p1a: Jump for Beef|100/100|[from] item: Leftovers
|-heal|p2a: Skarmory|11/100 par|[from] item: Leftovers
|upkeep
|turn|30
|
|t:|1728031712
|switch|p1a: God's Eyes|Claydol|94/100 tox
|move|p2a: Skarmory|Protect||[still]
|-fail|p2a: Skarmory
|
|-weather|Sandstorm|[upkeep]
|-heal|p1a: God's Eyes|100/100 tox|[from] item: Leftovers
|-damage|p1a: God's Eyes|94/100 tox|[from] psn
|-heal|p2a: Skarmory|17/100 par|[from] item: Leftovers
|upkeep
|turn|31
|
|t:|1728031717
|move|p1a: God's Eyes|Rapid Spin|p2a: Skarmory
|-resisted|p2a: Skarmory
|-damage|p2a: Skarmory|16/100 par
|-sideend|p1: violet river|Spikes|[from] move: Rapid Spin|[of] p1a: God's Eyes
|cant|p2a: Skarmory|par
|
|-weather|Sandstorm|[upkeep]
|-heal|p1a: God's Eyes|100/100 tox|[from] item: Leftovers
|-damage|p1a: God's Eyes|88/100 tox|[from] psn
|-heal|p2a: Skarmory|22/100 par|[from] item: Leftovers
|upkeep
|turn|32
|
|t:|1728031721
|move|p1a: God's Eyes|Explosion|p2a: Skarmory
|-resisted|p2a: Skarmory
|-damage|p2a: Skarmory|0 fnt
|faint|p1a: God's Eyes
|faint|p2a: Skarmory
|
|t:|1728031740
|switch|p1a: Chudtrio|Dugtrio, M|76/100
|switch|p2a: Swampert|Swampert, M|100/100
|-damage|p2a: Swampert|75/100|[from] Spikes
|
|-weather|Sandstorm|[upkeep]
|-heal|p2a: Swampert|82/100|[from] item: Leftovers
|upkeep
|turn|33
|
|t:|1728031744
|switch|p1a: Jump for Beef|Milotic, M|100/100
|move|p2a: Swampert|Surf|p1a: Jump for Beef
|-resisted|p1a: Jump for Beef
|-damage|p1a: Jump for Beef|90/100
|
|-weather|Sandstorm|[upkeep]
|-damage|p1a: Jump for Beef|84/100|[from] Sandstorm
|-heal|p1a: Jump for Beef|90/100|[from] item: Leftovers
|-heal|p2a: Swampert|88/100|[from] item: Leftovers
|upkeep
|turn|34
|
|t:|1728031750
|move|p2a: Swampert|Protect|p2a: Swampert
|-singleturn|p2a: Swampert|Protect
|move|p1a: Jump for Beef|Toxic|p2a: Swampert|[miss]
|-miss|p1a: Jump for Beef|p2a: Swampert
|
|-weather|Sandstorm|[upkeep]
|-damage|p1a: Jump for Beef|84/100|[from] Sandstorm
|-heal|p1a: Jump for Beef|90/100|[from] item: Leftovers
|-heal|p2a: Swampert|94/100|[from] item: Leftovers
|upkeep
|turn|35
|
|t:|1728031754
|move|p1a: Jump for Beef|Surf|p2a: Swampert
|-damage|p2a: Swampert|68/100
|move|p2a: Swampert|Ice Beam|p1a: Jump for Beef
|-resisted|p1a: Jump for Beef
|-damage|p1a: Jump for Beef|83/100
|
|-weather|Sandstorm|[upkeep]
|-damage|p1a: Jump for Beef|77/100|[from] Sandstorm
|-heal|p1a: Jump for Beef|83/100|[from] item: Leftovers
|-heal|p2a: Swampert|74/100|[from] item: Leftovers
|upkeep
|turn|36
|
|t:|1728031761
|switch|p2a: Reuma|Zapdos|100/100
|move|p1a: Jump for Beef|Surf|p2a: Reuma
|-damage|p2a: Reuma|70/100
|
|-weather|Sandstorm|[upkeep]
|-damage|p2a: Reuma|63/100|[from] Sandstorm
|-damage|p1a: Jump for Beef|77/100|[from] Sandstorm
|-heal|p2a: Reuma|70/100|[from] item: Leftovers
|-heal|p1a: Jump for Beef|83/100|[from] item: Leftovers
|upkeep
|turn|37
|
|t:|1728031766
|switch|p1a: She Who Wanders|Blissey, F|94/100
|move|p2a: Reuma|Hidden Power|p1a: She Who Wanders
|-damage|p1a: She Who Wanders|86/100
|
|-weather|Sandstorm|[upkeep]
|-damage|p2a: Reuma|63/100|[from] Sandstorm
|-damage|p1a: She Who Wanders|80/100|[from] Sandstorm
|-heal|p2a: Reuma|70/100|[from] item: Leftovers
|-heal|p1a: She Who Wanders|86/100|[from] item: Leftovers
|upkeep
|turn|38
|
|t:|1728031771
|switch|p1a: Chudtrio|Dugtrio, M|76/100
|move|p2a: Reuma|Thunderbolt|p1a: Chudtrio
|-immune|p1a: Chudtrio
|
|-weather|Sandstorm|[upkeep]
|-damage|p2a: Reuma|63/100|[from] Sandstorm
|-heal|p2a: Reuma|70/100|[from] item: Leftovers
|upkeep
|turn|39
|
|t:|1728031788
|switch|p1a: She Who Wanders|Blissey, F|86/100
|switch|p2a: Swampert|Swampert, M|74/100
|-damage|p2a: Swampert|49/100|[from] Spikes
|
|-weather|Sandstorm|[upkeep]
|-damage|p1a: She Who Wanders|80/100|[from] Sandstorm
|-heal|p2a: Swampert|55/100|[from] item: Leftovers
|-heal|p1a: She Who Wanders|86/100|[from] item: Leftovers
|upkeep
|turn|40
|
|t:|1728031796
|switch|p1a: Jump for Beef|Milotic, M|83/100
|move|p2a: Swampert|Ice Beam|p1a: Jump for Beef
|-resisted|p1a: Jump for Beef
|-damage|p1a: Jump for Beef|77/100
|
|-weather|Sandstorm|[upkeep]
|-damage|p1a: Jump for Beef|71/100|[from] Sandstorm
|-heal|p1a: Jump for Beef|77/100|[from] item: Leftovers
|-heal|p2a: Swampert|62/100|[from] item: Leftovers
|upkeep
|turn|41
|
|t:|1728031800
|move|p1a: Jump for Beef|Surf|p2a: Swampert
|-damage|p2a: Swampert|32/100
|move|p2a: Swampert|Ice Beam|p1a: Jump for Beef
|-resisted|p1a: Jump for Beef
|-damage|p1a: Jump for Beef|70/100
|
|-weather|Sandstorm|[upkeep]
|-damage|p1a: Jump for Beef|64/100|[from] Sandstorm
|-heal|p1a: Jump for Beef|70/100|[from] item: Leftovers
|-heal|p2a: Swampert|38/100|[from] item: Leftovers
|upkeep
|turn|42
|
|t:|1728031806
|move|p1a: Jump for Beef|Surf|p2a: Swampert
|-damage|p2a: Swampert|12/100
|move|p2a: Swampert|Ice Beam|p1a: Jump for Beef
|-resisted|p1a: Jump for Beef
|-damage|p1a: Jump for Beef|63/100
|
|-weather|Sandstorm|[upkeep]
|-damage|p1a: Jump for Beef|57/100|[from] Sandstorm
|-heal|p1a: Jump for Beef|63/100|[from] item: Leftovers
|-heal|p2a: Swampert|19/100|[from] item: Leftovers
|upkeep
|turn|43
|
|t:|1728031810
|move|p2a: Swampert|Protect|p2a: Swampert
|-singleturn|p2a: Swampert|Protect
|move|p1a: Jump for Beef|Surf|p2a: Swampert
|-activate|p2a: Swampert|Protect
|
|-weather|Sandstorm|[upkeep]
|-damage|p1a: Jump for Beef|57/100|[from] Sandstorm
|-heal|p1a: Jump for Beef|63/100|[from] item: Leftovers
|-heal|p2a: Swampert|25/100|[from] item: Leftovers
|upkeep
|turn|44
|
|t:|1728031811
|move|p1a: Jump for Beef|Surf|p2a: Swampert
|-crit|p2a: Swampert
|-damage|p2a: Swampert|0 fnt
|faint|p2a: Swampert
|
|t:|1728031818
|switch|p2a: Fadasma|Gengar, F|100/100
|
|-weather|Sandstorm|[upkeep]
|-damage|p2a: Fadasma|94/100|[from] Sandstorm
|-damage|p1a: Jump for Beef|57/100|[from] Sandstorm
|-heal|p2a: Fadasma|100/100|[from] item: Leftovers
|-heal|p1a: Jump for Beef|63/100|[from] item: Leftovers
|upkeep
|turn|45
|c|☆violet river|interesting
|
|t:|1728031827
|switch|p1a: She Who Wanders|Blissey, F|86/100
|move|p2a: Fadasma|Thunderbolt|p1a: She Who Wanders
|-damage|p1a: She Who Wanders|73/100
|
|-weather|Sandstorm|[upkeep]
|-damage|p2a: Fadasma|94/100|[from] Sandstorm
|-damage|p1a: She Who Wanders|67/100|[from] Sandstorm
|-heal|p2a: Fadasma|100/100|[from] item: Leftovers
|-heal|p1a: She Who Wanders|73/100|[from] item: Leftovers
|upkeep
|turn|46
|
|t:|1728031836
|move|p2a: Fadasma|Taunt|p1a: She Who Wanders
|-start|p1a: She Who Wanders|move: Taunt
|move|p1a: She Who Wanders|Ice Beam|p2a: Fadasma
|-damage|p2a: Fadasma|72/100
|-status|p2a: Fadasma|frz
|
|-weather|Sandstorm|[upkeep]
|-damage|p2a: Fadasma|66/100 frz|[from] Sandstorm
|-damage|p1a: She Who Wanders|67/100|[from] Sandstorm
|-heal|p2a: Fadasma|72/100 frz|[from] item: Leftovers
|-heal|p1a: She Who Wanders|73/100|[from] item: Leftovers
|upkeep
|turn|47
|
|t:|1728031842
|cant|p2a: Fadasma|frz
|move|p1a: She Who Wanders|Ice Beam|p2a: Fadasma
|-damage|p2a: Fadasma|44/100 frz
|
|-weather|Sandstorm|[upkeep]
|-damage|p2a: Fadasma|38/100 frz|[from] Sandstorm
|-damage|p1a: She Who Wanders|67/100|[from] Sandstorm
|-heal|p2a: Fadasma|44/100 frz|[from] item: Leftovers
|-heal|p1a: She Who Wanders|73/100|[from] item: Leftovers
|-end|p1a: She Who Wanders|move: Taunt|[silent]
|upkeep
|turn|48
|
|t:|1728031851
|cant|p2a: Fadasma|frz
|move|p1a: She Who Wanders|Ice Beam|p2a: Fadasma
|-damage|p2a: Fadasma|16/100 frz
|
|-weather|Sandstorm|[upkeep]
|-damage|p2a: Fadasma|10/100 frz|[from] Sandstorm
|-damage|p1a: She Who Wanders|67/100|[from] Sandstorm
|-heal|p2a: Fadasma|16/100 frz|[from] item: Leftovers
|-heal|p1a: She Who Wanders|73/100|[from] item: Leftovers
|upkeep
|turn|49
|
|t:|1728031853
|cant|p2a: Fadasma|frz
|move|p1a: She Who Wanders|Ice Beam|p2a: Fadasma
|-damage|p2a: Fadasma|0 fnt
|faint|p2a: Fadasma
|
|t:|1728031861
|switch|p2a: Titanas|Tyranitar, M|100/100
|-damage|p2a: Titanas|75/100|[from] Spikes
|
|-weather|Sandstorm|[upkeep]
|-damage|p1a: She Who Wanders|67/100|[from] Sandstorm
|-heal|p2a: Titanas|82/100|[from] item: Leftovers
|-heal|p1a: She Who Wanders|73/100|[from] item: Leftovers
|upkeep
|turn|50
|
|t:|1728031867
|switch|p1a: Ms. Nails|Skarmory, F|100/100
|move|p2a: Titanas|Dragon Dance|p2a: Titanas
|-boost|p2a: Titanas|atk|1
|-boost|p2a: Titanas|spe|1
|
|-weather|Sandstorm|[upkeep]
|-heal|p2a: Titanas|88/100|[from] item: Leftovers
|upkeep
|turn|51
|
|t:|1728031871
|move|p2a: Titanas|Rock Slide|p1a: Ms. Nails
|-crit|p1a: Ms. Nails
|-damage|p1a: Ms. Nails|5/100
|move|p1a: Ms. Nails|Roar|p2a: Titanas
|drag|p2a: Pterodaktilos|Aerodactyl, M|100/100
|
|-weather|Sandstorm|[upkeep]
|-heal|p1a: Ms. Nails|11/100|[from] item: Leftovers
|upkeep
|turn|52
|
|t:|1728031879
|switch|p1a: Soulwind Slayer|Registeel|99/100
|move|p2a: Pterodaktilos|Rock Slide|p1a: Soulwind Slayer
|-resisted|p1a: Soulwind Slayer
|-damage|p1a: Soulwind Slayer|85/100
|
|-weather|Sandstorm|[upkeep]
|-heal|p1a: Soulwind Slayer|91/100|[from] item: Leftovers
|upkeep
|turn|53
|
|t:|1728031888
|move|p2a: Pterodaktilos|Rock Slide|p1a: Soulwind Slayer
|-resisted|p1a: Soulwind Slayer
|-damage|p1a: Soulwind Slayer|77/100
|cant|p1a: Soulwind Slayer|flinch
|
|-weather|Sandstorm|[upkeep]
|-heal|p1a: Soulwind Slayer|83/100|[from] item: Leftovers
|upkeep
|turn|54
|
|t:|1728031894
|move|p2a: Pterodaktilos|Rock Slide|p1a: Soulwind Slayer
|-resisted|p1a: Soulwind Slayer
|-damage|p1a: Soulwind Slayer|66/100
|cant|p1a: Soulwind Slayer|flinch
|
|-weather|Sandstorm|[upkeep]
|-heal|p1a: Soulwind Slayer|72/100|[from] item: Leftovers
|upkeep
|turn|55
|
|t:|1728031902
|move|p2a: Pterodaktilos|Rock Slide|p1a: Soulwind Slayer
|-resisted|p1a: Soulwind Slayer
|-damage|p1a: Soulwind Slayer|56/100
|cant|p1a: Soulwind Slayer|flinch
|
|-weather|Sandstorm|[upkeep]
|-heal|p1a: Soulwind Slayer|62/100|[from] item: Leftovers
|upkeep
|turn|56
|
|t:|1728031909
|move|p2a: Pterodaktilos|Rock Slide|p1a: Soulwind Slayer
|-resisted|p1a: Soulwind Slayer
|-damage|p1a: Soulwind Slayer|46/100
|cant|p1a: Soulwind Slayer|flinch
|
|-weather|Sandstorm|[upkeep]
|-heal|p1a: Soulwind Slayer|52/100|[from] item: Leftovers
|upkeep
|turn|57
|
|t:|1728031916
|move|p2a: Pterodaktilos|Rock Slide|p1a: Soulwind Slayer
|-resisted|p1a: Soulwind Slayer
|-damage|p1a: Soulwind Slayer|36/100
|move|p1a: Soulwind Slayer|Thunder Wave|p2a: Pterodaktilos
|-status|p2a: Pterodaktilos|par
|
|-weather|Sandstorm|[upkeep]
|-heal|p1a: Soulwind Slayer|43/100|[from] item: Leftovers
|upkeep
|turn|58
|
|t:|1728031920
|move|p1a: Soulwind Slayer|Seismic Toss|p2a: Pterodaktilos
|-damage|p2a: Pterodaktilos|67/100 par
|move|p2a: Pterodaktilos|Rock Slide|p1a: Soulwind Slayer
|-resisted|p1a: Soulwind Slayer
|-damage|p1a: Soulwind Slayer|26/100
|
|-weather|Sandstorm|[upkeep]
|-heal|p1a: Soulwind Slayer|32/100|[from] item: Leftovers
|upkeep
|turn|59
|
|t:|1728031925
|move|p1a: Soulwind Slayer|Seismic Toss|p2a: Pterodaktilos
|-damage|p2a: Pterodaktilos|34/100 par
|move|p2a: Pterodaktilos|Rock Slide|p1a: Soulwind Slayer
|-resisted|p1a: Soulwind Slayer
|-damage|p1a: Soulwind Slayer|18/100
|
|-weather|Sandstorm|[upkeep]
|-heal|p1a: Soulwind Slayer|24/100|[from] item: Leftovers
|upkeep
|turn|60
|
|t:|1728031930
|move|p1a: Soulwind Slayer|Seismic Toss|p2a: Pterodaktilos
|-damage|p2a: Pterodaktilos|0 fnt
|faint|p2a: Pterodaktilos
|
|t:|1728031938
|switch|p2a: Titanas|Tyranitar, M|88/100
|-damage|p2a: Titanas|63/100|[from] Spikes
|
|-weather|Sandstorm|[upkeep]
|-heal|p2a: Titanas|69/100|[from] item: Leftovers
|-heal|p1a: Soulwind Slayer|30/100|[from] item: Leftovers
|upkeep
|turn|61
|c|☆violet river|gg
|
|t:|1728031954
|move|p2a: Titanas|Earthquake|p1a: Soulwind Slayer
|-supereffective|p1a: Soulwind Slayer
|-damage|p1a: Soulwind Slayer|0 fnt
|faint|p1a: Soulwind Slayer
|
|t:|1728031958
|switch|p1a: Chudtrio|Dugtrio, M|76/100
|
|-weather|Sandstorm|[upkeep]
|-heal|p2a: Titanas|75/100|[from] item: Leftovers
|upkeep
|turn|62
|
|t:|1728031984
|move|p1a: Chudtrio|Earthquake|p2a: Titanas
|-supereffective|p2a: Titanas
|-damage|p2a: Titanas|0 fnt
|faint|p2a: Titanas
|
|t:|1728031987
|switch|p2a: Reuma|Zapdos|70/100
|
|-weather|Sandstorm|[upkeep]
|-damage|p2a: Reuma|63/100|[from] Sandstorm
|-heal|p2a: Reuma|70/100|[from] item: Leftovers
|upkeep
|turn|63
|
|t:|1728031994
|switch|p1a: She Who Wanders|Blissey, F|73/100
|move|p2a: Reuma|Hidden Power|p1a: She Who Wanders
|-damage|p1a: She Who Wanders|64/100
|
|-weather|Sandstorm|[upkeep]
|-damage|p2a: Reuma|63/100|[from] Sandstorm
|-damage|p1a: She Who Wanders|58/100|[from] Sandstorm
|-heal|p2a: Reuma|70/100|[from] item: Leftovers
|-heal|p1a: She Who Wanders|64/100|[from] item: Leftovers
|upkeep
|turn|64
|
|t:|1728032006
|move|p2a: Reuma|Thunderbolt|p1a: She Who Wanders
|-damage|p1a: She Who Wanders|46/100
|move|p1a: She Who Wanders|Ice Beam|p2a: Reuma
|-supereffective|p2a: Reuma
|-damage|p2a: Reuma|20/100
|
|-weather|Sandstorm|[upkeep]
|-damage|p2a: Reuma|14/100|[from] Sandstorm
|-damage|p1a: She Who Wanders|39/100|[from] Sandstorm
|-heal|p2a: Reuma|20/100|[from] item: Leftovers
|-heal|p1a: She Who Wanders|46/100|[from] item: Leftovers
|upkeep
|turn|65
|
|t:|1728032009
|move|p2a: Reuma|Thunderbolt|p1a: She Who Wanders
|-crit|p1a: She Who Wanders
|-damage|p1a: She Who Wanders|5/100
|move|p1a: She Who Wanders|Ice Beam|p2a: Reuma
|-supereffective|p2a: Reuma
|-damage|p2a: Reuma|0 fnt
|faint|p2a: Reuma
|
|win|violet river

</script>
<script type="application/json" class="data" id="replaydata-smogtours-gen3ou-794521">
{"id":"smogtours-gen3ou-794521","format":"[Gen 3] OU","players":["violet river","reshiram660"],"uploadtime":1728032009,"views":197,"formatid":"gen3ou","rating":null,"private":0,"password":null}
</script>

<script defer src="js/replays.js?9d40a366"></script>
