<!DOCTYPE html>
<meta charset="utf-8" />
<meta name="viewport" content="width=device-width" />

<title>[Gen 3] OU: dunsparce_real vs. garhamsandich - Replays - Pok&eacute;mon Showdown!</title>

<meta name="description" content="Watch a replay of a Pok&eacute;mon battle between dunsparce_real and garhamsandich! Format: [Gen 3] OU; Date: Oct 15, 2024" />
<!--

Hey, you! Looking in the source for the replay log?

You can find them in JSON format, just add `.json` at the end of a replay URL.

https://replay.pokemonshowdown.com/gen7randomdoublesbattle-865046831.json

Or, if you only need the log itself, add `.log` instead:

https://replay.pokemonshowdown.com/gen7randomdoublesbattle-865046831.log

-->

<link rel="stylesheet" href="//pokemonshowdown.com/style/global.css?0.767286132409787" />
<link rel="stylesheet" href="//play.pokemonshowdown.com/style/font-awesome.css?0.9266228007934947" />
<link rel="stylesheet" href="//play.pokemonshowdown.com/style/battle.css?0.7924700842790926" />
<link rel="stylesheet" href="//play.pokemonshowdown.com/style/utilichart.css?0.8777417872839479" />

<!-- Global site tag (gtag.js) - Google Analytics -->
<script async src="https://www.googletagmanager.com/gtag/js?id=UA-26211653-1"></script>
<script>
  window.dataLayer = window.dataLayer || [];
  function gtag(){dataLayer.push(arguments);}
  gtag('js', new Date());

  gtag('config', 'UA-26211653-1');
</script>
<!-- End Google Analytics -->
<!-- Venatus Ad Manager - Install in <HEAD> of page -->
	<script src="https://hb.vntsm.com/v3/live/ad-manager.min.js" type="text/javascript" data-site-id="642aba63ec9a7b11c3c9c1be" data-mode="scan" async></script>
<!-- / Venatus Ad Manager -->

<style>
	@media (max-width:820px) {
		.battle {
			margin: 0 auto;
		}
		.battle-log {
			margin: 7px auto 0;
			max-width: 640px;
			height: 300px;
			position: static;
		}
	}
	.optgroup {
		display: inline-block;
		line-height: 22px;
		font-size: 10pt;
	}
	.optgroup .button {
		height: 25px;
		padding-top: 0;
		padding-bottom: 0;
	}
	.optgroup button.button {
		padding-left: 12px;
		padding-right: 12px;
	}
	.linklist {
		list-style: none;
		margin: 0.5em 0;
		padding: 0;
	}
	.linklist li {
		padding: 2px 0;
	}
	.sidebar {
		float: left;
		width: 320px;
	}
	.bar-wrapper {
		max-width: 1100px;
		margin: 0 auto;
	}
	.bar-wrapper.has-sidebar {
		max-width: 1430px;
	}
	.mainbar {
		margin: 0;
		padding-right: 1px;
	}
	.mainbar.has-sidebar {
		margin-left: 330px;
	}
	@media (min-width: 1511px) {
		.sidebar {
			width: 400px;
		}
		.bar-wrapper.has-sidebar {
			max-width: 1510px;
		}
		.mainbar.has-sidebar {
			margin-left: 410px;
		}
	}
	.section.first-section {
		margin-top: 9px;
	}
	.blocklink small {
		white-space: normal;
	}
	.button {
		vertical-align: middle;
	}
	.replay-controls {
		padding-top: 10px;
	}
	.replay-controls h1 {
		font-size: 16pt;
		font-weight: normal;
		color: #CCC;
	}
	.pagelink {
		text-align: center;
	}
	.pagelink a {
		width: 150px;
	}
	.textbox, .button {
		font-size: 11pt;
		vertical-align: middle;
	}
	@media (max-width: 450px) {
		.button {
			font-size: 9pt;
		}
	}
</style>

<div>

	<header>
		<div class="nav-wrapper"><ul class="nav">
			<li><a class="button nav-first" href="//pokemonshowdown.com/"><img src="//pokemonshowdown.com/images/pokemonshowdownbeta.png" srcset="//pokemonshowdown.com/images/pokemonshowdownbeta.png 1x, //pokemonshowdown.com/images/pokemonshowdownbeta@2x.png 2x" alt="Pok&eacute;mon Showdown" width="146" height="44" /> Home</a></li>
			<li><a class="button" href="//pokemonshowdown.com/dex/">Pok&eacute;dex</a></li>
			<li><a class="button cur" href="/">Replays</a></li>
			<li><a class="button" href="//pokemonshowdown.com/ladder/">Ladder</a></li>
			<li><a class="button nav-last" href="//pokemonshowdown.com/forums/">Forum</a></li>
			<li><a class="button greenbutton nav-first nav-last" href="//play.pokemonshowdown.com/">Play</a></li>
		</ul></div>
	</header>

	<div class="main" id="main">

		<noscript><section class="section">You need to enable JavaScript to use this page; sorry!</section></noscript>

	</div>

</div>

<script defer nomodule src="//play.pokemonshowdown.com/js/lib/ps-polyfill.js"></script>
<script defer src="//play.pokemonshowdown.com/js/lib/preact.min.js"></script>

<script defer src="//play.pokemonshowdown.com/config/config.js?6dec07f6"></script>
<script defer src="//play.pokemonshowdown.com/js/lib/jquery-1.11.0.min.js"></script>
<script defer src="//play.pokemonshowdown.com/js/lib/html-sanitizer-minified.js"></script>
<script defer src="//play.pokemonshowdown.com/js/battle-sound.js"></script>
<script defer src="//play.pokemonshowdown.com/js/battledata.js?0.6315294753075389"></script>
<script defer src="//play.pokemonshowdown.com/data/pokedex-mini.js?0.7603743185311358"></script>
<script defer src="//play.pokemonshowdown.com/data/pokedex-mini-bw.js?0.030888842834281283"></script>
<script defer src="//play.pokemonshowdown.com/data/graphics.js?0.05593094747507488"></script>
<script defer src="//play.pokemonshowdown.com/data/pokedex.js?0.47064822249611904"></script>
<script defer src="//play.pokemonshowdown.com/data/moves.js?0.8583693120512459"></script>
<script defer src="//play.pokemonshowdown.com/data/abilities.js?0.16017181182386842"></script>
<script defer src="//play.pokemonshowdown.com/data/items.js?0.4163379185673943"></script>
<script defer src="//play.pokemonshowdown.com/data/teambuilder-tables.js?0.31075597372830477"></script>
<script defer src="//play.pokemonshowdown.com/js/battle-tooltips.js?0.6536193500708172"></script>
<script defer src="//play.pokemonshowdown.com/js/battle.js?0.1916591943277901"></script>

<script defer src="js/utils.js?e31f9a17"></script>
<script defer src="js/replays-battle.js?7008c182"></script>

<!-- don't scrape this data! just add .json or .log after the URL!
Full API docs: https://github.com/smogon/pokemon-showdown-client/blob/master/WEB-API.md -->
<script type="text/plain" class="log" id="replaylog-smogtours-gen3ou-798866">
|inactive|Battle timer is ON: inactive players will automatically lose when time's up.
|t:|1728956302
|gametype|singles
|player|p1|dunsparce_real|guitarist|
|player|p2|garhamsandich|101|
|teamsize|p1|6
|teamsize|p2|6
|gen|3
|tier|[Gen 3] OU
|rule|Sleep Clause Mod: Limit one foe put to sleep
|rule|Switch Priority Clause Mod: Faster Pokémon switch first
|rule|Species Clause: Limit one of each Pokémon
|rule|OHKO Clause: OHKO moves are banned
|rule|Evasion Items Clause: Evasion items are banned
|rule|Evasion Moves Clause: Evasion moves are banned
|rule|Endless Battle Clause: Forcing endless battles is banned
|rule|HP Percentage Mod: HP is shown in percentages
|rule|One Boost Passer Clause: Limit one Baton Passer that has a way to boost its stats
|rule|Freeze Clause Mod: Limit one foe frozen
|
|t:|1728956302
|start
|switch|p1a: Limozeen|Zapdos|100/100
|switch|p2a: Metagross|Metagross|100/100
|turn|1
|
|t:|1728956312
|switch|p2a: Celebi|Celebi|100/100
|move|p1a: Limozeen|Baton Pass|p1a: Limozeen
|
|t:|1728956321
|switch|p1a: FE7 Final Boss|Charizard, F|100/100|[from] Baton Pass
|
|upkeep
|turn|2
|
|t:|1728956323
|switch|p2a: Starmie|Starmie|100/100
|move|p1a: FE7 Final Boss|Fire Blast|p2a: Starmie
|-resisted|p2a: Starmie
|-crit|p2a: Starmie
|-damage|p2a: Starmie|46/100
|
|-heal|p2a: Starmie|52/100|[from] item: Leftovers
|upkeep
|turn|3
|inactive|garhamsandich has 270 seconds left.
|
|t:|1728956379
|switch|p1a: Jbone|Snorlax, M|100/100
|move|p2a: Starmie|Recover|p2a: Starmie
|-heal|p2a: Starmie|100/100
|
|upkeep
|turn|4
|
|t:|1728956388
|-singleturn|p1a: Jbone|move: Focus Punch
|switch|p2a: Celebi|Celebi|100/100
|move|p1a: Jbone|Focus Punch|p2a: Celebi
|-resisted|p2a: Celebi
|-damage|p2a: Celebi|81/100
|
|-heal|p2a: Celebi|87/100|[from] item: Leftovers
|upkeep
|turn|5
|
|t:|1728956395
|move|p2a: Celebi|Leech Seed|p1a: Jbone|[miss]
|-miss|p2a: Celebi|p1a: Jbone
|move|p1a: Jbone|Shadow Ball|p2a: Celebi
|-supereffective|p2a: Celebi
|-damage|p2a: Celebi|41/100
|
|-heal|p2a: Celebi|47/100|[from] item: Leftovers
|upkeep
|turn|6
|
|t:|1728956401
|move|p2a: Celebi|Leech Seed|p1a: Jbone
|-start|p1a: Jbone|move: Leech Seed
|move|p1a: Jbone|Shadow Ball|p2a: Celebi
|-supereffective|p2a: Celebi
|-damage|p2a: Celebi|2/100
|
|-heal|p2a: Celebi|8/100|[from] item: Leftovers
|-damage|p1a: Jbone|88/100|[from] Leech Seed|[of] p2a: Celebi
|-heal|p2a: Celebi|23/100|[silent]
|upkeep
|turn|7
|
|t:|1728956411
|move|p2a: Celebi|Recover|p2a: Celebi
|-heal|p2a: Celebi|73/100
|move|p1a: Jbone|Shadow Ball|p2a: Celebi
|-supereffective|p2a: Celebi
|-damage|p2a: Celebi|29/100
|
|-heal|p2a: Celebi|35/100|[from] item: Leftovers
|-heal|p1a: Jbone|94/100|[from] item: Leftovers
|-damage|p1a: Jbone|82/100|[from] Leech Seed|[of] p2a: Celebi
|-heal|p2a: Celebi|49/100|[silent]
|upkeep
|turn|8
|
|t:|1728956416
|move|p2a: Celebi|Recover|p2a: Celebi
|-heal|p2a: Celebi|99/100
|move|p1a: Jbone|Self-Destruct|p2a: Celebi
|-damage|p2a: Celebi|0 fnt
|faint|p1a: Jbone
|faint|p2a: Celebi
|
|t:|1728956425
|switch|p2a: Tyranitar|Tyranitar, F|100/100
|switch|p1a: Limozeen|Zapdos|100/100
|-weather|Sandstorm|[from] ability: Sand Stream|[of] p2a: Tyranitar
|
|-weather|Sandstorm|[upkeep]
|-damage|p1a: Limozeen|94/100|[from] Sandstorm
|-heal|p1a: Limozeen|100/100|[from] item: Leftovers
|upkeep
|turn|9
|
|t:|1728956430
|move|p1a: Limozeen|Baton Pass|p1a: Limozeen
|
|t:|1728956432
|switch|p1a: Shrek 2|Swampert, F|100/100|[from] Baton Pass
|move|p2a: Tyranitar|Rock Slide|p1a: Shrek 2
|-resisted|p1a: Shrek 2
|-damage|p1a: Shrek 2|64/100
|
|-weather|Sandstorm|[upkeep]
|-heal|p1a: Shrek 2|70/100|[from] item: Leftovers
|upkeep
|turn|10
|
|t:|1728956455
|-singleturn|p1a: Shrek 2|move: Focus Punch
|switch|p2a: Jirachi|Jirachi|100/100
|move|p1a: Shrek 2|Focus Punch|p2a: Jirachi
|-damage|p2a: Jirachi|78/100
|
|-weather|Sandstorm|[upkeep]
|-heal|p2a: Jirachi|84/100|[from] item: Leftovers
|-heal|p1a: Shrek 2|76/100|[from] item: Leftovers
|upkeep
|turn|11
|
|t:|1728956467
|switch|p1a: FE7 Final Boss|Charizard, F|100/100
|move|p2a: Jirachi|Body Slam|p1a: FE7 Final Boss
|-damage|p1a: FE7 Final Boss|75/100
|-status|p1a: FE7 Final Boss|par
|
|-weather|Sandstorm|[upkeep]
|-damage|p1a: FE7 Final Boss|69/100 par|[from] Sandstorm
|-heal|p2a: Jirachi|91/100|[from] item: Leftovers
|-heal|p1a: FE7 Final Boss|75/100 par|[from] item: Leftovers
|upkeep
|turn|12
|
|t:|1728956473
|switch|p2a: Starmie|Starmie|100/100
|move|p1a: FE7 Final Boss|Fire Blast|p2a: Starmie
|-resisted|p2a: Starmie
|-damage|p2a: Starmie|75/100
|
|-weather|Sandstorm|[upkeep]
|-damage|p2a: Starmie|68/100|[from] Sandstorm
|-damage|p1a: FE7 Final Boss|69/100 par|[from] Sandstorm
|-heal|p2a: Starmie|75/100|[from] item: Leftovers
|-heal|p1a: FE7 Final Boss|75/100 par|[from] item: Leftovers
|upkeep
|turn|13
|
|t:|1728956486
|move|p2a: Starmie|Surf|p1a: FE7 Final Boss
|-supereffective|p1a: FE7 Final Boss
|-damage|p1a: FE7 Final Boss|0 fnt
|faint|p1a: FE7 Final Boss
|
|t:|1728956492
|switch|p1a: Limozeen|Zapdos|100/100
|
|-weather|Sandstorm|[upkeep]
|-damage|p1a: Limozeen|94/100|[from] Sandstorm
|-damage|p2a: Starmie|68/100|[from] Sandstorm
|-heal|p1a: Limozeen|100/100|[from] item: Leftovers
|-heal|p2a: Starmie|75/100|[from] item: Leftovers
|upkeep
|turn|14
|
|t:|1728956499
|switch|p2a: Tyranitar|Tyranitar, F|100/100
|move|p1a: Limozeen|Thunderbolt|p2a: Tyranitar
|-damage|p2a: Tyranitar|53/100
|
|-weather|Sandstorm|[upkeep]
|-damage|p1a: Limozeen|94/100|[from] Sandstorm
|-heal|p1a: Limozeen|100/100|[from] item: Leftovers
|upkeep
|turn|15
|
|t:|1728956507
|-singleturn|p2a: Tyranitar|move: Focus Punch
|move|p1a: Limozeen|Baton Pass|p1a: Limozeen
|
|t:|1728956521
|switch|p1a: Shrek 2|Swampert, F|76/100|[from] Baton Pass
|move|p2a: Tyranitar|Focus Punch|p1a: Shrek 2
|-damage|p1a: Shrek 2|0 fnt
|faint|p1a: Shrek 2
|
|t:|1728956524
|switch|p1a: Green Truffle|Breloom, M|100/100
|
|-weather|Sandstorm|[upkeep]
|-damage|p1a: Green Truffle|94/100|[from] Sandstorm
|upkeep
|turn|16
|
|t:|1728956533
|switch|p2a: Salamence|Salamence, F|100/100
|-ability|p2a: Salamence|Intimidate|boost
|-unboost|p1a: Green Truffle|atk|1
|move|p1a: Green Truffle|Spore|p2a: Salamence
|-status|p2a: Salamence|slp|[from] move: Spore
|
|-weather|Sandstorm|[upkeep]
|-damage|p2a: Salamence|94/100 slp|[from] Sandstorm
|-damage|p1a: Green Truffle|88/100|[from] Sandstorm
|-heal|p2a: Salamence|100/100 slp|[from] item: Leftovers
|upkeep
|turn|17
|
|t:|1728956543
|switch|p2a: Jirachi|Jirachi|91/100
|switch|p1a: Limozeen|Zapdos|100/100
|
|-weather|Sandstorm|[upkeep]
|-damage|p1a: Limozeen|94/100|[from] Sandstorm
|-heal|p1a: Limozeen|100/100|[from] item: Leftovers
|-heal|p2a: Jirachi|97/100|[from] item: Leftovers
|upkeep
|turn|18
|
|t:|1728956549
|move|p1a: Limozeen|Thunder Wave|p2a: Jirachi
|-status|p2a: Jirachi|par
|cant|p2a: Jirachi|par
|
|-weather|Sandstorm|[upkeep]
|-damage|p1a: Limozeen|94/100|[from] Sandstorm
|-heal|p1a: Limozeen|100/100|[from] item: Leftovers
|-heal|p2a: Jirachi|100/100 par|[from] item: Leftovers
|upkeep
|turn|19
|
|t:|1728956555
|move|p1a: Limozeen|Baton Pass|p1a: Limozeen
|
|t:|1728956558
|switch|p1a: SUPERCOMPUTER|Metagross|100/100|[from] Baton Pass
|move|p2a: Jirachi|Body Slam|p1a: SUPERCOMPUTER
|-resisted|p1a: SUPERCOMPUTER
|-damage|p1a: SUPERCOMPUTER|94/100
|
|-weather|Sandstorm|[upkeep]
|-heal|p1a: SUPERCOMPUTER|99/100|[from] item: Leftovers
|upkeep
|turn|20
|
|t:|1728956564
|move|p1a: SUPERCOMPUTER|Hidden Power|p2a: Jirachi
|-supereffective|p2a: Jirachi
|-damage|p2a: Jirachi|67/100 par
|cant|p2a: Jirachi|par
|
|-weather|Sandstorm|[upkeep]
|-heal|p1a: SUPERCOMPUTER|100/100|[from] item: Leftovers
|-heal|p2a: Jirachi|73/100 par|[from] item: Leftovers
|upkeep
|turn|21
|
|t:|1728956568
|move|p2a: Jirachi|Protect|p2a: Jirachi
|-singleturn|p2a: Jirachi|Protect
|move|p1a: SUPERCOMPUTER|Hidden Power|p2a: Jirachi
|-activate|p2a: Jirachi|Protect
|
|-weather|Sandstorm|[upkeep]
|-heal|p2a: Jirachi|79/100 par|[from] item: Leftovers
|upkeep
|turn|22
|
|t:|1728956571
|move|p1a: SUPERCOMPUTER|Hidden Power|p2a: Jirachi
|-supereffective|p2a: Jirachi
|-damage|p2a: Jirachi|44/100 par
|move|p2a: Jirachi|Wish|p2a: Jirachi
|
|-weather|Sandstorm|[upkeep]
|-heal|p2a: Jirachi|50/100 par|[from] item: Leftovers
|upkeep
|turn|23
|
|t:|1728956580
|move|p1a: SUPERCOMPUTER|Hidden Power|p2a: Jirachi
|-supereffective|p2a: Jirachi
|-damage|p2a: Jirachi|14/100 par
|move|p2a: Jirachi|Fire Punch|p1a: SUPERCOMPUTER
|-supereffective|p1a: SUPERCOMPUTER
|-damage|p1a: SUPERCOMPUTER|53/100
|
|-heal|p2a: Jirachi|64/100 par|[from] move: Wish|[wisher] Jirachi
|-weather|Sandstorm|[upkeep]
|-heal|p1a: SUPERCOMPUTER|59/100|[from] item: Leftovers
|-heal|p2a: Jirachi|71/100 par|[from] item: Leftovers
|upkeep
|turn|24
|
|t:|1728956595
|switch|p1a: Limozeen|Zapdos|100/100
|move|p2a: Jirachi|Protect||[still]
|-fail|p2a: Jirachi
|
|-weather|Sandstorm|[upkeep]
|-damage|p1a: Limozeen|94/100|[from] Sandstorm
|-heal|p1a: Limozeen|100/100|[from] item: Leftovers
|-heal|p2a: Jirachi|77/100 par|[from] item: Leftovers
|upkeep
|turn|25
|
|t:|1728956600
|move|p2a: Jirachi|Protect|p2a: Jirachi
|-singleturn|p2a: Jirachi|Protect
|move|p1a: Limozeen|Thunderbolt|p2a: Jirachi
|-activate|p2a: Jirachi|Protect
|
|-weather|Sandstorm|[upkeep]
|-damage|p1a: Limozeen|94/100|[from] Sandstorm
|-heal|p1a: Limozeen|100/100|[from] item: Leftovers
|-heal|p2a: Jirachi|83/100 par|[from] item: Leftovers
|upkeep
|turn|26
|
|t:|1728956606
|move|p1a: Limozeen|Thunderbolt|p2a: Jirachi
|-damage|p2a: Jirachi|43/100 par
|move|p2a: Jirachi|Body Slam|p1a: Limozeen
|-damage|p1a: Limozeen|77/100
|-status|p1a: Limozeen|par
|
|-weather|Sandstorm|[upkeep]
|-damage|p1a: Limozeen|71/100 par|[from] Sandstorm
|-heal|p1a: Limozeen|77/100 par|[from] item: Leftovers
|-heal|p2a: Jirachi|49/100 par|[from] item: Leftovers
|upkeep
|turn|27
|
|t:|1728956611
|move|p2a: Jirachi|Protect|p2a: Jirachi
|-singleturn|p2a: Jirachi|Protect
|move|p1a: Limozeen|Thunderbolt|p2a: Jirachi
|-activate|p2a: Jirachi|Protect
|
|-weather|Sandstorm|[upkeep]
|-damage|p1a: Limozeen|71/100 par|[from] Sandstorm
|-heal|p1a: Limozeen|77/100 par|[from] item: Leftovers
|-heal|p2a: Jirachi|55/100 par|[from] item: Leftovers
|upkeep
|turn|28
|
|t:|1728956614
|move|p1a: Limozeen|Thunderbolt|p2a: Jirachi
|-damage|p2a: Jirachi|13/100 par
|move|p2a: Jirachi|Wish|p2a: Jirachi
|
|-weather|Sandstorm|[upkeep]
|-damage|p1a: Limozeen|71/100 par|[from] Sandstorm
|-heal|p1a: Limozeen|77/100 par|[from] item: Leftovers
|-heal|p2a: Jirachi|19/100 par|[from] item: Leftovers
|upkeep
|turn|29
|
|t:|1728956617
|move|p1a: Limozeen|Thunderbolt|p2a: Jirachi
|-damage|p2a: Jirachi|0 fnt
|faint|p2a: Jirachi
|
|t:|1728956619
|switch|p2a: Tyranitar|Tyranitar, F|53/100
|
|-heal|p2a: Tyranitar|100/100|[from] move: Wish|[wisher] Jirachi
|-weather|Sandstorm|[upkeep]
|-damage|p1a: Limozeen|71/100 par|[from] Sandstorm
|-heal|p1a: Limozeen|77/100 par|[from] item: Leftovers
|upkeep
|turn|30
|
|t:|1728956633
|switch|p1a: Green Truffle|Breloom, M|88/100
|move|p2a: Tyranitar|Rock Slide|p1a: Green Truffle
|-resisted|p1a: Green Truffle
|-damage|p1a: Green Truffle|35/100
|
|-weather|Sandstorm|[upkeep]
|-damage|p1a: Green Truffle|29/100|[from] Sandstorm
|upkeep
|turn|31
|
|t:|1728956643
|switch|p2a: Salamence|Salamence, F|100/100 slp
|-ability|p2a: Salamence|Intimidate|boost
|-unboost|p1a: Green Truffle|atk|1
|move|p1a: Green Truffle|Sky Uppercut|p2a: Salamence
|-resisted|p2a: Salamence
|-damage|p2a: Salamence|88/100 slp
|
|-weather|Sandstorm|[upkeep]
|-damage|p2a: Salamence|82/100 slp|[from] Sandstorm
|-damage|p1a: Green Truffle|23/100|[from] Sandstorm
|-heal|p2a: Salamence|88/100 slp|[from] item: Leftovers
|-enditem|p1a: Green Truffle|Salac Berry|[eat]
|-boost|p1a: Green Truffle|spe|1|[from] item: Salac Berry
|upkeep
|turn|32
|
|t:|1728956654
|-singleturn|p1a: Green Truffle|move: Focus Punch
|cant|p2a: Salamence|slp
|move|p1a: Green Truffle|Focus Punch|p2a: Salamence
|-resisted|p2a: Salamence
|-damage|p2a: Salamence|66/100 slp
|
|-weather|Sandstorm|[upkeep]
|-damage|p1a: Green Truffle|16/100|[from] Sandstorm
|-damage|p2a: Salamence|60/100 slp|[from] Sandstorm
|-heal|p2a: Salamence|66/100 slp|[from] item: Leftovers
|upkeep
|turn|33
|
|t:|1728956671
|switch|p1a: Limozeen|Zapdos|77/100 par
|-curestatus|p2a: Salamence|slp|[msg]
|move|p2a: Salamence|Wish|p2a: Salamence
|
|-weather|Sandstorm|[upkeep]
|-damage|p2a: Salamence|60/100|[from] Sandstorm
|-damage|p1a: Limozeen|71/100 par|[from] Sandstorm
|-heal|p2a: Salamence|66/100|[from] item: Leftovers
|-heal|p1a: Limozeen|77/100 par|[from] item: Leftovers
|upkeep
|turn|34
|
|t:|1728956678
|switch|p2a: Tyranitar|Tyranitar, F|100/100
|move|p1a: Limozeen|Thunder Wave|p2a: Tyranitar
|-status|p2a: Tyranitar|par
|
|-weather|Sandstorm|[upkeep]
|-damage|p1a: Limozeen|71/100 par|[from] Sandstorm
|-heal|p1a: Limozeen|77/100 par|[from] item: Leftovers
|upkeep
|turn|35
|
|t:|1728956690
|cant|p1a: Limozeen|par
|move|p2a: Tyranitar|Rock Slide|p1a: Limozeen
|-supereffective|p1a: Limozeen
|-damage|p1a: Limozeen|0 fnt
|faint|p1a: Limozeen
|
|t:|1728956693
|switch|p1a: Green Truffle|Breloom, M|16/100
|
|-weather|Sandstorm|[upkeep]
|-damage|p1a: Green Truffle|10/100|[from] Sandstorm
|upkeep
|turn|36
|
|t:|1728956709
|move|p1a: Green Truffle|Stun Spore|p2a: Tyranitar
|-fail|p2a: Tyranitar|par
|move|p2a: Tyranitar|Rock Slide|p1a: Green Truffle
|-resisted|p1a: Green Truffle
|-damage|p1a: Green Truffle|0 fnt
|faint|p1a: Green Truffle
|
|t:|1728956711
|switch|p1a: SUPERCOMPUTER|Metagross|59/100
|
|-weather|Sandstorm|[upkeep]
|-heal|p1a: SUPERCOMPUTER|65/100|[from] item: Leftovers
|upkeep
|turn|37
|
|t:|1728956713
|move|p1a: SUPERCOMPUTER|Meteor Mash|p2a: Tyranitar
|-supereffective|p2a: Tyranitar
|-damage|p2a: Tyranitar|22/100 par
|-boost|p1a: SUPERCOMPUTER|atk|1
|move|p2a: Tyranitar|Rock Slide|p1a: SUPERCOMPUTER
|-resisted|p1a: SUPERCOMPUTER
|-damage|p1a: SUPERCOMPUTER|34/100
|
|-weather|Sandstorm|[upkeep]
|-heal|p1a: SUPERCOMPUTER|40/100|[from] item: Leftovers
|upkeep
|turn|38
|
|t:|1728956716
|move|p1a: SUPERCOMPUTER|Meteor Mash|p2a: Tyranitar
|-supereffective|p2a: Tyranitar
|-damage|p2a: Tyranitar|0 fnt
|faint|p2a: Tyranitar
|
|t:|1728956718
|switch|p2a: Metagross|Metagross|100/100
|
|-weather|Sandstorm|[upkeep]
|-heal|p1a: SUPERCOMPUTER|46/100|[from] item: Leftovers
|upkeep
|turn|39
|
|t:|1728956721
|move|p1a: SUPERCOMPUTER|Hidden Power|p2a: Metagross
|-supereffective|p2a: Metagross
|-damage|p2a: Metagross|52/100
|move|p2a: Metagross|Earthquake|p1a: SUPERCOMPUTER
|-supereffective|p1a: SUPERCOMPUTER
|-damage|p1a: SUPERCOMPUTER|0 fnt
|faint|p1a: SUPERCOMPUTER
|
|win|garhamsandich
|c|☆dunsparce_real|ggs
|c|☆garhamsandich|gg

</script>
<script type="application/json" class="data" id="replaydata-smogtours-gen3ou-798866">
{"id":"smogtours-gen3ou-798866","format":"[Gen 3] OU","players":["dunsparce_real","garhamsandich"],"uploadtime":1728956721,"views":89,"formatid":"gen3ou","rating":null,"private":0,"password":null}
</script>

<script defer src="js/replays.js?9d40a366"></script>
