<!DOCTYPE html>
<meta charset="utf-8" />
<meta name="viewport" content="width=device-width" />

<title>[Gen 3] OU: TRXXJEH vs. shoegazes - Replays - Pok&eacute;mon Showdown!</title>

<meta name="description" content="Watch a replay of a Pok&eacute;mon battle between TRXXJEH and shoegazes! Format: [Gen 3] OU; Date: Oct 12, 2024" />
<!--

Hey, you! Looking in the source for the replay log?

You can find them in JSON format, just add `.json` at the end of a replay URL.

https://replay.pokemonshowdown.com/gen7randomdoublesbattle-865046831.json

Or, if you only need the log itself, add `.log` instead:

https://replay.pokemonshowdown.com/gen7randomdoublesbattle-865046831.log

-->

<link rel="stylesheet" href="//pokemonshowdown.com/style/global.css?0.767286132409787" />
<link rel="stylesheet" href="//play.pokemonshowdown.com/style/font-awesome.css?0.9266228007934947" />
<link rel="stylesheet" href="//play.pokemonshowdown.com/style/battle.css?0.7924700842790926" />
<link rel="stylesheet" href="//play.pokemonshowdown.com/style/utilichart.css?0.8777417872839479" />

<!-- Global site tag (gtag.js) - Google Analytics -->
<script async src="https://www.googletagmanager.com/gtag/js?id=UA-26211653-1"></script>
<script>
  window.dataLayer = window.dataLayer || [];
  function gtag(){dataLayer.push(arguments);}
  gtag('js', new Date());

  gtag('config', 'UA-26211653-1');
</script>
<!-- End Google Analytics -->
<!-- Venatus Ad Manager - Install in <HEAD> of page -->
	<script src="https://hb.vntsm.com/v3/live/ad-manager.min.js" type="text/javascript" data-site-id="642aba63ec9a7b11c3c9c1be" data-mode="scan" async></script>
<!-- / Venatus Ad Manager -->

<style>
	@media (max-width:820px) {
		.battle {
			margin: 0 auto;
		}
		.battle-log {
			margin: 7px auto 0;
			max-width: 640px;
			height: 300px;
			position: static;
		}
	}
	.optgroup {
		display: inline-block;
		line-height: 22px;
		font-size: 10pt;
	}
	.optgroup .button {
		height: 25px;
		padding-top: 0;
		padding-bottom: 0;
	}
	.optgroup button.button {
		padding-left: 12px;
		padding-right: 12px;
	}
	.linklist {
		list-style: none;
		margin: 0.5em 0;
		padding: 0;
	}
	.linklist li {
		padding: 2px 0;
	}
	.sidebar {
		float: left;
		width: 320px;
	}
	.bar-wrapper {
		max-width: 1100px;
		margin: 0 auto;
	}
	.bar-wrapper.has-sidebar {
		max-width: 1430px;
	}
	.mainbar {
		margin: 0;
		padding-right: 1px;
	}
	.mainbar.has-sidebar {
		margin-left: 330px;
	}
	@media (min-width: 1511px) {
		.sidebar {
			width: 400px;
		}
		.bar-wrapper.has-sidebar {
			max-width: 1510px;
		}
		.mainbar.has-sidebar {
			margin-left: 410px;
		}
	}
	.section.first-section {
		margin-top: 9px;
	}
	.blocklink small {
		white-space: normal;
	}
	.button {
		vertical-align: middle;
	}
	.replay-controls {
		padding-top: 10px;
	}
	.replay-controls h1 {
		font-size: 16pt;
		font-weight: normal;
		color: #CCC;
	}
	.pagelink {
		text-align: center;
	}
	.pagelink a {
		width: 150px;
	}
	.textbox, .button {
		font-size: 11pt;
		vertical-align: middle;
	}
	@media (max-width: 450px) {
		.button {
			font-size: 9pt;
		}
	}
</style>

<div>

	<header>
		<div class="nav-wrapper"><ul class="nav">
			<li><a class="button nav-first" href="//pokemonshowdown.com/"><img src="//pokemonshowdown.com/images/pokemonshowdownbeta.png" srcset="//pokemonshowdown.com/images/pokemonshowdownbeta.png 1x, //pokemonshowdown.com/images/pokemonshowdownbeta@2x.png 2x" alt="Pok&eacute;mon Showdown" width="146" height="44" /> Home</a></li>
			<li><a class="button" href="//pokemonshowdown.com/dex/">Pok&eacute;dex</a></li>
			<li><a class="button cur" href="/">Replays</a></li>
			<li><a class="button" href="//pokemonshowdown.com/ladder/">Ladder</a></li>
			<li><a class="button nav-last" href="//pokemonshowdown.com/forums/">Forum</a></li>
			<li><a class="button greenbutton nav-first nav-last" href="//play.pokemonshowdown.com/">Play</a></li>
		</ul></div>
	</header>

	<div class="main" id="main">

		<noscript><section class="section">You need to enable JavaScript to use this page; sorry!</section></noscript>

	</div>

</div>

<script defer nomodule src="//play.pokemonshowdown.com/js/lib/ps-polyfill.js"></script>
<script defer src="//play.pokemonshowdown.com/js/lib/preact.min.js"></script>

<script defer src="//play.pokemonshowdown.com/config/config.js?6dec07f6"></script>
<script defer src="//play.pokemonshowdown.com/js/lib/jquery-1.11.0.min.js"></script>
<script defer src="//play.pokemonshowdown.com/js/lib/html-sanitizer-minified.js"></script>
<script defer src="//play.pokemonshowdown.com/js/battle-sound.js"></script>
<script defer src="//play.pokemonshowdown.com/js/battledata.js?0.6315294753075389"></script>
<script defer src="//play.pokemonshowdown.com/data/pokedex-mini.js?0.7603743185311358"></script>
<script defer src="//play.pokemonshowdown.com/data/pokedex-mini-bw.js?0.030888842834281283"></script>
<script defer src="//play.pokemonshowdown.com/data/graphics.js?0.05593094747507488"></script>
<script defer src="//play.pokemonshowdown.com/data/pokedex.js?0.47064822249611904"></script>
<script defer src="//play.pokemonshowdown.com/data/moves.js?0.8583693120512459"></script>
<script defer src="//play.pokemonshowdown.com/data/abilities.js?0.16017181182386842"></script>
<script defer src="//play.pokemonshowdown.com/data/items.js?0.4163379185673943"></script>
<script defer src="//play.pokemonshowdown.com/data/teambuilder-tables.js?0.31075597372830477"></script>
<script defer src="//play.pokemonshowdown.com/js/battle-tooltips.js?0.6536193500708172"></script>
<script defer src="//play.pokemonshowdown.com/js/battle.js?0.1916591943277901"></script>

<script defer src="js/utils.js?e31f9a17"></script>
<script defer src="js/replays-battle.js?7008c182"></script>

<!-- don't scrape this data! just add .json or .log after the URL!
Full API docs: https://github.com/smogon/pokemon-showdown-client/blob/master/WEB-API.md -->
<script type="text/plain" class="log" id="replaylog-smogtours-gen3ou-797569">
|inactive|Battle timer is ON: inactive players will automatically lose when time's up.
|t:|1728751329
|gametype|singles
|player|p1|TRXXJEH|policeman-gen4|
|player|p2|shoegazes|dahlia|
|teamsize|p1|6
|teamsize|p2|6
|gen|3
|tier|[Gen 3] OU
|rule|Sleep Clause Mod: Limit one foe put to sleep
|rule|Switch Priority Clause Mod: Faster Pokémon switch first
|rule|Species Clause: Limit one of each Pokémon
|rule|OHKO Clause: OHKO moves are banned
|rule|Evasion Items Clause: Evasion items are banned
|rule|Evasion Moves Clause: Evasion moves are banned
|rule|Endless Battle Clause: Forcing endless battles is banned
|rule|HP Percentage Mod: HP is shown in percentages
|rule|One Boost Passer Clause: Limit one Baton Passer that has a way to boost its stats
|rule|Freeze Clause Mod: Limit one foe frozen
|
|t:|1728751329
|start
|switch|p1a: Zapdos|Zapdos|100/100
|switch|p2a: Tyranitar|Tyranitar, F|100/100
|-weather|Sandstorm|[from] ability: Sand Stream|[of] p2a: Tyranitar
|turn|1
|c|☆shoegazes|hf
|inactive|TRXXJEH has 270 seconds left.
|
|t:|1728751373
|switch|p1a: Swampert|Swampert, M|100/100
|move|p2a: Tyranitar|Rock Slide|p1a: Swampert
|-resisted|p1a: Swampert
|-damage|p1a: Swampert|81/100
|
|-weather|Sandstorm|[upkeep]
|-heal|p1a: Swampert|87/100|[from] item: Leftovers
|upkeep
|turn|2
|inactive|TRXXJEH has 270 seconds left.
|inactive|shoegazes has 270 seconds left.
|
|t:|1728751438
|switch|p2a: Snorlax|Snorlax, F|100/100
|move|p1a: Swampert|Hydro Pump|p2a: Snorlax|[miss]
|-miss|p1a: Swampert|p2a: Snorlax
|
|-weather|Sandstorm|[upkeep]
|-damage|p2a: Snorlax|94/100|[from] Sandstorm
|-heal|p1a: Swampert|93/100|[from] item: Leftovers
|-heal|p2a: Snorlax|100/100|[from] item: Leftovers
|upkeep
|turn|3
|inactive|TRXXJEH has 240 seconds left.
|inactive|TRXXJEH has 210 seconds left.
|
|t:|1728751489
|switch|p1a: Skarmory|Skarmory, F|100/100
|move|p2a: Snorlax|Body Slam|p1a: Skarmory
|-resisted|p1a: Skarmory
|-damage|p1a: Skarmory|85/100
|
|-weather|Sandstorm|[upkeep]
|-damage|p2a: Snorlax|94/100|[from] Sandstorm
|-heal|p1a: Skarmory|91/100|[from] item: Leftovers
|-heal|p2a: Snorlax|100/100|[from] item: Leftovers
|upkeep
|turn|4
|inactive|TRXXJEH has 210 seconds left.
|inactive|TRXXJEH has 180 seconds left.
|
|t:|1728751532
|switch|p2a: Magneton|Magneton|100/100
|move|p1a: Skarmory|Roar|p2a: Magneton
|drag|p2a: Gyarados|Gyarados, M|100/100
|-ability|p2a: Gyarados|Intimidate|boost
|-unboost|p1a: Skarmory|atk|1
|
|-weather|Sandstorm|[upkeep]
|-damage|p2a: Gyarados|94/100|[from] Sandstorm
|-heal|p2a: Gyarados|100/100|[from] item: Leftovers
|-heal|p1a: Skarmory|97/100|[from] item: Leftovers
|upkeep
|turn|5
|inactive|TRXXJEH has 180 seconds left.
|inactive|shoegazes has 240 seconds left.
|inactive|TRXXJEH has 150 seconds left.
|inactive|TRXXJEH has 120 seconds left.
|
|t:|1728751603
|switch|p2a: Magneton|Magneton|100/100
|move|p1a: Skarmory|Spikes|p2a: Magneton
|-sidestart|p2: shoegazes|Spikes
|
|-weather|Sandstorm|[upkeep]
|-heal|p1a: Skarmory|100/100|[from] item: Leftovers
|upkeep
|turn|6
|inactive|TRXXJEH has 120 seconds left.
|
|t:|1728751617
|move|p2a: Magneton|Thunderbolt|p1a: Skarmory
|-supereffective|p1a: Skarmory
|-damage|p1a: Skarmory|0 fnt
|faint|p1a: Skarmory
|inactive|TRXXJEH has 90 seconds left.
|
|t:|1728751649
|switch|p1a: Blissey|Blissey, F|100/100
|
|-weather|Sandstorm|[upkeep]
|-damage|p1a: Blissey|94/100|[from] Sandstorm
|-heal|p1a: Blissey|100/100|[from] item: Leftovers
|upkeep
|turn|7
|inactive|TRXXJEH has 90 seconds left.
|
|t:|1728751666
|switch|p2a: Snorlax|Snorlax, F|100/100
|-damage|p2a: Snorlax|88/100|[from] Spikes
|move|p1a: Blissey|Thunder Wave|p2a: Snorlax
|-status|p2a: Snorlax|par
|
|-weather|Sandstorm|[upkeep]
|-damage|p1a: Blissey|94/100|[from] Sandstorm
|-damage|p2a: Snorlax|82/100 par|[from] Sandstorm
|-heal|p1a: Blissey|100/100|[from] item: Leftovers
|-heal|p2a: Snorlax|88/100 par|[from] item: Leftovers
|upkeep
|turn|8
|inactive|TRXXJEH has 90 seconds left.
|inactive|TRXXJEH has 60 seconds left.
|
|t:|1728751715
|switch|p1a: Swampert|Swampert, M|93/100
|move|p2a: Snorlax|Body Slam|p1a: Swampert
|-damage|p1a: Swampert|55/100
|-status|p1a: Swampert|par
|
|-weather|Sandstorm|[upkeep]
|-damage|p2a: Snorlax|82/100 par|[from] Sandstorm
|-heal|p1a: Swampert|61/100 par|[from] item: Leftovers
|-heal|p2a: Snorlax|88/100 par|[from] item: Leftovers
|upkeep
|turn|9
|inactive|shoegazes has 240 seconds left.
|
|t:|1728751732
|-singleturn|p1a: Swampert|move: Focus Punch
|move|p2a: Snorlax|Body Slam|p1a: Swampert
|-damage|p1a: Swampert|25/100 par
|cant|p1a: Swampert|par
|
|-weather|Sandstorm|[upkeep]
|-damage|p2a: Snorlax|82/100 par|[from] Sandstorm
|-heal|p1a: Swampert|32/100 par|[from] item: Leftovers
|-heal|p2a: Snorlax|88/100 par|[from] item: Leftovers
|upkeep
|turn|10
|
|t:|1728751742
|move|p1a: Swampert|Earthquake|p2a: Snorlax
|-crit|p2a: Snorlax
|-damage|p2a: Snorlax|31/100 par
|move|p2a: Snorlax|Body Slam|p1a: Swampert
|-crit|p1a: Swampert
|-damage|p1a: Swampert|0 fnt
|faint|p1a: Swampert
|
|t:|1728751772
|switch|p1a: Gengar|Gengar, F|100/100
|
|-weather|Sandstorm|[upkeep]
|-damage|p1a: Gengar|94/100|[from] Sandstorm
|-damage|p2a: Snorlax|24/100 par|[from] Sandstorm
|-heal|p1a: Gengar|100/100|[from] item: Leftovers
|-heal|p2a: Snorlax|31/100 par|[from] item: Leftovers
|upkeep
|turn|11
|
|t:|1728751786
|move|p1a: Gengar|Thunderbolt|p2a: Snorlax
|-damage|p2a: Snorlax|14/100 par
|cant|p2a: Snorlax|par
|
|-weather|Sandstorm|[upkeep]
|-damage|p1a: Gengar|94/100|[from] Sandstorm
|-damage|p2a: Snorlax|8/100 par|[from] Sandstorm
|-heal|p1a: Gengar|100/100|[from] item: Leftovers
|-heal|p2a: Snorlax|14/100 par|[from] item: Leftovers
|upkeep
|turn|12
|inactive|TRXXJEH has 30 seconds left.
|
|t:|1728751801
|move|p1a: Gengar|Thunderbolt|p2a: Snorlax
|-damage|p2a: Snorlax|0 fnt
|faint|p2a: Snorlax
|
|t:|1728751820
|switch|p2a: Tyranitar|Tyranitar, F|100/100
|-damage|p2a: Tyranitar|88/100|[from] Spikes
|
|-weather|Sandstorm|[upkeep]
|-damage|p1a: Gengar|94/100|[from] Sandstorm
|-heal|p1a: Gengar|100/100|[from] item: Leftovers
|upkeep
|turn|13
|inactive|TRXXJEH has 30 seconds left.
|inactive|TRXXJEH has 20 seconds left.
|
|t:|1728751849
|move|p1a: Gengar|Will-O-Wisp|p2a: Tyranitar|[miss]
|-miss|p1a: Gengar|p2a: Tyranitar
|move|p2a: Tyranitar|Thunder Wave|p1a: Gengar
|-status|p1a: Gengar|par
|
|-weather|Sandstorm|[upkeep]
|-damage|p1a: Gengar|94/100 par|[from] Sandstorm
|-heal|p1a: Gengar|100/100 par|[from] item: Leftovers
|upkeep
|turn|14
|inactive|TRXXJEH has 30 seconds left this turn.
|
|t:|1728751868
|switch|p2a: Magneton|Magneton|100/100
|-damage|p2a: Magneton|88/100|[from] Spikes
|move|p1a: Gengar|Thunderbolt|p2a: Magneton
|-resisted|p2a: Magneton
|-damage|p2a: Magneton|61/100
|
|-weather|Sandstorm|[upkeep]
|-damage|p1a: Gengar|94/100 par|[from] Sandstorm
|-heal|p1a: Gengar|100/100 par|[from] item: Leftovers
|upkeep
|turn|15
|inactive|TRXXJEH has 30 seconds left.
|inactive|TRXXJEH has 20 seconds left.
|inactive|TRXXJEH has 15 seconds left.
|
|t:|1728751890
|switch|p1a: Blissey|Blissey, F|100/100
|move|p2a: Magneton|Thunderbolt|p1a: Blissey
|-damage|p1a: Blissey|78/100
|
|-weather|Sandstorm|[upkeep]
|-damage|p1a: Blissey|72/100|[from] Sandstorm
|-heal|p1a: Blissey|78/100|[from] item: Leftovers
|upkeep
|turn|16
|inactive|TRXXJEH has 25 seconds left this turn.
|inactive|TRXXJEH has 20 seconds left.
|
|t:|1728751908
|move|p2a: Magneton|Thunder Wave|p1a: Blissey
|-status|p1a: Blissey|par
|move|p1a: Blissey|Thunder Wave|p2a: Magneton
|-status|p2a: Magneton|par
|
|-weather|Sandstorm|[upkeep]
|-damage|p1a: Blissey|72/100 par|[from] Sandstorm
|-heal|p1a: Blissey|78/100 par|[from] item: Leftovers
|upkeep
|turn|17
|inactive|TRXXJEH has 30 seconds left this turn.
|
|t:|1728751914
|move|p2a: Magneton|Thunderbolt|p1a: Blissey
|-damage|p1a: Blissey|55/100 par
|move|p1a: Blissey|Soft-Boiled|p1a: Blissey
|-heal|p1a: Blissey|100/100 par
|
|-weather|Sandstorm|[upkeep]
|-damage|p1a: Blissey|94/100 par|[from] Sandstorm
|-heal|p1a: Blissey|100/100 par|[from] item: Leftovers
|upkeep
|turn|18
|inactive|TRXXJEH has 30 seconds left.
|
|t:|1728751927
|move|p2a: Magneton|Thunderbolt|p1a: Blissey
|-damage|p1a: Blissey|79/100 par
|cant|p1a: Blissey|par
|
|-weather|Sandstorm|[upkeep]
|-damage|p1a: Blissey|73/100 par|[from] Sandstorm
|-heal|p1a: Blissey|79/100 par|[from] item: Leftovers
|upkeep
|turn|19
|
|t:|1728751932
|move|p2a: Magneton|Thunderbolt|p1a: Blissey
|-damage|p1a: Blissey|58/100 par
|cant|p1a: Blissey|par
|
|-weather|Sandstorm|[upkeep]
|-damage|p1a: Blissey|51/100 par|[from] Sandstorm
|-heal|p1a: Blissey|58/100 par|[from] item: Leftovers
|upkeep
|turn|20
|
|t:|1728751935
|move|p2a: Magneton|Thunderbolt|p1a: Blissey
|-damage|p1a: Blissey|35/100 par
|move|p1a: Blissey|Soft-Boiled|p1a: Blissey
|-heal|p1a: Blissey|85/100 par
|
|-weather|Sandstorm|[upkeep]
|-damage|p1a: Blissey|79/100 par|[from] Sandstorm
|-heal|p1a: Blissey|85/100 par|[from] item: Leftovers
|upkeep
|turn|21
|
|t:|1728751939
|cant|p2a: Magneton|par
|cant|p1a: Blissey|par
|
|-weather|Sandstorm|[upkeep]
|-damage|p1a: Blissey|79/100 par|[from] Sandstorm
|-heal|p1a: Blissey|85/100 par|[from] item: Leftovers
|upkeep
|turn|22
|
|t:|1728751943
|cant|p2a: Magneton|par
|move|p1a: Blissey|Seismic Toss|p2a: Magneton
|-damage|p2a: Magneton|20/100 par
|
|-weather|Sandstorm|[upkeep]
|-damage|p1a: Blissey|79/100 par|[from] Sandstorm
|-heal|p1a: Blissey|85/100 par|[from] item: Leftovers
|upkeep
|turn|23
|
|t:|1728751957
|move|p2a: Magneton|Thunderbolt|p1a: Blissey
|-damage|p1a: Blissey|63/100 par
|move|p1a: Blissey|Seismic Toss|p2a: Magneton
|-damage|p2a: Magneton|0 fnt
|faint|p2a: Magneton
|
|t:|1728751970
|switch|p2a: Rhydon|Rhydon, F|100/100
|-damage|p2a: Rhydon|88/100|[from] Spikes
|
|-weather|Sandstorm|[upkeep]
|-damage|p1a: Blissey|57/100 par|[from] Sandstorm
|-heal|p2a: Rhydon|94/100|[from] item: Leftovers
|-heal|p1a: Blissey|63/100 par|[from] item: Leftovers
|upkeep
|turn|24
|inactive|TRXXJEH has 60 seconds left.
|inactive|TRXXJEH has 30 seconds left.
|inactive|TRXXJEH has 20 seconds left.
|inactive|TRXXJEH has 15 seconds left.
|
|t:|1728752037
|move|p2a: Rhydon|Substitute|p2a: Rhydon
|-start|p2a: Rhydon|Substitute
|-damage|p2a: Rhydon|69/100
|cant|p1a: Blissey|par
|
|-weather|Sandstorm|[upkeep]
|-damage|p1a: Blissey|57/100 par|[from] Sandstorm
|-heal|p2a: Rhydon|76/100|[from] item: Leftovers
|-heal|p1a: Blissey|63/100 par|[from] item: Leftovers
|upkeep
|turn|25
|inactive|TRXXJEH has 25 seconds left this turn.
|inactive|TRXXJEH has 20 seconds left.
|inactive|TRXXJEH has 15 seconds left.
|inactive|TRXXJEH has 10 seconds left.
|
|t:|1728752053
|-curestatus|p1a: Blissey|par|[from] ability: Natural Cure
|switch|p1a: Gengar|Gengar, F|100/100 par
|move|p2a: Rhydon|Earthquake|p1a: Gengar
|-immune|p1a: Gengar
|
|-weather|Sandstorm|[upkeep]
|-damage|p1a: Gengar|94/100 par|[from] Sandstorm
|-heal|p2a: Rhydon|82/100|[from] item: Leftovers
|-heal|p1a: Gengar|100/100 par|[from] item: Leftovers
|upkeep
|turn|26
|inactive|TRXXJEH has 20 seconds left this turn.
|inactive|TRXXJEH has 15 seconds left.
|
|t:|1728752061
|move|p2a: Rhydon|Rock Slide|p1a: Gengar
|-damage|p1a: Gengar|26/100 par
|cant|p1a: Gengar|flinch
|
|-weather|Sandstorm|[upkeep]
|-damage|p1a: Gengar|20/100 par|[from] Sandstorm
|-heal|p2a: Rhydon|88/100|[from] item: Leftovers
|-heal|p1a: Gengar|26/100 par|[from] item: Leftovers
|upkeep
|turn|27
|inactive|TRXXJEH has 25 seconds left this turn.
|inactive|TRXXJEH has 20 seconds left.
|
|t:|1728752068
|move|p2a: Rhydon|Rock Slide|p1a: Gengar|[miss]
|-miss|p2a: Rhydon|p1a: Gengar
|move|p1a: Gengar|Giga Drain|p2a: Rhydon
|-supereffective|p2a: Rhydon
|-end|p2a: Rhydon|Substitute
|-heal|p1a: Gengar|42/100 par|[from] drain|[of] p2a: Rhydon
|
|-weather|Sandstorm|[upkeep]
|-damage|p1a: Gengar|35/100 par|[from] Sandstorm
|-heal|p2a: Rhydon|94/100|[from] item: Leftovers
|-heal|p1a: Gengar|42/100 par|[from] item: Leftovers
|upkeep
|turn|28
|inactive|TRXXJEH has 30 seconds left this turn.
|inactive|TRXXJEH has 20 seconds left.
|inactive|TRXXJEH has 15 seconds left.
|
|t:|1728752088
|switch|p1a: Starmie|Starmie|100/100
|move|p2a: Rhydon|Rock Slide|p1a: Starmie|[miss]
|-miss|p2a: Rhydon|p1a: Starmie
|
|-weather|Sandstorm|[upkeep]
|-damage|p1a: Starmie|94/100|[from] Sandstorm
|-heal|p1a: Starmie|100/100|[from] item: Leftovers
|-heal|p2a: Rhydon|99/100|[from] item: Leftovers
|upkeep
|turn|29
|inactive|TRXXJEH has 25 seconds left this turn.
|inactive|TRXXJEH has 20 seconds left.
|
|t:|1728752100
|switch|p2a: Starmie|Starmie|100/100
|-damage|p2a: Starmie|88/100|[from] Spikes
|move|p1a: Starmie|Surf|p2a: Starmie
|-resisted|p2a: Starmie
|-crit|p2a: Starmie
|-damage|p2a: Starmie|42/100
|
|-weather|Sandstorm|[upkeep]
|-damage|p2a: Starmie|36/100|[from] Sandstorm
|-damage|p1a: Starmie|94/100|[from] Sandstorm
|-heal|p2a: Starmie|42/100|[from] item: Leftovers
|-heal|p1a: Starmie|100/100|[from] item: Leftovers
|upkeep
|turn|30
|inactive|TRXXJEH has 30 seconds left this turn.
|inactive|TRXXJEH has 20 seconds left.
|inactive|TRXXJEH has 15 seconds left.
|inactive|TRXXJEH has 10 seconds left.
|
|t:|1728752121
|switch|p1a: Zapdos|Zapdos|100/100
|move|p2a: Starmie|Thunderbolt|p1a: Zapdos
|-damage|p1a: Zapdos|67/100
|
|-weather|Sandstorm|[upkeep]
|-damage|p2a: Starmie|36/100|[from] Sandstorm
|-damage|p1a: Zapdos|61/100|[from] Sandstorm
|-heal|p2a: Starmie|42/100|[from] item: Leftovers
|-heal|p1a: Zapdos|67/100|[from] item: Leftovers
|upkeep
|turn|31
|inactive|TRXXJEH has 20 seconds left this turn.
|inactive|TRXXJEH has 15 seconds left.
|inactive|TRXXJEH has 10 seconds left.
|
|t:|1728752134
|move|p2a: Starmie|Ice Beam|p1a: Zapdos
|-supereffective|p1a: Zapdos
|-damage|p1a: Zapdos|1/100
|move|p1a: Zapdos|Thunderbolt|p2a: Starmie
|-supereffective|p2a: Starmie
|-damage|p2a: Starmie|0 fnt
|faint|p2a: Starmie
|inactive|TRXXJEH has 15 seconds left this turn.
|
|t:|1728752151
|switch|p2a: Tyranitar|Tyranitar, F|88/100
|-damage|p2a: Tyranitar|76/100|[from] Spikes
|
|-weather|Sandstorm|[upkeep]
|-damage|p1a: Zapdos|0 fnt|[from] Sandstorm
|faint|p1a: Zapdos
|upkeep
|inactive|TRXXJEH has 20 seconds left this turn.
|inactive|TRXXJEH has 15 seconds left.
|inactive|TRXXJEH has 10 seconds left.
|inactive|TRXXJEH has 5 seconds left.
|
|t:|1728752168
|switch|p1a: Starmie|Starmie|100/100
|turn|32
|inactive|TRXXJEH has 15 seconds left this turn.
|inactive|TRXXJEH has 10 seconds left.
|
|t:|1728752180
|move|p1a: Starmie|Surf|p2a: Tyranitar
|-supereffective|p2a: Tyranitar
|-damage|p2a: Tyranitar|21/100
|move|p2a: Tyranitar|Thunder Wave|p1a: Starmie
|-status|p1a: Starmie|par
|
|-weather|Sandstorm|[upkeep]
|-damage|p1a: Starmie|94/100 par|[from] Sandstorm
|-enditem|p2a: Tyranitar|Liechi Berry|[eat]
|-boost|p2a: Tyranitar|atk|1|[from] item: Liechi Berry
|-heal|p1a: Starmie|100/100 par|[from] item: Leftovers
|upkeep
|turn|33
|inactive|TRXXJEH has 20 seconds left this turn.
|inactive|TRXXJEH has 15 seconds left.
|inactive|TRXXJEH has 10 seconds left.
|
|t:|1728752192
|-curestatus|p1a: Starmie|par|[from] ability: Natural Cure
|switch|p1a: Gengar|Gengar, F|42/100 par
|move|p2a: Tyranitar|Rock Slide|p1a: Gengar
|-damage|p1a: Gengar|0 fnt
|faint|p1a: Gengar
|inactive|TRXXJEH has 15 seconds left this turn.
|inactive|TRXXJEH has 10 seconds left.
|
|t:|1728752198
|switch|p1a: Starmie|Starmie|100/100
|
|-weather|Sandstorm|[upkeep]
|-damage|p1a: Starmie|94/100|[from] Sandstorm
|-heal|p1a: Starmie|100/100|[from] item: Leftovers
|upkeep
|turn|34
|inactive|TRXXJEH has 20 seconds left this turn.
|
|t:|1728752205
|move|p1a: Starmie|Surf|p2a: Tyranitar
|-supereffective|p2a: Tyranitar
|-damage|p2a: Tyranitar|0 fnt
|faint|p2a: Tyranitar
|inactive|TRXXJEH has 25 seconds left this turn.
|
|t:|1728752224
|switch|p2a: Gyarados|Gyarados, M|100/100
|-ability|p2a: Gyarados|Intimidate|boost
|-unboost|p1a: Starmie|atk|1
|
|-weather|Sandstorm|[upkeep]
|-damage|p1a: Starmie|94/100|[from] Sandstorm
|-damage|p2a: Gyarados|94/100|[from] Sandstorm
|-heal|p1a: Starmie|100/100|[from] item: Leftovers
|-heal|p2a: Gyarados|100/100|[from] item: Leftovers
|upkeep
|turn|35
|inactive|TRXXJEH has 30 seconds left.
|
|t:|1728752235
|move|p1a: Starmie|Thunder Wave|p2a: Gyarados
|-status|p2a: Gyarados|par
|move|p2a: Gyarados|Dragon Dance|p2a: Gyarados
|-boost|p2a: Gyarados|atk|1
|-boost|p2a: Gyarados|spe|1
|
|-weather|Sandstorm|[upkeep]
|-damage|p1a: Starmie|94/100|[from] Sandstorm
|-damage|p2a: Gyarados|94/100 par|[from] Sandstorm
|-heal|p1a: Starmie|100/100|[from] item: Leftovers
|-heal|p2a: Gyarados|100/100 par|[from] item: Leftovers
|upkeep
|turn|36
|inactive|TRXXJEH has 30 seconds left.
|inactive|TRXXJEH has 20 seconds left.
|inactive|TRXXJEH has 15 seconds left.
|
|t:|1728752260
|move|p1a: Starmie|Surf|p2a: Gyarados
|-resisted|p2a: Gyarados
|-damage|p2a: Gyarados|85/100 par
|move|p2a: Gyarados|Hidden Power|p1a: Starmie
|-damage|p1a: Starmie|36/100
|
|-weather|Sandstorm|[upkeep]
|-damage|p1a: Starmie|30/100|[from] Sandstorm
|-damage|p2a: Gyarados|79/100 par|[from] Sandstorm
|-heal|p1a: Starmie|36/100|[from] item: Leftovers
|-heal|p2a: Gyarados|85/100 par|[from] item: Leftovers
|upkeep
|turn|37
|inactive|TRXXJEH has 25 seconds left this turn.
|inactive|TRXXJEH has 20 seconds left.
|inactive|TRXXJEH has 15 seconds left.
|inactive|TRXXJEH has 10 seconds left.
|
|t:|1728752277
|move|p1a: Starmie|Recover|p1a: Starmie
|-heal|p1a: Starmie|86/100
|move|p2a: Gyarados|Hidden Power|p1a: Starmie
|-damage|p1a: Starmie|19/100
|
|-weather|Sandstorm|[upkeep]
|-damage|p1a: Starmie|13/100|[from] Sandstorm
|-damage|p2a: Gyarados|79/100 par|[from] Sandstorm
|-heal|p1a: Starmie|19/100|[from] item: Leftovers
|-heal|p2a: Gyarados|85/100 par|[from] item: Leftovers
|upkeep
|turn|38
|inactive|TRXXJEH has 20 seconds left this turn.
|inactive|TRXXJEH has 15 seconds left.
|
|t:|1728752286
|move|p1a: Starmie|Recover|p1a: Starmie
|-heal|p1a: Starmie|69/100
|move|p2a: Gyarados|Hidden Power|p1a: Starmie
|-damage|p1a: Starmie|6/100
|
|-weather|Sandstorm|[upkeep]
|-damage|p1a: Starmie|0 fnt|[from] Sandstorm
|-damage|p2a: Gyarados|79/100 par|[from] Sandstorm
|faint|p1a: Starmie
|-heal|p2a: Gyarados|85/100 par|[from] item: Leftovers
|upkeep
|inactive|TRXXJEH has 20 seconds left this turn.
|inactive|TRXXJEH has 15 seconds left.
|
|t:|1728752292
|switch|p1a: Blissey|Blissey, F|63/100
|turn|39
|inactive|TRXXJEH has 25 seconds left this turn.
|inactive|TRXXJEH has 20 seconds left.
|inactive|TRXXJEH has 15 seconds left.
|
|t:|1728752302
|move|p1a: Blissey|Seismic Toss|p2a: Gyarados
|-damage|p2a: Gyarados|56/100 par
|move|p2a: Gyarados|Hidden Power|p1a: Blissey
|-damage|p1a: Blissey|0 fnt
|faint|p1a: Blissey
|
|win|shoegazes
|inactive|TRXXJEH has 20 seconds left this turn.
|c|☆shoegazes|ggs

</script>
<script type="application/json" class="data" id="replaydata-smogtours-gen3ou-797569">
{"id":"smogtours-gen3ou-797569","format":"[Gen 3] OU","players":["TRXXJEH","shoegazes"],"uploadtime":1728752302,"views":107,"formatid":"gen3ou","rating":null,"private":0,"password":null}
</script>

<script defer src="js/replays.js?9d40a366"></script>
