<!DOCTYPE html>
<meta charset="utf-8" />
<meta name="viewport" content="width=device-width" />

<title>[Gen 3] OU: tamafuyu vs. Scansafatiche - Replays - Pok&eacute;mon Showdown!</title>

<meta name="description" content="Watch a replay of a Pok&eacute;mon battle between tamafuyu and Scansafatiche! Format: [Gen 3] OU; Date: Oct 30, 2024" />
<!--

Hey, you! Looking in the source for the replay log?

You can find them in JSON format, just add `.json` at the end of a replay URL.

https://replay.pokemonshowdown.com/gen7randomdoublesbattle-865046831.json

Or, if you only need the log itself, add `.log` instead:

https://replay.pokemonshowdown.com/gen7randomdoublesbattle-865046831.log

-->

<link rel="stylesheet" href="//pokemonshowdown.com/style/global.css?0.023195364461161105" />
<link rel="stylesheet" href="//play.pokemonshowdown.com/style/font-awesome.css?0.13261647063804238" />
<link rel="stylesheet" href="//play.pokemonshowdown.com/style/battle.css?0.8753245789963631" />
<link rel="stylesheet" href="//play.pokemonshowdown.com/style/utilichart.css?0.8627959624976733" />

<!-- Global site tag (gtag.js) - Google Analytics -->
<script async src="https://www.googletagmanager.com/gtag/js?id=UA-26211653-1"></script>
<script>
  window.dataLayer = window.dataLayer || [];
  function gtag(){dataLayer.push(arguments);}
  gtag('js', new Date());

  gtag('config', 'UA-26211653-1');
</script>
<!-- End Google Analytics -->
<!-- Venatus Ad Manager - Install in <HEAD> of page -->
	<script src="https://hb.vntsm.com/v3/live/ad-manager.min.js" type="text/javascript" data-site-id="642aba63ec9a7b11c3c9c1be" data-mode="scan" async></script>
<!-- / Venatus Ad Manager -->

<style>
	@media (max-width:820px) {
		.battle {
			margin: 0 auto;
		}
		.battle-log {
			margin: 7px auto 0;
			max-width: 640px;
			height: 300px;
			position: static;
		}
	}
	.optgroup {
		display: inline-block;
		line-height: 22px;
		font-size: 10pt;
	}
	.optgroup .button {
		height: 25px;
		padding-top: 0;
		padding-bottom: 0;
	}
	.optgroup button.button {
		padding-left: 12px;
		padding-right: 12px;
	}
	.linklist {
		list-style: none;
		margin: 0.5em 0;
		padding: 0;
	}
	.linklist li {
		padding: 2px 0;
	}
	.sidebar {
		float: left;
		width: 320px;
	}
	.bar-wrapper {
		max-width: 1100px;
		margin: 0 auto;
	}
	.bar-wrapper.has-sidebar {
		max-width: 1430px;
	}
	.mainbar {
		margin: 0;
		padding-right: 1px;
	}
	.mainbar.has-sidebar {
		margin-left: 330px;
	}
	@media (min-width: 1511px) {
		.sidebar {
			width: 400px;
		}
		.bar-wrapper.has-sidebar {
			max-width: 1510px;
		}
		.mainbar.has-sidebar {
			margin-left: 410px;
		}
	}
	.section.first-section {
		margin-top: 9px;
	}
	.blocklink small {
		white-space: normal;
	}
	.button {
		vertical-align: middle;
	}
	.replay-controls {
		padding-top: 10px;
	}
	.replay-controls h1 {
		font-size: 16pt;
		font-weight: normal;
		color: #CCC;
	}
	.pagelink {
		text-align: center;
	}
	.pagelink a {
		width: 150px;
	}
	.textbox, .button {
		font-size: 11pt;
		vertical-align: middle;
	}
	@media (max-width: 450px) {
		.button {
			font-size: 9pt;
		}
	}
</style>

<div>

	<header>
		<div class="nav-wrapper"><ul class="nav">
			<li><a class="button nav-first" href="//pokemonshowdown.com/"><img src="//pokemonshowdown.com/images/pokemonshowdownbeta.png" srcset="//pokemonshowdown.com/images/pokemonshowdownbeta.png 1x, //pokemonshowdown.com/images/pokemonshowdownbeta@2x.png 2x" alt="Pok&eacute;mon Showdown" width="146" height="44" /> Home</a></li>
			<li><a class="button" href="//pokemonshowdown.com/dex/">Pok&eacute;dex</a></li>
			<li><a class="button cur" href="/">Replays</a></li>
			<li><a class="button" href="//pokemonshowdown.com/ladder/">Ladder</a></li>
			<li><a class="button nav-last" href="//pokemonshowdown.com/forums/">Forum</a></li>
			<li><a class="button greenbutton nav-first nav-last" href="//play.pokemonshowdown.com/">Play</a></li>
		</ul></div>
	</header>

	<div class="main" id="main">

		<noscript><section class="section">You need to enable JavaScript to use this page; sorry!</section></noscript>

	</div>

</div>

<script defer nomodule src="//play.pokemonshowdown.com/js/lib/ps-polyfill.js"></script>
<script defer src="//play.pokemonshowdown.com/js/lib/preact.min.js"></script>

<script defer src="//play.pokemonshowdown.com/config/config.js?2bddbc15"></script>
<script defer src="//play.pokemonshowdown.com/js/lib/jquery-1.11.0.min.js"></script>
<script defer src="//play.pokemonshowdown.com/js/lib/html-sanitizer-minified.js"></script>
<script defer src="//play.pokemonshowdown.com/js/battle-sound.js"></script>
<script defer src="//play.pokemonshowdown.com/js/battledata.js?0.7209276989879541"></script>
<script defer src="//play.pokemonshowdown.com/data/pokedex-mini.js?0.6111056340867951"></script>
<script defer src="//play.pokemonshowdown.com/data/pokedex-mini-bw.js?0.3532142036491459"></script>
<script defer src="//play.pokemonshowdown.com/data/graphics.js?0.24223875632456182"></script>
<script defer src="//play.pokemonshowdown.com/data/pokedex.js?0.38839984266356864"></script>
<script defer src="//play.pokemonshowdown.com/data/moves.js?0.21866028504024015"></script>
<script defer src="//play.pokemonshowdown.com/data/abilities.js?0.2005157953846628"></script>
<script defer src="//play.pokemonshowdown.com/data/items.js?0.9894211263848525"></script>
<script defer src="//play.pokemonshowdown.com/data/teambuilder-tables.js?0.6008791140282215"></script>
<script defer src="//play.pokemonshowdown.com/js/battle-tooltips.js?0.7580118955022959"></script>
<script defer src="//play.pokemonshowdown.com/js/battle.js?0.6057722274234274"></script>

<script defer src="js/utils.js?e31f9a17"></script>
<script defer src="js/replays-battle.js?7008c182"></script>

<!-- don't scrape this data! just add .json or .log after the URL!
Full API docs: https://github.com/smogon/pokemon-showdown-client/blob/master/WEB-API.md -->
<script type="text/plain" class="log" id="replaylog-smogtours-gen3ou-803491">
|inactive|Battle timer is ON: inactive players will automatically lose when time's up.
|t:|1730325371
|gametype|singles
|player|p1|tamafuyu|rosa-masters|
|player|p2|Scansafatiche|n|
|teamsize|p1|6
|teamsize|p2|6
|gen|3
|tier|[Gen 3] OU
|rule|Sleep Clause Mod: Limit one foe put to sleep
|rule|Switch Priority Clause Mod: Faster Pokémon switch first
|rule|Species Clause: Limit one of each Pokémon
|rule|OHKO Clause: OHKO moves are banned
|rule|Evasion Items Clause: Evasion items are banned
|rule|Evasion Moves Clause: Evasion moves are banned
|rule|Endless Battle Clause: Forcing endless battles is banned
|rule|HP Percentage Mod: HP is shown in percentages
|rule|One Boost Passer Clause: Limit one Baton Passer that has a way to boost its stats
|rule|Freeze Clause Mod: Limit one foe frozen
|
|t:|1730325371
|start
|switch|p1a: The Waiter|Zapdos|100/100
|switch|p2a: Tyranitar|Tyranitar, M|100/100
|-weather|Sandstorm|[from] ability: Sand Stream|[of] p2a: Tyranitar
|turn|1
|inactive|tamafuyu also wants the timer to be on.
|
|t:|1730325378
|move|p1a: The Waiter|Baton Pass|p1a: The Waiter
|
|t:|1730325379
|switch|p1a: AAAATTATAGG|Swampert, M|100/100|[from] Baton Pass
|move|p2a: Tyranitar|Rock Slide|p1a: AAAATTATAGG
|-resisted|p1a: AAAATTATAGG
|-damage|p1a: AAAATTATAGG|87/100
|
|-weather|Sandstorm|[upkeep]
|-heal|p1a: AAAATTATAGG|93/100|[from] item: Leftovers
|upkeep
|turn|2
|
|t:|1730325389
|switch|p2a: Skarmory|Skarmory, M|100/100
|move|p1a: AAAATTATAGG|Hydro Pump|p2a: Skarmory
|-damage|p2a: Skarmory|67/100
|
|-weather|Sandstorm|[upkeep]
|-heal|p2a: Skarmory|73/100|[from] item: Leftovers
|-heal|p1a: AAAATTATAGG|99/100|[from] item: Leftovers
|upkeep
|turn|3
|
|t:|1730325395
|switch|p1a: Celeb111111|Celebi|100/100
|move|p2a: Skarmory|Toxic|p1a: Celeb111111
|-status|p1a: Celeb111111|tox
|
|-weather|Sandstorm|[upkeep]
|-damage|p1a: Celeb111111|94/100 tox|[from] Sandstorm
|-heal|p1a: Celeb111111|100/100 tox|[from] item: Leftovers
|-damage|p1a: Celeb111111|94/100 tox|[from] psn
|-heal|p2a: Skarmory|79/100|[from] item: Leftovers
|upkeep
|turn|4
|
|t:|1730325399
|move|p1a: Celeb111111|Leech Seed|p2a: Skarmory
|-start|p2a: Skarmory|move: Leech Seed
|move|p2a: Skarmory|Spikes|p1a: Celeb111111
|-sidestart|p1: tamafuyu|Spikes
|
|-weather|Sandstorm|[upkeep]
|-damage|p1a: Celeb111111|88/100 tox|[from] Sandstorm
|-heal|p1a: Celeb111111|94/100 tox|[from] item: Leftovers
|-damage|p1a: Celeb111111|82/100 tox|[from] psn
|-heal|p2a: Skarmory|85/100|[from] item: Leftovers
|-damage|p2a: Skarmory|73/100|[from] Leech Seed|[of] p1a: Celeb111111
|-heal|p1a: Celeb111111|92/100 tox|[silent]
|upkeep
|turn|5
|
|t:|1730325402
|switch|p2a: Dugtrio|Dugtrio, F|100/100
|move|p1a: Celeb111111|Baton Pass|p1a: Celeb111111
|
|t:|1730325410
|-curestatus|p1a: Celeb111111|tox|[from] ability: Natural Cure
|switch|p1a: The Waiter|Zapdos|100/100|[from] Baton Pass
|
|-weather|Sandstorm|[upkeep]
|-damage|p1a: The Waiter|94/100|[from] Sandstorm
|-heal|p1a: The Waiter|100/100|[from] item: Leftovers
|upkeep
|turn|6
|
|t:|1730325421
|switch|p2a: Blissey|Blissey, F|100/100
|switch|p1a: AAAATTATAGG|Swampert, M|99/100
|-damage|p1a: AAAATTATAGG|87/100|[from] Spikes
|
|-weather|Sandstorm|[upkeep]
|-damage|p2a: Blissey|94/100|[from] Sandstorm
|-heal|p2a: Blissey|100/100|[from] item: Leftovers
|-heal|p1a: AAAATTATAGG|93/100|[from] item: Leftovers
|upkeep
|turn|7
|
|t:|1730325425
|move|p2a: Blissey|Seismic Toss|p1a: AAAATTATAGG
|-damage|p1a: AAAATTATAGG|69/100
|move|p1a: AAAATTATAGG|Earthquake|p2a: Blissey
|-damage|p2a: Blissey|63/100
|
|-weather|Sandstorm|[upkeep]
|-damage|p2a: Blissey|57/100|[from] Sandstorm
|-heal|p2a: Blissey|63/100|[from] item: Leftovers
|-heal|p1a: AAAATTATAGG|75/100|[from] item: Leftovers
|upkeep
|turn|8
|
|t:|1730325435
|switch|p2a: Milotic|Milotic, F|100/100
|move|p1a: AAAATTATAGG|Protect||[still]
|-fail|p1a: AAAATTATAGG
|
|-weather|Sandstorm|[upkeep]
|-damage|p2a: Milotic|94/100|[from] Sandstorm
|-heal|p2a: Milotic|100/100|[from] item: Leftovers
|-heal|p1a: AAAATTATAGG|81/100|[from] item: Leftovers
|upkeep
|turn|9
|
|t:|1730325439
|move|p1a: AAAATTATAGG|Protect|p1a: AAAATTATAGG
|-singleturn|p1a: AAAATTATAGG|Protect
|move|p2a: Milotic|Toxic|p1a: AAAATTATAGG
|-activate|p1a: AAAATTATAGG|Protect
|
|-weather|Sandstorm|[upkeep]
|-damage|p2a: Milotic|94/100|[from] Sandstorm
|-heal|p2a: Milotic|100/100|[from] item: Leftovers
|-heal|p1a: AAAATTATAGG|87/100|[from] item: Leftovers
|upkeep
|turn|10
|
|t:|1730325445
|switch|p1a: Starman|Starmie|100/100
|-damage|p1a: Starman|88/100|[from] Spikes
|move|p2a: Milotic|Toxic|p1a: Starman
|-status|p1a: Starman|tox
|
|-weather|Sandstorm|[upkeep]
|-damage|p1a: Starman|82/100 tox|[from] Sandstorm
|-damage|p2a: Milotic|94/100|[from] Sandstorm
|-heal|p1a: Starman|88/100 tox|[from] item: Leftovers
|-damage|p1a: Starman|82/100 tox|[from] psn
|-heal|p2a: Milotic|100/100|[from] item: Leftovers
|upkeep
|turn|11
|
|t:|1730325460
|move|p1a: Starman|Rapid Spin|p2a: Milotic
|-damage|p2a: Milotic|98/100
|-sideend|p1: tamafuyu|Spikes|[from] move: Rapid Spin|[of] p1a: Starman
|move|p2a: Milotic|Surf|p1a: Starman
|-resisted|p1a: Starman
|-damage|p1a: Starman|58/100 tox
|
|-weather|Sandstorm|[upkeep]
|-damage|p1a: Starman|52/100 tox|[from] Sandstorm
|-damage|p2a: Milotic|92/100|[from] Sandstorm
|-heal|p1a: Starman|58/100 tox|[from] item: Leftovers
|-damage|p1a: Starman|46/100 tox|[from] psn
|-heal|p2a: Milotic|98/100|[from] item: Leftovers
|upkeep
|turn|12
|
|t:|1730325467
|-curestatus|p1a: Starman|tox|[from] ability: Natural Cure
|switch|p1a: Celeb111111|Celebi|92/100
|move|p2a: Milotic|Surf|p1a: Celeb111111
|-resisted|p1a: Celeb111111
|-damage|p1a: Celeb111111|82/100
|
|-weather|Sandstorm|[upkeep]
|-damage|p1a: Celeb111111|75/100|[from] Sandstorm
|-damage|p2a: Milotic|92/100|[from] Sandstorm
|-heal|p1a: Celeb111111|82/100|[from] item: Leftovers
|-heal|p2a: Milotic|98/100|[from] item: Leftovers
|upkeep
|turn|13
|
|t:|1730325473
|switch|p2a: Dugtrio|Dugtrio, F|100/100
|move|p1a: Celeb111111|Baton Pass|p1a: Celeb111111
|
|t:|1730325481
|switch|p1a: The Waiter|Zapdos|100/100|[from] Baton Pass
|
|-weather|Sandstorm|[upkeep]
|-damage|p1a: The Waiter|94/100|[from] Sandstorm
|-heal|p1a: The Waiter|100/100|[from] item: Leftovers
|upkeep
|turn|14
|
|t:|1730325492
|switch|p2a: Claydol|Claydol|100/100
|move|p1a: The Waiter|Baton Pass|p1a: The Waiter
|
|t:|1730325503
|switch|p1a: Starman|Starmie|46/100|[from] Baton Pass
|
|-weather|Sandstorm|[upkeep]
|-damage|p1a: Starman|40/100|[from] Sandstorm
|-heal|p1a: Starman|46/100|[from] item: Leftovers
|upkeep
|turn|15
|
|t:|1730325508
|switch|p1a: The Method|Dugtrio, M|100/100
|move|p2a: Claydol|Earthquake|p1a: The Method
|-damage|p1a: The Method|11/100
|
|-weather|Sandstorm|[upkeep]
|upkeep
|turn|16
|
|t:|1730325514
|switch|p1a: Celeb111111|Celebi|82/100
|move|p2a: Claydol|Psychic|p1a: Celeb111111
|-resisted|p1a: Celeb111111
|-damage|p1a: Celeb111111|75/100
|
|-weather|Sandstorm|[upkeep]
|-damage|p1a: Celeb111111|69/100|[from] Sandstorm
|-heal|p1a: Celeb111111|75/100|[from] item: Leftovers
|upkeep
|turn|17
|
|t:|1730325517
|switch|p2a: Dugtrio|Dugtrio, F|100/100
|move|p1a: Celeb111111|Baton Pass|p1a: Celeb111111
|
|t:|1730325522
|switch|p1a: The Waiter|Zapdos|100/100|[from] Baton Pass
|
|-weather|Sandstorm|[upkeep]
|-damage|p1a: The Waiter|94/100|[from] Sandstorm
|-heal|p1a: The Waiter|100/100|[from] item: Leftovers
|upkeep
|turn|18
|
|t:|1730325527
|switch|p2a: Claydol|Claydol|100/100
|move|p1a: The Waiter|Hidden Power|p2a: Claydol
|-supereffective|p2a: Claydol
|-damage|p2a: Claydol|56/100
|
|-weather|Sandstorm|[upkeep]
|-damage|p1a: The Waiter|94/100|[from] Sandstorm
|-heal|p1a: The Waiter|100/100|[from] item: Leftovers
|-heal|p2a: Claydol|62/100|[from] item: Leftovers
|upkeep
|turn|19
|
|t:|1730325536
|switch|p2a: Blissey|Blissey, F|63/100
|move|p1a: The Waiter|Hidden Power|p2a: Blissey
|-damage|p2a: Blissey|53/100
|
|-weather|Sandstorm|[upkeep]
|-damage|p1a: The Waiter|94/100|[from] Sandstorm
|-damage|p2a: Blissey|47/100|[from] Sandstorm
|-heal|p1a: The Waiter|100/100|[from] item: Leftovers
|-heal|p2a: Blissey|53/100|[from] item: Leftovers
|upkeep
|turn|20
|
|t:|1730325542
|move|p1a: The Waiter|Baton Pass|p1a: The Waiter
|
|t:|1730325544
|switch|p1a: Celeb111111|Celebi|75/100|[from] Baton Pass
|move|p2a: Blissey|Soft-Boiled|p2a: Blissey
|-heal|p2a: Blissey|100/100
|
|-weather|Sandstorm|[upkeep]
|-damage|p1a: Celeb111111|69/100|[from] Sandstorm
|-damage|p2a: Blissey|94/100|[from] Sandstorm
|-heal|p1a: Celeb111111|75/100|[from] item: Leftovers
|-heal|p2a: Blissey|100/100|[from] item: Leftovers
|upkeep
|turn|21
|
|t:|1730325548
|switch|p2a: Dugtrio|Dugtrio, F|100/100
|move|p1a: Celeb111111|Leech Seed|p2a: Dugtrio
|-start|p2a: Dugtrio|move: Leech Seed
|
|-weather|Sandstorm|[upkeep]
|-damage|p1a: Celeb111111|69/100|[from] Sandstorm
|-damage|p2a: Dugtrio|88/100|[from] Leech Seed|[of] p1a: Celeb111111
|-heal|p1a: Celeb111111|75/100|[silent]
|-heal|p1a: Celeb111111|82/100|[from] item: Leftovers
|upkeep
|turn|22
|
|t:|1730325552
|move|p2a: Dugtrio|Hidden Power|p1a: Celeb111111
|-supereffective|p1a: Celeb111111
|-damage|p1a: Celeb111111|0 fnt
|faint|p1a: Celeb111111
|
|t:|1730325567
|switch|p1a: AAAATTATAGG|Swampert, M|87/100
|
|-weather|Sandstorm|[upkeep]
|-damage|p2a: Dugtrio|76/100|[from] Leech Seed|[of] p1a: AAAATTATAGG
|-heal|p1a: AAAATTATAGG|94/100|[silent]
|-heal|p1a: AAAATTATAGG|99/100|[from] item: Leftovers
|upkeep
|turn|23
|
|t:|1730325574
|switch|p2a: Milotic|Milotic, F|98/100
|move|p1a: AAAATTATAGG|Ice Beam|p2a: Milotic
|-resisted|p2a: Milotic
|-damage|p2a: Milotic|92/100
|
|-weather|Sandstorm|[upkeep]
|-damage|p2a: Milotic|86/100|[from] Sandstorm
|-heal|p2a: Milotic|92/100|[from] item: Leftovers
|-heal|p1a: AAAATTATAGG|100/100|[from] item: Leftovers
|upkeep
|turn|24
|
|t:|1730325581
|switch|p1a: Starman|Starmie|46/100
|move|p2a: Milotic|Toxic|p1a: Starman|[miss]
|-miss|p2a: Milotic|p1a: Starman
|
|-weather|Sandstorm|[upkeep]
|-damage|p1a: Starman|40/100|[from] Sandstorm
|-damage|p2a: Milotic|86/100|[from] Sandstorm
|-heal|p1a: Starman|46/100|[from] item: Leftovers
|-heal|p2a: Milotic|92/100|[from] item: Leftovers
|upkeep
|turn|25
|
|t:|1730325587
|switch|p2a: Dugtrio|Dugtrio, F|76/100
|move|p1a: Starman|Thunderbolt|p2a: Dugtrio
|-immune|p2a: Dugtrio
|
|-weather|Sandstorm|[upkeep]
|-damage|p1a: Starman|40/100|[from] Sandstorm
|-heal|p1a: Starman|46/100|[from] item: Leftovers
|upkeep
|turn|26
|
|t:|1730325592
|move|p2a: Dugtrio|Hidden Power|p1a: Starman
|-supereffective|p1a: Starman
|-damage|p1a: Starman|0 fnt
|faint|p1a: Starman
|
|t:|1730325603
|switch|p1a: The Waiter|Zapdos|100/100
|
|-weather|Sandstorm|[upkeep]
|-damage|p1a: The Waiter|94/100|[from] Sandstorm
|-heal|p1a: The Waiter|100/100|[from] item: Leftovers
|upkeep
|turn|27
|
|t:|1730325615
|switch|p2a: Blissey|Blissey, F|100/100
|move|p1a: The Waiter|Baton Pass|p1a: The Waiter
|
|t:|1730325618
|switch|p1a: The Method|Dugtrio, M|11/100|[from] Baton Pass
|
|-weather|Sandstorm|[upkeep]
|-damage|p2a: Blissey|94/100|[from] Sandstorm
|-heal|p2a: Blissey|100/100|[from] item: Leftovers
|upkeep
|turn|28
|
|t:|1730325621
|move|p1a: The Method|Earthquake|p2a: Blissey
|-damage|p2a: Blissey|43/100
|move|p2a: Blissey|Ice Beam|p1a: The Method
|-supereffective|p1a: The Method
|-damage|p1a: The Method|0 fnt
|faint|p1a: The Method
|
|t:|1730325624
|switch|p1a: Tyranocif|Tyranitar, F|100/100
|
|-weather|Sandstorm|[upkeep]
|-damage|p2a: Blissey|37/100|[from] Sandstorm
|-heal|p2a: Blissey|43/100|[from] item: Leftovers
|upkeep
|turn|29
|
|t:|1730325630
|move|p1a: Tyranocif|Hidden Power|p2a: Blissey
|-damage|p2a: Blissey|16/100
|move|p2a: Blissey|Thunder Wave|p1a: Tyranocif
|-status|p1a: Tyranocif|par
|
|-weather|Sandstorm|[upkeep]
|-damage|p2a: Blissey|10/100|[from] Sandstorm
|-heal|p2a: Blissey|16/100|[from] item: Leftovers
|upkeep
|turn|30
|c|☆tamafuyu|gg
|-message|tamafuyu forfeited.
|
|win|Scansafatiche
|c|☆Scansafatiche|gg
|c|☆Scansafatiche|give me 1 sec to save replay and all that
|c|☆tamafuyu|ok
|player|p1|

</script>
<script type="application/json" class="data" id="replaydata-smogtours-gen3ou-803491">
{"id":"smogtours-gen3ou-803491","format":"[Gen 3] OU","players":["tamafuyu","Scansafatiche"],"uploadtime":1730325637,"views":58,"formatid":"gen3ou","rating":null,"private":1,"password":null}
</script>

<script defer src="js/replays.js?9d40a366"></script>
