<!DOCTYPE html>
<meta charset="utf-8" />
<meta name="viewport" content="width=device-width" />

<title>[Gen 3] OU: salto vs. troglodyte480 - Replays - Pok&eacute;mon Showdown!</title>

<meta name="description" content="Watch a replay of a Pok&eacute;mon battle between salto and troglodyte480! Format: [Gen 3] OU; Date: Oct 22, 2024" />
<!--

Hey, you! Looking in the source for the replay log?

You can find them in JSON format, just add `.json` at the end of a replay URL.

https://replay.pokemonshowdown.com/gen7randomdoublesbattle-865046831.json

Or, if you only need the log itself, add `.log` instead:

https://replay.pokemonshowdown.com/gen7randomdoublesbattle-865046831.log

-->

<link rel="stylesheet" href="//pokemonshowdown.com/style/global.css?0.767286132409787" />
<link rel="stylesheet" href="//play.pokemonshowdown.com/style/font-awesome.css?0.9266228007934947" />
<link rel="stylesheet" href="//play.pokemonshowdown.com/style/battle.css?0.7924700842790926" />
<link rel="stylesheet" href="//play.pokemonshowdown.com/style/utilichart.css?0.8777417872839479" />

<!-- Global site tag (gtag.js) - Google Analytics -->
<script async src="https://www.googletagmanager.com/gtag/js?id=UA-26211653-1"></script>
<script>
  window.dataLayer = window.dataLayer || [];
  function gtag(){dataLayer.push(arguments);}
  gtag('js', new Date());

  gtag('config', 'UA-26211653-1');
</script>
<!-- End Google Analytics -->
<!-- Venatus Ad Manager - Install in <HEAD> of page -->
	<script src="https://hb.vntsm.com/v3/live/ad-manager.min.js" type="text/javascript" data-site-id="642aba63ec9a7b11c3c9c1be" data-mode="scan" async></script>
<!-- / Venatus Ad Manager -->

<style>
	@media (max-width:820px) {
		.battle {
			margin: 0 auto;
		}
		.battle-log {
			margin: 7px auto 0;
			max-width: 640px;
			height: 300px;
			position: static;
		}
	}
	.optgroup {
		display: inline-block;
		line-height: 22px;
		font-size: 10pt;
	}
	.optgroup .button {
		height: 25px;
		padding-top: 0;
		padding-bottom: 0;
	}
	.optgroup button.button {
		padding-left: 12px;
		padding-right: 12px;
	}
	.linklist {
		list-style: none;
		margin: 0.5em 0;
		padding: 0;
	}
	.linklist li {
		padding: 2px 0;
	}
	.sidebar {
		float: left;
		width: 320px;
	}
	.bar-wrapper {
		max-width: 1100px;
		margin: 0 auto;
	}
	.bar-wrapper.has-sidebar {
		max-width: 1430px;
	}
	.mainbar {
		margin: 0;
		padding-right: 1px;
	}
	.mainbar.has-sidebar {
		margin-left: 330px;
	}
	@media (min-width: 1511px) {
		.sidebar {
			width: 400px;
		}
		.bar-wrapper.has-sidebar {
			max-width: 1510px;
		}
		.mainbar.has-sidebar {
			margin-left: 410px;
		}
	}
	.section.first-section {
		margin-top: 9px;
	}
	.blocklink small {
		white-space: normal;
	}
	.button {
		vertical-align: middle;
	}
	.replay-controls {
		padding-top: 10px;
	}
	.replay-controls h1 {
		font-size: 16pt;
		font-weight: normal;
		color: #CCC;
	}
	.pagelink {
		text-align: center;
	}
	.pagelink a {
		width: 150px;
	}
	.textbox, .button {
		font-size: 11pt;
		vertical-align: middle;
	}
	@media (max-width: 450px) {
		.button {
			font-size: 9pt;
		}
	}
</style>

<div>

	<header>
		<div class="nav-wrapper"><ul class="nav">
			<li><a class="button nav-first" href="//pokemonshowdown.com/"><img src="//pokemonshowdown.com/images/pokemonshowdownbeta.png" srcset="//pokemonshowdown.com/images/pokemonshowdownbeta.png 1x, //pokemonshowdown.com/images/pokemonshowdownbeta@2x.png 2x" alt="Pok&eacute;mon Showdown" width="146" height="44" /> Home</a></li>
			<li><a class="button" href="//pokemonshowdown.com/dex/">Pok&eacute;dex</a></li>
			<li><a class="button cur" href="/">Replays</a></li>
			<li><a class="button" href="//pokemonshowdown.com/ladder/">Ladder</a></li>
			<li><a class="button nav-last" href="//pokemonshowdown.com/forums/">Forum</a></li>
			<li><a class="button greenbutton nav-first nav-last" href="//play.pokemonshowdown.com/">Play</a></li>
		</ul></div>
	</header>

	<div class="main" id="main">

		<noscript><section class="section">You need to enable JavaScript to use this page; sorry!</section></noscript>

	</div>

</div>

<script defer nomodule src="//play.pokemonshowdown.com/js/lib/ps-polyfill.js"></script>
<script defer src="//play.pokemonshowdown.com/js/lib/preact.min.js"></script>

<script defer src="//play.pokemonshowdown.com/config/config.js?6dec07f6"></script>
<script defer src="//play.pokemonshowdown.com/js/lib/jquery-1.11.0.min.js"></script>
<script defer src="//play.pokemonshowdown.com/js/lib/html-sanitizer-minified.js"></script>
<script defer src="//play.pokemonshowdown.com/js/battle-sound.js"></script>
<script defer src="//play.pokemonshowdown.com/js/battledata.js?0.6315294753075389"></script>
<script defer src="//play.pokemonshowdown.com/data/pokedex-mini.js?0.7603743185311358"></script>
<script defer src="//play.pokemonshowdown.com/data/pokedex-mini-bw.js?0.030888842834281283"></script>
<script defer src="//play.pokemonshowdown.com/data/graphics.js?0.05593094747507488"></script>
<script defer src="//play.pokemonshowdown.com/data/pokedex.js?0.47064822249611904"></script>
<script defer src="//play.pokemonshowdown.com/data/moves.js?0.8583693120512459"></script>
<script defer src="//play.pokemonshowdown.com/data/abilities.js?0.16017181182386842"></script>
<script defer src="//play.pokemonshowdown.com/data/items.js?0.4163379185673943"></script>
<script defer src="//play.pokemonshowdown.com/data/teambuilder-tables.js?0.31075597372830477"></script>
<script defer src="//play.pokemonshowdown.com/js/battle-tooltips.js?0.6536193500708172"></script>
<script defer src="//play.pokemonshowdown.com/js/battle.js?0.1916591943277901"></script>

<script defer src="js/utils.js?e31f9a17"></script>
<script defer src="js/replays-battle.js?7008c182"></script>

<!-- don't scrape this data! just add .json or .log after the URL!
Full API docs: https://github.com/smogon/pokemon-showdown-client/blob/master/WEB-API.md -->
<script type="text/plain" class="log" id="replaylog-smogtours-gen3ou-801281">
|inactive|Battle timer is ON: inactive players will automatically lose when time's up.
|t:|1729634803
|gametype|singles
|player|p1|salto|grimsley|
|player|p2|troglodyte480|pokemonbreeder|
|teamsize|p1|6
|teamsize|p2|6
|gen|3
|tier|[Gen 3] OU
|rule|Sleep Clause Mod: Limit one foe put to sleep
|rule|Switch Priority Clause Mod: Faster Pokémon switch first
|rule|Species Clause: Limit one of each Pokémon
|rule|OHKO Clause: OHKO moves are banned
|rule|Evasion Items Clause: Evasion items are banned
|rule|Evasion Moves Clause: Evasion moves are banned
|rule|Endless Battle Clause: Forcing endless battles is banned
|rule|HP Percentage Mod: HP is shown in percentages
|rule|One Boost Passer Clause: Limit one Baton Passer that has a way to boost its stats
|rule|Freeze Clause Mod: Limit one foe frozen
|
|t:|1729634803
|start
|switch|p1a: Jolteon|Jolteon, M|100/100
|switch|p2a: Wailord|Wailord, F|100/100
|turn|1
|c|☆troglodyte480|gl hf
|
|t:|1729634815
|switch|p2a: Celebi|Celebi|100/100
|move|p1a: Jolteon|Thunderbolt|p2a: Celebi
|-resisted|p2a: Celebi
|-damage|p2a: Celebi|79/100
|
|-heal|p2a: Celebi|85/100|[from] item: Leftovers
|upkeep
|turn|2
|
|t:|1729634828
|move|p1a: Jolteon|Baton Pass|p1a: Jolteon
|
|t:|1729634833
|switch|p1a: Blissey|Blissey, F|100/100|[from] Baton Pass
|move|p2a: Celebi|Calm Mind|p2a: Celebi
|-boost|p2a: Celebi|spa|1
|-boost|p2a: Celebi|spd|1
|
|-heal|p2a: Celebi|92/100|[from] item: Leftovers
|upkeep
|turn|3
|
|t:|1729634840
|move|p2a: Celebi|Baton Pass|p2a: Celebi
|
|t:|1729634841
|switch|p2a: Dugtrio|Dugtrio, M, shiny|100/100|[from] Baton Pass
|move|p1a: Blissey|Thunder Wave|p2a: Dugtrio
|-immune|p2a: Dugtrio
|
|upkeep
|turn|4
|
|t:|1729634850
|move|p2a: Dugtrio|Beat Up|p1a: Blissey
|-damage|p1a: Blissey|91/100
|-damage|p1a: Blissey|79/100
|-damage|p1a: Blissey|64/100
|-damage|p1a: Blissey|52/100
|-damage|p1a: Blissey|40/100
|-damage|p1a: Blissey|30/100
|-hitcount|p1a: Blissey|6
|move|p1a: Blissey|Ice Beam|p2a: Dugtrio
|-supereffective|p2a: Dugtrio
|-damage|p2a: Dugtrio|36/100
|
|-heal|p1a: Blissey|36/100|[from] item: Leftovers
|upkeep
|turn|5
|
|t:|1729634862
|move|p2a: Dugtrio|Beat Up|p1a: Blissey
|-damage|p1a: Blissey|26/100
|-damage|p1a: Blissey|14/100
|-damage|p1a: Blissey|0 fnt
|-hitcount|p1a: Blissey|3
|faint|p1a: Blissey
|
|t:|1729634866
|switch|p1a: Jolteon|Jolteon, M|100/100
|
|upkeep
|turn|6
|
|t:|1729634870
|switch|p2a: Celebi|Celebi|92/100
|move|p1a: Jolteon|Hidden Power|p2a: Celebi
|-supereffective|p2a: Celebi
|-damage|p2a: Celebi|50/100
|
|-heal|p2a: Celebi|56/100|[from] item: Leftovers
|upkeep
|turn|7
|
|t:|1729634897
|switch|p2a: Jirachi|Jirachi|100/100
|move|p1a: Jolteon|Hidden Power|p2a: Jirachi
|-resisted|p2a: Jirachi
|-damage|p2a: Jirachi|89/100
|
|-heal|p2a: Jirachi|96/100|[from] item: Leftovers
|upkeep
|turn|8
|
|t:|1729634907
|move|p1a: Jolteon|Thunder Wave|p2a: Jirachi
|-status|p2a: Jirachi|par
|move|p2a: Jirachi|Calm Mind|p2a: Jirachi
|-boost|p2a: Jirachi|spa|1
|-boost|p2a: Jirachi|spd|1
|
|-heal|p2a: Jirachi|100/100 par|[from] item: Leftovers
|upkeep
|turn|9
|
|t:|1729634921
|switch|p1a: Starmie|Starmie|100/100
|cant|p2a: Jirachi|par
|
|upkeep
|turn|10
|
|t:|1729634936
|switch|p1a: Rhydon|Rhydon, F|100/100
|cant|p2a: Jirachi|par
|
|upkeep
|turn|11
|
|t:|1729634947
|switch|p2a: Wailord|Wailord, F|100/100
|move|p1a: Rhydon|Substitute|p1a: Rhydon
|-start|p1a: Rhydon|Substitute
|-damage|p1a: Rhydon|75/100
|
|-heal|p1a: Rhydon|82/100|[from] item: Leftovers
|upkeep
|turn|12
|
|t:|1729634954
|move|p2a: Wailord|Water Spout|p1a: Rhydon
|-supereffective|p1a: Rhydon
|-end|p1a: Rhydon|Substitute
|move|p1a: Rhydon|Earthquake|p2a: Wailord
|-damage|p2a: Wailord|29/100
|
|-heal|p2a: Wailord|35/100|[from] item: Leftovers
|-heal|p1a: Rhydon|88/100|[from] item: Leftovers
|upkeep
|turn|13
|
|t:|1729634965
|switch|p1a: Starmie|Starmie|100/100
|move|p2a: Wailord|Hydro Pump|p1a: Starmie
|-resisted|p1a: Starmie
|-damage|p1a: Starmie|69/100
|
|-heal|p1a: Starmie|75/100|[from] item: Leftovers
|-heal|p2a: Wailord|41/100|[from] item: Leftovers
|upkeep
|turn|14
|
|t:|1729634973
|switch|p1a: Jolteon|Jolteon, M|100/100
|move|p2a: Wailord|Self-Destruct|p1a: Jolteon
|-damage|p1a: Jolteon|0 fnt
|faint|p2a: Wailord
|faint|p1a: Jolteon
|
|t:|1729634988
|switch|p1a: Zapdos|Zapdos|100/100
|switch|p2a: Dugtrio|Dugtrio, M, shiny|36/100
|
|upkeep
|turn|15
|
|t:|1729635021
|switch|p2a: Jirachi|Jirachi|100/100 par
|switch|p1a: Rhydon|Rhydon, F|88/100
|
|-heal|p1a: Rhydon|94/100|[from] item: Leftovers
|upkeep
|turn|16
|
|t:|1729635028
|move|p1a: Rhydon|Substitute|p1a: Rhydon
|-start|p1a: Rhydon|Substitute
|-damage|p1a: Rhydon|69/100
|move|p2a: Jirachi|Ice Punch|p1a: Rhydon
|-supereffective|p1a: Rhydon
|-crit|p1a: Rhydon
|-end|p1a: Rhydon|Substitute
|
|-heal|p1a: Rhydon|75/100|[from] item: Leftovers
|upkeep
|turn|17
|
|t:|1729635040
|move|p1a: Rhydon|Substitute|p1a: Rhydon
|-start|p1a: Rhydon|Substitute
|-damage|p1a: Rhydon|50/100
|move|p2a: Jirachi|Ice Punch|p1a: Rhydon
|-supereffective|p1a: Rhydon
|-end|p1a: Rhydon|Substitute
|
|-heal|p1a: Rhydon|56/100|[from] item: Leftovers
|upkeep
|turn|18
|
|t:|1729635048
|move|p1a: Rhydon|Substitute|p1a: Rhydon
|-start|p1a: Rhydon|Substitute
|-damage|p1a: Rhydon|31/100
|move|p2a: Jirachi|Ice Punch|p1a: Rhydon
|-supereffective|p1a: Rhydon
|-crit|p1a: Rhydon
|-end|p1a: Rhydon|Substitute
|
|-heal|p1a: Rhydon|38/100|[from] item: Leftovers
|upkeep
|turn|19
|
|t:|1729635056
|move|p1a: Rhydon|Substitute|p1a: Rhydon
|-start|p1a: Rhydon|Substitute
|-damage|p1a: Rhydon|13/100
|move|p2a: Jirachi|Ice Punch|p1a: Rhydon
|-supereffective|p1a: Rhydon
|-end|p1a: Rhydon|Substitute
|
|-heal|p1a: Rhydon|19/100|[from] item: Leftovers
|upkeep
|turn|20
|
|t:|1729635063
|move|p1a: Rhydon|Earthquake|p2a: Jirachi
|-supereffective|p2a: Jirachi
|-crit|p2a: Jirachi
|-damage|p2a: Jirachi|0 fnt
|faint|p2a: Jirachi
|
|t:|1729635068
|switch|p2a: Dugtrio|Dugtrio, M, shiny|36/100
|
|-heal|p1a: Rhydon|25/100|[from] item: Leftovers
|upkeep
|turn|21
|
|t:|1729635072
|move|p2a: Dugtrio|Earthquake|p1a: Rhydon
|-supereffective|p1a: Rhydon
|-damage|p1a: Rhydon|0 fnt
|faint|p1a: Rhydon
|
|t:|1729635080
|switch|p1a: Zapdos|Zapdos|100/100
|
|upkeep
|turn|22
|
|t:|1729635090
|switch|p2a: Heracross|Heracross, M|100/100
|move|p1a: Zapdos|Thunderbolt|p2a: Heracross
|-damage|p2a: Heracross|50/100
|
|upkeep
|turn|23
|
|t:|1729635118
|switch|p2a: Dugtrio|Dugtrio, M, shiny|36/100
|move|p1a: Zapdos|Thunder Wave|p2a: Dugtrio
|-immune|p2a: Dugtrio
|
|upkeep
|turn|24
|
|t:|1729635128
|move|p2a: Dugtrio|Hidden Power|p1a: Zapdos
|-resisted|p1a: Zapdos
|-damage|p1a: Zapdos|88/100
|move|p1a: Zapdos|Roar|p2a: Dugtrio
|drag|p2a: Heracross|Heracross, M|50/100
|
|-heal|p1a: Zapdos|94/100|[from] item: Leftovers
|upkeep
|turn|25
|
|t:|1729635147
|switch|p2a: Celebi|Celebi|56/100
|move|p1a: Zapdos|Thunderbolt|p2a: Celebi
|-resisted|p2a: Celebi
|-damage|p2a: Celebi|39/100
|
|-heal|p2a: Celebi|45/100|[from] item: Leftovers
|-heal|p1a: Zapdos|100/100|[from] item: Leftovers
|upkeep
|turn|26
|
|t:|1729635156
|move|p2a: Celebi|Calm Mind|p2a: Celebi
|-boost|p2a: Celebi|spa|1
|-boost|p2a: Celebi|spd|1
|move|p1a: Zapdos|Thunder Wave|p2a: Celebi
|-status|p2a: Celebi|par
|
|-heal|p2a: Celebi|51/100 par|[from] item: Leftovers
|upkeep
|turn|27
|
|t:|1729635167
|move|p2a: Celebi|Hidden Power|p1a: Zapdos
|-damage|p1a: Zapdos|78/100
|move|p1a: Zapdos|Roar|p2a: Celebi
|-curestatus|p2a: Celebi|par|[from] ability: Natural Cure
|drag|p2a: Kingdra|Kingdra, F|100/100
|
|-heal|p1a: Zapdos|85/100|[from] item: Leftovers
|upkeep
|turn|28
|
|t:|1729635175
|move|p2a: Kingdra|Rain Dance|p2a: Kingdra
|-weather|RainDance
|move|p1a: Zapdos|Thunder Wave|p2a: Kingdra
|-status|p2a: Kingdra|par
|
|-weather|RainDance|[upkeep]
|-heal|p1a: Zapdos|91/100|[from] item: Leftovers
|upkeep
|turn|29
|
|t:|1729635182
|switch|p1a: Starmie|Starmie|75/100
|cant|p2a: Kingdra|par
|
|-weather|RainDance|[upkeep]
|-heal|p1a: Starmie|81/100|[from] item: Leftovers
|upkeep
|turn|30
|
|t:|1729635188
|move|p1a: Starmie|Surf|p2a: Kingdra
|-resisted|p2a: Kingdra
|-damage|p2a: Kingdra|87/100 par
|move|p2a: Kingdra|Hidden Power|p1a: Starmie
|-supereffective|p1a: Starmie
|-damage|p1a: Starmie|32/100
|
|-weather|RainDance|[upkeep]
|-heal|p1a: Starmie|38/100|[from] item: Leftovers
|-heal|p2a: Kingdra|93/100 par|[from] item: Leftovers
|upkeep
|turn|31
|
|t:|1729635196
|move|p1a: Starmie|Recover|p1a: Starmie
|-heal|p1a: Starmie|88/100
|cant|p2a: Kingdra|par
|
|-weather|RainDance|[upkeep]
|-heal|p1a: Starmie|94/100|[from] item: Leftovers
|-heal|p2a: Kingdra|99/100 par|[from] item: Leftovers
|upkeep
|turn|32
|
|t:|1729635203
|switch|p1a: Zapdos|Zapdos|91/100
|move|p2a: Kingdra|Hidden Power|p1a: Zapdos
|-damage|p1a: Zapdos|75/100
|
|-weather|none
|-heal|p1a: Zapdos|81/100|[from] item: Leftovers
|-heal|p2a: Kingdra|100/100 par|[from] item: Leftovers
|upkeep
|turn|33
|
|t:|1729635211
|move|p1a: Zapdos|Thunderbolt|p2a: Kingdra
|-damage|p2a: Kingdra|59/100 par
|move|p2a: Kingdra|Ice Beam|p1a: Zapdos
|-supereffective|p1a: Zapdos
|-damage|p1a: Zapdos|39/100
|
|-heal|p1a: Zapdos|45/100|[from] item: Leftovers
|-heal|p2a: Kingdra|65/100 par|[from] item: Leftovers
|upkeep
|turn|34
|inactive|salto has 270 seconds left.
|
|t:|1729635248
|switch|p1a: Heracross|Heracross, M|100/100
|move|p2a: Kingdra|Ice Beam|p1a: Heracross
|-damage|p1a: Heracross|65/100
|-status|p1a: Heracross|frz
|
|-heal|p2a: Kingdra|71/100 par|[from] item: Leftovers
|upkeep
|turn|35
|inactive|salto has 270 seconds left.
|c|☆salto|well damn
|c|☆troglodyte480|sry
|c|☆troglodyte480|that's rough
|c|☆salto|yeah
|
|t:|1729635274
|switch|p2a: Dugtrio|Dugtrio, M, shiny|36/100
|cant|p1a: Heracross|frz
|
|upkeep
|turn|36
|
|t:|1729635278
|move|p2a: Dugtrio|Aerial Ace|p1a: Heracross
|-supereffective|p1a: Heracross
|-damage|p1a: Heracross|0 fnt
|faint|p1a: Heracross
|
|t:|1729635280
|switch|p1a: Starmie|Starmie|94/100
|
|-heal|p1a: Starmie|99/100|[from] item: Leftovers
|upkeep
|turn|37
|
|t:|1729635288
|switch|p2a: Heracross|Heracross, M|50/100
|move|p1a: Starmie|Surf|p2a: Heracross
|-damage|p2a: Heracross|10/100
|
|-heal|p1a: Starmie|100/100|[from] item: Leftovers
|-enditem|p2a: Heracross|Salac Berry|[eat]
|-boost|p2a: Heracross|spe|1|[from] item: Salac Berry
|upkeep
|turn|38
|
|t:|1729635296
|move|p2a: Heracross|Megahorn|p1a: Starmie|[miss]
|-miss|p2a: Heracross|p1a: Starmie
|move|p1a: Starmie|Surf|p2a: Heracross
|-damage|p2a: Heracross|0 fnt
|faint|p2a: Heracross
|c|☆salto|gg
|
|t:|1729635303
|switch|p2a: Celebi|Celebi|51/100
|
|-heal|p2a: Celebi|57/100|[from] item: Leftovers
|upkeep
|turn|39
|
|t:|1729635310
|move|p1a: Starmie|Thunder Wave|p2a: Celebi
|-status|p2a: Celebi|par
|move|p2a: Celebi|Calm Mind|p2a: Celebi
|-boost|p2a: Celebi|spa|1
|-boost|p2a: Celebi|spd|1
|
|-heal|p2a: Celebi|63/100 par|[from] item: Leftovers
|upkeep
|turn|40
|
|t:|1729635317
|switch|p1a: Zapdos|Zapdos|45/100
|move|p2a: Celebi|Giga Drain|p1a: Zapdos
|-resisted|p1a: Zapdos
|-damage|p1a: Zapdos|31/100
|-heal|p2a: Celebi|71/100 par|[from] drain|[of] p1a: Zapdos
|
|-heal|p1a: Zapdos|37/100|[from] item: Leftovers
|-heal|p2a: Celebi|77/100 par|[from] item: Leftovers
|upkeep
|turn|41
|
|t:|1729635325
|cant|p2a: Celebi|par
|move|p1a: Zapdos|Roar|p2a: Celebi
|-curestatus|p2a: Celebi|par|[from] ability: Natural Cure
|drag|p2a: Dugtrio|Dugtrio, M, shiny|36/100
|
|-heal|p1a: Zapdos|43/100|[from] item: Leftovers
|upkeep
|turn|42
|
|t:|1729635345
|move|p2a: Dugtrio|Hidden Power|p1a: Zapdos
|-resisted|p1a: Zapdos
|-damage|p1a: Zapdos|30/100
|move|p1a: Zapdos|Thunder Wave|p2a: Dugtrio
|-immune|p2a: Dugtrio
|
|-heal|p1a: Zapdos|36/100|[from] item: Leftovers
|upkeep
|turn|43
|
|t:|1729635352
|move|p2a: Dugtrio|Hidden Power|p1a: Zapdos
|-resisted|p1a: Zapdos
|-damage|p1a: Zapdos|22/100
|move|p1a: Zapdos|Rest|p1a: Zapdos
|-status|p1a: Zapdos|slp|[from] move: Rest
|-heal|p1a: Zapdos|100/100 slp|[silent]
|
|upkeep
|turn|44
|
|t:|1729635359
|switch|p2a: Kingdra|Kingdra, F|71/100 par
|cant|p1a: Zapdos|slp
|
|-heal|p2a: Kingdra|77/100 par|[from] item: Leftovers
|upkeep
|turn|45
|
|t:|1729635366
|cant|p1a: Zapdos|slp
|move|p2a: Kingdra|Ice Beam|p1a: Zapdos
|-supereffective|p1a: Zapdos
|-damage|p1a: Zapdos|63/100 slp
|
|-heal|p1a: Zapdos|69/100 slp|[from] item: Leftovers
|-heal|p2a: Kingdra|83/100 par|[from] item: Leftovers
|upkeep
|turn|46
|
|t:|1729635373
|-curestatus|p1a: Zapdos|slp|[msg]
|move|p1a: Zapdos|Thunderbolt|p2a: Kingdra
|-damage|p2a: Kingdra|38/100 par
|move|p2a: Kingdra|Ice Beam|p1a: Zapdos
|-supereffective|p1a: Zapdos
|-damage|p1a: Zapdos|32/100
|
|-heal|p1a: Zapdos|39/100|[from] item: Leftovers
|-heal|p2a: Kingdra|44/100 par|[from] item: Leftovers
|upkeep
|turn|47
|
|t:|1729635382
|move|p1a: Zapdos|Thunderbolt|p2a: Kingdra
|-damage|p2a: Kingdra|3/100 par
|move|p2a: Kingdra|Ice Beam|p1a: Zapdos
|-supereffective|p1a: Zapdos
|-damage|p1a: Zapdos|0 fnt
|faint|p1a: Zapdos
|
|t:|1729635386
|switch|p1a: Starmie|Starmie|100/100
|
|-heal|p2a: Kingdra|9/100 par|[from] item: Leftovers
|upkeep
|turn|48
|
|t:|1729635391
|move|p1a: Starmie|Surf|p2a: Kingdra
|-resisted|p2a: Kingdra
|-damage|p2a: Kingdra|0 fnt
|faint|p2a: Kingdra
|
|t:|1729635395
|switch|p2a: Celebi|Celebi|77/100
|
|-heal|p2a: Celebi|83/100|[from] item: Leftovers
|upkeep
|turn|49
|-message|salto forfeited.
|
|win|troglodyte480
|c|☆troglodyte480|gg

</script>
<script type="application/json" class="data" id="replaydata-smogtours-gen3ou-801281">
{"id":"smogtours-gen3ou-801281","format":"[Gen 3] OU","players":["salto","troglodyte480"],"uploadtime":1729635409,"views":80,"formatid":"gen3ou","rating":null,"private":0,"password":null}
</script>

<script defer src="js/replays.js?9d40a366"></script>
