<!DOCTYPE html>
<meta charset="utf-8" />
<meta name="viewport" content="width=device-width" />

<title>[Gen 3] OU: Darth33 vs. Levy&#039;s Chair - Replays - Pok&eacute;mon Showdown!</title>

<meta name="description" content="Watch a replay of a Pok&eacute;mon battle between Darth33 and Levy&#039;s Chair! Format: [Gen 3] OU; Date: Oct 9, 2024" />
<!--

Hey, you! Looking in the source for the replay log?

You can find them in JSON format, just add `.json` at the end of a replay URL.

https://replay.pokemonshowdown.com/gen7randomdoublesbattle-865046831.json

Or, if you only need the log itself, add `.log` instead:

https://replay.pokemonshowdown.com/gen7randomdoublesbattle-865046831.log

-->

<link rel="stylesheet" href="//pokemonshowdown.com/style/global.css?0.767286132409787" />
<link rel="stylesheet" href="//play.pokemonshowdown.com/style/font-awesome.css?0.9266228007934947" />
<link rel="stylesheet" href="//play.pokemonshowdown.com/style/battle.css?0.7924700842790926" />
<link rel="stylesheet" href="//play.pokemonshowdown.com/style/utilichart.css?0.8777417872839479" />

<!-- Global site tag (gtag.js) - Google Analytics -->
<script async src="https://www.googletagmanager.com/gtag/js?id=UA-26211653-1"></script>
<script>
  window.dataLayer = window.dataLayer || [];
  function gtag(){dataLayer.push(arguments);}
  gtag('js', new Date());

  gtag('config', 'UA-26211653-1');
</script>
<!-- End Google Analytics -->
<!-- Venatus Ad Manager - Install in <HEAD> of page -->
	<script src="https://hb.vntsm.com/v3/live/ad-manager.min.js" type="text/javascript" data-site-id="642aba63ec9a7b11c3c9c1be" data-mode="scan" async></script>
<!-- / Venatus Ad Manager -->

<style>
	@media (max-width:820px) {
		.battle {
			margin: 0 auto;
		}
		.battle-log {
			margin: 7px auto 0;
			max-width: 640px;
			height: 300px;
			position: static;
		}
	}
	.optgroup {
		display: inline-block;
		line-height: 22px;
		font-size: 10pt;
	}
	.optgroup .button {
		height: 25px;
		padding-top: 0;
		padding-bottom: 0;
	}
	.optgroup button.button {
		padding-left: 12px;
		padding-right: 12px;
	}
	.linklist {
		list-style: none;
		margin: 0.5em 0;
		padding: 0;
	}
	.linklist li {
		padding: 2px 0;
	}
	.sidebar {
		float: left;
		width: 320px;
	}
	.bar-wrapper {
		max-width: 1100px;
		margin: 0 auto;
	}
	.bar-wrapper.has-sidebar {
		max-width: 1430px;
	}
	.mainbar {
		margin: 0;
		padding-right: 1px;
	}
	.mainbar.has-sidebar {
		margin-left: 330px;
	}
	@media (min-width: 1511px) {
		.sidebar {
			width: 400px;
		}
		.bar-wrapper.has-sidebar {
			max-width: 1510px;
		}
		.mainbar.has-sidebar {
			margin-left: 410px;
		}
	}
	.section.first-section {
		margin-top: 9px;
	}
	.blocklink small {
		white-space: normal;
	}
	.button {
		vertical-align: middle;
	}
	.replay-controls {
		padding-top: 10px;
	}
	.replay-controls h1 {
		font-size: 16pt;
		font-weight: normal;
		color: #CCC;
	}
	.pagelink {
		text-align: center;
	}
	.pagelink a {
		width: 150px;
	}
	.textbox, .button {
		font-size: 11pt;
		vertical-align: middle;
	}
	@media (max-width: 450px) {
		.button {
			font-size: 9pt;
		}
	}
</style>

<div>

	<header>
		<div class="nav-wrapper"><ul class="nav">
			<li><a class="button nav-first" href="//pokemonshowdown.com/"><img src="//pokemonshowdown.com/images/pokemonshowdownbeta.png" srcset="//pokemonshowdown.com/images/pokemonshowdownbeta.png 1x, //pokemonshowdown.com/images/pokemonshowdownbeta@2x.png 2x" alt="Pok&eacute;mon Showdown" width="146" height="44" /> Home</a></li>
			<li><a class="button" href="//pokemonshowdown.com/dex/">Pok&eacute;dex</a></li>
			<li><a class="button cur" href="/">Replays</a></li>
			<li><a class="button" href="//pokemonshowdown.com/ladder/">Ladder</a></li>
			<li><a class="button nav-last" href="//pokemonshowdown.com/forums/">Forum</a></li>
			<li><a class="button greenbutton nav-first nav-last" href="//play.pokemonshowdown.com/">Play</a></li>
		</ul></div>
	</header>

	<div class="main" id="main">

		<noscript><section class="section">You need to enable JavaScript to use this page; sorry!</section></noscript>

	</div>

</div>

<script defer nomodule src="//play.pokemonshowdown.com/js/lib/ps-polyfill.js"></script>
<script defer src="//play.pokemonshowdown.com/js/lib/preact.min.js"></script>

<script defer src="//play.pokemonshowdown.com/config/config.js?6dec07f6"></script>
<script defer src="//play.pokemonshowdown.com/js/lib/jquery-1.11.0.min.js"></script>
<script defer src="//play.pokemonshowdown.com/js/lib/html-sanitizer-minified.js"></script>
<script defer src="//play.pokemonshowdown.com/js/battle-sound.js"></script>
<script defer src="//play.pokemonshowdown.com/js/battledata.js?0.6315294753075389"></script>
<script defer src="//play.pokemonshowdown.com/data/pokedex-mini.js?0.7603743185311358"></script>
<script defer src="//play.pokemonshowdown.com/data/pokedex-mini-bw.js?0.030888842834281283"></script>
<script defer src="//play.pokemonshowdown.com/data/graphics.js?0.05593094747507488"></script>
<script defer src="//play.pokemonshowdown.com/data/pokedex.js?0.47064822249611904"></script>
<script defer src="//play.pokemonshowdown.com/data/moves.js?0.8583693120512459"></script>
<script defer src="//play.pokemonshowdown.com/data/abilities.js?0.16017181182386842"></script>
<script defer src="//play.pokemonshowdown.com/data/items.js?0.4163379185673943"></script>
<script defer src="//play.pokemonshowdown.com/data/teambuilder-tables.js?0.31075597372830477"></script>
<script defer src="//play.pokemonshowdown.com/js/battle-tooltips.js?0.6536193500708172"></script>
<script defer src="//play.pokemonshowdown.com/js/battle.js?0.1916591943277901"></script>

<script defer src="js/utils.js?e31f9a17"></script>
<script defer src="js/replays-battle.js?7008c182"></script>

<!-- don't scrape this data! just add .json or .log after the URL!
Full API docs: https://github.com/smogon/pokemon-showdown-client/blob/master/WEB-API.md -->
<script type="text/plain" class="log" id="replaylog-smogtours-gen3ou-796599">
|inactive|Battle timer is ON: inactive players will automatically lose when time's up.
|t:|1728465552
|gametype|singles
|player|p1|Darth33|skier|
|player|p2|Levy's Chair|2|
|teamsize|p1|6
|teamsize|p2|6
|gen|3
|tier|[Gen 3] OU
|rule|Sleep Clause Mod: Limit one foe put to sleep
|rule|Switch Priority Clause Mod: Faster Pokémon switch first
|rule|Species Clause: Limit one of each Pokémon
|rule|OHKO Clause: OHKO moves are banned
|rule|Evasion Items Clause: Evasion items are banned
|rule|Evasion Moves Clause: Evasion moves are banned
|rule|Endless Battle Clause: Forcing endless battles is banned
|rule|HP Percentage Mod: HP is shown in percentages
|rule|One Boost Passer Clause: Limit one Baton Passer that has a way to boost its stats
|rule|Freeze Clause Mod: Limit one foe frozen
|
|t:|1728465552
|start
|switch|p1a: Bakunawa|Salamence, F|100/100
|switch|p2a: Tyranitar|Tyranitar, F|100/100
|-ability|p1a: Bakunawa|Intimidate|boost
|-unboost|p2a: Tyranitar|atk|1
|-weather|Sandstorm|[from] ability: Sand Stream|[of] p2a: Tyranitar
|turn|1
|inactive|Levy's Chair has 270 seconds left.
|
|t:|1728465589
|switch|p2a: Zapdos|Zapdos|100/100
|move|p1a: Bakunawa|Brick Break|p2a: Zapdos
|-resisted|p2a: Zapdos
|-damage|p2a: Zapdos|89/100
|
|-weather|Sandstorm|[upkeep]
|-damage|p1a: Bakunawa|94/100|[from] Sandstorm
|-damage|p2a: Zapdos|82/100|[from] Sandstorm
|-heal|p1a: Bakunawa|100/100|[from] item: Leftovers
|-heal|p2a: Zapdos|89/100|[from] item: Leftovers
|upkeep
|turn|2
|inactive|Darth33 has 270 seconds left.
|
|t:|1728465623
|switch|p1a: Higante|Snorlax, F|100/100
|move|p2a: Zapdos|Toxic|p1a: Higante
|-immune|p1a: Higante|[from] ability: Immunity
|
|-weather|Sandstorm|[upkeep]
|-damage|p2a: Zapdos|82/100|[from] Sandstorm
|-damage|p1a: Higante|94/100|[from] Sandstorm
|-heal|p2a: Zapdos|89/100|[from] item: Leftovers
|-heal|p1a: Higante|100/100|[from] item: Leftovers
|upkeep
|turn|3
|
|t:|1728465631
|switch|p2a: Skarmory|Skarmory, M|100/100
|move|p1a: Higante|Body Slam|p2a: Skarmory
|-resisted|p2a: Skarmory
|-damage|p2a: Skarmory|85/100
|
|-weather|Sandstorm|[upkeep]
|-damage|p1a: Higante|94/100|[from] Sandstorm
|-heal|p2a: Skarmory|91/100|[from] item: Leftovers
|-heal|p1a: Higante|100/100|[from] item: Leftovers
|upkeep
|turn|4
|
|t:|1728465644
|-singleturn|p1a: Higante|move: Focus Punch
|move|p2a: Skarmory|Spikes|p1a: Higante
|-sidestart|p1: Darth33|Spikes
|move|p1a: Higante|Focus Punch|p2a: Skarmory
|-damage|p2a: Skarmory|52/100
|
|-weather|Sandstorm|[upkeep]
|-damage|p1a: Higante|94/100|[from] Sandstorm
|-heal|p2a: Skarmory|58/100|[from] item: Leftovers
|-heal|p1a: Higante|100/100|[from] item: Leftovers
|upkeep
|turn|5
|
|t:|1728465655
|switch|p1a: Pirito|Zapdos|100/100
|move|p2a: Skarmory|Protect||[still]
|-fail|p2a: Skarmory
|
|-weather|Sandstorm|[upkeep]
|-damage|p1a: Pirito|94/100|[from] Sandstorm
|-heal|p1a: Pirito|100/100|[from] item: Leftovers
|-heal|p2a: Skarmory|64/100|[from] item: Leftovers
|upkeep
|turn|6
|
|t:|1728465669
|switch|p2a: Tyranitar|Tyranitar, F|100/100
|move|p1a: Pirito|Thunder Wave|p2a: Tyranitar
|-status|p2a: Tyranitar|par
|
|-weather|Sandstorm|[upkeep]
|-damage|p1a: Pirito|94/100|[from] Sandstorm
|-heal|p1a: Pirito|100/100|[from] item: Leftovers
|upkeep
|turn|7
|
|t:|1728465674
|switch|p1a: Higante|Snorlax, F|100/100
|-damage|p1a: Higante|88/100|[from] Spikes
|move|p2a: Tyranitar|Rock Slide|p1a: Higante
|-damage|p1a: Higante|52/100
|
|-weather|Sandstorm|[upkeep]
|-damage|p1a: Higante|46/100|[from] Sandstorm
|-heal|p1a: Higante|52/100|[from] item: Leftovers
|upkeep
|turn|8
|
|t:|1728465690
|move|p1a: Higante|Self-Destruct|p2a: Tyranitar
|-resisted|p2a: Tyranitar
|-damage|p2a: Tyranitar|30/100 par
|faint|p1a: Higante
|
|t:|1728465696
|switch|p1a: T-Man|Tyranitar, F|100/100
|-damage|p1a: T-Man|88/100|[from] Spikes
|
|-weather|Sandstorm|[upkeep]
|-heal|p2a: Tyranitar|36/100 par|[from] item: Leftovers
|upkeep
|turn|9
|
|t:|1728465706
|move|p1a: T-Man|Dragon Dance|p1a: T-Man
|-boost|p1a: T-Man|atk|1
|-boost|p1a: T-Man|spe|1
|move|p2a: Tyranitar|Brick Break|p1a: T-Man
|-supereffective|p1a: T-Man
|-damage|p1a: T-Man|0 fnt
|faint|p1a: T-Man
|
|t:|1728465730
|switch|p1a: Bakunawa|Salamence, F|100/100
|-ability|p1a: Bakunawa|Intimidate|boost
|-unboost|p2a: Tyranitar|atk|1
|
|-weather|Sandstorm|[upkeep]
|-damage|p1a: Bakunawa|94/100|[from] Sandstorm
|-heal|p1a: Bakunawa|100/100|[from] item: Leftovers
|-heal|p2a: Tyranitar|42/100 par|[from] item: Leftovers
|upkeep
|turn|10
|
|t:|1728465739
|move|p1a: Bakunawa|Fire Blast|p2a: Tyranitar
|-resisted|p2a: Tyranitar
|-crit|p2a: Tyranitar
|-damage|p2a: Tyranitar|9/100 par
|move|p2a: Tyranitar|Rock Slide|p1a: Bakunawa
|-supereffective|p1a: Bakunawa
|-damage|p1a: Bakunawa|28/100
|
|-weather|Sandstorm|[upkeep]
|-damage|p1a: Bakunawa|22/100|[from] Sandstorm
|-heal|p1a: Bakunawa|28/100|[from] item: Leftovers
|-heal|p2a: Tyranitar|16/100 par|[from] item: Leftovers
|upkeep
|turn|11
|
|t:|1728465746
|move|p1a: Bakunawa|Brick Break|p2a: Tyranitar
|-supereffective|p2a: Tyranitar
|-damage|p2a: Tyranitar|0 fnt
|faint|p2a: Tyranitar
|
|t:|1728465750
|switch|p2a: Zapdos|Zapdos|89/100
|
|-weather|Sandstorm|[upkeep]
|-damage|p1a: Bakunawa|22/100|[from] Sandstorm
|-damage|p2a: Zapdos|82/100|[from] Sandstorm
|-heal|p1a: Bakunawa|28/100|[from] item: Leftovers
|-heal|p2a: Zapdos|89/100|[from] item: Leftovers
|upkeep
|turn|12
|
|t:|1728465756
|switch|p1a: Hito|Swampert, F|100/100
|-damage|p1a: Hito|88/100|[from] Spikes
|move|p2a: Zapdos|Thunderbolt|p1a: Hito
|-immune|p1a: Hito
|
|-weather|Sandstorm|[upkeep]
|-damage|p2a: Zapdos|82/100|[from] Sandstorm
|-heal|p2a: Zapdos|89/100|[from] item: Leftovers
|-heal|p1a: Hito|94/100|[from] item: Leftovers
|upkeep
|turn|13
|
|t:|1728465763
|move|p2a: Zapdos|Toxic|p1a: Hito
|-status|p1a: Hito|tox
|move|p1a: Hito|Hydro Pump|p2a: Zapdos
|-damage|p2a: Zapdos|53/100
|
|-weather|Sandstorm|[upkeep]
|-damage|p2a: Zapdos|46/100|[from] Sandstorm
|-heal|p2a: Zapdos|53/100|[from] item: Leftovers
|-heal|p1a: Hito|100/100 tox|[from] item: Leftovers
|-damage|p1a: Hito|94/100 tox|[from] psn
|upkeep
|turn|14
|
|t:|1728465771
|switch|p2a: Magneton|Magneton|100/100
|move|p1a: Hito|Hydro Pump|p2a: Magneton
|-damage|p2a: Magneton|0 fnt
|faint|p2a: Magneton
|
|t:|1728465781
|switch|p2a: Skarmory|Skarmory, M|64/100
|
|-weather|Sandstorm|[upkeep]
|-heal|p1a: Hito|100/100 tox|[from] item: Leftovers
|-damage|p1a: Hito|88/100 tox|[from] psn
|-heal|p2a: Skarmory|70/100|[from] item: Leftovers
|upkeep
|turn|15
|
|t:|1728465786
|switch|p1a: Pirito|Zapdos|100/100
|move|p2a: Skarmory|Protect||[still]
|-fail|p2a: Skarmory
|
|-weather|Sandstorm|[upkeep]
|-damage|p1a: Pirito|94/100|[from] Sandstorm
|-heal|p1a: Pirito|100/100|[from] item: Leftovers
|-heal|p2a: Skarmory|76/100|[from] item: Leftovers
|upkeep
|turn|16
|
|t:|1728465803
|move|p2a: Skarmory|Protect|p2a: Skarmory
|-singleturn|p2a: Skarmory|Protect
|move|p1a: Pirito|Thunderbolt|p2a: Skarmory
|-activate|p2a: Skarmory|Protect
|
|-weather|Sandstorm|[upkeep]
|-damage|p1a: Pirito|94/100|[from] Sandstorm
|-heal|p1a: Pirito|100/100|[from] item: Leftovers
|-heal|p2a: Skarmory|82/100|[from] item: Leftovers
|upkeep
|turn|17
|
|t:|1728465812
|move|p1a: Pirito|Thunderbolt|p2a: Skarmory
|-supereffective|p2a: Skarmory
|-damage|p2a: Skarmory|0 fnt
|faint|p2a: Skarmory
|
|t:|1728465819
|switch|p2a: Aerodactyl|Aerodactyl, M|100/100
|
|-weather|Sandstorm|[upkeep]
|-damage|p1a: Pirito|94/100|[from] Sandstorm
|-heal|p1a: Pirito|100/100|[from] item: Leftovers
|upkeep
|turn|18
|
|t:|1728465831
|move|p2a: Aerodactyl|Double-Edge|p1a: Pirito
|-damage|p1a: Pirito|31/100
|move|p1a: Pirito|Thunderbolt|p2a: Aerodactyl
|-supereffective|p2a: Aerodactyl
|-damage|p2a: Aerodactyl|0 fnt
|faint|p2a: Aerodactyl
|
|t:|1728465838
|switch|p2a: Zapdos|Zapdos|53/100
|
|-weather|Sandstorm|[upkeep]
|-damage|p1a: Pirito|25/100|[from] Sandstorm
|-damage|p2a: Zapdos|46/100|[from] Sandstorm
|-heal|p1a: Pirito|31/100|[from] item: Leftovers
|-heal|p2a: Zapdos|53/100|[from] item: Leftovers
|upkeep
|turn|19
|
|t:|1728465841
|move|p1a: Pirito|Thunderbolt|p2a: Zapdos
|-damage|p2a: Zapdos|19/100
|move|p2a: Zapdos|Thunderbolt|p1a: Pirito
|-damage|p1a: Pirito|0 fnt
|faint|p1a: Pirito
|
|t:|1728465845
|switch|p1a: Bakunawa|Salamence, F|28/100
|-ability|p1a: Bakunawa|Intimidate|boost
|-unboost|p2a: Zapdos|atk|1
|
|-weather|Sandstorm|[upkeep]
|-damage|p1a: Bakunawa|22/100|[from] Sandstorm
|-damage|p2a: Zapdos|13/100|[from] Sandstorm
|-heal|p1a: Bakunawa|28/100|[from] item: Leftovers
|-heal|p2a: Zapdos|19/100|[from] item: Leftovers
|upkeep
|turn|20
|
|t:|1728465851
|move|p1a: Bakunawa|Dragon Claw|p2a: Zapdos
|-damage|p2a: Zapdos|0 fnt
|faint|p2a: Zapdos
|
|t:|1728465855
|switch|p2a: Donphan|Donphan, M|100/100
|
|-weather|Sandstorm|[upkeep]
|-damage|p1a: Bakunawa|22/100|[from] Sandstorm
|-heal|p1a: Bakunawa|28/100|[from] item: Leftovers
|upkeep
|turn|21
|
|t:|1728465861
|move|p1a: Bakunawa|Hidden Power|p2a: Donphan
|-supereffective|p2a: Donphan
|-damage|p2a: Donphan|44/100
|move|p2a: Donphan|Hidden Power|p1a: Bakunawa
|-supereffective|p1a: Bakunawa
|-damage|p1a: Bakunawa|0 fnt
|faint|p1a: Bakunawa
|
|t:|1728465864
|switch|p1a: Hito|Swampert, F|88/100 tox
|-damage|p1a: Hito|76/100 tox|[from] Spikes
|
|-weather|Sandstorm|[upkeep]
|-heal|p1a: Hito|82/100 tox|[from] item: Leftovers
|-damage|p1a: Hito|76/100 tox|[from] psn
|-heal|p2a: Donphan|50/100|[from] item: Leftovers
|upkeep
|turn|22
|
|t:|1728465868
|move|p2a: Donphan|Protect|p2a: Donphan
|-singleturn|p2a: Donphan|Protect
|move|p1a: Hito|Ice Beam|p2a: Donphan
|-activate|p2a: Donphan|Protect
|
|-weather|Sandstorm|[upkeep]
|-heal|p1a: Hito|82/100 tox|[from] item: Leftovers
|-damage|p1a: Hito|70/100 tox|[from] psn
|-heal|p2a: Donphan|56/100|[from] item: Leftovers
|upkeep
|turn|23
|
|t:|1728465878
|move|p1a: Hito|Hydro Pump|p2a: Donphan
|-supereffective|p2a: Donphan
|-damage|p2a: Donphan|0 fnt
|faint|p2a: Donphan
|
|win|Darth33
|c|☆Levy's Chair|ggç
|c|☆Darth33|ggs man

</script>
<script type="application/json" class="data" id="replaydata-smogtours-gen3ou-796599">
{"id":"smogtours-gen3ou-796599","format":"[Gen 3] OU","players":["Darth33","Levy's Chair"],"uploadtime":1728465878,"views":89,"formatid":"gen3ou","rating":null,"private":0,"password":null}
</script>

<script defer src="js/replays.js?9d40a366"></script>
