<!DOCTYPE html>
<meta charset="utf-8" />
<meta name="viewport" content="width=device-width" />

<title>[Gen 3] OU: Eg0r vs. EG Zelph - Replays - Pok&eacute;mon Showdown!</title>

<meta name="description" content="Watch a replay of a Pok&eacute;mon battle between Eg0r and EG Zelph! Format: [Gen 3] OU; Date: Oct 28, 2024" />
<!--

Hey, you! Looking in the source for the replay log?

You can find them in JSON format, just add `.json` at the end of a replay URL.

https://replay.pokemonshowdown.com/gen7randomdoublesbattle-865046831.json

Or, if you only need the log itself, add `.log` instead:

https://replay.pokemonshowdown.com/gen7randomdoublesbattle-865046831.log

-->

<link rel="stylesheet" href="//pokemonshowdown.com/style/global.css?0.023195364461161105" />
<link rel="stylesheet" href="//play.pokemonshowdown.com/style/font-awesome.css?0.13261647063804238" />
<link rel="stylesheet" href="//play.pokemonshowdown.com/style/battle.css?0.8753245789963631" />
<link rel="stylesheet" href="//play.pokemonshowdown.com/style/utilichart.css?0.8627959624976733" />

<!-- Global site tag (gtag.js) - Google Analytics -->
<script async src="https://www.googletagmanager.com/gtag/js?id=UA-26211653-1"></script>
<script>
  window.dataLayer = window.dataLayer || [];
  function gtag(){dataLayer.push(arguments);}
  gtag('js', new Date());

  gtag('config', 'UA-26211653-1');
</script>
<!-- End Google Analytics -->
<!-- Venatus Ad Manager - Install in <HEAD> of page -->
	<script src="https://hb.vntsm.com/v3/live/ad-manager.min.js" type="text/javascript" data-site-id="642aba63ec9a7b11c3c9c1be" data-mode="scan" async></script>
<!-- / Venatus Ad Manager -->

<style>
	@media (max-width:820px) {
		.battle {
			margin: 0 auto;
		}
		.battle-log {
			margin: 7px auto 0;
			max-width: 640px;
			height: 300px;
			position: static;
		}
	}
	.optgroup {
		display: inline-block;
		line-height: 22px;
		font-size: 10pt;
	}
	.optgroup .button {
		height: 25px;
		padding-top: 0;
		padding-bottom: 0;
	}
	.optgroup button.button {
		padding-left: 12px;
		padding-right: 12px;
	}
	.linklist {
		list-style: none;
		margin: 0.5em 0;
		padding: 0;
	}
	.linklist li {
		padding: 2px 0;
	}
	.sidebar {
		float: left;
		width: 320px;
	}
	.bar-wrapper {
		max-width: 1100px;
		margin: 0 auto;
	}
	.bar-wrapper.has-sidebar {
		max-width: 1430px;
	}
	.mainbar {
		margin: 0;
		padding-right: 1px;
	}
	.mainbar.has-sidebar {
		margin-left: 330px;
	}
	@media (min-width: 1511px) {
		.sidebar {
			width: 400px;
		}
		.bar-wrapper.has-sidebar {
			max-width: 1510px;
		}
		.mainbar.has-sidebar {
			margin-left: 410px;
		}
	}
	.section.first-section {
		margin-top: 9px;
	}
	.blocklink small {
		white-space: normal;
	}
	.button {
		vertical-align: middle;
	}
	.replay-controls {
		padding-top: 10px;
	}
	.replay-controls h1 {
		font-size: 16pt;
		font-weight: normal;
		color: #CCC;
	}
	.pagelink {
		text-align: center;
	}
	.pagelink a {
		width: 150px;
	}
	.textbox, .button {
		font-size: 11pt;
		vertical-align: middle;
	}
	@media (max-width: 450px) {
		.button {
			font-size: 9pt;
		}
	}
</style>

<div>

	<header>
		<div class="nav-wrapper"><ul class="nav">
			<li><a class="button nav-first" href="//pokemonshowdown.com/"><img src="//pokemonshowdown.com/images/pokemonshowdownbeta.png" srcset="//pokemonshowdown.com/images/pokemonshowdownbeta.png 1x, //pokemonshowdown.com/images/pokemonshowdownbeta@2x.png 2x" alt="Pok&eacute;mon Showdown" width="146" height="44" /> Home</a></li>
			<li><a class="button" href="//pokemonshowdown.com/dex/">Pok&eacute;dex</a></li>
			<li><a class="button cur" href="/">Replays</a></li>
			<li><a class="button" href="//pokemonshowdown.com/ladder/">Ladder</a></li>
			<li><a class="button nav-last" href="//pokemonshowdown.com/forums/">Forum</a></li>
			<li><a class="button greenbutton nav-first nav-last" href="//play.pokemonshowdown.com/">Play</a></li>
		</ul></div>
	</header>

	<div class="main" id="main">

		<noscript><section class="section">You need to enable JavaScript to use this page; sorry!</section></noscript>

	</div>

</div>

<script defer nomodule src="//play.pokemonshowdown.com/js/lib/ps-polyfill.js"></script>
<script defer src="//play.pokemonshowdown.com/js/lib/preact.min.js"></script>

<script defer src="//play.pokemonshowdown.com/config/config.js?2bddbc15"></script>
<script defer src="//play.pokemonshowdown.com/js/lib/jquery-1.11.0.min.js"></script>
<script defer src="//play.pokemonshowdown.com/js/lib/html-sanitizer-minified.js"></script>
<script defer src="//play.pokemonshowdown.com/js/battle-sound.js"></script>
<script defer src="//play.pokemonshowdown.com/js/battledata.js?0.7209276989879541"></script>
<script defer src="//play.pokemonshowdown.com/data/pokedex-mini.js?0.6111056340867951"></script>
<script defer src="//play.pokemonshowdown.com/data/pokedex-mini-bw.js?0.3532142036491459"></script>
<script defer src="//play.pokemonshowdown.com/data/graphics.js?0.24223875632456182"></script>
<script defer src="//play.pokemonshowdown.com/data/pokedex.js?0.38839984266356864"></script>
<script defer src="//play.pokemonshowdown.com/data/moves.js?0.21866028504024015"></script>
<script defer src="//play.pokemonshowdown.com/data/abilities.js?0.2005157953846628"></script>
<script defer src="//play.pokemonshowdown.com/data/items.js?0.9894211263848525"></script>
<script defer src="//play.pokemonshowdown.com/data/teambuilder-tables.js?0.6008791140282215"></script>
<script defer src="//play.pokemonshowdown.com/js/battle-tooltips.js?0.7580118955022959"></script>
<script defer src="//play.pokemonshowdown.com/js/battle.js?0.6057722274234274"></script>

<script defer src="js/utils.js?e31f9a17"></script>
<script defer src="js/replays-battle.js?7008c182"></script>

<!-- don't scrape this data! just add .json or .log after the URL!
Full API docs: https://github.com/smogon/pokemon-showdown-client/blob/master/WEB-API.md -->
<script type="text/plain" class="log" id="replaylog-smogtours-gen3ou-803168">
|inactive|Battle timer is ON: inactive players will automatically lose when time's up.
|t:|1730153155
|gametype|singles
|player|p1|Eg0r|#ptpl3medicham|
|player|p2|EG Zelph|sabrina|
|teamsize|p1|6
|teamsize|p2|6
|gen|3
|tier|[Gen 3] OU
|rule|Sleep Clause Mod: Limit one foe put to sleep
|rule|Switch Priority Clause Mod: Faster Pokémon switch first
|rule|Species Clause: Limit one of each Pokémon
|rule|OHKO Clause: OHKO moves are banned
|rule|Evasion Items Clause: Evasion items are banned
|rule|Evasion Moves Clause: Evasion moves are banned
|rule|Endless Battle Clause: Forcing endless battles is banned
|rule|HP Percentage Mod: HP is shown in percentages
|rule|One Boost Passer Clause: Limit one Baton Passer that has a way to boost its stats
|rule|Freeze Clause Mod: Limit one foe frozen
|
|t:|1730153155
|start
|switch|p1a: Hariyama|Hariyama, F|100/100
|switch|p2a: Tyranitar|Tyranitar, M|100/100
|-weather|Sandstorm|[from] ability: Sand Stream|[of] p2a: Tyranitar
|turn|1
|inactive|EG Zelph also wants the timer to be on.
|c|☆Eg0r|hf
|c|☆Eg0r|/log Eg0r made the replay of this battle unlisted.
|c|☆EG Zelph|u2
|
|t:|1730153173
|switch|p2a: Celebi|Celebi|100/100
|move|p1a: Hariyama|Knock Off|p2a: Celebi
|-supereffective|p2a: Celebi
|-damage|p2a: Celebi|96/100
|-enditem|p2a: Celebi|Leftovers|[from] move: Knock Off|[of] p1a: Hariyama
|-hint|In Gens 3-4, Knock Off only makes the target's item unusable; it cannot obtain a new item.
|
|-weather|Sandstorm|[upkeep]
|-damage|p2a: Celebi|90/100|[from] Sandstorm
|-damage|p1a: Hariyama|94/100|[from] Sandstorm
|-heal|p1a: Hariyama|100/100|[from] item: Leftovers
|upkeep
|turn|2
|
|t:|1730153193
|switch|p1a: Blissey|Blissey, F|100/100
|move|p2a: Celebi|Psychic|p1a: Blissey
|-crit|p1a: Blissey
|-damage|p1a: Blissey|68/100
|
|-weather|Sandstorm|[upkeep]
|-damage|p2a: Celebi|84/100|[from] Sandstorm
|-damage|p1a: Blissey|62/100|[from] Sandstorm
|-heal|p1a: Blissey|68/100|[from] item: Leftovers
|upkeep
|turn|3
|
|t:|1730153201
|switch|p2a: Skarmory|Skarmory, F|100/100
|move|p1a: Blissey|Thunder Wave|p2a: Skarmory
|-status|p2a: Skarmory|par
|
|-weather|Sandstorm|[upkeep]
|-damage|p1a: Blissey|62/100|[from] Sandstorm
|-heal|p1a: Blissey|68/100|[from] item: Leftovers
|upkeep
|turn|4
|
|t:|1730153212
|move|p1a: Blissey|Soft-Boiled|p1a: Blissey
|-heal|p1a: Blissey|100/100
|cant|p2a: Skarmory|par
|
|-weather|Sandstorm|[upkeep]
|-damage|p1a: Blissey|94/100|[from] Sandstorm
|-heal|p1a: Blissey|100/100|[from] item: Leftovers
|upkeep
|turn|5
|
|t:|1730153217
|switch|p1a: Tyranitar|Tyranitar, M|100/100
|move|p2a: Skarmory|Spikes|p1a: Tyranitar
|-sidestart|p1: Eg0r|Spikes
|
|-weather|Sandstorm|[upkeep]
|upkeep
|turn|6
|
|t:|1730153222
|switch|p2a: Swampert|Swampert, M|100/100
|move|p1a: Tyranitar|Roar|p2a: Swampert
|drag|p2a: Skarmory|Skarmory, F|100/100 par
|
|-weather|Sandstorm|[upkeep]
|upkeep
|turn|7
|
|t:|1730153229
|switch|p1a: Forretress|Forretress, F|100/100
|-damage|p1a: Forretress|88/100|[from] Spikes
|cant|p2a: Skarmory|par
|
|-weather|Sandstorm|[upkeep]
|-heal|p1a: Forretress|94/100|[from] item: Leftovers
|upkeep
|turn|8
|
|t:|1730153238
|switch|p2a: Salamence|Salamence, F|100/100
|-ability|p2a: Salamence|Intimidate|boost
|-unboost|p1a: Forretress|atk|1
|move|p1a: Forretress|Spikes|p2a: Salamence
|-sidestart|p2: EG Zelph|Spikes
|
|-weather|Sandstorm|[upkeep]
|-damage|p2a: Salamence|94/100|[from] Sandstorm
|-heal|p2a: Salamence|100/100|[from] item: Leftovers
|-heal|p1a: Forretress|100/100|[from] item: Leftovers
|upkeep
|turn|9
|
|t:|1730153250
|switch|p1a: Milotic|Milotic, M|100/100
|-damage|p1a: Milotic|88/100|[from] Spikes
|move|p2a: Salamence|Brick Break|p1a: Milotic
|-damage|p1a: Milotic|70/100
|
|-weather|Sandstorm|[upkeep]
|-damage|p2a: Salamence|94/100|[from] Sandstorm
|-damage|p1a: Milotic|64/100|[from] Sandstorm
|-heal|p2a: Salamence|100/100|[from] item: Leftovers
|-heal|p1a: Milotic|70/100|[from] item: Leftovers
|upkeep
|turn|10
|
|t:|1730153259
|switch|p2a: Celebi|Celebi|84/100
|-damage|p2a: Celebi|71/100|[from] Spikes
|move|p1a: Milotic|Recover|p1a: Milotic
|-heal|p1a: Milotic|100/100
|
|-weather|Sandstorm|[upkeep]
|-damage|p2a: Celebi|65/100|[from] Sandstorm
|-damage|p1a: Milotic|94/100|[from] Sandstorm
|-heal|p1a: Milotic|100/100|[from] item: Leftovers
|upkeep
|turn|11
|
|t:|1730153269
|switch|p1a: Blissey|Blissey, F|100/100
|-damage|p1a: Blissey|88/100|[from] Spikes
|move|p2a: Celebi|Leech Seed|p1a: Blissey
|-start|p1a: Blissey|move: Leech Seed
|
|-weather|Sandstorm|[upkeep]
|-damage|p2a: Celebi|59/100|[from] Sandstorm
|-damage|p1a: Blissey|82/100|[from] Sandstorm
|-heal|p1a: Blissey|88/100|[from] item: Leftovers
|-damage|p1a: Blissey|76/100|[from] Leech Seed|[of] p2a: Celebi
|-heal|p2a: Celebi|85/100|[silent]
|upkeep
|turn|12
|
|t:|1730153279
|switch|p1a: Forretress|Forretress, F|100/100
|-damage|p1a: Forretress|88/100|[from] Spikes
|move|p2a: Celebi|Giga Drain|p1a: Forretress
|-resisted|p1a: Forretress
|-damage|p1a: Forretress|81/100
|-heal|p2a: Celebi|88/100|[from] drain|[of] p1a: Forretress
|
|-weather|Sandstorm|[upkeep]
|-damage|p2a: Celebi|82/100|[from] Sandstorm
|-heal|p1a: Forretress|88/100|[from] item: Leftovers
|upkeep
|turn|13
|
|t:|1730153282
|move|p2a: Celebi|Hidden Power|p1a: Forretress
|-supereffective|p1a: Forretress
|-damage|p1a: Forretress|7/100
|move|p1a: Forretress|Rapid Spin|p2a: Celebi
|-damage|p2a: Celebi|78/100
|-sideend|p1: Eg0r|Spikes|[from] move: Rapid Spin|[of] p1a: Forretress
|
|-weather|Sandstorm|[upkeep]
|-damage|p2a: Celebi|72/100|[from] Sandstorm
|-heal|p1a: Forretress|13/100|[from] item: Leftovers
|upkeep
|turn|14
|
|t:|1730153291
|switch|p1a: Tyranitar|Tyranitar, M|100/100
|move|p2a: Celebi|Giga Drain|p1a: Tyranitar
|-supereffective|p1a: Tyranitar
|-damage|p1a: Tyranitar|48/100
|-heal|p2a: Celebi|100/100|[from] drain|[of] p1a: Tyranitar
|
|-weather|Sandstorm|[upkeep]
|-damage|p2a: Celebi|94/100|[from] Sandstorm
|-heal|p1a: Tyranitar|54/100|[from] item: Leftovers
|upkeep
|turn|15
|
|t:|1730153307
|switch|p2a: Salamence|Salamence, F|100/100
|-ability|p2a: Salamence|Intimidate|boost
|-unboost|p1a: Tyranitar|atk|1
|switch|p1a: Blissey|Blissey, F|76/100
|
|-weather|Sandstorm|[upkeep]
|-damage|p2a: Salamence|94/100|[from] Sandstorm
|-damage|p1a: Blissey|69/100|[from] Sandstorm
|-heal|p2a: Salamence|100/100|[from] item: Leftovers
|-heal|p1a: Blissey|76/100|[from] item: Leftovers
|upkeep
|turn|16
|
|t:|1730153313
|switch|p2a: Skarmory|Skarmory, F|100/100 par
|move|p1a: Blissey|Wish|p1a: Blissey
|
|-weather|Sandstorm|[upkeep]
|-damage|p1a: Blissey|69/100|[from] Sandstorm
|-heal|p1a: Blissey|76/100|[from] item: Leftovers
|upkeep
|turn|17
|
|t:|1730153321
|switch|p1a: Gengar|Gengar, F|100/100
|move|p2a: Skarmory|Roar|p1a: Gengar
|drag|p1a: Blissey|Blissey, F|76/100
|
|-heal|p1a: Blissey|100/100|[from] move: Wish|[wisher] Blissey
|-weather|Sandstorm|[upkeep]
|-damage|p1a: Blissey|94/100|[from] Sandstorm
|-heal|p1a: Blissey|100/100|[from] item: Leftovers
|upkeep
|turn|18
|
|t:|1730153326
|switch|p1a: Forretress|Forretress, F|13/100
|move|p2a: Skarmory|Spikes|p1a: Forretress
|-sidestart|p1: Eg0r|Spikes
|
|-weather|Sandstorm|[upkeep]
|-heal|p1a: Forretress|19/100|[from] item: Leftovers
|upkeep
|turn|19
|
|t:|1730153335
|switch|p2a: Celebi|Celebi|94/100
|-damage|p2a: Celebi|82/100|[from] Spikes
|move|p1a: Forretress|Rapid Spin|p2a: Celebi
|-damage|p2a: Celebi|77/100
|-sideend|p1: Eg0r|Spikes|[from] move: Rapid Spin|[of] p1a: Forretress
|
|-weather|Sandstorm|[upkeep]
|-damage|p2a: Celebi|71/100|[from] Sandstorm
|-heal|p1a: Forretress|26/100|[from] item: Leftovers
|upkeep
|turn|20
|
|t:|1730153343
|switch|p1a: Blissey|Blissey, F|100/100
|move|p2a: Celebi|Hidden Power|p1a: Blissey
|-damage|p1a: Blissey|92/100
|
|-weather|Sandstorm|[upkeep]
|-damage|p2a: Celebi|65/100|[from] Sandstorm
|-damage|p1a: Blissey|86/100|[from] Sandstorm
|-heal|p1a: Blissey|92/100|[from] item: Leftovers
|upkeep
|turn|21
|
|t:|1730153351
|move|p2a: Celebi|Leech Seed|p1a: Blissey
|-start|p1a: Blissey|move: Leech Seed
|move|p1a: Blissey|Seismic Toss|p2a: Celebi
|-damage|p2a: Celebi|35/100
|
|-weather|Sandstorm|[upkeep]
|-damage|p2a: Celebi|29/100|[from] Sandstorm
|-damage|p1a: Blissey|86/100|[from] Sandstorm
|-heal|p1a: Blissey|92/100|[from] item: Leftovers
|-damage|p1a: Blissey|80/100|[from] Leech Seed|[of] p2a: Celebi
|-heal|p2a: Celebi|55/100|[silent]
|upkeep
|turn|22
|
|t:|1730153369
|switch|p1a: Milotic|Milotic, M|100/100
|move|p2a: Celebi|Giga Drain|p1a: Milotic
|-supereffective|p1a: Milotic
|-damage|p1a: Milotic|60/100
|-heal|p2a: Celebi|78/100|[from] drain|[of] p1a: Milotic
|
|-weather|Sandstorm|[upkeep]
|-damage|p2a: Celebi|72/100|[from] Sandstorm
|-damage|p1a: Milotic|54/100|[from] Sandstorm
|-heal|p1a: Milotic|60/100|[from] item: Leftovers
|upkeep
|turn|23
|
|t:|1730153372
|move|p2a: Celebi|Leech Seed|p1a: Milotic|[miss]
|-miss|p2a: Celebi|p1a: Milotic
|move|p1a: Milotic|Recover|p1a: Milotic
|-heal|p1a: Milotic|100/100
|
|-weather|Sandstorm|[upkeep]
|-damage|p2a: Celebi|66/100|[from] Sandstorm
|-damage|p1a: Milotic|94/100|[from] Sandstorm
|-heal|p1a: Milotic|100/100|[from] item: Leftovers
|upkeep
|turn|24
|
|t:|1730153374
|move|p2a: Celebi|Leech Seed|p1a: Milotic
|-start|p1a: Milotic|move: Leech Seed
|move|p1a: Milotic|Toxic|p2a: Celebi
|-status|p2a: Celebi|tox
|
|-weather|Sandstorm|[upkeep]
|-damage|p2a: Celebi|60/100 tox|[from] Sandstorm
|-damage|p1a: Milotic|94/100|[from] Sandstorm
|-damage|p2a: Celebi|54/100 tox|[from] psn
|-heal|p1a: Milotic|100/100|[from] item: Leftovers
|-damage|p1a: Milotic|88/100|[from] Leech Seed|[of] p2a: Celebi
|-heal|p2a: Celebi|68/100 tox|[silent]
|upkeep
|turn|25
|
|t:|1730153382
|-curestatus|p2a: Celebi|tox|[from] ability: Natural Cure
|switch|p2a: Metagross|Metagross|100/100
|-damage|p2a: Metagross|88/100|[from] Spikes
|switch|p1a: Blissey|Blissey, F|80/100
|
|-weather|Sandstorm|[upkeep]
|-damage|p1a: Blissey|74/100|[from] Sandstorm
|-heal|p2a: Metagross|94/100|[from] item: Leftovers
|-heal|p1a: Blissey|80/100|[from] item: Leftovers
|upkeep
|turn|26
|
|t:|1730153389
|switch|p1a: Milotic|Milotic, M|88/100
|move|p2a: Metagross|Meteor Mash|p1a: Milotic
|-resisted|p1a: Milotic
|-damage|p1a: Milotic|65/100
|
|-weather|Sandstorm|[upkeep]
|-damage|p1a: Milotic|59/100|[from] Sandstorm
|-heal|p1a: Milotic|65/100|[from] item: Leftovers
|-heal|p2a: Metagross|100/100|[from] item: Leftovers
|upkeep
|turn|27
|
|t:|1730153399
|switch|p2a: Celebi|Celebi|68/100
|-damage|p2a: Celebi|56/100|[from] Spikes
|move|p1a: Milotic|Recover|p1a: Milotic
|-heal|p1a: Milotic|100/100
|
|-weather|Sandstorm|[upkeep]
|-damage|p2a: Celebi|49/100|[from] Sandstorm
|-damage|p1a: Milotic|94/100|[from] Sandstorm
|-heal|p1a: Milotic|100/100|[from] item: Leftovers
|upkeep
|turn|28
|
|t:|1730153403
|move|p2a: Celebi|Leech Seed|p1a: Milotic
|-start|p1a: Milotic|move: Leech Seed
|move|p1a: Milotic|Toxic|p2a: Celebi
|-status|p2a: Celebi|tox
|
|-weather|Sandstorm|[upkeep]
|-damage|p2a: Celebi|43/100 tox|[from] Sandstorm
|-damage|p1a: Milotic|94/100|[from] Sandstorm
|-damage|p2a: Celebi|37/100 tox|[from] psn
|-heal|p1a: Milotic|100/100|[from] item: Leftovers
|-damage|p1a: Milotic|88/100|[from] Leech Seed|[of] p2a: Celebi
|-heal|p2a: Celebi|52/100 tox|[silent]
|upkeep
|turn|29
|
|t:|1730153406
|switch|p1a: Blissey|Blissey, F|80/100
|move|p2a: Celebi|Leech Seed|p1a: Blissey
|-start|p1a: Blissey|move: Leech Seed
|
|-weather|Sandstorm|[upkeep]
|-damage|p2a: Celebi|45/100 tox|[from] Sandstorm
|-damage|p1a: Blissey|74/100|[from] Sandstorm
|-damage|p2a: Celebi|33/100 tox|[from] psn
|-heal|p1a: Blissey|80/100|[from] item: Leftovers
|-damage|p1a: Blissey|68/100|[from] Leech Seed|[of] p2a: Celebi
|-heal|p2a: Celebi|59/100 tox|[silent]
|upkeep
|turn|30
|
|t:|1730153414
|-curestatus|p2a: Celebi|tox|[from] ability: Natural Cure
|switch|p2a: Metagross|Metagross|100/100
|-damage|p2a: Metagross|88/100|[from] Spikes
|move|p1a: Blissey|Soft-Boiled|p1a: Blissey
|-heal|p1a: Blissey|100/100
|
|-weather|Sandstorm|[upkeep]
|-damage|p1a: Blissey|94/100|[from] Sandstorm
|-heal|p2a: Metagross|94/100|[from] item: Leftovers
|-heal|p1a: Blissey|100/100|[from] item: Leftovers
|-damage|p1a: Blissey|88/100|[from] Leech Seed|[of] p2a: Metagross
|-heal|p2a: Metagross|100/100|[silent]
|upkeep
|turn|31
|
|t:|1730153420
|switch|p1a: Milotic|Milotic, M|88/100
|move|p2a: Metagross|Meteor Mash|p1a: Milotic|[miss]
|-miss|p2a: Metagross|p1a: Milotic
|
|-weather|Sandstorm|[upkeep]
|-damage|p1a: Milotic|82/100|[from] Sandstorm
|-heal|p1a: Milotic|88/100|[from] item: Leftovers
|upkeep
|turn|32
|
|t:|1730153426
|switch|p2a: Skarmory|Skarmory, F|100/100 par
|move|p1a: Milotic|Surf|p2a: Skarmory
|-damage|p2a: Skarmory|69/100 par
|
|-weather|Sandstorm|[upkeep]
|-damage|p1a: Milotic|82/100|[from] Sandstorm
|-heal|p1a: Milotic|88/100|[from] item: Leftovers
|-heal|p2a: Skarmory|75/100 par|[from] item: Leftovers
|upkeep
|turn|33
|
|t:|1730153428
|switch|p1a: Forretress|Forretress, F|26/100
|move|p2a: Skarmory|Spikes|p1a: Forretress
|-sidestart|p1: Eg0r|Spikes
|
|-weather|Sandstorm|[upkeep]
|-heal|p1a: Forretress|32/100|[from] item: Leftovers
|-heal|p2a: Skarmory|81/100 par|[from] item: Leftovers
|upkeep
|turn|34
|
|t:|1730153437
|switch|p2a: Celebi|Celebi|59/100
|-damage|p2a: Celebi|47/100|[from] Spikes
|move|p1a: Forretress|Rapid Spin|p2a: Celebi
|-damage|p2a: Celebi|42/100
|-sideend|p1: Eg0r|Spikes|[from] move: Rapid Spin|[of] p1a: Forretress
|
|-weather|Sandstorm|[upkeep]
|-damage|p2a: Celebi|36/100|[from] Sandstorm
|-heal|p1a: Forretress|38/100|[from] item: Leftovers
|upkeep
|turn|35
|
|t:|1730153451
|switch|p1a: Gengar|Gengar, F|100/100
|move|p2a: Celebi|Hidden Power|p1a: Gengar
|-crit|p1a: Gengar
|-damage|p1a: Gengar|47/100
|
|-weather|Sandstorm|[upkeep]
|-damage|p1a: Gengar|41/100|[from] Sandstorm
|-damage|p2a: Celebi|30/100|[from] Sandstorm
|-heal|p1a: Gengar|47/100|[from] item: Leftovers
|upkeep
|turn|36
|
|t:|1730153461
|switch|p2a: Swampert|Swampert, M|100/100
|-damage|p2a: Swampert|88/100|[from] Spikes
|move|p1a: Gengar|Fire Punch|p2a: Swampert
|-resisted|p2a: Swampert
|-damage|p2a: Swampert|78/100
|
|-weather|Sandstorm|[upkeep]
|-damage|p1a: Gengar|41/100|[from] Sandstorm
|-heal|p1a: Gengar|47/100|[from] item: Leftovers
|-heal|p2a: Swampert|85/100|[from] item: Leftovers
|upkeep
|turn|37
|
|t:|1730153468
|switch|p1a: Milotic|Milotic, M|88/100
|move|p2a: Swampert|Protect||[still]
|-fail|p2a: Swampert
|
|-weather|Sandstorm|[upkeep]
|-damage|p1a: Milotic|82/100|[from] Sandstorm
|-heal|p1a: Milotic|88/100|[from] item: Leftovers
|-heal|p2a: Swampert|91/100|[from] item: Leftovers
|upkeep
|turn|38
|
|t:|1730153472
|move|p2a: Swampert|Protect|p2a: Swampert
|-singleturn|p2a: Swampert|Protect
|move|p1a: Milotic|Surf|p2a: Swampert
|-activate|p2a: Swampert|Protect
|
|-weather|Sandstorm|[upkeep]
|-damage|p1a: Milotic|82/100|[from] Sandstorm
|-heal|p1a: Milotic|88/100|[from] item: Leftovers
|-heal|p2a: Swampert|97/100|[from] item: Leftovers
|upkeep
|turn|39
|
|t:|1730153477
|switch|p2a: Skarmory|Skarmory, F|81/100 par
|move|p1a: Milotic|Toxic||[still]
|-fail|p1a: Milotic
|
|-weather|Sandstorm|[upkeep]
|-damage|p1a: Milotic|82/100|[from] Sandstorm
|-heal|p1a: Milotic|88/100|[from] item: Leftovers
|-heal|p2a: Skarmory|87/100 par|[from] item: Leftovers
|upkeep
|turn|40
|
|t:|1730153485
|switch|p1a: Forretress|Forretress, F|38/100
|switch|p2a: Celebi|Celebi|30/100
|-damage|p2a: Celebi|18/100|[from] Spikes
|
|-weather|Sandstorm|[upkeep]
|-damage|p2a: Celebi|12/100|[from] Sandstorm
|-heal|p1a: Forretress|44/100|[from] item: Leftovers
|upkeep
|turn|41
|inactive|Eg0r has 270 seconds left.
|
|t:|1730153519
|switch|p1a: Gengar|Gengar, F|47/100
|move|p2a: Celebi|Hidden Power|p1a: Gengar
|-damage|p1a: Gengar|21/100
|
|-weather|Sandstorm|[upkeep]
|-damage|p1a: Gengar|14/100|[from] Sandstorm
|-damage|p2a: Celebi|5/100|[from] Sandstorm
|-heal|p1a: Gengar|21/100|[from] item: Leftovers
|upkeep
|turn|42
|
|t:|1730153527
|move|p1a: Gengar|Ice Punch|p2a: Celebi
|-supereffective|p2a: Celebi
|-damage|p2a: Celebi|0 fnt
|faint|p2a: Celebi
|
|t:|1730153537
|switch|p2a: Metagross|Metagross|100/100
|-damage|p2a: Metagross|88/100|[from] Spikes
|
|-weather|Sandstorm|[upkeep]
|-damage|p1a: Gengar|14/100|[from] Sandstorm
|-heal|p1a: Gengar|21/100|[from] item: Leftovers
|-heal|p2a: Metagross|94/100|[from] item: Leftovers
|upkeep
|turn|43
|
|t:|1730153544
|move|p1a: Gengar|Will-O-Wisp|p2a: Metagross
|-status|p2a: Metagross|brn
|move|p2a: Metagross|Meteor Mash|p1a: Gengar
|-damage|p1a: Gengar|0 fnt
|faint|p1a: Gengar
|
|t:|1730153549
|switch|p1a: Forretress|Forretress, F|44/100
|
|-weather|Sandstorm|[upkeep]
|-heal|p2a: Metagross|100/100 brn|[from] item: Leftovers
|-damage|p2a: Metagross|88/100 brn|[from] brn
|-heal|p1a: Forretress|50/100|[from] item: Leftovers
|upkeep
|turn|44
|
|t:|1730153571
|move|p2a: Metagross|Earthquake|p1a: Forretress
|-damage|p1a: Forretress|36/100
|move|p1a: Forretress|Spikes|p2a: Metagross
|-sidestart|p2: EG Zelph|Spikes
|
|-weather|Sandstorm|[upkeep]
|-heal|p2a: Metagross|94/100 brn|[from] item: Leftovers
|-damage|p2a: Metagross|82/100 brn|[from] brn
|-heal|p1a: Forretress|42/100|[from] item: Leftovers
|upkeep
|turn|45
|
|t:|1730153579
|move|p2a: Metagross|Earthquake|p1a: Forretress
|-damage|p1a: Forretress|29/100
|move|p1a: Forretress|Earthquake|p2a: Metagross
|-supereffective|p2a: Metagross
|-crit|p2a: Metagross
|-damage|p2a: Metagross|12/100 brn
|
|-weather|Sandstorm|[upkeep]
|-heal|p2a: Metagross|18/100 brn|[from] item: Leftovers
|-damage|p2a: Metagross|6/100 brn|[from] brn
|-heal|p1a: Forretress|35/100|[from] item: Leftovers
|upkeep
|turn|46
|
|t:|1730153605
|switch|p1a: Tyranitar|Tyranitar, M|54/100
|move|p2a: Metagross|Explosion|p1a: Tyranitar
|-resisted|p1a: Tyranitar
|-damage|p1a: Tyranitar|15/100
|faint|p2a: Metagross
|
|t:|1730153615
|switch|p2a: Salamence|Salamence, F|100/100
|-ability|p2a: Salamence|Intimidate|boost
|-unboost|p1a: Tyranitar|atk|1
|
|-weather|Sandstorm|[upkeep]
|-damage|p2a: Salamence|94/100|[from] Sandstorm
|-heal|p2a: Salamence|100/100|[from] item: Leftovers
|-heal|p1a: Tyranitar|21/100|[from] item: Leftovers
|upkeep
|turn|47
|
|t:|1730153631
|switch|p1a: Milotic|Milotic, M|88/100
|move|p2a: Salamence|Hidden Power|p1a: Milotic
|-supereffective|p1a: Milotic
|-damage|p1a: Milotic|56/100
|
|-weather|Sandstorm|[upkeep]
|-damage|p2a: Salamence|94/100|[from] Sandstorm
|-damage|p1a: Milotic|50/100|[from] Sandstorm
|-heal|p2a: Salamence|100/100|[from] item: Leftovers
|-heal|p1a: Milotic|56/100|[from] item: Leftovers
|upkeep
|turn|48
|
|t:|1730153636
|move|p2a: Salamence|Hidden Power|p1a: Milotic
|-supereffective|p1a: Milotic
|-damage|p1a: Milotic|21/100
|move|p1a: Milotic|Recover|p1a: Milotic
|-heal|p1a: Milotic|70/100
|
|-weather|Sandstorm|[upkeep]
|-damage|p2a: Salamence|94/100|[from] Sandstorm
|-damage|p1a: Milotic|64/100|[from] Sandstorm
|-heal|p2a: Salamence|100/100|[from] item: Leftovers
|-heal|p1a: Milotic|70/100|[from] item: Leftovers
|upkeep
|turn|49
|
|t:|1730153641
|move|p2a: Salamence|Hidden Power|p1a: Milotic
|-supereffective|p1a: Milotic
|-damage|p1a: Milotic|38/100
|move|p1a: Milotic|Recover|p1a: Milotic
|-heal|p1a: Milotic|88/100
|
|-weather|Sandstorm|[upkeep]
|-damage|p2a: Salamence|94/100|[from] Sandstorm
|-damage|p1a: Milotic|82/100|[from] Sandstorm
|-heal|p2a: Salamence|100/100|[from] item: Leftovers
|-heal|p1a: Milotic|88/100|[from] item: Leftovers
|upkeep
|turn|50
|
|t:|1730153666
|switch|p2a: Skarmory|Skarmory, F|87/100 par
|move|p1a: Milotic|Toxic||[still]
|-fail|p1a: Milotic
|
|-weather|Sandstorm|[upkeep]
|-damage|p1a: Milotic|82/100|[from] Sandstorm
|-heal|p1a: Milotic|88/100|[from] item: Leftovers
|-heal|p2a: Skarmory|93/100 par|[from] item: Leftovers
|upkeep
|turn|51
|
|t:|1730153669
|switch|p1a: Forretress|Forretress, F|35/100
|move|p2a: Skarmory|Spikes|p1a: Forretress
|-sidestart|p1: Eg0r|Spikes
|
|-weather|Sandstorm|[upkeep]
|-heal|p1a: Forretress|41/100|[from] item: Leftovers
|-heal|p2a: Skarmory|99/100 par|[from] item: Leftovers
|upkeep
|turn|52
|
|t:|1730153672
|switch|p2a: Salamence|Salamence, F|100/100
|-ability|p2a: Salamence|Intimidate|boost
|-unboost|p1a: Forretress|atk|1
|move|p1a: Forretress|Rapid Spin|p2a: Salamence
|-damage|p2a: Salamence|97/100
|-sideend|p1: Eg0r|Spikes|[from] move: Rapid Spin|[of] p1a: Forretress
|
|-weather|Sandstorm|[upkeep]
|-damage|p2a: Salamence|91/100|[from] Sandstorm
|-heal|p2a: Salamence|97/100|[from] item: Leftovers
|-heal|p1a: Forretress|47/100|[from] item: Leftovers
|upkeep
|turn|53
|
|t:|1730153677
|switch|p1a: Blissey|Blissey, F|88/100
|move|p2a: Salamence|Hidden Power|p1a: Blissey
|-damage|p1a: Blissey|80/100
|
|-weather|Sandstorm|[upkeep]
|-damage|p2a: Salamence|91/100|[from] Sandstorm
|-damage|p1a: Blissey|73/100|[from] Sandstorm
|-heal|p2a: Salamence|97/100|[from] item: Leftovers
|-heal|p1a: Blissey|80/100|[from] item: Leftovers
|upkeep
|turn|54
|
|t:|1730153682
|switch|p2a: Skarmory|Skarmory, F|99/100 par
|move|p1a: Blissey|Seismic Toss|p2a: Skarmory
|-damage|p2a: Skarmory|69/100 par
|
|-weather|Sandstorm|[upkeep]
|-damage|p1a: Blissey|73/100|[from] Sandstorm
|-heal|p1a: Blissey|80/100|[from] item: Leftovers
|-heal|p2a: Skarmory|75/100 par|[from] item: Leftovers
|upkeep
|turn|55
|
|t:|1730153685
|switch|p1a: Forretress|Forretress, F|47/100
|move|p2a: Skarmory|Spikes|p1a: Forretress
|-sidestart|p1: Eg0r|Spikes
|
|-weather|Sandstorm|[upkeep]
|-heal|p1a: Forretress|54/100|[from] item: Leftovers
|-heal|p2a: Skarmory|81/100 par|[from] item: Leftovers
|upkeep
|turn|56
|
|t:|1730153687
|switch|p2a: Salamence|Salamence, F|97/100
|-ability|p2a: Salamence|Intimidate|boost
|-unboost|p1a: Forretress|atk|1
|move|p1a: Forretress|Rapid Spin|p2a: Salamence
|-damage|p2a: Salamence|93/100
|-sideend|p1: Eg0r|Spikes|[from] move: Rapid Spin|[of] p1a: Forretress
|
|-weather|Sandstorm|[upkeep]
|-damage|p2a: Salamence|87/100|[from] Sandstorm
|-heal|p2a: Salamence|93/100|[from] item: Leftovers
|-heal|p1a: Forretress|60/100|[from] item: Leftovers
|upkeep
|turn|57
|
|t:|1730153691
|switch|p1a: Milotic|Milotic, M|88/100
|move|p2a: Salamence|Hidden Power|p1a: Milotic
|-supereffective|p1a: Milotic
|-crit|p1a: Milotic
|-damage|p1a: Milotic|24/100
|
|-weather|Sandstorm|[upkeep]
|-damage|p2a: Salamence|87/100|[from] Sandstorm
|-damage|p1a: Milotic|18/100|[from] Sandstorm
|-heal|p2a: Salamence|93/100|[from] item: Leftovers
|-heal|p1a: Milotic|24/100|[from] item: Leftovers
|upkeep
|turn|58
|
|t:|1730153695
|switch|p1a: Hariyama|Hariyama, F|100/100
|move|p2a: Salamence|Hidden Power|p1a: Hariyama
|-damage|p1a: Hariyama|80/100
|
|-weather|Sandstorm|[upkeep]
|-damage|p2a: Salamence|87/100|[from] Sandstorm
|-damage|p1a: Hariyama|74/100|[from] Sandstorm
|-heal|p2a: Salamence|93/100|[from] item: Leftovers
|-heal|p1a: Hariyama|80/100|[from] item: Leftovers
|upkeep
|turn|59
|
|t:|1730153700
|move|p2a: Salamence|Dragon Claw|p1a: Hariyama
|-damage|p1a: Hariyama|46/100
|move|p1a: Hariyama|Knock Off|p2a: Salamence
|-damage|p2a: Salamence|90/100
|-enditem|p2a: Salamence|Leftovers|[from] move: Knock Off|[of] p1a: Hariyama
|
|-weather|Sandstorm|[upkeep]
|-damage|p2a: Salamence|84/100|[from] Sandstorm
|-damage|p1a: Hariyama|40/100|[from] Sandstorm
|-heal|p1a: Hariyama|46/100|[from] item: Leftovers
|upkeep
|turn|60
|
|t:|1730153729
|switch|p1a: Blissey|Blissey, F|80/100
|move|p2a: Salamence|Brick Break|p1a: Blissey
|-supereffective|p1a: Blissey
|-damage|p1a: Blissey|39/100
|
|-weather|Sandstorm|[upkeep]
|-damage|p2a: Salamence|78/100|[from] Sandstorm
|-damage|p1a: Blissey|33/100|[from] Sandstorm
|-heal|p1a: Blissey|39/100|[from] item: Leftovers
|upkeep
|turn|61
|inactive|Eg0r has 270 seconds left.
|
|t:|1730153746
|switch|p1a: Tyranitar|Tyranitar, M|21/100
|move|p2a: Salamence|Brick Break|p1a: Tyranitar
|-supereffective|p1a: Tyranitar
|-damage|p1a: Tyranitar|0 fnt
|faint|p1a: Tyranitar
|
|t:|1730153747
|switch|p1a: Hariyama|Hariyama, F|46/100
|
|-weather|Sandstorm|[upkeep]
|-damage|p2a: Salamence|72/100|[from] Sandstorm
|-damage|p1a: Hariyama|40/100|[from] Sandstorm
|-heal|p1a: Hariyama|46/100|[from] item: Leftovers
|upkeep
|turn|62
|
|t:|1730153753
|move|p2a: Salamence|Dragon Claw|p1a: Hariyama
|-damage|p1a: Hariyama|12/100
|move|p1a: Hariyama|Whirlwind|p2a: Salamence
|drag|p2a: Swampert|Swampert, M|97/100
|-damage|p2a: Swampert|80/100|[from] Spikes
|
|-weather|Sandstorm|[upkeep]
|-damage|p1a: Hariyama|6/100|[from] Sandstorm
|-heal|p2a: Swampert|87/100|[from] item: Leftovers
|-heal|p1a: Hariyama|12/100|[from] item: Leftovers
|upkeep
|turn|63
|
|t:|1730153769
|switch|p2a: Salamence|Salamence, F|72/100
|-ability|p2a: Salamence|Intimidate|boost
|-unboost|p1a: Hariyama|atk|1
|move|p1a: Hariyama|Whirlwind|p2a: Salamence
|drag|p2a: Skarmory|Skarmory, F|81/100 par
|
|-weather|Sandstorm|[upkeep]
|-damage|p1a: Hariyama|6/100|[from] Sandstorm
|-heal|p1a: Hariyama|12/100|[from] item: Leftovers
|-heal|p2a: Skarmory|87/100 par|[from] item: Leftovers
|upkeep
|turn|64
|
|t:|1730153780
|switch|p2a: Salamence|Salamence, F|72/100
|-ability|p2a: Salamence|Intimidate|boost
|-unboost|p1a: Hariyama|atk|1
|move|p1a: Hariyama|Whirlwind|p2a: Salamence
|drag|p2a: Skarmory|Skarmory, F|87/100 par
|
|-weather|Sandstorm|[upkeep]
|-damage|p1a: Hariyama|6/100|[from] Sandstorm
|-heal|p1a: Hariyama|12/100|[from] item: Leftovers
|-heal|p2a: Skarmory|93/100 par|[from] item: Leftovers
|upkeep
|turn|65
|
|t:|1730153790
|switch|p2a: Salamence|Salamence, F|72/100
|-ability|p2a: Salamence|Intimidate|boost
|-unboost|p1a: Hariyama|atk|1
|move|p1a: Hariyama|Whirlwind|p2a: Salamence
|drag|p2a: Skarmory|Skarmory, F|93/100 par
|
|-weather|Sandstorm|[upkeep]
|-damage|p1a: Hariyama|6/100|[from] Sandstorm
|-heal|p1a: Hariyama|12/100|[from] item: Leftovers
|-heal|p2a: Skarmory|99/100 par|[from] item: Leftovers
|upkeep
|turn|66
|
|t:|1730153808
|switch|p2a: Salamence|Salamence, F|72/100
|-ability|p2a: Salamence|Intimidate|boost
|-unboost|p1a: Hariyama|atk|1
|move|p1a: Hariyama|Rest|p1a: Hariyama
|-status|p1a: Hariyama|slp|[from] move: Rest
|-heal|p1a: Hariyama|100/100 slp|[silent]
|
|-weather|Sandstorm|[upkeep]
|-damage|p2a: Salamence|66/100|[from] Sandstorm
|-damage|p1a: Hariyama|94/100 slp|[from] Sandstorm
|-heal|p1a: Hariyama|100/100 slp|[from] item: Leftovers
|upkeep
|turn|67
|
|t:|1730153813
|move|p2a: Salamence|Dragon Claw|p1a: Hariyama
|-damage|p1a: Hariyama|68/100 slp
|cant|p1a: Hariyama|slp
|
|-weather|Sandstorm|[upkeep]
|-damage|p2a: Salamence|60/100|[from] Sandstorm
|-damage|p1a: Hariyama|62/100 slp|[from] Sandstorm
|-heal|p1a: Hariyama|68/100 slp|[from] item: Leftovers
|upkeep
|turn|68
|
|t:|1730153817
|move|p2a: Salamence|Dragon Claw|p1a: Hariyama
|-damage|p1a: Hariyama|33/100 slp
|cant|p1a: Hariyama|slp
|
|-weather|Sandstorm|[upkeep]
|-damage|p2a: Salamence|54/100|[from] Sandstorm
|-damage|p1a: Hariyama|27/100 slp|[from] Sandstorm
|-heal|p1a: Hariyama|33/100 slp|[from] item: Leftovers
|upkeep
|turn|69
|
|t:|1730153820
|move|p2a: Salamence|Dragon Claw|p1a: Hariyama
|-damage|p1a: Hariyama|1/100 slp
|-curestatus|p1a: Hariyama|slp|[msg]
|move|p1a: Hariyama|Rest|p1a: Hariyama
|-status|p1a: Hariyama|slp|[from] move: Rest
|-heal|p1a: Hariyama|100/100 slp|[silent]
|
|-weather|Sandstorm|[upkeep]
|-damage|p2a: Salamence|48/100|[from] Sandstorm
|-damage|p1a: Hariyama|94/100 slp|[from] Sandstorm
|-heal|p1a: Hariyama|100/100 slp|[from] item: Leftovers
|upkeep
|turn|70
|inactive|Eg0r has 270 seconds left.
|
|t:|1730153871
|move|p2a: Salamence|Dragon Claw|p1a: Hariyama
|-damage|p1a: Hariyama|67/100 slp
|cant|p1a: Hariyama|slp
|
|-weather|Sandstorm|[upkeep]
|-damage|p2a: Salamence|42/100|[from] Sandstorm
|-damage|p1a: Hariyama|61/100 slp|[from] Sandstorm
|-heal|p1a: Hariyama|67/100 slp|[from] item: Leftovers
|upkeep
|turn|71
|
|t:|1730153874
|move|p2a: Salamence|Dragon Claw|p1a: Hariyama
|-crit|p1a: Hariyama
|-damage|p1a: Hariyama|2/100 slp
|cant|p1a: Hariyama|slp
|
|-weather|Sandstorm|[upkeep]
|-damage|p2a: Salamence|36/100|[from] Sandstorm
|-damage|p1a: Hariyama|0 fnt|[from] Sandstorm
|faint|p1a: Hariyama
|upkeep
|
|t:|1730153882
|switch|p1a: Blissey|Blissey, F|39/100
|turn|72
|
|t:|1730153885
|move|p2a: Salamence|Brick Break|p1a: Blissey
|-supereffective|p1a: Blissey
|-damage|p1a: Blissey|3/100
|move|p1a: Blissey|Soft-Boiled|p1a: Blissey
|-heal|p1a: Blissey|53/100
|
|-weather|Sandstorm|[upkeep]
|-damage|p2a: Salamence|30/100|[from] Sandstorm
|-damage|p1a: Blissey|46/100|[from] Sandstorm
|-heal|p1a: Blissey|53/100|[from] item: Leftovers
|upkeep
|turn|73
|
|t:|1730153891
|move|p2a: Salamence|Brick Break|p1a: Blissey
|-supereffective|p1a: Blissey
|-crit|p1a: Blissey
|-damage|p1a: Blissey|0 fnt
|faint|p1a: Blissey
|c|☆Eg0r|gg
|-message|Eg0r forfeited.
|
|win|EG Zelph
|player|p1|
|c|☆EG Zelph|mb

</script>
<script type="application/json" class="data" id="replaydata-smogtours-gen3ou-803168">
{"id":"smogtours-gen3ou-803168","format":"[Gen 3] OU","players":["Eg0r","EG Zelph"],"uploadtime":1730153898,"views":101,"formatid":"gen3ou","rating":null,"private":1,"password":null}
</script>

<script defer src="js/replays.js?9d40a366"></script>
