<!DOCTYPE html>
<meta charset="utf-8" />
<meta name="viewport" content="width=device-width" />

<title>[Gen 3] OU: Just_Leonardo vs. lunasran - Replays - Pok&eacute;mon Showdown!</title>

<meta name="description" content="Watch a replay of a Pok&eacute;mon battle between Just_Leonardo and lunasran! Format: [Gen 3] OU; Date: Nov 3, 2024" />
<!--

Hey, you! Looking in the source for the replay log?

You can find them in JSON format, just add `.json` at the end of a replay URL.

https://replay.pokemonshowdown.com/gen7randomdoublesbattle-865046831.json

Or, if you only need the log itself, add `.log` instead:

https://replay.pokemonshowdown.com/gen7randomdoublesbattle-865046831.log

-->

<link rel="stylesheet" href="//pokemonshowdown.com/style/global.css?0.023195364461161105" />
<link rel="stylesheet" href="//play.pokemonshowdown.com/style/font-awesome.css?0.13261647063804238" />
<link rel="stylesheet" href="//play.pokemonshowdown.com/style/battle.css?0.8753245789963631" />
<link rel="stylesheet" href="//play.pokemonshowdown.com/style/utilichart.css?0.8627959624976733" />

<!-- Global site tag (gtag.js) - Google Analytics -->
<script async src="https://www.googletagmanager.com/gtag/js?id=UA-26211653-1"></script>
<script>
  window.dataLayer = window.dataLayer || [];
  function gtag(){dataLayer.push(arguments);}
  gtag('js', new Date());

  gtag('config', 'UA-26211653-1');
</script>
<!-- End Google Analytics -->
<!-- Venatus Ad Manager - Install in <HEAD> of page -->
	<script src="https://hb.vntsm.com/v3/live/ad-manager.min.js" type="text/javascript" data-site-id="642aba63ec9a7b11c3c9c1be" data-mode="scan" async></script>
<!-- / Venatus Ad Manager -->

<style>
	@media (max-width:820px) {
		.battle {
			margin: 0 auto;
		}
		.battle-log {
			margin: 7px auto 0;
			max-width: 640px;
			height: 300px;
			position: static;
		}
	}
	.optgroup {
		display: inline-block;
		line-height: 22px;
		font-size: 10pt;
	}
	.optgroup .button {
		height: 25px;
		padding-top: 0;
		padding-bottom: 0;
	}
	.optgroup button.button {
		padding-left: 12px;
		padding-right: 12px;
	}
	.linklist {
		list-style: none;
		margin: 0.5em 0;
		padding: 0;
	}
	.linklist li {
		padding: 2px 0;
	}
	.sidebar {
		float: left;
		width: 320px;
	}
	.bar-wrapper {
		max-width: 1100px;
		margin: 0 auto;
	}
	.bar-wrapper.has-sidebar {
		max-width: 1430px;
	}
	.mainbar {
		margin: 0;
		padding-right: 1px;
	}
	.mainbar.has-sidebar {
		margin-left: 330px;
	}
	@media (min-width: 1511px) {
		.sidebar {
			width: 400px;
		}
		.bar-wrapper.has-sidebar {
			max-width: 1510px;
		}
		.mainbar.has-sidebar {
			margin-left: 410px;
		}
	}
	.section.first-section {
		margin-top: 9px;
	}
	.blocklink small {
		white-space: normal;
	}
	.button {
		vertical-align: middle;
	}
	.replay-controls {
		padding-top: 10px;
	}
	.replay-controls h1 {
		font-size: 16pt;
		font-weight: normal;
		color: #CCC;
	}
	.pagelink {
		text-align: center;
	}
	.pagelink a {
		width: 150px;
	}
	.textbox, .button {
		font-size: 11pt;
		vertical-align: middle;
	}
	@media (max-width: 450px) {
		.button {
			font-size: 9pt;
		}
	}
</style>

<div>

	<header>
		<div class="nav-wrapper"><ul class="nav">
			<li><a class="button nav-first" href="//pokemonshowdown.com/"><img src="//pokemonshowdown.com/images/pokemonshowdownbeta.png" srcset="//pokemonshowdown.com/images/pokemonshowdownbeta.png 1x, //pokemonshowdown.com/images/pokemonshowdownbeta@2x.png 2x" alt="Pok&eacute;mon Showdown" width="146" height="44" /> Home</a></li>
			<li><a class="button" href="//pokemonshowdown.com/dex/">Pok&eacute;dex</a></li>
			<li><a class="button cur" href="/">Replays</a></li>
			<li><a class="button" href="//pokemonshowdown.com/ladder/">Ladder</a></li>
			<li><a class="button nav-last" href="//pokemonshowdown.com/forums/">Forum</a></li>
			<li><a class="button greenbutton nav-first nav-last" href="//play.pokemonshowdown.com/">Play</a></li>
		</ul></div>
	</header>

	<div class="main" id="main">

		<noscript><section class="section">You need to enable JavaScript to use this page; sorry!</section></noscript>

	</div>

</div>

<script defer nomodule src="//play.pokemonshowdown.com/js/lib/ps-polyfill.js"></script>
<script defer src="//play.pokemonshowdown.com/js/lib/preact.min.js"></script>

<script defer src="//play.pokemonshowdown.com/config/config.js?2bddbc15"></script>
<script defer src="//play.pokemonshowdown.com/js/lib/jquery-1.11.0.min.js"></script>
<script defer src="//play.pokemonshowdown.com/js/lib/html-sanitizer-minified.js"></script>
<script defer src="//play.pokemonshowdown.com/js/battle-sound.js"></script>
<script defer src="//play.pokemonshowdown.com/js/battledata.js?0.7209276989879541"></script>
<script defer src="//play.pokemonshowdown.com/data/pokedex-mini.js?0.6111056340867951"></script>
<script defer src="//play.pokemonshowdown.com/data/pokedex-mini-bw.js?0.3532142036491459"></script>
<script defer src="//play.pokemonshowdown.com/data/graphics.js?0.24223875632456182"></script>
<script defer src="//play.pokemonshowdown.com/data/pokedex.js?0.38839984266356864"></script>
<script defer src="//play.pokemonshowdown.com/data/moves.js?0.21866028504024015"></script>
<script defer src="//play.pokemonshowdown.com/data/abilities.js?0.2005157953846628"></script>
<script defer src="//play.pokemonshowdown.com/data/items.js?0.9894211263848525"></script>
<script defer src="//play.pokemonshowdown.com/data/teambuilder-tables.js?0.6008791140282215"></script>
<script defer src="//play.pokemonshowdown.com/js/battle-tooltips.js?0.7580118955022959"></script>
<script defer src="//play.pokemonshowdown.com/js/battle.js?0.6057722274234274"></script>

<script defer src="js/utils.js?e31f9a17"></script>
<script defer src="js/replays-battle.js?7008c182"></script>

<!-- don't scrape this data! just add .json or .log after the URL!
Full API docs: https://github.com/smogon/pokemon-showdown-client/blob/master/WEB-API.md -->
<script type="text/plain" class="log" id="replaylog-smogtours-gen3ou-804516">
|inactive|Battle timer is ON: inactive players will automatically lose when time's up.
|t:|1730663285
|gametype|singles
|player|p1|Just_Leonardo|hiker-gen4|
|player|p2|lunasran|erika|
|teamsize|p1|6
|teamsize|p2|6
|gen|3
|tier|[Gen 3] OU
|rule|Sleep Clause Mod: Limit one foe put to sleep
|rule|Switch Priority Clause Mod: Faster Pokémon switch first
|rule|Species Clause: Limit one of each Pokémon
|rule|OHKO Clause: OHKO moves are banned
|rule|Evasion Items Clause: Evasion items are banned
|rule|Evasion Moves Clause: Evasion moves are banned
|rule|Endless Battle Clause: Forcing endless battles is banned
|rule|HP Percentage Mod: HP is shown in percentages
|rule|One Boost Passer Clause: Limit one Baton Passer that has a way to boost its stats
|rule|Freeze Clause Mod: Limit one foe frozen
|
|t:|1730663285
|start
|switch|p1a: Drake|Salamence, M|100/100
|switch|p2a: Medicham|Medicham, F, shiny|100/100
|-ability|p1a: Drake|Intimidate|boost
|-unboost|p2a: Medicham|atk|1
|turn|1
|c|☆lunasran|glhf
|inactive|Just_Leonardo has 270 seconds left.
|inactive|lunasran has 270 seconds left.
|c|☆Just_Leonardo|hf
|
|t:|1730663339
|switch|p2a: Starmie|Starmie, shiny|100/100
|move|p1a: Drake|Dragon Claw|p2a: Starmie
|-damage|p2a: Starmie|49/100
|
|-heal|p2a: Starmie|55/100|[from] item: Leftovers
|upkeep
|turn|2
|
|t:|1730663352
|switch|p1a: Joy|Blissey, F|100/100
|move|p2a: Starmie|Thunder Wave|p1a: Joy
|-status|p1a: Joy|par
|
|-heal|p2a: Starmie|62/100|[from] item: Leftovers
|upkeep
|turn|3
|
|t:|1730663367
|switch|p2a: Celebi|Celebi|100/100
|-curestatus|p1a: Joy|par|[from] ability: Natural Cure
|switch|p1a: Drake|Salamence, M|100/100
|-ability|p1a: Drake|Intimidate|boost
|-unboost|p2a: Celebi|atk|1
|
|upkeep
|turn|4
|
|t:|1730663394
|switch|p2a: Snorlax|Snorlax, M, shiny|100/100
|move|p1a: Drake|Fire Blast|p2a: Snorlax
|-damage|p2a: Snorlax|79/100
|
|-heal|p2a: Snorlax|85/100|[from] item: Leftovers
|upkeep
|turn|5
|inactive|lunasran has 270 seconds left.
|inactive|Just_Leonardo has 270 seconds left.
|
|t:|1730663417
|switch|p1a: Giovanna|Forretress, F, shiny|100/100
|move|p2a: Snorlax|Body Slam|p1a: Giovanna
|-resisted|p1a: Giovanna
|-damage|p1a: Giovanna|88/100
|
|-heal|p1a: Giovanna|94/100|[from] item: Leftovers
|-heal|p2a: Snorlax|91/100|[from] item: Leftovers
|upkeep
|turn|6
|inactive|lunasran has 270 seconds left.
|
|t:|1730663428
|move|p1a: Giovanna|Spikes|p2a: Snorlax
|-sidestart|p2: lunasran|Spikes
|move|p2a: Snorlax|Curse|p2a: Snorlax
|-unboost|p2a: Snorlax|spe|1
|-boost|p2a: Snorlax|atk|1
|-boost|p2a: Snorlax|def|1
|
|-heal|p1a: Giovanna|99/100|[from] item: Leftovers
|-heal|p2a: Snorlax|97/100|[from] item: Leftovers
|upkeep
|turn|7
|
|t:|1730663439
|switch|p1a: Gennaro|Gengar, M|100/100
|move|p2a: Snorlax|Curse|p2a: Snorlax
|-unboost|p2a: Snorlax|spe|1
|-boost|p2a: Snorlax|atk|1
|-boost|p2a: Snorlax|def|1
|
|-heal|p2a: Snorlax|100/100|[from] item: Leftovers
|upkeep
|turn|8
|inactive|lunasran has 270 seconds left.
|
|t:|1730663476
|switch|p1a: Terry|Tyranitar, M|100/100
|-weather|Sandstorm|[from] ability: Sand Stream|[of] p1a: Terry
|switch|p2a: Celebi|Celebi|100/100
|-damage|p2a: Celebi|88/100|[from] Spikes
|
|-weather|Sandstorm|[upkeep]
|-damage|p2a: Celebi|82/100|[from] Sandstorm
|-heal|p2a: Celebi|88/100|[from] item: Leftovers
|upkeep
|turn|9
|
|t:|1730663497
|switch|p1a: Drake|Salamence, M|100/100
|-ability|p1a: Drake|Intimidate|boost
|-unboost|p2a: Celebi|atk|1
|move|p2a: Celebi|Baton Pass|p2a: Celebi
|
|t:|1730663505
|switch|p2a: Starmie|Starmie, shiny|62/100|[from] Baton Pass
|-damage|p2a: Starmie|49/100|[from] Spikes
|
|-weather|Sandstorm|[upkeep]
|-damage|p2a: Starmie|43/100|[from] Sandstorm
|-damage|p1a: Drake|94/100|[from] Sandstorm
|-heal|p2a: Starmie|49/100|[from] item: Leftovers
|-heal|p1a: Drake|100/100|[from] item: Leftovers
|upkeep
|turn|10
|
|t:|1730663520
|switch|p1a: Joy|Blissey, F|100/100
|move|p2a: Starmie|Thunder Wave|p1a: Joy
|-status|p1a: Joy|par
|
|-weather|Sandstorm|[upkeep]
|-damage|p2a: Starmie|43/100|[from] Sandstorm
|-damage|p1a: Joy|94/100 par|[from] Sandstorm
|-heal|p2a: Starmie|49/100|[from] item: Leftovers
|-heal|p1a: Joy|100/100 par|[from] item: Leftovers
|upkeep
|turn|11
|inactive|lunasran has 240 seconds left.
|
|t:|1730663538
|switch|p2a: Metagross|Metagross, shiny|100/100
|-damage|p2a: Metagross|88/100|[from] Spikes
|cant|p1a: Joy|par
|
|-weather|Sandstorm|[upkeep]
|-damage|p1a: Joy|94/100 par|[from] Sandstorm
|-heal|p1a: Joy|100/100 par|[from] item: Leftovers
|upkeep
|turn|12
|inactive|lunasran has 240 seconds left.
|
|t:|1730663558
|-curestatus|p1a: Joy|par|[from] ability: Natural Cure
|switch|p1a: Axol|Swampert, M|100/100
|move|p2a: Metagross|Rock Slide|p1a: Axol
|-resisted|p1a: Axol
|-damage|p1a: Axol|89/100
|
|-weather|Sandstorm|[upkeep]
|-heal|p1a: Axol|95/100|[from] item: Leftovers
|upkeep
|turn|13
|inactive|lunasran has 240 seconds left.
|
|t:|1730663570
|switch|p2a: Zapdos|Zapdos|100/100
|move|p1a: Axol|Ice Beam|p2a: Zapdos
|-supereffective|p2a: Zapdos
|-damage|p2a: Zapdos|55/100
|
|-weather|Sandstorm|[upkeep]
|-damage|p2a: Zapdos|49/100|[from] Sandstorm
|-heal|p2a: Zapdos|55/100|[from] item: Leftovers
|-heal|p1a: Axol|100/100|[from] item: Leftovers
|upkeep
|turn|14
|inactive|lunasran has 240 seconds left.
|
|t:|1730663592
|switch|p1a: Joy|Blissey, F|100/100
|move|p2a: Zapdos|Substitute|p2a: Zapdos
|-start|p2a: Zapdos|Substitute
|-damage|p2a: Zapdos|30/100
|
|-weather|Sandstorm|[upkeep]
|-damage|p2a: Zapdos|24/100|[from] Sandstorm
|-damage|p1a: Joy|94/100|[from] Sandstorm
|-heal|p2a: Zapdos|30/100|[from] item: Leftovers
|-heal|p1a: Joy|100/100|[from] item: Leftovers
|upkeep
|turn|15
|
|t:|1730663608
|move|p2a: Zapdos|Thunder Wave|p1a: Joy
|-status|p1a: Joy|par
|cant|p1a: Joy|par
|
|-weather|Sandstorm|[upkeep]
|-damage|p2a: Zapdos|24/100|[from] Sandstorm
|-damage|p1a: Joy|94/100 par|[from] Sandstorm
|-heal|p2a: Zapdos|30/100|[from] item: Leftovers
|-heal|p1a: Joy|100/100 par|[from] item: Leftovers
|upkeep
|turn|16
|inactive|lunasran has 210 seconds left.
|
|t:|1730663642
|switch|p2a: Medicham|Medicham, F, shiny|100/100
|-damage|p2a: Medicham|88/100|[from] Spikes
|move|p1a: Joy|Ice Beam|p2a: Medicham
|-damage|p2a: Medicham|50/100
|
|-weather|Sandstorm|[upkeep]
|-damage|p2a: Medicham|43/100|[from] Sandstorm
|-damage|p1a: Joy|94/100 par|[from] Sandstorm
|-heal|p1a: Joy|100/100 par|[from] item: Leftovers
|upkeep
|turn|17
|inactive|lunasran has 210 seconds left.
|inactive|Just_Leonardo has 270 seconds left.
|
|t:|1730663688
|-curestatus|p1a: Joy|par|[from] ability: Natural Cure
|switch|p1a: Giovanna|Forretress, F, shiny|99/100
|move|p2a: Medicham|Shadow Ball|p1a: Giovanna
|-resisted|p1a: Giovanna
|-damage|p1a: Giovanna|84/100
|
|-weather|Sandstorm|[upkeep]
|-damage|p2a: Medicham|37/100|[from] Sandstorm
|-heal|p1a: Giovanna|90/100|[from] item: Leftovers
|upkeep
|turn|18
|
|t:|1730663707
|switch|p2a: Metagross|Metagross, shiny|88/100
|-damage|p2a: Metagross|76/100|[from] Spikes
|move|p1a: Giovanna|Hidden Power|p2a: Metagross
|-damage|p2a: Metagross|67/100
|
|-weather|Sandstorm|[upkeep]
|-heal|p1a: Giovanna|96/100|[from] item: Leftovers
|upkeep
|turn|19
|inactive|lunasran has 180 seconds left.
|
|t:|1730663742
|switch|p1a: Axol|Swampert, M|100/100
|move|p2a: Metagross|Meteor Mash|p1a: Axol
|-resisted|p1a: Axol
|-damage|p1a: Axol|76/100
|
|-weather|Sandstorm|[upkeep]
|-heal|p1a: Axol|83/100|[from] item: Leftovers
|upkeep
|turn|20
|
|t:|1730663754
|move|p2a: Metagross|Meteor Mash|p1a: Axol|[miss]
|-miss|p2a: Metagross|p1a: Axol
|move|p1a: Axol|Earthquake|p2a: Metagross
|-supereffective|p2a: Metagross
|-damage|p2a: Metagross|22/100
|
|-weather|Sandstorm|[upkeep]
|-heal|p1a: Axol|89/100|[from] item: Leftovers
|upkeep
|turn|21
|
|t:|1730663775
|switch|p2a: Celebi|Celebi|88/100
|-damage|p2a: Celebi|76/100|[from] Spikes
|move|p1a: Axol|Protect||[still]
|-fail|p1a: Axol
|
|-weather|Sandstorm|[upkeep]
|-damage|p2a: Celebi|69/100|[from] Sandstorm
|-heal|p2a: Celebi|76/100|[from] item: Leftovers
|-heal|p1a: Axol|95/100|[from] item: Leftovers
|upkeep
|turn|22
|inactive|lunasran has 150 seconds left.
|
|t:|1730663791
|switch|p1a: Drake|Salamence, M|100/100
|-ability|p1a: Drake|Intimidate|boost
|-unboost|p2a: Celebi|atk|1
|move|p2a: Celebi|Swords Dance|p2a: Celebi
|-boost|p2a: Celebi|atk|2
|
|-weather|Sandstorm|[upkeep]
|-damage|p2a: Celebi|69/100|[from] Sandstorm
|-damage|p1a: Drake|94/100|[from] Sandstorm
|-heal|p2a: Celebi|76/100|[from] item: Leftovers
|-heal|p1a: Drake|100/100|[from] item: Leftovers
|upkeep
|turn|23
|inactive|lunasran has 150 seconds left.
|inactive|Just_Leonardo has 270 seconds left.
|
|t:|1730663830
|move|p2a: Celebi|Hidden Power|p1a: Drake
|-damage|p1a: Drake|69/100
|move|p1a: Drake|Fire Blast|p2a: Celebi
|-supereffective|p2a: Celebi
|-crit|p2a: Celebi
|-damage|p2a: Celebi|0 fnt
|faint|p2a: Celebi
|
|t:|1730663840
|switch|p2a: Zapdos|Zapdos|30/100
|
|-weather|Sandstorm|[upkeep]
|-damage|p2a: Zapdos|24/100|[from] Sandstorm
|-damage|p1a: Drake|63/100|[from] Sandstorm
|-heal|p2a: Zapdos|30/100|[from] item: Leftovers
|-heal|p1a: Drake|69/100|[from] item: Leftovers
|upkeep
|turn|24
|inactive|Just_Leonardo has 270 seconds left.
|inactive|lunasran has 120 seconds left.
|
|t:|1730663868
|switch|p2a: Metagross|Metagross, shiny|22/100
|-damage|p2a: Metagross|10/100|[from] Spikes
|move|p1a: Drake|Dragon Claw|p2a: Metagross
|-resisted|p2a: Metagross
|-damage|p2a: Metagross|0 fnt
|faint|p2a: Metagross
|
|t:|1730663878
|switch|p2a: Starmie|Starmie, shiny|49/100
|-damage|p2a: Starmie|37/100|[from] Spikes
|
|-weather|Sandstorm|[upkeep]
|-damage|p2a: Starmie|31/100|[from] Sandstorm
|-damage|p1a: Drake|63/100|[from] Sandstorm
|-heal|p2a: Starmie|37/100|[from] item: Leftovers
|-heal|p1a: Drake|69/100|[from] item: Leftovers
|upkeep
|turn|25
|inactive|lunasran has 120 seconds left.
|c|☆Just_Leonardo|Expected medi but that also works
|c|☆lunasran|lmao
|
|t:|1730663907
|switch|p1a: Joy|Blissey, F|100/100
|move|p2a: Starmie|Ice Beam|p1a: Joy
|-damage|p1a: Joy|92/100
|
|-weather|Sandstorm|[upkeep]
|-damage|p2a: Starmie|31/100|[from] Sandstorm
|-damage|p1a: Joy|86/100|[from] Sandstorm
|-heal|p2a: Starmie|37/100|[from] item: Leftovers
|-heal|p1a: Joy|92/100|[from] item: Leftovers
|upkeep
|turn|26
|
|t:|1730663917
|move|p2a: Starmie|Thunder Wave|p1a: Joy
|-status|p1a: Joy|par
|move|p1a: Joy|Thunderbolt|p2a: Starmie
|-supereffective|p2a: Starmie
|-damage|p2a: Starmie|0 fnt
|faint|p2a: Starmie
|
|t:|1730663926
|switch|p2a: Medicham|Medicham, F, shiny|37/100
|-damage|p2a: Medicham|25/100|[from] Spikes
|
|-weather|Sandstorm|[upkeep]
|-damage|p2a: Medicham|19/100|[from] Sandstorm
|-damage|p1a: Joy|86/100 par|[from] Sandstorm
|-heal|p1a: Joy|92/100 par|[from] item: Leftovers
|upkeep
|turn|27
|inactive|lunasran has 120 seconds left.
|
|t:|1730663942
|-singleturn|p2a: Medicham|move: Focus Punch
|-curestatus|p1a: Joy|par|[from] ability: Natural Cure
|switch|p1a: Axol|Swampert, M|95/100
|move|p2a: Medicham|Focus Punch|p1a: Axol
|-damage|p1a: Axol|0 fnt
|faint|p1a: Axol
|
|t:|1730663945
|switch|p1a: Gennaro|Gengar, M|100/100
|
|-weather|Sandstorm|[upkeep]
|-damage|p1a: Gennaro|95/100|[from] Sandstorm
|-damage|p2a: Medicham|13/100|[from] Sandstorm
|-heal|p1a: Gennaro|100/100|[from] item: Leftovers
|upkeep
|turn|28
|inactive|lunasran has 120 seconds left.
|
|t:|1730663962
|switch|p2a: Zapdos|Zapdos|30/100
|move|p1a: Gennaro|Thunderbolt|p2a: Zapdos
|-damage|p2a: Zapdos|0 fnt
|faint|p2a: Zapdos
|
|t:|1730663973
|switch|p2a: Medicham|Medicham, F, shiny|13/100
|-damage|p2a: Medicham|0 fnt|[from] Spikes
|faint|p2a: Medicham
|
|t:|1730663977
|switch|p2a: Snorlax|Snorlax, M, shiny|100/100
|-damage|p2a: Snorlax|88/100|[from] Spikes
|
|-weather|Sandstorm|[upkeep]
|-damage|p1a: Gennaro|95/100|[from] Sandstorm
|-damage|p2a: Snorlax|82/100|[from] Sandstorm
|-heal|p1a: Gennaro|100/100|[from] item: Leftovers
|-heal|p2a: Snorlax|88/100|[from] item: Leftovers
|upkeep
|turn|29
|c|☆lunasran|ggs
|c|☆Just_Leonardo|And now, the question of the lax set
|-message|lunasran forfeited.
|
|win|Just_Leonardo
|player|p2|
|c|☆Just_Leonardo|Ggs

</script>
<script type="application/json" class="data" id="replaydata-smogtours-gen3ou-804516">
{"id":"smogtours-gen3ou-804516","format":"[Gen 3] OU","players":["Just_Leonardo","lunasran"],"uploadtime":1730664007,"views":115,"formatid":"gen3ou","rating":null,"private":0,"password":null}
</script>

<script defer src="js/replays.js?9d40a366"></script>
