<!DOCTYPE html>
<meta charset="utf-8" />
<meta name="viewport" content="width=device-width" />

<title>[Gen 3] OU: Strawbbz vs. 1P1o1s1h1e1 - Replays - Pok&eacute;mon Showdown!</title>

<meta name="description" content="Watch a replay of a Pok&eacute;mon battle between Strawbbz and 1P1o1s1h1e1! Format: [Gen 3] OU; Date: Oct 8, 2024" />
<!--

Hey, you! Looking in the source for the replay log?

You can find them in JSON format, just add `.json` at the end of a replay URL.

https://replay.pokemonshowdown.com/gen7randomdoublesbattle-865046831.json

Or, if you only need the log itself, add `.log` instead:

https://replay.pokemonshowdown.com/gen7randomdoublesbattle-865046831.log

-->

<link rel="stylesheet" href="//pokemonshowdown.com/style/global.css?0.023195364461161105" />
<link rel="stylesheet" href="//play.pokemonshowdown.com/style/font-awesome.css?0.13261647063804238" />
<link rel="stylesheet" href="//play.pokemonshowdown.com/style/battle.css?0.8753245789963631" />
<link rel="stylesheet" href="//play.pokemonshowdown.com/style/utilichart.css?0.8627959624976733" />

<!-- Global site tag (gtag.js) - Google Analytics -->
<script async src="https://www.googletagmanager.com/gtag/js?id=UA-26211653-1"></script>
<script>
  window.dataLayer = window.dataLayer || [];
  function gtag(){dataLayer.push(arguments);}
  gtag('js', new Date());

  gtag('config', 'UA-26211653-1');
</script>
<!-- End Google Analytics -->
<!-- Venatus Ad Manager - Install in <HEAD> of page -->
	<script src="https://hb.vntsm.com/v3/live/ad-manager.min.js" type="text/javascript" data-site-id="642aba63ec9a7b11c3c9c1be" data-mode="scan" async></script>
<!-- / Venatus Ad Manager -->

<style>
	@media (max-width:820px) {
		.battle {
			margin: 0 auto;
		}
		.battle-log {
			margin: 7px auto 0;
			max-width: 640px;
			height: 300px;
			position: static;
		}
	}
	.optgroup {
		display: inline-block;
		line-height: 22px;
		font-size: 10pt;
	}
	.optgroup .button {
		height: 25px;
		padding-top: 0;
		padding-bottom: 0;
	}
	.optgroup button.button {
		padding-left: 12px;
		padding-right: 12px;
	}
	.linklist {
		list-style: none;
		margin: 0.5em 0;
		padding: 0;
	}
	.linklist li {
		padding: 2px 0;
	}
	.sidebar {
		float: left;
		width: 320px;
	}
	.bar-wrapper {
		max-width: 1100px;
		margin: 0 auto;
	}
	.bar-wrapper.has-sidebar {
		max-width: 1430px;
	}
	.mainbar {
		margin: 0;
		padding-right: 1px;
	}
	.mainbar.has-sidebar {
		margin-left: 330px;
	}
	@media (min-width: 1511px) {
		.sidebar {
			width: 400px;
		}
		.bar-wrapper.has-sidebar {
			max-width: 1510px;
		}
		.mainbar.has-sidebar {
			margin-left: 410px;
		}
	}
	.section.first-section {
		margin-top: 9px;
	}
	.blocklink small {
		white-space: normal;
	}
	.button {
		vertical-align: middle;
	}
	.replay-controls {
		padding-top: 10px;
	}
	.replay-controls h1 {
		font-size: 16pt;
		font-weight: normal;
		color: #CCC;
	}
	.pagelink {
		text-align: center;
	}
	.pagelink a {
		width: 150px;
	}
	.textbox, .button {
		font-size: 11pt;
		vertical-align: middle;
	}
	@media (max-width: 450px) {
		.button {
			font-size: 9pt;
		}
	}
</style>

<div>

	<header>
		<div class="nav-wrapper"><ul class="nav">
			<li><a class="button nav-first" href="//pokemonshowdown.com/"><img src="//pokemonshowdown.com/images/pokemonshowdownbeta.png" srcset="//pokemonshowdown.com/images/pokemonshowdownbeta.png 1x, //pokemonshowdown.com/images/pokemonshowdownbeta@2x.png 2x" alt="Pok&eacute;mon Showdown" width="146" height="44" /> Home</a></li>
			<li><a class="button" href="//pokemonshowdown.com/dex/">Pok&eacute;dex</a></li>
			<li><a class="button cur" href="/">Replays</a></li>
			<li><a class="button" href="//pokemonshowdown.com/ladder/">Ladder</a></li>
			<li><a class="button nav-last" href="//pokemonshowdown.com/forums/">Forum</a></li>
			<li><a class="button greenbutton nav-first nav-last" href="//play.pokemonshowdown.com/">Play</a></li>
		</ul></div>
	</header>

	<div class="main" id="main">

		<noscript><section class="section">You need to enable JavaScript to use this page; sorry!</section></noscript>

	</div>

</div>

<script defer nomodule src="//play.pokemonshowdown.com/js/lib/ps-polyfill.js"></script>
<script defer src="//play.pokemonshowdown.com/js/lib/preact.min.js"></script>

<script defer src="//play.pokemonshowdown.com/config/config.js?2bddbc15"></script>
<script defer src="//play.pokemonshowdown.com/js/lib/jquery-1.11.0.min.js"></script>
<script defer src="//play.pokemonshowdown.com/js/lib/html-sanitizer-minified.js"></script>
<script defer src="//play.pokemonshowdown.com/js/battle-sound.js"></script>
<script defer src="//play.pokemonshowdown.com/js/battledata.js?0.7209276989879541"></script>
<script defer src="//play.pokemonshowdown.com/data/pokedex-mini.js?0.6111056340867951"></script>
<script defer src="//play.pokemonshowdown.com/data/pokedex-mini-bw.js?0.3532142036491459"></script>
<script defer src="//play.pokemonshowdown.com/data/graphics.js?0.24223875632456182"></script>
<script defer src="//play.pokemonshowdown.com/data/pokedex.js?0.38839984266356864"></script>
<script defer src="//play.pokemonshowdown.com/data/moves.js?0.21866028504024015"></script>
<script defer src="//play.pokemonshowdown.com/data/abilities.js?0.2005157953846628"></script>
<script defer src="//play.pokemonshowdown.com/data/items.js?0.9894211263848525"></script>
<script defer src="//play.pokemonshowdown.com/data/teambuilder-tables.js?0.6008791140282215"></script>
<script defer src="//play.pokemonshowdown.com/js/battle-tooltips.js?0.7580118955022959"></script>
<script defer src="//play.pokemonshowdown.com/js/battle.js?0.6057722274234274"></script>

<script defer src="js/utils.js?e31f9a17"></script>
<script defer src="js/replays-battle.js?7008c182"></script>

<!-- don't scrape this data! just add .json or .log after the URL!
Full API docs: https://github.com/smogon/pokemon-showdown-client/blob/master/WEB-API.md -->
<script type="text/plain" class="log" id="replaylog-smogtours-gen3ou-796507">
|inactive|Battle timer is ON: inactive players will automatically lose when time's up.
|t:|1728424115
|gametype|singles
|player|p1|Strawbbz|silver-gen2|
|player|p2|1P1o1s1h1e1|101|
|teamsize|p1|6
|teamsize|p2|6
|gen|3
|tier|[Gen 3] OU
|rule|Sleep Clause Mod: Limit one foe put to sleep
|rule|Switch Priority Clause Mod: Faster Pokémon switch first
|rule|Species Clause: Limit one of each Pokémon
|rule|OHKO Clause: OHKO moves are banned
|rule|Evasion Items Clause: Evasion items are banned
|rule|Evasion Moves Clause: Evasion moves are banned
|rule|Endless Battle Clause: Forcing endless battles is banned
|rule|HP Percentage Mod: HP is shown in percentages
|rule|One Boost Passer Clause: Limit one Baton Passer that has a way to boost its stats
|rule|Freeze Clause Mod: Limit one foe frozen
|
|t:|1728424115
|start
|switch|p1a: Pyro|Tyranitar, M|100/100
|switch|p2a: Salamence|Salamence, F|100/100
|-ability|p2a: Salamence|Intimidate|boost
|-unboost|p1a: Pyro|atk|1
|-weather|Sandstorm|[from] ability: Sand Stream|[of] p1a: Pyro
|turn|1
|
|t:|1728424134
|switch|p2a: Swampert|Swampert, M|100/100
|switch|p1a: SwamPerc-30|Swampert, M|100/100
|
|-weather|Sandstorm|[upkeep]
|upkeep
|turn|2
|
|t:|1728424153
|move|p1a: SwamPerc-30|Protect|p1a: SwamPerc-30
|-singleturn|p1a: SwamPerc-30|Protect
|move|p2a: Swampert|Hydro Pump|p1a: SwamPerc-30
|-activate|p1a: SwamPerc-30|Protect
|
|-weather|Sandstorm|[upkeep]
|upkeep
|turn|3
|
|t:|1728424167
|switch|p1a: Starcrossed <\/3|Starmie, shiny|100/100
|move|p2a: Swampert|Hydro Pump|p1a: Starcrossed <\/3|[miss]
|-miss|p2a: Swampert|p1a: Starcrossed <\/3
|
|-weather|Sandstorm|[upkeep]
|-damage|p1a: Starcrossed <\/3|94/100|[from] Sandstorm
|-heal|p1a: Starcrossed <\/3|100/100|[from] item: Leftovers
|upkeep
|turn|4
|
|t:|1728424191
|switch|p2a: Celebi|Celebi|100/100
|move|p1a: Starcrossed <\/3|Surf|p2a: Celebi
|-resisted|p2a: Celebi
|-damage|p2a: Celebi|85/100
|
|-weather|Sandstorm|[upkeep]
|-damage|p1a: Starcrossed <\/3|94/100|[from] Sandstorm
|-damage|p2a: Celebi|79/100|[from] Sandstorm
|-heal|p1a: Starcrossed <\/3|100/100|[from] item: Leftovers
|-heal|p2a: Celebi|85/100|[from] item: Leftovers
|upkeep
|turn|5
|
|t:|1728424197
|switch|p1a: Piss Missile|Aerodactyl, M|100/100
|move|p2a: Celebi|Leech Seed|p1a: Piss Missile
|-start|p1a: Piss Missile|move: Leech Seed
|
|-weather|Sandstorm|[upkeep]
|-damage|p2a: Celebi|79/100|[from] Sandstorm
|-damage|p1a: Piss Missile|88/100|[from] Leech Seed|[of] p2a: Celebi
|-heal|p2a: Celebi|89/100|[silent]
|-heal|p2a: Celebi|95/100|[from] item: Leftovers
|upkeep
|turn|6
|
|t:|1728424208
|switch|p2a: Skarmory|Skarmory, M|100/100
|move|p1a: Piss Missile|Hidden Power|p2a: Skarmory
|-resisted|p2a: Skarmory
|-damage|p2a: Skarmory|95/100
|
|-weather|Sandstorm|[upkeep]
|-damage|p1a: Piss Missile|76/100|[from] Leech Seed|[of] p2a: Skarmory
|-heal|p2a: Skarmory|100/100|[silent]
|upkeep
|turn|7
|
|t:|1728424223
|switch|p1a: Starcrossed <\/3|Starmie, shiny|100/100
|move|p2a: Skarmory|Spikes|p1a: Starcrossed <\/3
|-sidestart|p1: Strawbbz|Spikes
|
|-weather|Sandstorm|[upkeep]
|-damage|p1a: Starcrossed <\/3|94/100|[from] Sandstorm
|-heal|p1a: Starcrossed <\/3|100/100|[from] item: Leftovers
|upkeep
|turn|8
|
|t:|1728424234
|switch|p2a: Celebi|Celebi|95/100
|move|p1a: Starcrossed <\/3|Thunder Wave|p2a: Celebi
|-status|p2a: Celebi|par
|
|-weather|Sandstorm|[upkeep]
|-damage|p1a: Starcrossed <\/3|94/100|[from] Sandstorm
|-damage|p2a: Celebi|89/100 par|[from] Sandstorm
|-heal|p1a: Starcrossed <\/3|100/100|[from] item: Leftovers
|-heal|p2a: Celebi|95/100 par|[from] item: Leftovers
|upkeep
|turn|9
|
|t:|1728424239
|move|p1a: Starcrossed <\/3|Rapid Spin|p2a: Celebi
|-damage|p2a: Celebi|92/100 par
|-sideend|p1: Strawbbz|Spikes|[from] move: Rapid Spin|[of] p1a: Starcrossed <\/3
|move|p2a: Celebi|Giga Drain|p1a: Starcrossed <\/3
|-supereffective|p1a: Starcrossed <\/3
|-damage|p1a: Starcrossed <\/3|31/100
|-heal|p2a: Celebi|100/100 par|[from] drain|[of] p1a: Starcrossed <\/3
|
|-weather|Sandstorm|[upkeep]
|-damage|p1a: Starcrossed <\/3|25/100|[from] Sandstorm
|-damage|p2a: Celebi|94/100 par|[from] Sandstorm
|-heal|p1a: Starcrossed <\/3|31/100|[from] item: Leftovers
|-heal|p2a: Celebi|100/100 par|[from] item: Leftovers
|upkeep
|turn|10
|
|t:|1728424247
|switch|p1a: Pyro|Tyranitar, M|100/100
|move|p2a: Celebi|Leech Seed|p1a: Pyro
|-start|p1a: Pyro|move: Leech Seed
|
|-weather|Sandstorm|[upkeep]
|-damage|p2a: Celebi|94/100 par|[from] Sandstorm
|-damage|p1a: Pyro|88/100|[from] Leech Seed|[of] p2a: Celebi
|-heal|p2a: Celebi|100/100 par|[silent]
|upkeep
|turn|11
|
|t:|1728424260
|switch|p1a: Spiegel|Skarmory, M|100/100
|-curestatus|p2a: Celebi|par|[from] ability: Natural Cure
|switch|p2a: Swampert|Swampert, M|100/100
|
|-weather|Sandstorm|[upkeep]
|upkeep
|turn|12
|inactive|1P1o1s1h1e1 has 270 seconds left.
|
|t:|1728424312
|move|p1a: Spiegel|Spikes|p2a: Swampert
|-sidestart|p2: 1P1o1s1h1e1|Spikes
|move|p2a: Swampert|Hydro Pump|p1a: Spiegel
|-damage|p1a: Spiegel|57/100
|
|-weather|Sandstorm|[upkeep]
|-heal|p1a: Spiegel|63/100|[from] item: Leftovers
|upkeep
|turn|13
|
|t:|1728424320
|switch|p2a: Salamence|Salamence, F|100/100
|-ability|p2a: Salamence|Intimidate|boost
|-unboost|p1a: Spiegel|atk|1
|move|p1a: Spiegel|Protect||[still]
|-fail|p1a: Spiegel
|
|-weather|Sandstorm|[upkeep]
|-damage|p2a: Salamence|94/100|[from] Sandstorm
|-heal|p2a: Salamence|100/100|[from] item: Leftovers
|-heal|p1a: Spiegel|69/100|[from] item: Leftovers
|upkeep
|turn|14
|
|t:|1728424335
|move|p1a: Spiegel|Protect|p1a: Spiegel
|-singleturn|p1a: Spiegel|Protect
|move|p2a: Salamence|Dragon Claw|p1a: Spiegel
|-activate|p1a: Spiegel|Protect
|
|-weather|Sandstorm|[upkeep]
|-damage|p2a: Salamence|94/100|[from] Sandstorm
|-heal|p2a: Salamence|100/100|[from] item: Leftovers
|-heal|p1a: Spiegel|75/100|[from] item: Leftovers
|upkeep
|turn|15
|
|t:|1728424338
|switch|p1a: Morbidly a Beast|Blissey, F|100/100
|move|p2a: Salamence|Fire Blast|p1a: Morbidly a Beast
|-damage|p1a: Morbidly a Beast|83/100
|
|-weather|Sandstorm|[upkeep]
|-damage|p2a: Salamence|94/100|[from] Sandstorm
|-damage|p1a: Morbidly a Beast|77/100|[from] Sandstorm
|-heal|p2a: Salamence|100/100|[from] item: Leftovers
|-heal|p1a: Morbidly a Beast|83/100|[from] item: Leftovers
|upkeep
|turn|16
|
|t:|1728424355
|switch|p2a: Skarmory|Skarmory, M|100/100
|move|p1a: Morbidly a Beast|Ice Beam|p2a: Skarmory
|-damage|p2a: Skarmory|77/100
|
|-weather|Sandstorm|[upkeep]
|-damage|p1a: Morbidly a Beast|77/100|[from] Sandstorm
|-heal|p2a: Skarmory|83/100|[from] item: Leftovers
|-heal|p1a: Morbidly a Beast|83/100|[from] item: Leftovers
|upkeep
|turn|17
|
|t:|1728424366
|switch|p1a: Starcrossed <\/3|Starmie, shiny|31/100
|move|p2a: Skarmory|Spikes|p1a: Starcrossed <\/3
|-sidestart|p1: Strawbbz|Spikes
|
|-weather|Sandstorm|[upkeep]
|-damage|p1a: Starcrossed <\/3|25/100|[from] Sandstorm
|-heal|p1a: Starcrossed <\/3|31/100|[from] item: Leftovers
|-heal|p2a: Skarmory|89/100|[from] item: Leftovers
|upkeep
|turn|18
|
|t:|1728424370
|move|p1a: Starcrossed <\/3|Recover|p1a: Starcrossed <\/3
|-heal|p1a: Starcrossed <\/3|81/100
|move|p2a: Skarmory|Drill Peck|p1a: Starcrossed <\/3
|-damage|p1a: Starcrossed <\/3|52/100
|
|-weather|Sandstorm|[upkeep]
|-damage|p1a: Starcrossed <\/3|46/100|[from] Sandstorm
|-heal|p1a: Starcrossed <\/3|52/100|[from] item: Leftovers
|-heal|p2a: Skarmory|95/100|[from] item: Leftovers
|upkeep
|turn|19
|inactive|1P1o1s1h1e1 has 270 seconds left.
|
|t:|1728424381
|switch|p2a: Celebi|Celebi|100/100
|-damage|p2a: Celebi|88/100|[from] Spikes
|move|p1a: Starcrossed <\/3|Rapid Spin|p2a: Celebi
|-damage|p2a: Celebi|86/100
|-sideend|p1: Strawbbz|Spikes|[from] move: Rapid Spin|[of] p1a: Starcrossed <\/3
|
|-weather|Sandstorm|[upkeep]
|-damage|p1a: Starcrossed <\/3|46/100|[from] Sandstorm
|-damage|p2a: Celebi|80/100|[from] Sandstorm
|-heal|p1a: Starcrossed <\/3|52/100|[from] item: Leftovers
|-heal|p2a: Celebi|86/100|[from] item: Leftovers
|upkeep
|turn|20
|inactive|1P1o1s1h1e1 has 270 seconds left.
|
|t:|1728424397
|switch|p1a: Spiegel|Skarmory, M|75/100
|move|p2a: Celebi|Leech Seed|p1a: Spiegel|[miss]
|-miss|p2a: Celebi|p1a: Spiegel
|
|-weather|Sandstorm|[upkeep]
|-damage|p2a: Celebi|80/100|[from] Sandstorm
|-heal|p2a: Celebi|86/100|[from] item: Leftovers
|-heal|p1a: Spiegel|81/100|[from] item: Leftovers
|upkeep
|turn|21
|
|t:|1728424403
|move|p2a: Celebi|Hidden Power|p1a: Spiegel
|-supereffective|p1a: Spiegel
|-damage|p1a: Spiegel|41/100
|move|p1a: Spiegel|Spikes|p2a: Celebi
|-sidestart|p2: 1P1o1s1h1e1|Spikes
|
|-weather|Sandstorm|[upkeep]
|-damage|p2a: Celebi|80/100|[from] Sandstorm
|-heal|p2a: Celebi|86/100|[from] item: Leftovers
|-heal|p1a: Spiegel|47/100|[from] item: Leftovers
|upkeep
|turn|22
|inactive|1P1o1s1h1e1 has 270 seconds left.
|
|t:|1728424409
|switch|p2a: Salamence|Salamence, F|100/100
|-ability|p2a: Salamence|Intimidate|boost
|-unboost|p1a: Spiegel|atk|1
|move|p1a: Spiegel|Protect||[still]
|-fail|p1a: Spiegel
|
|-weather|Sandstorm|[upkeep]
|-damage|p2a: Salamence|94/100|[from] Sandstorm
|-heal|p2a: Salamence|100/100|[from] item: Leftovers
|-heal|p1a: Spiegel|53/100|[from] item: Leftovers
|upkeep
|turn|23
|
|t:|1728424415
|move|p1a: Spiegel|Protect|p1a: Spiegel
|-singleturn|p1a: Spiegel|Protect
|move|p2a: Salamence|Brick Break|p1a: Spiegel
|-activate|p1a: Spiegel|Protect
|
|-weather|Sandstorm|[upkeep]
|-damage|p2a: Salamence|94/100|[from] Sandstorm
|-heal|p2a: Salamence|100/100|[from] item: Leftovers
|-heal|p1a: Spiegel|59/100|[from] item: Leftovers
|upkeep
|turn|24
|
|t:|1728424424
|move|p2a: Salamence|Fire Blast|p1a: Spiegel
|-supereffective|p1a: Spiegel
|-damage|p1a: Spiegel|0 fnt
|faint|p1a: Spiegel
|
|t:|1728424430
|switch|p1a: Morbidly a Beast|Blissey, F|83/100
|
|-weather|Sandstorm|[upkeep]
|-damage|p2a: Salamence|94/100|[from] Sandstorm
|-damage|p1a: Morbidly a Beast|77/100|[from] Sandstorm
|-heal|p2a: Salamence|100/100|[from] item: Leftovers
|-heal|p1a: Morbidly a Beast|83/100|[from] item: Leftovers
|upkeep
|turn|25
|
|t:|1728424443
|switch|p2a: Skarmory|Skarmory, M|95/100
|move|p1a: Morbidly a Beast|Thunderbolt|p2a: Skarmory
|-supereffective|p2a: Skarmory
|-crit|p2a: Skarmory
|-damage|p2a: Skarmory|4/100
|
|-weather|Sandstorm|[upkeep]
|-damage|p1a: Morbidly a Beast|77/100|[from] Sandstorm
|-heal|p2a: Skarmory|10/100|[from] item: Leftovers
|-heal|p1a: Morbidly a Beast|83/100|[from] item: Leftovers
|upkeep
|turn|26
|
|t:|1728424448
|move|p2a: Skarmory|Spikes|p1a: Morbidly a Beast
|-sidestart|p1: Strawbbz|Spikes
|move|p1a: Morbidly a Beast|Thunderbolt|p2a: Skarmory
|-supereffective|p2a: Skarmory
|-damage|p2a: Skarmory|0 fnt
|faint|p2a: Skarmory
|
|t:|1728424472
|switch|p2a: Celebi|Celebi|86/100
|-damage|p2a: Celebi|69/100|[from] Spikes
|
|-weather|Sandstorm|[upkeep]
|-damage|p2a: Celebi|63/100|[from] Sandstorm
|-damage|p1a: Morbidly a Beast|77/100|[from] Sandstorm
|-heal|p2a: Celebi|69/100|[from] item: Leftovers
|-heal|p1a: Morbidly a Beast|83/100|[from] item: Leftovers
|upkeep
|turn|27
|
|t:|1728424477
|move|p2a: Celebi|Leech Seed|p1a: Morbidly a Beast
|-start|p1a: Morbidly a Beast|move: Leech Seed
|move|p1a: Morbidly a Beast|Ice Beam|p2a: Celebi
|-supereffective|p2a: Celebi
|-damage|p2a: Celebi|21/100
|-status|p2a: Celebi|frz
|
|-weather|Sandstorm|[upkeep]
|-damage|p2a: Celebi|15/100 frz|[from] Sandstorm
|-damage|p1a: Morbidly a Beast|77/100|[from] Sandstorm
|-heal|p2a: Celebi|21/100 frz|[from] item: Leftovers
|-heal|p1a: Morbidly a Beast|83/100|[from] item: Leftovers
|-damage|p1a: Morbidly a Beast|71/100|[from] Leech Seed|[of] p2a: Celebi
|-heal|p2a: Celebi|42/100 frz|[silent]
|upkeep
|turn|28
|inactive|1P1o1s1h1e1 has 270 seconds left.
|
|t:|1728424503
|-curestatus|p2a: Celebi|frz|[from] ability: Natural Cure
|switch|p2a: Aerodactyl|Aerodactyl, F|100/100
|switch|p1a: Starcrossed <\/3|Starmie, shiny|52/100
|-damage|p1a: Starcrossed <\/3|40/100|[from] Spikes
|
|-weather|Sandstorm|[upkeep]
|-damage|p1a: Starcrossed <\/3|34/100|[from] Sandstorm
|-heal|p1a: Starcrossed <\/3|40/100|[from] item: Leftovers
|upkeep
|turn|29
|inactive|1P1o1s1h1e1 has 270 seconds left.
|
|t:|1728424515
|switch|p1a: Piss Missile|Aerodactyl, M|76/100
|move|p2a: Aerodactyl|Double-Edge|p1a: Piss Missile
|-resisted|p1a: Piss Missile
|-crit|p1a: Piss Missile
|-damage|p1a: Piss Missile|0 fnt
|faint|p1a: Piss Missile
|
|t:|1728424525
|switch|p1a: Pyro|Tyranitar, M|88/100
|-damage|p1a: Pyro|76/100|[from] Spikes
|
|-weather|Sandstorm|[upkeep]
|upkeep
|turn|30
|
|t:|1728424537
|-singleturn|p1a: Pyro|move: Focus Punch
|switch|p2a: Tyranitar|Tyranitar, F|100/100
|-damage|p2a: Tyranitar|84/100|[from] Spikes
|move|p1a: Pyro|Focus Punch|p2a: Tyranitar
|-supereffective|p2a: Tyranitar
|-damage|p2a: Tyranitar|0 fnt
|faint|p2a: Tyranitar
|
|t:|1728424541
|switch|p2a: Salamence|Salamence, F|100/100
|-ability|p2a: Salamence|Intimidate|boost
|-unboost|p1a: Pyro|atk|1
|
|-weather|Sandstorm|[upkeep]
|-damage|p2a: Salamence|94/100|[from] Sandstorm
|-heal|p2a: Salamence|100/100|[from] item: Leftovers
|upkeep
|turn|31
|
|t:|1728424551
|switch|p1a: Starcrossed <\/3|Starmie, shiny|40/100
|-damage|p1a: Starcrossed <\/3|27/100|[from] Spikes
|move|p2a: Salamence|Brick Break|p1a: Starcrossed <\/3
|-resisted|p1a: Starcrossed <\/3
|-damage|p1a: Starcrossed <\/3|14/100
|
|-weather|Sandstorm|[upkeep]
|-damage|p1a: Starcrossed <\/3|8/100|[from] Sandstorm
|-damage|p2a: Salamence|94/100|[from] Sandstorm
|-heal|p1a: Starcrossed <\/3|14/100|[from] item: Leftovers
|-heal|p2a: Salamence|100/100|[from] item: Leftovers
|upkeep
|turn|32
|
|t:|1728424559
|move|p1a: Starcrossed <\/3|Thunder Wave|p2a: Salamence
|-status|p2a: Salamence|par
|cant|p2a: Salamence|par
|
|-weather|Sandstorm|[upkeep]
|-damage|p1a: Starcrossed <\/3|8/100|[from] Sandstorm
|-damage|p2a: Salamence|94/100 par|[from] Sandstorm
|-heal|p1a: Starcrossed <\/3|14/100|[from] item: Leftovers
|-heal|p2a: Salamence|100/100 par|[from] item: Leftovers
|upkeep
|turn|33
|
|t:|1728424564
|move|p1a: Starcrossed <\/3|Recover|p1a: Starcrossed <\/3
|-heal|p1a: Starcrossed <\/3|64/100
|move|p2a: Salamence|Dragon Claw|p1a: Starcrossed <\/3
|-damage|p1a: Starcrossed <\/3|19/100
|
|-weather|Sandstorm|[upkeep]
|-damage|p1a: Starcrossed <\/3|13/100|[from] Sandstorm
|-damage|p2a: Salamence|94/100 par|[from] Sandstorm
|-heal|p1a: Starcrossed <\/3|19/100|[from] item: Leftovers
|-heal|p2a: Salamence|100/100 par|[from] item: Leftovers
|upkeep
|turn|34
|
|t:|1728424572
|move|p1a: Starcrossed <\/3|Recover|p1a: Starcrossed <\/3
|-heal|p1a: Starcrossed <\/3|69/100
|move|p2a: Salamence|Dragon Claw|p1a: Starcrossed <\/3
|-damage|p1a: Starcrossed <\/3|19/100
|
|-weather|Sandstorm|[upkeep]
|-damage|p1a: Starcrossed <\/3|13/100|[from] Sandstorm
|-damage|p2a: Salamence|94/100 par|[from] Sandstorm
|-heal|p1a: Starcrossed <\/3|19/100|[from] item: Leftovers
|-heal|p2a: Salamence|100/100 par|[from] item: Leftovers
|upkeep
|turn|35
|
|t:|1728424578
|move|p1a: Starcrossed <\/3|Recover|p1a: Starcrossed <\/3
|-heal|p1a: Starcrossed <\/3|69/100
|move|p2a: Salamence|Dragon Claw|p1a: Starcrossed <\/3
|-damage|p1a: Starcrossed <\/3|18/100
|
|-weather|Sandstorm|[upkeep]
|-damage|p1a: Starcrossed <\/3|12/100|[from] Sandstorm
|-damage|p2a: Salamence|94/100 par|[from] Sandstorm
|-heal|p1a: Starcrossed <\/3|18/100|[from] item: Leftovers
|-heal|p2a: Salamence|100/100 par|[from] item: Leftovers
|upkeep
|turn|36
|
|t:|1728424582
|switch|p2a: Aerodactyl|Aerodactyl, F|100/100
|move|p1a: Starcrossed <\/3|Recover|p1a: Starcrossed <\/3
|-heal|p1a: Starcrossed <\/3|68/100
|
|-weather|Sandstorm|[upkeep]
|-damage|p1a: Starcrossed <\/3|62/100|[from] Sandstorm
|-heal|p1a: Starcrossed <\/3|68/100|[from] item: Leftovers
|upkeep
|turn|37
|
|t:|1728424588
|move|p2a: Aerodactyl|Hidden Power|p1a: Starcrossed <\/3
|-supereffective|p1a: Starcrossed <\/3
|-damage|p1a: Starcrossed <\/3|0 fnt
|faint|p1a: Starcrossed <\/3
|
|t:|1728424593
|switch|p1a: SwamPerc-30|Swampert, M|100/100
|-damage|p1a: SwamPerc-30|88/100|[from] Spikes
|
|-weather|Sandstorm|[upkeep]
|-heal|p1a: SwamPerc-30|94/100|[from] item: Leftovers
|upkeep
|turn|38
|
|t:|1728424603
|switch|p2a: Salamence|Salamence, F|100/100 par
|-ability|p2a: Salamence|Intimidate|boost
|-unboost|p1a: SwamPerc-30|atk|1
|move|p1a: SwamPerc-30|Ice Beam|p2a: Salamence
|-supereffective|p2a: Salamence
|-damage|p2a: Salamence|10/100 par
|
|-weather|Sandstorm|[upkeep]
|-damage|p2a: Salamence|3/100 par|[from] Sandstorm
|-heal|p1a: SwamPerc-30|100/100|[from] item: Leftovers
|-heal|p2a: Salamence|10/100 par|[from] item: Leftovers
|upkeep
|turn|39
|
|t:|1728424609
|move|p1a: SwamPerc-30|Ice Beam|p2a: Salamence
|-supereffective|p2a: Salamence
|-damage|p2a: Salamence|0 fnt
|faint|p2a: Salamence
|
|t:|1728424611
|switch|p2a: Swampert|Swampert, M|100/100
|-damage|p2a: Swampert|84/100|[from] Spikes
|
|-weather|Sandstorm|[upkeep]
|-heal|p2a: Swampert|90/100|[from] item: Leftovers
|upkeep
|turn|40
|
|t:|1728424616
|move|p1a: SwamPerc-30|Hydro Pump|p2a: Swampert
|-damage|p2a: Swampert|55/100
|move|p2a: Swampert|Curse|p2a: Swampert
|-unboost|p2a: Swampert|spe|1
|-boost|p2a: Swampert|atk|1
|-boost|p2a: Swampert|def|1
|
|-weather|Sandstorm|[upkeep]
|-heal|p2a: Swampert|61/100|[from] item: Leftovers
|upkeep
|turn|41
|
|t:|1728424629
|move|p1a: SwamPerc-30|Hydro Pump|p2a: Swampert|[miss]
|-miss|p1a: SwamPerc-30|p2a: Swampert
|move|p2a: Swampert|Earthquake|p1a: SwamPerc-30
|-damage|p1a: SwamPerc-30|59/100
|
|-weather|Sandstorm|[upkeep]
|-heal|p1a: SwamPerc-30|65/100|[from] item: Leftovers
|-heal|p2a: Swampert|67/100|[from] item: Leftovers
|upkeep
|turn|42
|
|t:|1728424639
|move|p1a: SwamPerc-30|Hydro Pump|p2a: Swampert|[miss]
|-miss|p1a: SwamPerc-30|p2a: Swampert
|move|p2a: Swampert|Ice Beam|p1a: SwamPerc-30
|-damage|p1a: SwamPerc-30|45/100
|
|-weather|Sandstorm|[upkeep]
|-heal|p1a: SwamPerc-30|51/100|[from] item: Leftovers
|-heal|p2a: Swampert|73/100|[from] item: Leftovers
|upkeep
|turn|43
|
|t:|1728424658
|move|p1a: SwamPerc-30|Hydro Pump|p2a: Swampert
|-damage|p2a: Swampert|38/100
|move|p2a: Swampert|Earthquake|p1a: SwamPerc-30
|-damage|p1a: SwamPerc-30|13/100
|
|-weather|Sandstorm|[upkeep]
|-heal|p1a: SwamPerc-30|19/100|[from] item: Leftovers
|-heal|p2a: Swampert|45/100|[from] item: Leftovers
|upkeep
|turn|44
|inactive|1P1o1s1h1e1 has 270 seconds left.
|
|t:|1728424711
|move|p1a: SwamPerc-30|Hydro Pump|p2a: Swampert
|-damage|p2a: Swampert|0 fnt
|faint|p2a: Swampert
|
|t:|1728424714
|switch|p2a: Aerodactyl|Aerodactyl, F|100/100
|
|-weather|Sandstorm|[upkeep]
|-heal|p1a: SwamPerc-30|25/100|[from] item: Leftovers
|upkeep
|turn|45
|
|t:|1728424720
|move|p1a: SwamPerc-30|Protect|p1a: SwamPerc-30
|-singleturn|p1a: SwamPerc-30|Protect
|move|p2a: Aerodactyl|Earthquake|p1a: SwamPerc-30
|-activate|p1a: SwamPerc-30|Protect
|
|-weather|Sandstorm|[upkeep]
|-heal|p1a: SwamPerc-30|32/100|[from] item: Leftovers
|upkeep
|turn|46
|inactive|Strawbbz has 270 seconds left.
|
|t:|1728424765
|move|p2a: Aerodactyl|Earthquake|p1a: SwamPerc-30
|-damage|p1a: SwamPerc-30|2/100
|move|p1a: SwamPerc-30|Hydro Pump|p2a: Aerodactyl
|-supereffective|p2a: Aerodactyl
|-damage|p2a: Aerodactyl|0 fnt
|faint|p2a: Aerodactyl
|
|t:|1728424769
|switch|p2a: Celebi|Celebi|42/100
|-damage|p2a: Celebi|25/100|[from] Spikes
|
|-weather|Sandstorm|[upkeep]
|-damage|p2a: Celebi|19/100|[from] Sandstorm
|-heal|p2a: Celebi|25/100|[from] item: Leftovers
|-heal|p1a: SwamPerc-30|9/100|[from] item: Leftovers
|upkeep
|turn|47
|
|t:|1728424771
|move|p2a: Celebi|Giga Drain|p1a: SwamPerc-30
|-supereffective|p1a: SwamPerc-30
|-damage|p1a: SwamPerc-30|0 fnt
|-heal|p2a: Celebi|30/100|[from] drain|[of] p1a: SwamPerc-30
|faint|p1a: SwamPerc-30
|
|t:|1728424775
|switch|p1a: Pyro|Tyranitar, M|76/100
|-damage|p1a: Pyro|64/100|[from] Spikes
|
|-weather|Sandstorm|[upkeep]
|-damage|p2a: Celebi|23/100|[from] Sandstorm
|-heal|p2a: Celebi|30/100|[from] item: Leftovers
|upkeep
|turn|48
|
|t:|1728424779
|move|p2a: Celebi|Giga Drain|p1a: Pyro
|-supereffective|p1a: Pyro
|-damage|p1a: Pyro|7/100
|-heal|p2a: Celebi|54/100|[from] drain|[of] p1a: Pyro
|move|p1a: Pyro|Hidden Power|p2a: Celebi
|-supereffective|p2a: Celebi
|-damage|p2a: Celebi|0 fnt
|faint|p2a: Celebi
|
|win|Strawbbz
|c|☆1P1o1s1h1e1|gg

</script>
<script type="application/json" class="data" id="replaydata-smogtours-gen3ou-796507">
{"id":"smogtours-gen3ou-796507","format":"[Gen 3] OU","players":["Strawbbz","1P1o1s1h1e1"],"uploadtime":1728424779,"views":94,"formatid":"gen3ou","rating":null,"private":0,"password":null}
</script>

<script defer src="js/replays.js?9d40a366"></script>
