<!DOCTYPE html>
<meta charset="utf-8" />
<meta name="viewport" content="width=device-width" />

<title>[Gen 3] OU: GoldThe1andOnly vs. sprasle - Replays - Pok&eacute;mon Showdown!</title>

<meta name="description" content="Watch a replay of a Pok&eacute;mon battle between GoldThe1andOnly and sprasle! Format: [Gen 3] OU; Date: Oct 17, 2024" />
<!--

Hey, you! Looking in the source for the replay log?

You can find them in JSON format, just add `.json` at the end of a replay URL.

https://replay.pokemonshowdown.com/gen7randomdoublesbattle-865046831.json

Or, if you only need the log itself, add `.log` instead:

https://replay.pokemonshowdown.com/gen7randomdoublesbattle-865046831.log

-->

<link rel="stylesheet" href="//pokemonshowdown.com/style/global.css?0.767286132409787" />
<link rel="stylesheet" href="//play.pokemonshowdown.com/style/font-awesome.css?0.9266228007934947" />
<link rel="stylesheet" href="//play.pokemonshowdown.com/style/battle.css?0.7924700842790926" />
<link rel="stylesheet" href="//play.pokemonshowdown.com/style/utilichart.css?0.8777417872839479" />

<!-- Global site tag (gtag.js) - Google Analytics -->
<script async src="https://www.googletagmanager.com/gtag/js?id=UA-26211653-1"></script>
<script>
  window.dataLayer = window.dataLayer || [];
  function gtag(){dataLayer.push(arguments);}
  gtag('js', new Date());

  gtag('config', 'UA-26211653-1');
</script>
<!-- End Google Analytics -->
<!-- Venatus Ad Manager - Install in <HEAD> of page -->
	<script src="https://hb.vntsm.com/v3/live/ad-manager.min.js" type="text/javascript" data-site-id="642aba63ec9a7b11c3c9c1be" data-mode="scan" async></script>
<!-- / Venatus Ad Manager -->

<style>
	@media (max-width:820px) {
		.battle {
			margin: 0 auto;
		}
		.battle-log {
			margin: 7px auto 0;
			max-width: 640px;
			height: 300px;
			position: static;
		}
	}
	.optgroup {
		display: inline-block;
		line-height: 22px;
		font-size: 10pt;
	}
	.optgroup .button {
		height: 25px;
		padding-top: 0;
		padding-bottom: 0;
	}
	.optgroup button.button {
		padding-left: 12px;
		padding-right: 12px;
	}
	.linklist {
		list-style: none;
		margin: 0.5em 0;
		padding: 0;
	}
	.linklist li {
		padding: 2px 0;
	}
	.sidebar {
		float: left;
		width: 320px;
	}
	.bar-wrapper {
		max-width: 1100px;
		margin: 0 auto;
	}
	.bar-wrapper.has-sidebar {
		max-width: 1430px;
	}
	.mainbar {
		margin: 0;
		padding-right: 1px;
	}
	.mainbar.has-sidebar {
		margin-left: 330px;
	}
	@media (min-width: 1511px) {
		.sidebar {
			width: 400px;
		}
		.bar-wrapper.has-sidebar {
			max-width: 1510px;
		}
		.mainbar.has-sidebar {
			margin-left: 410px;
		}
	}
	.section.first-section {
		margin-top: 9px;
	}
	.blocklink small {
		white-space: normal;
	}
	.button {
		vertical-align: middle;
	}
	.replay-controls {
		padding-top: 10px;
	}
	.replay-controls h1 {
		font-size: 16pt;
		font-weight: normal;
		color: #CCC;
	}
	.pagelink {
		text-align: center;
	}
	.pagelink a {
		width: 150px;
	}
	.textbox, .button {
		font-size: 11pt;
		vertical-align: middle;
	}
	@media (max-width: 450px) {
		.button {
			font-size: 9pt;
		}
	}
</style>

<div>

	<header>
		<div class="nav-wrapper"><ul class="nav">
			<li><a class="button nav-first" href="//pokemonshowdown.com/"><img src="//pokemonshowdown.com/images/pokemonshowdownbeta.png" srcset="//pokemonshowdown.com/images/pokemonshowdownbeta.png 1x, //pokemonshowdown.com/images/pokemonshowdownbeta@2x.png 2x" alt="Pok&eacute;mon Showdown" width="146" height="44" /> Home</a></li>
			<li><a class="button" href="//pokemonshowdown.com/dex/">Pok&eacute;dex</a></li>
			<li><a class="button cur" href="/">Replays</a></li>
			<li><a class="button" href="//pokemonshowdown.com/ladder/">Ladder</a></li>
			<li><a class="button nav-last" href="//pokemonshowdown.com/forums/">Forum</a></li>
			<li><a class="button greenbutton nav-first nav-last" href="//play.pokemonshowdown.com/">Play</a></li>
		</ul></div>
	</header>

	<div class="main" id="main">

		<noscript><section class="section">You need to enable JavaScript to use this page; sorry!</section></noscript>

	</div>

</div>

<script defer nomodule src="//play.pokemonshowdown.com/js/lib/ps-polyfill.js"></script>
<script defer src="//play.pokemonshowdown.com/js/lib/preact.min.js"></script>

<script defer src="//play.pokemonshowdown.com/config/config.js?6dec07f6"></script>
<script defer src="//play.pokemonshowdown.com/js/lib/jquery-1.11.0.min.js"></script>
<script defer src="//play.pokemonshowdown.com/js/lib/html-sanitizer-minified.js"></script>
<script defer src="//play.pokemonshowdown.com/js/battle-sound.js"></script>
<script defer src="//play.pokemonshowdown.com/js/battledata.js?0.6315294753075389"></script>
<script defer src="//play.pokemonshowdown.com/data/pokedex-mini.js?0.7603743185311358"></script>
<script defer src="//play.pokemonshowdown.com/data/pokedex-mini-bw.js?0.030888842834281283"></script>
<script defer src="//play.pokemonshowdown.com/data/graphics.js?0.05593094747507488"></script>
<script defer src="//play.pokemonshowdown.com/data/pokedex.js?0.47064822249611904"></script>
<script defer src="//play.pokemonshowdown.com/data/moves.js?0.8583693120512459"></script>
<script defer src="//play.pokemonshowdown.com/data/abilities.js?0.16017181182386842"></script>
<script defer src="//play.pokemonshowdown.com/data/items.js?0.4163379185673943"></script>
<script defer src="//play.pokemonshowdown.com/data/teambuilder-tables.js?0.31075597372830477"></script>
<script defer src="//play.pokemonshowdown.com/js/battle-tooltips.js?0.6536193500708172"></script>
<script defer src="//play.pokemonshowdown.com/js/battle.js?0.1916591943277901"></script>

<script defer src="js/utils.js?e31f9a17"></script>
<script defer src="js/replays-battle.js?7008c182"></script>

<!-- don't scrape this data! just add .json or .log after the URL!
Full API docs: https://github.com/smogon/pokemon-showdown-client/blob/master/WEB-API.md -->
<script type="text/plain" class="log" id="replaylog-smogtours-gen3ou-799330">
|inactive|Battle timer is ON: inactive players will automatically lose when time's up.
|t:|1729192674
|gametype|singles
|player|p1|GoldThe1andOnly|elesa-masters|
|player|p2|sprasle|tate|
|teamsize|p1|6
|teamsize|p2|6
|gen|3
|tier|[Gen 3] OU
|rule|Sleep Clause Mod: Limit one foe put to sleep
|rule|Switch Priority Clause Mod: Faster Pokémon switch first
|rule|Species Clause: Limit one of each Pokémon
|rule|OHKO Clause: OHKO moves are banned
|rule|Evasion Items Clause: Evasion items are banned
|rule|Evasion Moves Clause: Evasion moves are banned
|rule|Endless Battle Clause: Forcing endless battles is banned
|rule|HP Percentage Mod: HP is shown in percentages
|rule|One Boost Passer Clause: Limit one Baton Passer that has a way to boost its stats
|rule|Freeze Clause Mod: Limit one foe frozen
|
|t:|1729192674
|start
|switch|p1a: Celebi|Celebi|100/100
|switch|p2a: Slaking|Slaking, M|100/100
|turn|1
|
|t:|1729192691
|switch|p1a: Forretress|Forretress, F|100/100
|move|p2a: Slaking|Double-Edge|p1a: Forretress
|-resisted|p1a: Forretress
|-damage|p1a: Forretress|54/100
|-damage|p2a: Slaking|88/100|[from] Recoil|[of] p1a: Forretress
|
|-heal|p1a: Forretress|60/100|[from] item: Leftovers
|upkeep
|turn|2
|
|t:|1729192697
|switch|p2a: Magneton|Magneton|100/100
|move|p1a: Forretress|Spikes|p2a: Magneton
|-sidestart|p2: sprasle|Spikes
|
|-heal|p1a: Forretress|67/100|[from] item: Leftovers
|upkeep
|turn|3
|
|t:|1729192701
|move|p2a: Magneton|Hidden Power|p1a: Forretress
|-supereffective|p1a: Forretress
|-damage|p1a: Forretress|0 fnt
|faint|p1a: Forretress
|
|t:|1729192708
|switch|p1a: Moltres|Moltres|100/100
|
|upkeep
|turn|4
|
|t:|1729192716
|switch|p2a: The Gamer|Grumpig, F|100/100
|-damage|p2a: The Gamer|88/100|[from] Spikes
|move|p1a: Moltres|Flamethrower|p2a: The Gamer
|-damage|p2a: The Gamer|70/100
|
|-heal|p2a: The Gamer|76/100|[from] item: Leftovers
|upkeep
|turn|5
|
|t:|1729192738
|switch|p1a: Tyranitar|Tyranitar, M|100/100
|-weather|Sandstorm|[from] ability: Sand Stream|[of] p1a: Tyranitar
|move|p2a: The Gamer|Reflect|p2a: The Gamer
|-sidestart|p2: sprasle|Reflect
|
|-weather|Sandstorm|[upkeep]
|-damage|p2a: The Gamer|70/100|[from] Sandstorm
|-heal|p2a: The Gamer|76/100|[from] item: Leftovers
|upkeep
|turn|6
|
|t:|1729192755
|switch|p2a: Metagross|Metagross|100/100
|-damage|p2a: Metagross|88/100|[from] Spikes
|switch|p1a: Celebi|Celebi|100/100
|
|-weather|Sandstorm|[upkeep]
|-damage|p1a: Celebi|94/100|[from] Sandstorm
|-heal|p1a: Celebi|100/100|[from] item: Leftovers
|upkeep
|turn|7
|
|t:|1729192764
|move|p1a: Celebi|Leech Seed|p2a: Metagross
|-start|p2a: Metagross|move: Leech Seed
|move|p2a: Metagross|Meteor Mash|p1a: Celebi
|-damage|p1a: Celebi|47/100
|
|-weather|Sandstorm|[upkeep]
|-damage|p1a: Celebi|41/100|[from] Sandstorm
|-heal|p1a: Celebi|47/100|[from] item: Leftovers
|-damage|p2a: Metagross|76/100|[from] Leech Seed|[of] p1a: Celebi
|-heal|p1a: Celebi|57/100|[silent]
|upkeep
|turn|8
|
|t:|1729192790
|switch|p1a: Swampert|Swampert, F|100/100
|switch|p2a: Slaking|Slaking, M|88/100
|-damage|p2a: Slaking|76/100|[from] Spikes
|
|-weather|Sandstorm|[upkeep]
|-damage|p2a: Slaking|70/100|[from] Sandstorm
|upkeep
|turn|9
|inactive|sprasle has 270 seconds left.
|
|t:|1729192808
|move|p1a: Swampert|Protect|p1a: Swampert
|-singleturn|p1a: Swampert|Protect
|move|p2a: Slaking|Double-Edge|p1a: Swampert
|-activate|p1a: Swampert|Protect
|
|-sideend|p2: sprasle|Reflect
|-weather|Sandstorm|[upkeep]
|-damage|p2a: Slaking|64/100|[from] Sandstorm
|upkeep
|turn|10
|inactive|sprasle has 270 seconds left.
|
|t:|1729192827
|switch|p2a: Gengar|Gengar, M|100/100
|switch|p1a: Moltres|Moltres|100/100
|
|-weather|Sandstorm|[upkeep]
|-damage|p2a: Gengar|94/100|[from] Sandstorm
|-damage|p1a: Moltres|94/100|[from] Sandstorm
|-heal|p2a: Gengar|100/100|[from] item: Leftovers
|-heal|p1a: Moltres|100/100|[from] item: Leftovers
|upkeep
|turn|11
|inactive|sprasle has 270 seconds left.
|
|t:|1729192843
|switch|p1a: Tyranitar|Tyranitar, M|100/100
|move|p2a: Gengar|Thunderbolt|p1a: Tyranitar
|-damage|p1a: Tyranitar|74/100
|
|-weather|Sandstorm|[upkeep]
|-damage|p2a: Gengar|94/100|[from] Sandstorm
|-heal|p2a: Gengar|100/100|[from] item: Leftovers
|-heal|p1a: Tyranitar|80/100|[from] item: Leftovers
|upkeep
|turn|12
|
|t:|1729192865
|-activate|p2a: Gengar|move: Pursuit
|move|p1a: Tyranitar|Pursuit|p2a: Gengar|[from]Pursuit
|-supereffective|p2a: Gengar
|-crit|p2a: Gengar
|-damage|p2a: Gengar|0 fnt
|faint|p2a: Gengar
|-hint|Previously chosen switches continue in Gen 2-4 after a Pursuit target faints.
|switch|p2a: Metagross|Metagross|76/100
|-damage|p2a: Metagross|63/100|[from] Spikes
|
|-weather|Sandstorm|[upkeep]
|-heal|p1a: Tyranitar|86/100|[from] item: Leftovers
|upkeep
|turn|13
|
|t:|1729192874
|switch|p1a: Swampert|Swampert, F|100/100
|move|p2a: Metagross|Meteor Mash|p1a: Swampert
|-resisted|p1a: Swampert
|-damage|p1a: Swampert|79/100
|
|-weather|Sandstorm|[upkeep]
|-heal|p1a: Swampert|85/100|[from] item: Leftovers
|upkeep
|turn|14
|
|t:|1729192903
|switch|p2a: Starmie|Starmie|100/100
|-damage|p2a: Starmie|88/100|[from] Spikes
|move|p1a: Swampert|Surf|p2a: Starmie
|-resisted|p2a: Starmie
|-damage|p2a: Starmie|72/100
|
|-weather|Sandstorm|[upkeep]
|-damage|p2a: Starmie|66/100|[from] Sandstorm
|-heal|p2a: Starmie|72/100|[from] item: Leftovers
|-heal|p1a: Swampert|91/100|[from] item: Leftovers
|upkeep
|turn|15
|inactive|GoldThe1andOnly has 270 seconds left.
|inactive|GoldThe1andOnly has 240 seconds left.
|inactive|GoldThe1andOnly has 210 seconds left.
|
|t:|1729192995
|switch|p1a: Celebi|Celebi|57/100
|move|p2a: Starmie|Rapid Spin|p1a: Celebi
|-damage|p1a: Celebi|54/100
|-sideend|p2: sprasle|Spikes|[from] move: Rapid Spin|[of] p2a: Starmie
|
|-weather|Sandstorm|[upkeep]
|-damage|p2a: Starmie|66/100|[from] Sandstorm
|-damage|p1a: Celebi|48/100|[from] Sandstorm
|-heal|p2a: Starmie|72/100|[from] item: Leftovers
|-heal|p1a: Celebi|54/100|[from] item: Leftovers
|upkeep
|turn|16
|inactive|GoldThe1andOnly has 210 seconds left.
|
|t:|1729193017
|switch|p2a: Metagross|Metagross|63/100
|move|p1a: Celebi|Leech Seed|p2a: Metagross
|-start|p2a: Metagross|move: Leech Seed
|
|-weather|Sandstorm|[upkeep]
|-damage|p1a: Celebi|48/100|[from] Sandstorm
|-heal|p1a: Celebi|54/100|[from] item: Leftovers
|-damage|p2a: Metagross|51/100|[from] Leech Seed|[of] p1a: Celebi
|-heal|p1a: Celebi|64/100|[silent]
|upkeep
|turn|17
|inactive|GoldThe1andOnly has 210 seconds left.
|
|t:|1729193035
|move|p1a: Celebi|Recover|p1a: Celebi
|-heal|p1a: Celebi|100/100
|move|p2a: Metagross|Explosion|p1a: Celebi
|-damage|p1a: Celebi|0 fnt
|faint|p2a: Metagross
|faint|p1a: Celebi
|inactive|GoldThe1andOnly has 210 seconds left.
|
|t:|1729193053
|switch|p1a: Swampert|Swampert, F|91/100
|switch|p2a: The Gamer|Grumpig, F|76/100
|
|-weather|Sandstorm|[upkeep]
|-damage|p2a: The Gamer|70/100|[from] Sandstorm
|-heal|p2a: The Gamer|76/100|[from] item: Leftovers
|-heal|p1a: Swampert|97/100|[from] item: Leftovers
|upkeep
|turn|18
|
|t:|1729193062
|move|p2a: The Gamer|Magic Coat|p2a: The Gamer
|move|p1a: Swampert|Toxic|p2a: The Gamer
|move|p2a: The Gamer|Toxic|p1a: Swampert|[from]Magic Coat
|-status|p1a: Swampert|tox
|
|-weather|Sandstorm|[upkeep]
|-damage|p2a: The Gamer|70/100|[from] Sandstorm
|-heal|p2a: The Gamer|76/100|[from] item: Leftovers
|-heal|p1a: Swampert|100/100 tox|[from] item: Leftovers
|-damage|p1a: Swampert|94/100 tox|[from] psn
|upkeep
|turn|19
|
|t:|1729193069
|move|p2a: The Gamer|Reflect|p2a: The Gamer
|-sidestart|p2: sprasle|Reflect
|move|p1a: Swampert|Toxic|p2a: The Gamer|[miss]
|-miss|p1a: Swampert|p2a: The Gamer
|
|-weather|Sandstorm|[upkeep]
|-damage|p2a: The Gamer|70/100|[from] Sandstorm
|-heal|p2a: The Gamer|76/100|[from] item: Leftovers
|-heal|p1a: Swampert|100/100 tox|[from] item: Leftovers
|-damage|p1a: Swampert|88/100 tox|[from] psn
|upkeep
|turn|20
|
|t:|1729193076
|switch|p2a: Starmie|Starmie|72/100
|move|p1a: Swampert|Surf|p2a: Starmie
|-resisted|p2a: Starmie
|-damage|p2a: Starmie|56/100
|
|-weather|Sandstorm|[upkeep]
|-damage|p2a: Starmie|50/100|[from] Sandstorm
|-heal|p2a: Starmie|56/100|[from] item: Leftovers
|-heal|p1a: Swampert|94/100 tox|[from] item: Leftovers
|-damage|p1a: Swampert|76/100 tox|[from] psn
|upkeep
|turn|21
|
|t:|1729193081
|move|p2a: Starmie|Recover|p2a: Starmie
|-heal|p2a: Starmie|100/100
|move|p1a: Swampert|Toxic|p2a: Starmie
|-status|p2a: Starmie|tox
|
|-weather|Sandstorm|[upkeep]
|-damage|p2a: Starmie|94/100 tox|[from] Sandstorm
|-heal|p2a: Starmie|100/100 tox|[from] item: Leftovers
|-damage|p2a: Starmie|94/100 tox|[from] psn
|-heal|p1a: Swampert|82/100 tox|[from] item: Leftovers
|-damage|p1a: Swampert|57/100 tox|[from] psn
|upkeep
|turn|22
|
|t:|1729193094
|-curestatus|p2a: Starmie|tox|[from] ability: Natural Cure
|switch|p2a: The Gamer|Grumpig, F|76/100
|move|p1a: Swampert|Surf|p2a: The Gamer
|-damage|p2a: The Gamer|57/100
|
|-weather|Sandstorm|[upkeep]
|-damage|p2a: The Gamer|51/100|[from] Sandstorm
|-heal|p2a: The Gamer|57/100|[from] item: Leftovers
|-heal|p1a: Swampert|63/100 tox|[from] item: Leftovers
|-damage|p1a: Swampert|32/100 tox|[from] psn
|upkeep
|turn|23
|
|t:|1729193102
|move|p2a: The Gamer|Psychic|p1a: Swampert
|-damage|p1a: Swampert|7/100 tox
|move|p1a: Swampert|Surf|p2a: The Gamer
|-damage|p2a: The Gamer|29/100
|
|-sideend|p2: sprasle|Reflect
|-weather|Sandstorm|[upkeep]
|-damage|p2a: The Gamer|23/100|[from] Sandstorm
|-heal|p2a: The Gamer|29/100|[from] item: Leftovers
|-heal|p1a: Swampert|13/100 tox|[from] item: Leftovers
|-damage|p1a: Swampert|0 fnt|[from] psn
|faint|p1a: Swampert
|upkeep
|
|t:|1729193110
|switch|p1a: Aerodactyl|Aerodactyl, M|100/100
|turn|24
|
|t:|1729193121
|move|p1a: Aerodactyl|Earthquake|p2a: The Gamer
|-damage|p2a: The Gamer|0 fnt
|faint|p2a: The Gamer
|
|t:|1729193139
|switch|p2a: Slaking|Slaking, M|64/100
|
|-weather|Sandstorm|[upkeep]
|-damage|p2a: Slaking|57/100|[from] Sandstorm
|upkeep
|turn|25
|inactive|GoldThe1andOnly has 270 seconds left.
|
|t:|1729193146
|switch|p1a: Moltres|Moltres|100/100
|move|p2a: Slaking|Double-Edge|p1a: Moltres
|-damage|p1a: Moltres|0 fnt
|-damage|p2a: Slaking|32/100|[from] Recoil|[of] p1a: Moltres
|faint|p1a: Moltres
|inactive|GoldThe1andOnly has 270 seconds left.
|
|t:|1729193163
|switch|p1a: Tyranitar|Tyranitar, M|86/100
|
|-weather|Sandstorm|[upkeep]
|-damage|p2a: Slaking|26/100|[from] Sandstorm
|-heal|p1a: Tyranitar|93/100|[from] item: Leftovers
|upkeep
|turn|26
|
|t:|1729193175
|cant|p2a: Slaking|ability: Truant
|move|p1a: Tyranitar|Pursuit|p2a: Slaking
|-damage|p2a: Slaking|11/100
|
|-weather|Sandstorm|[upkeep]
|-damage|p2a: Slaking|5/100|[from] Sandstorm
|-heal|p1a: Tyranitar|99/100|[from] item: Leftovers
|upkeep
|turn|27
|
|t:|1729193180
|move|p2a: Slaking|Double-Edge|p1a: Tyranitar
|-resisted|p1a: Tyranitar
|-damage|p1a: Tyranitar|50/100
|-damage|p2a: Slaking|0 fnt|[from] Recoil|[of] p1a: Tyranitar
|faint|p2a: Slaking
|
|t:|1729193187
|switch|p2a: Starmie|Starmie|94/100
|
|-weather|Sandstorm|[upkeep]
|-damage|p2a: Starmie|88/100|[from] Sandstorm
|-heal|p2a: Starmie|94/100|[from] item: Leftovers
|-heal|p1a: Tyranitar|57/100|[from] item: Leftovers
|upkeep
|turn|28
|
|t:|1729193195
|move|p2a: Starmie|Surf|p1a: Tyranitar
|-supereffective|p1a: Tyranitar
|-damage|p1a: Tyranitar|0 fnt
|faint|p1a: Tyranitar
|
|t:|1729193204
|switch|p1a: Aerodactyl|Aerodactyl, M|100/100
|
|-weather|Sandstorm|[upkeep]
|-damage|p2a: Starmie|88/100|[from] Sandstorm
|-heal|p2a: Starmie|94/100|[from] item: Leftovers
|upkeep
|turn|29
|
|t:|1729193208
|move|p1a: Aerodactyl|Earthquake|p2a: Starmie
|-damage|p2a: Starmie|42/100
|move|p2a: Starmie|Surf|p1a: Aerodactyl
|-supereffective|p1a: Aerodactyl
|-damage|p1a: Aerodactyl|6/100
|
|-weather|Sandstorm|[upkeep]
|-damage|p2a: Starmie|36/100|[from] Sandstorm
|-heal|p2a: Starmie|42/100|[from] item: Leftovers
|upkeep
|turn|30
|
|t:|1729193219
|move|p1a: Aerodactyl|Earthquake|p2a: Starmie
|-damage|p2a: Starmie|0 fnt
|faint|p2a: Starmie
|
|t:|1729193223
|switch|p2a: Magneton|Magneton|100/100
|
|-weather|Sandstorm|[upkeep]
|upkeep
|turn|31
|
|t:|1729193227
|move|p1a: Aerodactyl|Earthquake|p2a: Magneton
|-supereffective|p2a: Magneton
|-damage|p2a: Magneton|0 fnt
|faint|p2a: Magneton
|
|win|GoldThe1andOnly
|c|☆GoldThe1andOnly|gg
|c|☆sprasle|gg
|player|p2|

</script>
<script type="application/json" class="data" id="replaydata-smogtours-gen3ou-799330">
{"id":"smogtours-gen3ou-799330","format":"[Gen 3] OU","players":["GoldThe1andOnly","sprasle"],"uploadtime":1729193227,"views":126,"formatid":"gen3ou","rating":null,"private":0,"password":null}
</script>

<script defer src="js/replays.js?9d40a366"></script>
