<!DOCTYPE html>
<meta charset="utf-8" />
<meta name="viewport" content="width=device-width" />

<title>[Gen 3] OU: Drekt93 vs. amir - Replays - Pok&eacute;mon Showdown!</title>

<meta name="description" content="Watch a replay of a Pok&eacute;mon battle between Drekt93 and amir! Format: [Gen 3] OU; Date: Oct 8, 2024" />
<!--

Hey, you! Looking in the source for the replay log?

You can find them in JSON format, just add `.json` at the end of a replay URL.

https://replay.pokemonshowdown.com/gen7randomdoublesbattle-865046831.json

Or, if you only need the log itself, add `.log` instead:

https://replay.pokemonshowdown.com/gen7randomdoublesbattle-865046831.log

-->

<link rel="stylesheet" href="//pokemonshowdown.com/style/global.css?0.023195364461161105" />
<link rel="stylesheet" href="//play.pokemonshowdown.com/style/font-awesome.css?0.13261647063804238" />
<link rel="stylesheet" href="//play.pokemonshowdown.com/style/battle.css?0.8753245789963631" />
<link rel="stylesheet" href="//play.pokemonshowdown.com/style/utilichart.css?0.8627959624976733" />

<!-- Global site tag (gtag.js) - Google Analytics -->
<script async src="https://www.googletagmanager.com/gtag/js?id=UA-26211653-1"></script>
<script>
  window.dataLayer = window.dataLayer || [];
  function gtag(){dataLayer.push(arguments);}
  gtag('js', new Date());

  gtag('config', 'UA-26211653-1');
</script>
<!-- End Google Analytics -->
<!-- Venatus Ad Manager - Install in <HEAD> of page -->
	<script src="https://hb.vntsm.com/v3/live/ad-manager.min.js" type="text/javascript" data-site-id="642aba63ec9a7b11c3c9c1be" data-mode="scan" async></script>
<!-- / Venatus Ad Manager -->

<style>
	@media (max-width:820px) {
		.battle {
			margin: 0 auto;
		}
		.battle-log {
			margin: 7px auto 0;
			max-width: 640px;
			height: 300px;
			position: static;
		}
	}
	.optgroup {
		display: inline-block;
		line-height: 22px;
		font-size: 10pt;
	}
	.optgroup .button {
		height: 25px;
		padding-top: 0;
		padding-bottom: 0;
	}
	.optgroup button.button {
		padding-left: 12px;
		padding-right: 12px;
	}
	.linklist {
		list-style: none;
		margin: 0.5em 0;
		padding: 0;
	}
	.linklist li {
		padding: 2px 0;
	}
	.sidebar {
		float: left;
		width: 320px;
	}
	.bar-wrapper {
		max-width: 1100px;
		margin: 0 auto;
	}
	.bar-wrapper.has-sidebar {
		max-width: 1430px;
	}
	.mainbar {
		margin: 0;
		padding-right: 1px;
	}
	.mainbar.has-sidebar {
		margin-left: 330px;
	}
	@media (min-width: 1511px) {
		.sidebar {
			width: 400px;
		}
		.bar-wrapper.has-sidebar {
			max-width: 1510px;
		}
		.mainbar.has-sidebar {
			margin-left: 410px;
		}
	}
	.section.first-section {
		margin-top: 9px;
	}
	.blocklink small {
		white-space: normal;
	}
	.button {
		vertical-align: middle;
	}
	.replay-controls {
		padding-top: 10px;
	}
	.replay-controls h1 {
		font-size: 16pt;
		font-weight: normal;
		color: #CCC;
	}
	.pagelink {
		text-align: center;
	}
	.pagelink a {
		width: 150px;
	}
	.textbox, .button {
		font-size: 11pt;
		vertical-align: middle;
	}
	@media (max-width: 450px) {
		.button {
			font-size: 9pt;
		}
	}
</style>

<div>

	<header>
		<div class="nav-wrapper"><ul class="nav">
			<li><a class="button nav-first" href="//pokemonshowdown.com/"><img src="//pokemonshowdown.com/images/pokemonshowdownbeta.png" srcset="//pokemonshowdown.com/images/pokemonshowdownbeta.png 1x, //pokemonshowdown.com/images/pokemonshowdownbeta@2x.png 2x" alt="Pok&eacute;mon Showdown" width="146" height="44" /> Home</a></li>
			<li><a class="button" href="//pokemonshowdown.com/dex/">Pok&eacute;dex</a></li>
			<li><a class="button cur" href="/">Replays</a></li>
			<li><a class="button" href="//pokemonshowdown.com/ladder/">Ladder</a></li>
			<li><a class="button nav-last" href="//pokemonshowdown.com/forums/">Forum</a></li>
			<li><a class="button greenbutton nav-first nav-last" href="//play.pokemonshowdown.com/">Play</a></li>
		</ul></div>
	</header>

	<div class="main" id="main">

		<noscript><section class="section">You need to enable JavaScript to use this page; sorry!</section></noscript>

	</div>

</div>

<script defer nomodule src="//play.pokemonshowdown.com/js/lib/ps-polyfill.js"></script>
<script defer src="//play.pokemonshowdown.com/js/lib/preact.min.js"></script>

<script defer src="//play.pokemonshowdown.com/config/config.js?2bddbc15"></script>
<script defer src="//play.pokemonshowdown.com/js/lib/jquery-1.11.0.min.js"></script>
<script defer src="//play.pokemonshowdown.com/js/lib/html-sanitizer-minified.js"></script>
<script defer src="//play.pokemonshowdown.com/js/battle-sound.js"></script>
<script defer src="//play.pokemonshowdown.com/js/battledata.js?0.7209276989879541"></script>
<script defer src="//play.pokemonshowdown.com/data/pokedex-mini.js?0.6111056340867951"></script>
<script defer src="//play.pokemonshowdown.com/data/pokedex-mini-bw.js?0.3532142036491459"></script>
<script defer src="//play.pokemonshowdown.com/data/graphics.js?0.24223875632456182"></script>
<script defer src="//play.pokemonshowdown.com/data/pokedex.js?0.38839984266356864"></script>
<script defer src="//play.pokemonshowdown.com/data/moves.js?0.21866028504024015"></script>
<script defer src="//play.pokemonshowdown.com/data/abilities.js?0.2005157953846628"></script>
<script defer src="//play.pokemonshowdown.com/data/items.js?0.9894211263848525"></script>
<script defer src="//play.pokemonshowdown.com/data/teambuilder-tables.js?0.6008791140282215"></script>
<script defer src="//play.pokemonshowdown.com/js/battle-tooltips.js?0.7580118955022959"></script>
<script defer src="//play.pokemonshowdown.com/js/battle.js?0.6057722274234274"></script>

<script defer src="js/utils.js?e31f9a17"></script>
<script defer src="js/replays-battle.js?7008c182"></script>

<!-- don't scrape this data! just add .json or .log after the URL!
Full API docs: https://github.com/smogon/pokemon-showdown-client/blob/master/WEB-API.md -->
<script type="text/plain" class="log" id="replaylog-smogtours-gen3ou-796455">
|inactive|Battle timer is ON: inactive players will automatically lose when time's up.
|t:|1728415257
|gametype|singles
|player|p1|Drekt93|101|
|player|p2|amir|acetrainerf-gen4dp|
|teamsize|p1|6
|teamsize|p2|6
|gen|3
|tier|[Gen 3] OU
|rule|Sleep Clause Mod: Limit one foe put to sleep
|rule|Switch Priority Clause Mod: Faster Pokémon switch first
|rule|Species Clause: Limit one of each Pokémon
|rule|OHKO Clause: OHKO moves are banned
|rule|Evasion Items Clause: Evasion items are banned
|rule|Evasion Moves Clause: Evasion moves are banned
|rule|Endless Battle Clause: Forcing endless battles is banned
|rule|HP Percentage Mod: HP is shown in percentages
|rule|One Boost Passer Clause: Limit one Baton Passer that has a way to boost its stats
|rule|Freeze Clause Mod: Limit one foe frozen
|
|t:|1728415257
|start
|switch|p1a: Zapdos|Zapdos|100/100
|switch|p2a: Aerodactyl|Aerodactyl, M|100/100
|turn|1
|
|t:|1728415282
|move|p2a: Aerodactyl|Thief|p1a: Zapdos
|-damage|p1a: Zapdos|93/100
|-enditem|p1a: Zapdos|Leftovers|[silent]|[from] move: Thief|[of] p2a: Aerodactyl
|-item|p2a: Aerodactyl|Leftovers|[from] move: Thief|[of] p1a: Zapdos
|move|p1a: Zapdos|Thunderbolt|p2a: Aerodactyl
|-supereffective|p2a: Aerodactyl
|-damage|p2a: Aerodactyl|3/100
|
|-heal|p2a: Aerodactyl|9/100|[from] item: Leftovers
|upkeep
|turn|2
|
|t:|1728415292
|move|p2a: Aerodactyl|Toxic|p1a: Zapdos
|-status|p1a: Zapdos|tox
|move|p1a: Zapdos|Thunderbolt|p2a: Aerodactyl
|-supereffective|p2a: Aerodactyl
|-damage|p2a: Aerodactyl|0 fnt
|faint|p2a: Aerodactyl
|
|t:|1728415298
|switch|p2a: Smeargle|Smeargle, M, shiny|100/100
|
|-damage|p1a: Zapdos|87/100 tox|[from] psn
|upkeep
|turn|3
|
|t:|1728415302
|move|p2a: Smeargle|Spikes|p1a: Zapdos
|-sidestart|p1: Drekt93|Spikes
|move|p1a: Zapdos|Roar|p2a: Smeargle
|drag|p2a: Swampert|Swampert, F, shiny|100/100
|
|-damage|p1a: Zapdos|75/100 tox|[from] psn
|upkeep
|turn|4
|
|t:|1728415312
|switch|p1a: Forretress|Forretress, M|100/100
|-damage|p1a: Forretress|88/100|[from] Spikes
|switch|p2a: Smeargle|Smeargle, M, shiny|100/100
|
|-heal|p1a: Forretress|94/100|[from] item: Leftovers
|upkeep
|turn|5
|
|t:|1728415318
|move|p2a: Smeargle|Spore|p1a: Forretress
|-status|p1a: Forretress|slp|[from] move: Spore
|cant|p1a: Forretress|slp
|
|-heal|p1a: Forretress|100/100 slp|[from] item: Leftovers
|upkeep
|turn|6
|
|t:|1728415326
|switch|p1a: Metagross|Metagross|100/100
|-damage|p1a: Metagross|88/100|[from] Spikes
|move|p2a: Smeargle|Spikes|p1a: Metagross
|-sidestart|p1: Drekt93|Spikes
|
|upkeep
|turn|7
|
|t:|1728415333
|move|p2a: Smeargle|Destiny Bond|p2a: Smeargle
|-singlemove|p2a: Smeargle|Destiny Bond
|move|p1a: Metagross|Meteor Mash|p2a: Smeargle|[miss]
|-miss|p1a: Metagross|p2a: Smeargle
|
|upkeep
|turn|8
|
|t:|1728415342
|switch|p1a: Blissey|Blissey, F|100/100
|-damage|p1a: Blissey|84/100|[from] Spikes
|move|p2a: Smeargle|Destiny Bond|p2a: Smeargle
|-singlemove|p2a: Smeargle|Destiny Bond
|
|-heal|p1a: Blissey|90/100|[from] item: Leftovers
|upkeep
|turn|9
|
|t:|1728415349
|move|p2a: Smeargle|Spikes|p1a: Blissey
|-sidestart|p1: Drekt93|Spikes
|move|p1a: Blissey|Toxic|p2a: Smeargle
|-status|p2a: Smeargle|tox
|
|-damage|p2a: Smeargle|95/100 tox|[from] psn
|-heal|p1a: Blissey|96/100|[from] item: Leftovers
|upkeep
|turn|10
|
|t:|1728415356
|switch|p1a: Forretress|Forretress, M|100/100 slp
|-damage|p1a: Forretress|76/100 slp|[from] Spikes
|move|p2a: Smeargle|Perish Song|p2a: Smeargle
|-start|p1a: Forretress|perish3|[silent]
|-start|p2a: Smeargle|perish3|[silent]
|-fieldactivate|move: Perish Song
|
|-damage|p2a: Smeargle|83/100 tox|[from] psn
|-heal|p1a: Forretress|82/100 slp|[from] item: Leftovers
|-start|p2a: Smeargle|perish3
|-start|p1a: Forretress|perish3
|upkeep
|turn|11
|
|t:|1728415370
|switch|p2a: Gengar|Gengar, M, shiny|100/100
|switch|p1a: Zapdos|Zapdos|75/100 tox
|
|-damage|p1a: Zapdos|68/100 tox|[from] psn
|upkeep
|turn|12
|inactive|amir has 270 seconds left.
|inactive|amir has 240 seconds left.
|
|t:|1728415434
|switch|p2a: Smeargle|Smeargle, M, shiny|83/100 tox
|move|p1a: Zapdos|Thunder Wave||[still]
|-fail|p1a: Zapdos
|
|-damage|p2a: Smeargle|77/100 tox|[from] psn
|-damage|p1a: Zapdos|56/100 tox|[from] psn
|upkeep
|turn|13
|inactive|amir has 240 seconds left.
|
|t:|1728415448
|switch|p1a: Blissey|Blissey, F|96/100
|-damage|p1a: Blissey|71/100|[from] Spikes
|move|p2a: Smeargle|Perish Song|p2a: Smeargle
|-start|p1a: Blissey|perish3|[silent]
|-start|p2a: Smeargle|perish3|[silent]
|-fieldactivate|move: Perish Song
|
|-damage|p2a: Smeargle|65/100 tox|[from] psn
|-heal|p1a: Blissey|77/100|[from] item: Leftovers
|-start|p2a: Smeargle|perish3
|-start|p1a: Blissey|perish3
|upkeep
|turn|14
|inactive|amir has 240 seconds left.
|
|t:|1728415460
|switch|p2a: Tyranitar|Tyranitar, M|100/100
|-weather|Sandstorm|[from] ability: Sand Stream|[of] p2a: Tyranitar
|move|p1a: Blissey|Wish|p1a: Blissey
|
|-weather|Sandstorm|[upkeep]
|-damage|p1a: Blissey|71/100|[from] Sandstorm
|-heal|p1a: Blissey|77/100|[from] item: Leftovers
|-start|p1a: Blissey|perish2
|upkeep
|turn|15
|
|t:|1728415470
|switch|p1a: Metagross|Metagross|88/100
|-damage|p1a: Metagross|63/100|[from] Spikes
|move|p2a: Tyranitar|Dragon Dance|p2a: Tyranitar
|-boost|p2a: Tyranitar|atk|1
|-boost|p2a: Tyranitar|spe|1
|
|-heal|p1a: Metagross|100/100|[from] move: Wish|[wisher] Blissey
|-weather|Sandstorm|[upkeep]
|upkeep
|turn|16
|inactive|amir has 240 seconds left.
|
|t:|1728415487
|switch|p2a: Swampert|Swampert, F, shiny|100/100
|move|p1a: Metagross|Meteor Mash|p2a: Swampert
|-resisted|p2a: Swampert
|-damage|p2a: Swampert|57/100
|
|-weather|Sandstorm|[upkeep]
|upkeep
|turn|17
|inactive|amir has 240 seconds left.
|
|t:|1728415502
|move|p1a: Metagross|Meteor Mash|p2a: Swampert
|-resisted|p2a: Swampert
|-damage|p2a: Swampert|5/100
|move|p2a: Swampert|Roar|p1a: Metagross
|drag|p1a: Zapdos|Zapdos|56/100 tox
|
|-weather|Sandstorm|[upkeep]
|-damage|p1a: Zapdos|50/100 tox|[from] Sandstorm
|-damage|p1a: Zapdos|43/100 tox|[from] psn
|-enditem|p2a: Swampert|Salac Berry|[eat]
|-boost|p2a: Swampert|spe|1|[from] item: Salac Berry
|upkeep
|turn|18
|inactive|amir has 240 seconds left.
|
|t:|1728415513
|move|p2a: Swampert|Hydro Pump|p1a: Zapdos
|-damage|p1a: Zapdos|0 fnt
|faint|p1a: Zapdos
|
|t:|1728415520
|switch|p1a: Salamence|Salamence, F|100/100
|-ability|p1a: Salamence|Intimidate|boost
|-unboost|p2a: Swampert|atk|1
|
|-weather|Sandstorm|[upkeep]
|-damage|p1a: Salamence|94/100|[from] Sandstorm
|-heal|p1a: Salamence|100/100|[from] item: Leftovers
|upkeep
|turn|19
|
|t:|1728415529
|move|p2a: Swampert|Endeavor|p1a: Salamence
|-damage|p1a: Salamence|5/100
|move|p1a: Salamence|Dragon Claw|p2a: Swampert
|-damage|p2a: Swampert|0 fnt
|faint|p2a: Swampert
|
|t:|1728415539
|switch|p2a: Gengar|Gengar, M, shiny|100/100
|
|-weather|Sandstorm|[upkeep]
|-damage|p2a: Gengar|94/100|[from] Sandstorm
|-damage|p1a: Salamence|0 fnt|[from] Sandstorm
|faint|p1a: Salamence
|-heal|p2a: Gengar|100/100|[from] item: Leftovers
|upkeep
|
|t:|1728415546
|switch|p1a: Metagross|Metagross|100/100
|-damage|p1a: Metagross|76/100|[from] Spikes
|turn|20
|
|t:|1728415556
|switch|p2a: Smeargle|Smeargle, M, shiny|65/100 tox
|move|p1a: Metagross|Meteor Mash|p2a: Smeargle
|-damage|p2a: Smeargle|0 fnt
|faint|p2a: Smeargle
|
|t:|1728415566
|switch|p2a: Metagross|Metagross, shiny|100/100
|
|-weather|Sandstorm|[upkeep]
|upkeep
|turn|21
|
|t:|1728415574
|switch|p1a: Swampert|Swampert, F|100/100
|-damage|p1a: Swampert|76/100|[from] Spikes
|move|p2a: Metagross|Earthquake|p1a: Swampert
|-damage|p1a: Swampert|49/100
|
|-weather|Sandstorm|[upkeep]
|-heal|p1a: Swampert|56/100|[from] item: Leftovers
|upkeep
|turn|22
|inactive|amir has 270 seconds left.
|
|t:|1728415584
|switch|p2a: Gengar|Gengar, M, shiny|100/100
|move|p1a: Swampert|Hydro Pump|p2a: Gengar
|-damage|p2a: Gengar|38/100
|
|-weather|Sandstorm|[upkeep]
|-damage|p2a: Gengar|32/100|[from] Sandstorm
|-heal|p2a: Gengar|38/100|[from] item: Leftovers
|-heal|p1a: Swampert|62/100|[from] item: Leftovers
|upkeep
|turn|23
|
|t:|1728415594
|move|p1a: Swampert|Protect|p1a: Swampert
|-singleturn|p1a: Swampert|Protect
|move|p2a: Gengar|Hidden Power|p1a: Swampert
|-activate|p1a: Swampert|Protect
|
|-weather|Sandstorm|[upkeep]
|-damage|p2a: Gengar|32/100|[from] Sandstorm
|-heal|p2a: Gengar|38/100|[from] item: Leftovers
|-heal|p1a: Swampert|68/100|[from] item: Leftovers
|upkeep
|turn|24
|
|t:|1728415603
|switch|p1a: Blissey|Blissey, F|77/100
|-damage|p1a: Blissey|52/100|[from] Spikes
|move|p2a: Gengar|Hidden Power|p1a: Blissey
|-damage|p1a: Blissey|43/100
|
|-weather|Sandstorm|[upkeep]
|-damage|p2a: Gengar|32/100|[from] Sandstorm
|-damage|p1a: Blissey|37/100|[from] Sandstorm
|-heal|p2a: Gengar|38/100|[from] item: Leftovers
|-heal|p1a: Blissey|43/100|[from] item: Leftovers
|upkeep
|turn|25
|
|t:|1728415623
|switch|p2a: Metagross|Metagross, shiny|100/100
|move|p1a: Blissey|Wish|p1a: Blissey
|
|-weather|Sandstorm|[upkeep]
|-damage|p1a: Blissey|37/100|[from] Sandstorm
|-heal|p1a: Blissey|43/100|[from] item: Leftovers
|upkeep
|turn|26
|
|t:|1728415636
|move|p1a: Blissey|Protect|p1a: Blissey
|-singleturn|p1a: Blissey|Protect
|move|p2a: Metagross|Meteor Mash|p1a: Blissey
|-activate|p1a: Blissey|Protect
|
|-heal|p1a: Blissey|93/100|[from] move: Wish|[wisher] Blissey
|-weather|Sandstorm|[upkeep]
|-damage|p1a: Blissey|87/100|[from] Sandstorm
|-heal|p1a: Blissey|93/100|[from] item: Leftovers
|upkeep
|turn|27
|
|t:|1728415645
|move|p2a: Metagross|Meteor Mash|p1a: Blissey
|-damage|p1a: Blissey|46/100
|move|p1a: Blissey|Wish|p1a: Blissey
|
|-weather|Sandstorm|[upkeep]
|-damage|p1a: Blissey|40/100|[from] Sandstorm
|-heal|p1a: Blissey|46/100|[from] item: Leftovers
|upkeep
|turn|28
|
|t:|1728415653
|switch|p1a: Metagross|Metagross|76/100
|-damage|p1a: Metagross|51/100|[from] Spikes
|move|p2a: Metagross|Meteor Mash|p1a: Metagross
|-resisted|p1a: Metagross
|-damage|p1a: Metagross|27/100
|
|-heal|p1a: Metagross|77/100|[from] move: Wish|[wisher] Blissey
|-weather|Sandstorm|[upkeep]
|upkeep
|turn|29
|
|t:|1728415665
|move|p1a: Metagross|Meteor Mash|p2a: Metagross
|-resisted|p2a: Metagross
|-damage|p2a: Metagross|65/100
|move|p2a: Metagross|Earthquake|p1a: Metagross
|-supereffective|p1a: Metagross
|-damage|p1a: Metagross|10/100
|
|-weather|Sandstorm|[upkeep]
|upkeep
|turn|30
|
|t:|1728415674
|switch|p1a: Swampert|Swampert, F|68/100
|-damage|p1a: Swampert|43/100|[from] Spikes
|move|p2a: Metagross|Agility|p2a: Metagross
|-boost|p2a: Metagross|spe|2
|
|-weather|Sandstorm|[upkeep]
|-heal|p1a: Swampert|49/100|[from] item: Leftovers
|upkeep
|turn|31
|
|t:|1728415683
|move|p2a: Metagross|Explosion|p1a: Swampert
|-damage|p1a: Swampert|0 fnt
|faint|p2a: Metagross
|faint|p1a: Swampert
|
|t:|1728415689
|switch|p2a: Tyranitar|Tyranitar, M|100/100
|switch|p1a: Forretress|Forretress, M|82/100 slp
|-damage|p1a: Forretress|57/100 slp|[from] Spikes
|
|-weather|Sandstorm|[upkeep]
|-heal|p1a: Forretress|63/100 slp|[from] item: Leftovers
|upkeep
|turn|32
|
|t:|1728415696
|move|p2a: Tyranitar|Dragon Dance|p2a: Tyranitar
|-boost|p2a: Tyranitar|atk|1
|-boost|p2a: Tyranitar|spe|1
|cant|p1a: Forretress|slp
|
|-weather|Sandstorm|[upkeep]
|-heal|p1a: Forretress|69/100 slp|[from] item: Leftovers
|upkeep
|turn|33
|
|t:|1728415702
|move|p2a: Tyranitar|Rock Slide|p1a: Forretress
|-damage|p1a: Forretress|25/100 slp
|-curestatus|p1a: Forretress|slp|[msg]
|move|p1a: Forretress|Explosion|p2a: Tyranitar
|-resisted|p2a: Tyranitar
|-damage|p2a: Tyranitar|62/100
|faint|p1a: Forretress
|
|t:|1728415711
|switch|p1a: Metagross|Metagross|10/100
|-damage|p1a: Metagross|0 fnt|[from] Spikes
|faint|p1a: Metagross
|-message|Drekt93 forfeited.
|
|win|amir
|c|☆Drekt93|GG

</script>
<script type="application/json" class="data" id="replaydata-smogtours-gen3ou-796455">
{"id":"smogtours-gen3ou-796455","format":"[Gen 3] OU","players":["Drekt93","amir"],"uploadtime":1728415719,"views":105,"formatid":"gen3ou","rating":null,"private":1,"password":null}
</script>

<script defer src="js/replays.js?9d40a366"></script>
