<!DOCTYPE html>
<meta charset="utf-8" />
<meta name="viewport" content="width=device-width" />

<title>[Gen 3] OU: ShellyYGO vs. Donly Phans - Replays - Pok&eacute;mon Showdown!</title>

<meta name="description" content="Watch a replay of a Pok&eacute;mon battle between ShellyYGO and Donly Phans! Format: [Gen 3] OU; Date: Oct 15, 2024" />
<!--

Hey, you! Looking in the source for the replay log?

You can find them in JSON format, just add `.json` at the end of a replay URL.

https://replay.pokemonshowdown.com/gen7randomdoublesbattle-865046831.json

Or, if you only need the log itself, add `.log` instead:

https://replay.pokemonshowdown.com/gen7randomdoublesbattle-865046831.log

-->

<link rel="stylesheet" href="//pokemonshowdown.com/style/global.css?0.023195364461161105" />
<link rel="stylesheet" href="//play.pokemonshowdown.com/style/font-awesome.css?0.13261647063804238" />
<link rel="stylesheet" href="//play.pokemonshowdown.com/style/battle.css?0.8753245789963631" />
<link rel="stylesheet" href="//play.pokemonshowdown.com/style/utilichart.css?0.8627959624976733" />

<!-- Global site tag (gtag.js) - Google Analytics -->
<script async src="https://www.googletagmanager.com/gtag/js?id=UA-26211653-1"></script>
<script>
  window.dataLayer = window.dataLayer || [];
  function gtag(){dataLayer.push(arguments);}
  gtag('js', new Date());

  gtag('config', 'UA-26211653-1');
</script>
<!-- End Google Analytics -->
<!-- Venatus Ad Manager - Install in <HEAD> of page -->
	<script src="https://hb.vntsm.com/v3/live/ad-manager.min.js" type="text/javascript" data-site-id="642aba63ec9a7b11c3c9c1be" data-mode="scan" async></script>
<!-- / Venatus Ad Manager -->

<style>
	@media (max-width:820px) {
		.battle {
			margin: 0 auto;
		}
		.battle-log {
			margin: 7px auto 0;
			max-width: 640px;
			height: 300px;
			position: static;
		}
	}
	.optgroup {
		display: inline-block;
		line-height: 22px;
		font-size: 10pt;
	}
	.optgroup .button {
		height: 25px;
		padding-top: 0;
		padding-bottom: 0;
	}
	.optgroup button.button {
		padding-left: 12px;
		padding-right: 12px;
	}
	.linklist {
		list-style: none;
		margin: 0.5em 0;
		padding: 0;
	}
	.linklist li {
		padding: 2px 0;
	}
	.sidebar {
		float: left;
		width: 320px;
	}
	.bar-wrapper {
		max-width: 1100px;
		margin: 0 auto;
	}
	.bar-wrapper.has-sidebar {
		max-width: 1430px;
	}
	.mainbar {
		margin: 0;
		padding-right: 1px;
	}
	.mainbar.has-sidebar {
		margin-left: 330px;
	}
	@media (min-width: 1511px) {
		.sidebar {
			width: 400px;
		}
		.bar-wrapper.has-sidebar {
			max-width: 1510px;
		}
		.mainbar.has-sidebar {
			margin-left: 410px;
		}
	}
	.section.first-section {
		margin-top: 9px;
	}
	.blocklink small {
		white-space: normal;
	}
	.button {
		vertical-align: middle;
	}
	.replay-controls {
		padding-top: 10px;
	}
	.replay-controls h1 {
		font-size: 16pt;
		font-weight: normal;
		color: #CCC;
	}
	.pagelink {
		text-align: center;
	}
	.pagelink a {
		width: 150px;
	}
	.textbox, .button {
		font-size: 11pt;
		vertical-align: middle;
	}
	@media (max-width: 450px) {
		.button {
			font-size: 9pt;
		}
	}
</style>

<div>

	<header>
		<div class="nav-wrapper"><ul class="nav">
			<li><a class="button nav-first" href="//pokemonshowdown.com/"><img src="//pokemonshowdown.com/images/pokemonshowdownbeta.png" srcset="//pokemonshowdown.com/images/pokemonshowdownbeta.png 1x, //pokemonshowdown.com/images/pokemonshowdownbeta@2x.png 2x" alt="Pok&eacute;mon Showdown" width="146" height="44" /> Home</a></li>
			<li><a class="button" href="//pokemonshowdown.com/dex/">Pok&eacute;dex</a></li>
			<li><a class="button cur" href="/">Replays</a></li>
			<li><a class="button" href="//pokemonshowdown.com/ladder/">Ladder</a></li>
			<li><a class="button nav-last" href="//pokemonshowdown.com/forums/">Forum</a></li>
			<li><a class="button greenbutton nav-first nav-last" href="//play.pokemonshowdown.com/">Play</a></li>
		</ul></div>
	</header>

	<div class="main" id="main">

		<noscript><section class="section">You need to enable JavaScript to use this page; sorry!</section></noscript>

	</div>

</div>

<script defer nomodule src="//play.pokemonshowdown.com/js/lib/ps-polyfill.js"></script>
<script defer src="//play.pokemonshowdown.com/js/lib/preact.min.js"></script>

<script defer src="//play.pokemonshowdown.com/config/config.js?2bddbc15"></script>
<script defer src="//play.pokemonshowdown.com/js/lib/jquery-1.11.0.min.js"></script>
<script defer src="//play.pokemonshowdown.com/js/lib/html-sanitizer-minified.js"></script>
<script defer src="//play.pokemonshowdown.com/js/battle-sound.js"></script>
<script defer src="//play.pokemonshowdown.com/js/battledata.js?0.7209276989879541"></script>
<script defer src="//play.pokemonshowdown.com/data/pokedex-mini.js?0.6111056340867951"></script>
<script defer src="//play.pokemonshowdown.com/data/pokedex-mini-bw.js?0.3532142036491459"></script>
<script defer src="//play.pokemonshowdown.com/data/graphics.js?0.24223875632456182"></script>
<script defer src="//play.pokemonshowdown.com/data/pokedex.js?0.38839984266356864"></script>
<script defer src="//play.pokemonshowdown.com/data/moves.js?0.21866028504024015"></script>
<script defer src="//play.pokemonshowdown.com/data/abilities.js?0.2005157953846628"></script>
<script defer src="//play.pokemonshowdown.com/data/items.js?0.9894211263848525"></script>
<script defer src="//play.pokemonshowdown.com/data/teambuilder-tables.js?0.6008791140282215"></script>
<script defer src="//play.pokemonshowdown.com/js/battle-tooltips.js?0.7580118955022959"></script>
<script defer src="//play.pokemonshowdown.com/js/battle.js?0.6057722274234274"></script>

<script defer src="js/utils.js?e31f9a17"></script>
<script defer src="js/replays-battle.js?7008c182"></script>

<!-- don't scrape this data! just add .json or .log after the URL!
Full API docs: https://github.com/smogon/pokemon-showdown-client/blob/master/WEB-API.md -->
<script type="text/plain" class="log" id="replaylog-smogtours-gen3ou-798849">
|inactive|Battle timer is ON: inactive players will automatically lose when time's up.
|t:|1728953070
|gametype|singles
|player|p1|ShellyYGO|hugh|
|player|p2|Donly Phans|noland-gen3|
|teamsize|p1|6
|teamsize|p2|6
|gen|3
|tier|[Gen 3] OU
|rule|Sleep Clause Mod: Limit one foe put to sleep
|rule|Switch Priority Clause Mod: Faster Pokémon switch first
|rule|Species Clause: Limit one of each Pokémon
|rule|OHKO Clause: OHKO moves are banned
|rule|Evasion Items Clause: Evasion items are banned
|rule|Evasion Moves Clause: Evasion moves are banned
|rule|Endless Battle Clause: Forcing endless battles is banned
|rule|HP Percentage Mod: HP is shown in percentages
|rule|One Boost Passer Clause: Limit one Baton Passer that has a way to boost its stats
|rule|Freeze Clause Mod: Limit one foe frozen
|
|t:|1728953070
|start
|switch|p1a: NeverBackDown|Zapdos|100/100
|switch|p2a: Lead Balloon|Skarmory, M|100/100
|turn|1
|
|t:|1728953085
|switch|p2a: Tamamago|Blissey, F|100/100
|move|p1a: NeverBackDown|Thunderbolt|p2a: Tamamago
|-damage|p2a: Tamamago|84/100
|
|-heal|p2a: Tamamago|90/100|[from] item: Leftovers
|upkeep
|turn|2
|
|t:|1728953102
|switch|p1a: Pipe Cleaner|Forretress, M, shiny|100/100
|move|p2a: Tamamago|Thunder Wave|p1a: Pipe Cleaner
|-status|p1a: Pipe Cleaner|par
|
|-heal|p2a: Tamamago|96/100|[from] item: Leftovers
|upkeep
|turn|3
|
|t:|1728953111
|move|p2a: Tamamago|Seismic Toss|p1a: Pipe Cleaner
|-damage|p1a: Pipe Cleaner|72/100 par
|move|p1a: Pipe Cleaner|Spikes|p2a: Tamamago
|-sidestart|p2: Donly Phans|Spikes
|
|-heal|p2a: Tamamago|100/100|[from] item: Leftovers
|-heal|p1a: Pipe Cleaner|78/100 par|[from] item: Leftovers
|upkeep
|turn|4
|
|t:|1728953118
|switch|p2a: Throuple|Magneton|100/100
|-damage|p2a: Throuple|88/100|[from] Spikes
|move|p1a: Pipe Cleaner|Explosion|p2a: Throuple
|-resisted|p2a: Throuple
|-crit|p2a: Throuple
|-damage|p2a: Throuple|0 fnt
|faint|p1a: Pipe Cleaner
|faint|p2a: Throuple
|c|☆ShellyYGO|All according to plan
|
|t:|1728953147
|switch|p2a: Solid As Iraq|Aerodactyl, M|100/100
|switch|p1a: TheStrongest|Sceptile, M|100/100
|
|upkeep
|turn|5
|inactive|Donly Phans has 270 seconds left.
|
|t:|1728953170
|move|p1a: TheStrongest|Hidden Power|p2a: Solid As Iraq
|-supereffective|p2a: Solid As Iraq
|-damage|p2a: Solid As Iraq|39/100
|move|p2a: Solid As Iraq|Rock Slide|p1a: TheStrongest
|-damage|p1a: TheStrongest|10/100
|
|-heal|p1a: TheStrongest|17/100|[from] item: Leftovers
|upkeep
|turn|6
|inactive|Donly Phans has 270 seconds left.
|
|t:|1728953181
|switch|p2a: Tamamago|Blissey, F|100/100
|-damage|p2a: Tamamago|88/100|[from] Spikes
|move|p1a: TheStrongest|Hidden Power|p2a: Tamamago
|-damage|p2a: Tamamago|80/100
|
|-heal|p1a: TheStrongest|23/100|[from] item: Leftovers
|-heal|p2a: Tamamago|86/100|[from] item: Leftovers
|upkeep
|turn|7
|inactive|Donly Phans has 270 seconds left.
|
|t:|1728953191
|move|p1a: TheStrongest|Leech Seed|p2a: Tamamago
|-start|p2a: Tamamago|move: Leech Seed
|move|p2a: Tamamago|Thunder Wave|p1a: TheStrongest
|-status|p1a: TheStrongest|par
|
|-heal|p2a: Tamamago|92/100|[from] item: Leftovers
|-damage|p2a: Tamamago|80/100|[from] Leech Seed|[of] p1a: TheStrongest
|-heal|p1a: TheStrongest|54/100 par|[silent]
|-heal|p1a: TheStrongest|60/100 par|[from] item: Leftovers
|upkeep
|turn|8
|
|t:|1728953202
|switch|p2a: Lil Stinker|Celebi|100/100
|-damage|p2a: Lil Stinker|88/100|[from] Spikes
|move|p1a: TheStrongest|Leaf Blade|p2a: Lil Stinker
|-resisted|p2a: Lil Stinker
|-damage|p2a: Lil Stinker|75/100
|
|-heal|p2a: Lil Stinker|81/100|[from] item: Leftovers
|-heal|p1a: TheStrongest|66/100 par|[from] item: Leftovers
|upkeep
|turn|9
|inactive|Donly Phans has 270 seconds left.
|
|t:|1728953226
|switch|p1a: BoogieWoogie|Charizard, M|100/100
|move|p2a: Lil Stinker|Recover|p2a: Lil Stinker
|-heal|p2a: Lil Stinker|100/100
|
|upkeep
|turn|10
|inactive|Donly Phans has 270 seconds left.
|inactive|Donly Phans has 240 seconds left.
|
|t:|1728953267
|move|p1a: BoogieWoogie|Substitute|p1a: BoogieWoogie
|-start|p1a: BoogieWoogie|Substitute
|-damage|p1a: BoogieWoogie|76/100
|move|p2a: Lil Stinker|Perish Song|p2a: Lil Stinker
|-start|p1a: BoogieWoogie|perish3|[silent]
|-start|p2a: Lil Stinker|perish3|[silent]
|-fieldactivate|move: Perish Song
|
|-heal|p1a: BoogieWoogie|82/100|[from] item: Leftovers
|-start|p1a: BoogieWoogie|perish3
|-start|p2a: Lil Stinker|perish3
|upkeep
|turn|11
|
|t:|1728953276
|switch|p2a: Quaker|Swampert, M|100/100
|-damage|p2a: Quaker|88/100|[from] Spikes
|move|p1a: BoogieWoogie|Fire Blast|p2a: Quaker
|-resisted|p2a: Quaker
|-damage|p2a: Quaker|61/100
|
|-heal|p1a: BoogieWoogie|88/100|[from] item: Leftovers
|-heal|p2a: Quaker|68/100|[from] item: Leftovers
|-start|p1a: BoogieWoogie|perish2
|upkeep
|turn|12
|inactive|Donly Phans has 240 seconds left.
|
|t:|1728953297
|move|p1a: BoogieWoogie|Hidden Power|p2a: Quaker
|-supereffective|p2a: Quaker
|-damage|p2a: Quaker|0 fnt
|faint|p2a: Quaker
|
|t:|1728953320
|switch|p2a: Tamamago|Blissey, F|80/100
|-damage|p2a: Tamamago|67/100|[from] Spikes
|
|-heal|p1a: BoogieWoogie|94/100|[from] item: Leftovers
|-heal|p2a: Tamamago|74/100|[from] item: Leftovers
|-start|p1a: BoogieWoogie|perish1
|upkeep
|turn|13
|
|t:|1728953337
|-singleturn|p1a: BoogieWoogie|move: Focus Punch
|move|p2a: Tamamago|Seismic Toss|p1a: BoogieWoogie
|-end|p1a: BoogieWoogie|Substitute
|move|p1a: BoogieWoogie|Focus Punch|p2a: Tamamago
|-supereffective|p2a: Tamamago
|-damage|p2a: Tamamago|19/100
|
|-heal|p1a: BoogieWoogie|99/100|[from] item: Leftovers
|-heal|p2a: Tamamago|25/100|[from] item: Leftovers
|-start|p1a: BoogieWoogie|perish0
|upkeep
|faint|p1a: BoogieWoogie
|
|t:|1728953346
|switch|p1a: The SwampMonster|Swampert, M|100/100
|turn|14
|inactive|Donly Phans has 210 seconds left.
|
|t:|1728953376
|switch|p2a: Lead Balloon|Skarmory, M|100/100
|move|p1a: The SwampMonster|Earthquake|p2a: Lead Balloon
|-immune|p2a: Lead Balloon
|
|upkeep
|turn|15
|inactive|Donly Phans has 210 seconds left.
|
|t:|1728953388
|switch|p2a: Lil Stinker|Celebi|100/100
|-damage|p2a: Lil Stinker|88/100|[from] Spikes
|switch|p1a: NeverBackDown|Zapdos|100/100
|
|-heal|p2a: Lil Stinker|94/100|[from] item: Leftovers
|upkeep
|turn|16
|inactive|Donly Phans has 210 seconds left.
|
|t:|1728953400
|move|p1a: NeverBackDown|Thunder Wave|p2a: Lil Stinker
|-status|p2a: Lil Stinker|par
|move|p2a: Lil Stinker|Leech Seed|p1a: NeverBackDown
|-start|p1a: NeverBackDown|move: Leech Seed
|
|-damage|p1a: NeverBackDown|88/100|[from] Leech Seed|[of] p2a: Lil Stinker
|-heal|p2a: Lil Stinker|100/100 par|[silent]
|upkeep
|turn|17
|inactive|Donly Phans has 210 seconds left.
|
|t:|1728953423
|switch|p1a: The Tank|Blissey, F|100/100
|cant|p2a: Lil Stinker|par
|
|upkeep
|turn|18
|
|t:|1728953439
|move|p1a: The Tank|Ice Beam|p2a: Lil Stinker
|-supereffective|p2a: Lil Stinker
|-damage|p2a: Lil Stinker|61/100 par
|move|p2a: Lil Stinker|Leech Seed|p1a: The Tank
|-start|p1a: The Tank|move: Leech Seed
|
|-damage|p1a: The Tank|88/100|[from] Leech Seed|[of] p2a: Lil Stinker
|-heal|p2a: Lil Stinker|81/100 par|[silent]
|-heal|p2a: Lil Stinker|88/100 par|[from] item: Leftovers
|upkeep
|turn|19
|
|t:|1728953448
|switch|p1a: TheStrongest|Sceptile, M|66/100 par
|-curestatus|p2a: Lil Stinker|par|[from] ability: Natural Cure
|switch|p2a: Lead Balloon|Skarmory, M|100/100
|
|-heal|p1a: TheStrongest|72/100 par|[from] item: Leftovers
|upkeep
|turn|20
|
|t:|1728953458
|move|p2a: Lead Balloon|Drill Peck|p1a: TheStrongest
|-supereffective|p1a: TheStrongest
|-crit|p1a: TheStrongest
|-damage|p1a: TheStrongest|0 fnt
|faint|p1a: TheStrongest
|
|t:|1728953463
|switch|p1a: NeverBackDown|Zapdos|88/100
|
|-heal|p1a: NeverBackDown|94/100|[from] item: Leftovers
|upkeep
|turn|21
|inactive|Donly Phans has 210 seconds left.
|
|t:|1728953481
|switch|p1a: The Tank|Blissey, F|88/100
|switch|p2a: Lil Stinker|Celebi|88/100
|-damage|p2a: Lil Stinker|75/100|[from] Spikes
|
|-heal|p2a: Lil Stinker|81/100|[from] item: Leftovers
|-heal|p1a: The Tank|94/100|[from] item: Leftovers
|upkeep
|turn|22
|
|t:|1728953486
|move|p2a: Lil Stinker|Leech Seed|p1a: The Tank|[miss]
|-miss|p2a: Lil Stinker|p1a: The Tank
|move|p1a: The Tank|Flamethrower|p2a: Lil Stinker
|-supereffective|p2a: Lil Stinker
|-damage|p2a: Lil Stinker|42/100
|
|-heal|p2a: Lil Stinker|49/100|[from] item: Leftovers
|-heal|p1a: The Tank|99/100|[from] item: Leftovers
|upkeep
|turn|23
|inactive|Donly Phans has 210 seconds left.
|
|t:|1728953502
|move|p2a: Lil Stinker|Recover|p2a: Lil Stinker
|-heal|p2a: Lil Stinker|99/100
|move|p1a: The Tank|Thunder Wave|p2a: Lil Stinker
|-status|p2a: Lil Stinker|par
|
|-heal|p1a: The Tank|100/100|[from] item: Leftovers
|-heal|p2a: Lil Stinker|100/100 par|[from] item: Leftovers
|upkeep
|turn|24
|
|t:|1728953507
|move|p1a: The Tank|Ice Beam|p2a: Lil Stinker
|-supereffective|p2a: Lil Stinker
|-damage|p2a: Lil Stinker|59/100 par
|cant|p2a: Lil Stinker|par
|
|-heal|p2a: Lil Stinker|65/100 par|[from] item: Leftovers
|upkeep
|turn|25
|inactive|Donly Phans has 210 seconds left.
|
|t:|1728953525
|move|p1a: The Tank|Ice Beam|p2a: Lil Stinker
|-supereffective|p2a: Lil Stinker
|-damage|p2a: Lil Stinker|27/100 par
|cant|p2a: Lil Stinker|par
|
|-heal|p2a: Lil Stinker|33/100 par|[from] item: Leftovers
|upkeep
|turn|26
|inactive|Donly Phans has 210 seconds left.
|
|t:|1728953537
|-curestatus|p2a: Lil Stinker|par|[from] ability: Natural Cure
|switch|p2a: Tamamago|Blissey, F|25/100
|-damage|p2a: Tamamago|13/100|[from] Spikes
|move|p1a: The Tank|Ice Beam|p2a: Tamamago
|-damage|p2a: Tamamago|3/100
|
|-heal|p2a: Tamamago|9/100|[from] item: Leftovers
|upkeep
|turn|27
|inactive|Donly Phans has 210 seconds left.
|
|t:|1728953546
|move|p2a: Tamamago|Soft-Boiled|p2a: Tamamago
|-heal|p2a: Tamamago|59/100
|move|p1a: The Tank|Ice Beam|p2a: Tamamago
|-crit|p2a: Tamamago
|-damage|p2a: Tamamago|41/100
|
|-heal|p2a: Tamamago|47/100|[from] item: Leftovers
|upkeep
|turn|28
|inactive|Donly Phans has 210 seconds left.
|
|t:|1728953560
|move|p2a: Tamamago|Soft-Boiled|p2a: Tamamago
|-heal|p2a: Tamamago|97/100
|move|p1a: The Tank|Ice Beam|p2a: Tamamago
|-damage|p2a: Tamamago|88/100
|
|-heal|p2a: Tamamago|94/100|[from] item: Leftovers
|upkeep
|turn|29
|
|t:|1728953565
|move|p2a: Tamamago|Thunder Wave|p1a: The Tank
|-status|p1a: The Tank|par
|move|p1a: The Tank|Ice Beam|p2a: Tamamago
|-damage|p2a: Tamamago|85/100
|
|-heal|p2a: Tamamago|91/100|[from] item: Leftovers
|upkeep
|turn|30
|
|t:|1728953577
|move|p2a: Tamamago|Seismic Toss|p1a: The Tank
|-damage|p1a: The Tank|85/100 par
|cant|p1a: The Tank|par
|
|-heal|p2a: Tamamago|97/100|[from] item: Leftovers
|-heal|p1a: The Tank|91/100 par|[from] item: Leftovers
|upkeep
|turn|31
|inactive|Donly Phans has 210 seconds left.
|
|t:|1728953620
|switch|p2a: Lead Balloon|Skarmory, M|100/100
|move|p1a: The Tank|Ice Beam|p2a: Lead Balloon
|-damage|p2a: Lead Balloon|79/100
|
|-heal|p2a: Lead Balloon|85/100|[from] item: Leftovers
|-heal|p1a: The Tank|97/100 par|[from] item: Leftovers
|upkeep
|turn|32
|
|t:|1728953637
|move|p2a: Lead Balloon|Spikes|p1a: The Tank
|-sidestart|p1: ShellyYGO|Spikes
|move|p1a: The Tank|Flamethrower|p2a: Lead Balloon
|-supereffective|p2a: Lead Balloon
|-damage|p2a: Lead Balloon|34/100
|
|-heal|p2a: Lead Balloon|40/100|[from] item: Leftovers
|-heal|p1a: The Tank|100/100 par|[from] item: Leftovers
|upkeep
|turn|33
|
|t:|1728953648
|move|p2a: Lead Balloon|Protect|p2a: Lead Balloon
|-singleturn|p2a: Lead Balloon|Protect
|move|p1a: The Tank|Flamethrower|p2a: Lead Balloon
|-activate|p2a: Lead Balloon|Protect
|
|-heal|p2a: Lead Balloon|46/100|[from] item: Leftovers
|upkeep
|turn|34
|
|t:|1728953654
|switch|p2a: Tamamago|Blissey, F|97/100
|-damage|p2a: Tamamago|84/100|[from] Spikes
|move|p1a: The Tank|Flamethrower|p2a: Tamamago
|-damage|p2a: Tamamago|75/100
|
|-heal|p2a: Tamamago|81/100|[from] item: Leftovers
|upkeep
|turn|35
|
|t:|1728953664
|-curestatus|p1a: The Tank|par|[from] ability: Natural Cure
|switch|p1a: The SwampMonster|Swampert, M|100/100
|-damage|p1a: The SwampMonster|88/100|[from] Spikes
|move|p2a: Tamamago|Seismic Toss|p1a: The SwampMonster
|-damage|p1a: The SwampMonster|63/100
|
|-heal|p2a: Tamamago|87/100|[from] item: Leftovers
|-heal|p1a: The SwampMonster|69/100|[from] item: Leftovers
|upkeep
|turn|36
|c|☆ShellyYGO|Might just scoop tbh
|
|t:|1728953682
|move|p2a: Tamamago|Seismic Toss|p1a: The SwampMonster
|-damage|p1a: The SwampMonster|45/100
|move|p1a: The SwampMonster|Earthquake|p2a: Tamamago
|-damage|p2a: Tamamago|53/100
|
|-heal|p2a: Tamamago|59/100|[from] item: Leftovers
|-heal|p1a: The SwampMonster|51/100|[from] item: Leftovers
|upkeep
|turn|37
|
|t:|1728953693
|move|p2a: Tamamago|Soft-Boiled|p2a: Tamamago
|-heal|p2a: Tamamago|100/100
|move|p1a: The SwampMonster|Earthquake|p2a: Tamamago
|-damage|p2a: Tamamago|70/100
|
|-heal|p2a: Tamamago|76/100|[from] item: Leftovers
|-heal|p1a: The SwampMonster|57/100|[from] item: Leftovers
|upkeep
|turn|38
|
|t:|1728953698
|move|p2a: Tamamago|Seismic Toss|p1a: The SwampMonster
|-damage|p1a: The SwampMonster|32/100
|move|p1a: The SwampMonster|Earthquake|p2a: Tamamago
|-damage|p2a: Tamamago|44/100
|
|-heal|p2a: Tamamago|51/100|[from] item: Leftovers
|-heal|p1a: The SwampMonster|38/100|[from] item: Leftovers
|upkeep
|turn|39
|
|t:|1728953707
|move|p2a: Tamamago|Soft-Boiled|p2a: Tamamago
|-heal|p2a: Tamamago|100/100
|move|p1a: The SwampMonster|Earthquake|p2a: Tamamago
|-damage|p2a: Tamamago|65/100
|
|-heal|p2a: Tamamago|71/100|[from] item: Leftovers
|-heal|p1a: The SwampMonster|45/100|[from] item: Leftovers
|upkeep
|turn|40
|
|t:|1728953714
|move|p2a: Tamamago|Seismic Toss|p1a: The SwampMonster
|-damage|p1a: The SwampMonster|20/100
|move|p1a: The SwampMonster|Ice Beam|p2a: Tamamago
|-damage|p2a: Tamamago|64/100
|
|-heal|p2a: Tamamago|70/100|[from] item: Leftovers
|-heal|p1a: The SwampMonster|26/100|[from] item: Leftovers
|upkeep
|turn|41
|
|t:|1728953723
|move|p2a: Tamamago|Seismic Toss|p1a: The SwampMonster
|-damage|p1a: The SwampMonster|1/100
|move|p1a: The SwampMonster|Earthquake|p2a: Tamamago
|-damage|p2a: Tamamago|38/100
|
|-heal|p2a: Tamamago|44/100|[from] item: Leftovers
|-heal|p1a: The SwampMonster|7/100|[from] item: Leftovers
|upkeep
|turn|42
|
|t:|1728953729
|move|p2a: Tamamago|Soft-Boiled|p2a: Tamamago
|-heal|p2a: Tamamago|94/100
|move|p1a: The SwampMonster|Earthquake|p2a: Tamamago
|-damage|p2a: Tamamago|61/100
|
|-heal|p2a: Tamamago|67/100|[from] item: Leftovers
|-heal|p1a: The SwampMonster|14/100|[from] item: Leftovers
|upkeep
|turn|43
|
|t:|1728953733
|move|p2a: Tamamago|Seismic Toss|p1a: The SwampMonster
|-damage|p1a: The SwampMonster|0 fnt
|faint|p1a: The SwampMonster
|
|t:|1728953734
|switch|p1a: NeverBackDown|Zapdos|94/100
|
|-heal|p1a: NeverBackDown|100/100|[from] item: Leftovers
|-heal|p2a: Tamamago|73/100|[from] item: Leftovers
|upkeep
|turn|44
|inactive|Donly Phans has 240 seconds left.
|
|t:|1728953744
|move|p1a: NeverBackDown|Thunderbolt|p2a: Tamamago
|-damage|p2a: Tamamago|56/100
|move|p2a: Tamamago|Thunder Wave|p1a: NeverBackDown
|-status|p1a: NeverBackDown|par
|
|-heal|p2a: Tamamago|62/100|[from] item: Leftovers
|upkeep
|turn|45
|
|t:|1728953748
|move|p2a: Tamamago|Seismic Toss|p1a: NeverBackDown
|-damage|p1a: NeverBackDown|69/100 par
|move|p1a: NeverBackDown|Thunderbolt|p2a: Tamamago
|-crit|p2a: Tamamago
|-damage|p2a: Tamamago|26/100
|-status|p2a: Tamamago|par
|
|-heal|p1a: NeverBackDown|76/100 par|[from] item: Leftovers
|-heal|p2a: Tamamago|32/100 par|[from] item: Leftovers
|upkeep
|turn|46
|inactive|Donly Phans has 240 seconds left.
|
|t:|1728953783
|-curestatus|p2a: Tamamago|par|[from] ability: Natural Cure
|switch|p2a: Lead Balloon|Skarmory, M|46/100
|move|p1a: NeverBackDown|Thunderbolt|p2a: Lead Balloon
|-supereffective|p2a: Lead Balloon
|-damage|p2a: Lead Balloon|0 fnt
|faint|p2a: Lead Balloon
|
|t:|1728953801
|switch|p2a: Solid As Iraq|Aerodactyl, M|39/100
|
|-heal|p1a: NeverBackDown|82/100 par|[from] item: Leftovers
|upkeep
|turn|47
|
|t:|1728953807
|move|p2a: Solid As Iraq|Rock Slide|p1a: NeverBackDown|[miss]
|-miss|p2a: Solid As Iraq|p1a: NeverBackDown
|move|p1a: NeverBackDown|Thunderbolt|p2a: Solid As Iraq
|-supereffective|p2a: Solid As Iraq
|-damage|p2a: Solid As Iraq|0 fnt
|faint|p2a: Solid As Iraq
|inactive|Donly Phans has 210 seconds left.
|inactive|Donly Phans has 180 seconds left.
|inactive|Donly Phans has 150 seconds left.
|inactive|Donly Phans has 120 seconds left.
|
|t:|1728953923
|switch|p2a: Lil Stinker|Celebi|33/100
|-damage|p2a: Lil Stinker|21/100|[from] Spikes
|
|-heal|p2a: Lil Stinker|27/100|[from] item: Leftovers
|-heal|p1a: NeverBackDown|88/100 par|[from] item: Leftovers
|upkeep
|turn|48
|
|t:|1728953929
|switch|p1a: The Tank|Blissey, F|100/100
|-damage|p1a: The Tank|88/100|[from] Spikes
|move|p2a: Lil Stinker|Recover|p2a: Lil Stinker
|-heal|p2a: Lil Stinker|77/100
|
|-heal|p2a: Lil Stinker|83/100|[from] item: Leftovers
|-heal|p1a: The Tank|94/100|[from] item: Leftovers
|upkeep
|turn|49
|
|t:|1728953934
|move|p2a: Lil Stinker|Leech Seed|p1a: The Tank|[miss]
|-miss|p2a: Lil Stinker|p1a: The Tank
|move|p1a: The Tank|Flamethrower|p2a: Lil Stinker
|-supereffective|p2a: Lil Stinker
|-damage|p2a: Lil Stinker|43/100
|
|-heal|p2a: Lil Stinker|49/100|[from] item: Leftovers
|-heal|p1a: The Tank|99/100|[from] item: Leftovers
|upkeep
|turn|50
|
|t:|1728953943
|switch|p1a: NeverBackDown|Zapdos|88/100 par
|move|p2a: Lil Stinker|Leech Seed|p1a: NeverBackDown
|-start|p1a: NeverBackDown|move: Leech Seed
|
|-heal|p2a: Lil Stinker|55/100|[from] item: Leftovers
|-heal|p1a: NeverBackDown|94/100 par|[from] item: Leftovers
|-damage|p1a: NeverBackDown|82/100 par|[from] Leech Seed|[of] p2a: Lil Stinker
|-heal|p2a: Lil Stinker|65/100|[silent]
|upkeep
|turn|51
|
|t:|1728953955
|move|p2a: Lil Stinker|Leech Seed||[still]
|-fail|p2a: Lil Stinker
|cant|p1a: NeverBackDown|par
|
|-heal|p2a: Lil Stinker|71/100|[from] item: Leftovers
|-heal|p1a: NeverBackDown|88/100 par|[from] item: Leftovers
|-damage|p1a: NeverBackDown|76/100 par|[from] Leech Seed|[of] p2a: Lil Stinker
|-heal|p2a: Lil Stinker|81/100|[silent]
|upkeep
|turn|52
|
|t:|1728953960
|move|p2a: Lil Stinker|Hidden Power|p1a: NeverBackDown
|-resisted|p1a: NeverBackDown
|-damage|p1a: NeverBackDown|63/100 par
|move|p1a: NeverBackDown|Thunder Wave|p2a: Lil Stinker
|-status|p2a: Lil Stinker|par
|
|-heal|p1a: NeverBackDown|69/100 par|[from] item: Leftovers
|-damage|p1a: NeverBackDown|57/100 par|[from] Leech Seed|[of] p2a: Lil Stinker
|-heal|p2a: Lil Stinker|91/100 par|[silent]
|-heal|p2a: Lil Stinker|97/100 par|[from] item: Leftovers
|upkeep
|turn|53
|
|t:|1728953974
|switch|p1a: The Tank|Blissey, F|99/100
|-damage|p1a: The Tank|88/100|[from] Spikes
|cant|p2a: Lil Stinker|par
|
|-heal|p1a: The Tank|94/100|[from] item: Leftovers
|-heal|p2a: Lil Stinker|100/100 par|[from] item: Leftovers
|upkeep
|turn|54
|
|t:|1728953984
|move|p1a: The Tank|Flamethrower|p2a: Lil Stinker
|-supereffective|p2a: Lil Stinker
|-damage|p2a: Lil Stinker|60/100 par
|move|p2a: Lil Stinker|Leech Seed|p1a: The Tank
|-start|p1a: The Tank|move: Leech Seed
|
|-heal|p1a: The Tank|99/100|[from] item: Leftovers
|-damage|p1a: The Tank|88/100|[from] Leech Seed|[of] p2a: Lil Stinker
|-heal|p2a: Lil Stinker|80/100 par|[silent]
|-heal|p2a: Lil Stinker|86/100 par|[from] item: Leftovers
|upkeep
|turn|55
|
|t:|1728954004
|-curestatus|p2a: Lil Stinker|par|[from] ability: Natural Cure
|switch|p2a: Tamamago|Blissey, F|32/100
|-damage|p2a: Tamamago|20/100|[from] Spikes
|move|p1a: The Tank|Flamethrower|p2a: Tamamago
|-damage|p2a: Tamamago|10/100
|
|-heal|p2a: Tamamago|16/100|[from] item: Leftovers
|-heal|p1a: The Tank|94/100|[from] item: Leftovers
|-damage|p1a: The Tank|81/100|[from] Leech Seed|[of] p2a: Tamamago
|-heal|p2a: Tamamago|27/100|[silent]
|upkeep
|turn|56
|
|t:|1728954019
|switch|p1a: NeverBackDown|Zapdos|57/100 par
|move|p2a: Tamamago|Soft-Boiled|p2a: Tamamago
|-heal|p2a: Tamamago|77/100
|
|-heal|p2a: Tamamago|83/100|[from] item: Leftovers
|-heal|p1a: NeverBackDown|63/100 par|[from] item: Leftovers
|upkeep
|turn|57
|
|t:|1728954023
|move|p2a: Tamamago|Seismic Toss|p1a: NeverBackDown
|-damage|p1a: NeverBackDown|32/100 par
|cant|p1a: NeverBackDown|par
|
|-heal|p2a: Tamamago|90/100|[from] item: Leftovers
|-heal|p1a: NeverBackDown|38/100 par|[from] item: Leftovers
|upkeep
|turn|58
|
|t:|1728954028
|move|p2a: Tamamago|Seismic Toss|p1a: NeverBackDown
|-damage|p1a: NeverBackDown|7/100 par
|move|p1a: NeverBackDown|Thunderbolt|p2a: Tamamago
|-damage|p2a: Tamamago|73/100
|
|-heal|p2a: Tamamago|79/100|[from] item: Leftovers
|-heal|p1a: NeverBackDown|13/100 par|[from] item: Leftovers
|upkeep
|turn|59
|
|t:|1728954034
|move|p2a: Tamamago|Seismic Toss|p1a: NeverBackDown
|-damage|p1a: NeverBackDown|0 fnt
|faint|p1a: NeverBackDown
|
|t:|1728954035
|switch|p1a: The Tank|Blissey, F|81/100
|-damage|p1a: The Tank|69/100|[from] Spikes
|
|-heal|p2a: Tamamago|85/100|[from] item: Leftovers
|-heal|p1a: The Tank|75/100|[from] item: Leftovers
|upkeep
|turn|60
|
|t:|1728954041
|move|p2a: Tamamago|Thunder Wave|p1a: The Tank
|-status|p1a: The Tank|par
|cant|p1a: The Tank|par
|
|-heal|p2a: Tamamago|91/100|[from] item: Leftovers
|-heal|p1a: The Tank|81/100 par|[from] item: Leftovers
|upkeep
|turn|61
|
|t:|1728954048
|switch|p2a: Lil Stinker|Celebi|86/100
|-damage|p2a: Lil Stinker|74/100|[from] Spikes
|move|p1a: The Tank|Flamethrower|p2a: Lil Stinker
|-supereffective|p2a: Lil Stinker
|-damage|p2a: Lil Stinker|34/100
|-status|p2a: Lil Stinker|brn
|
|-heal|p2a: Lil Stinker|41/100 brn|[from] item: Leftovers
|-damage|p2a: Lil Stinker|28/100 brn|[from] brn
|-heal|p1a: The Tank|87/100 par|[from] item: Leftovers
|upkeep
|turn|62
|
|t:|1728954059
|move|p2a: Lil Stinker|Perish Song|p2a: Lil Stinker
|-start|p1a: The Tank|perish3|[silent]
|-start|p2a: Lil Stinker|perish3|[silent]
|-fieldactivate|move: Perish Song
|move|p1a: The Tank|Flamethrower|p2a: Lil Stinker
|-supereffective|p2a: Lil Stinker
|-damage|p2a: Lil Stinker|0 fnt
|faint|p2a: Lil Stinker
|
|t:|1728954064
|switch|p2a: Tamamago|Blissey, F|91/100
|-damage|p2a: Tamamago|79/100|[from] Spikes
|
|-heal|p2a: Tamamago|85/100|[from] item: Leftovers
|-heal|p1a: The Tank|94/100 par|[from] item: Leftovers
|-start|p1a: The Tank|perish3
|upkeep
|turn|63
|
|t:|1728954068
|move|p2a: Tamamago|Seismic Toss|p1a: The Tank
|-damage|p1a: The Tank|78/100 par
|move|p1a: The Tank|Ice Beam|p2a: Tamamago
|-damage|p2a: Tamamago|75/100
|
|-heal|p2a: Tamamago|82/100|[from] item: Leftovers
|-heal|p1a: The Tank|84/100 par|[from] item: Leftovers
|-start|p1a: The Tank|perish2
|upkeep
|turn|64
|
|t:|1728954075
|move|p2a: Tamamago|Soft-Boiled|p2a: Tamamago
|-heal|p2a: Tamamago|100/100
|move|p1a: The Tank|Ice Beam|p2a: Tamamago
|-damage|p2a: Tamamago|92/100
|
|-heal|p2a: Tamamago|98/100|[from] item: Leftovers
|-heal|p1a: The Tank|91/100 par|[from] item: Leftovers
|-start|p1a: The Tank|perish1
|upkeep
|turn|65
|c|☆Donly Phans|wp
|c|☆ShellyYGO|gg
|-message|ShellyYGO forfeited.
|
|win|Donly Phans

</script>
<script type="application/json" class="data" id="replaydata-smogtours-gen3ou-798849">
{"id":"smogtours-gen3ou-798849","format":"[Gen 3] OU","players":["ShellyYGO","Donly Phans"],"uploadtime":1728954085,"views":90,"formatid":"gen3ou","rating":null,"private":0,"password":null}
</script>

<script defer src="js/replays.js?9d40a366"></script>
