<!DOCTYPE html>
<meta charset="utf-8" />
<meta name="viewport" content="width=device-width" />

<title>[Gen 3] OU: ShotoNC vs. go-go-zeppeli-1890 - Replays - Pok&eacute;mon Showdown!</title>

<meta name="description" content="Watch a replay of a Pok&eacute;mon battle between ShotoNC and go-go-zeppeli-1890! Format: [Gen 3] OU; Date: Oct 11, 2024" />
<!--

Hey, you! Looking in the source for the replay log?

You can find them in JSON format, just add `.json` at the end of a replay URL.

https://replay.pokemonshowdown.com/gen7randomdoublesbattle-865046831.json

Or, if you only need the log itself, add `.log` instead:

https://replay.pokemonshowdown.com/gen7randomdoublesbattle-865046831.log

-->

<link rel="stylesheet" href="//pokemonshowdown.com/style/global.css?0.023195364461161105" />
<link rel="stylesheet" href="//play.pokemonshowdown.com/style/font-awesome.css?0.13261647063804238" />
<link rel="stylesheet" href="//play.pokemonshowdown.com/style/battle.css?0.8753245789963631" />
<link rel="stylesheet" href="//play.pokemonshowdown.com/style/utilichart.css?0.8627959624976733" />

<!-- Global site tag (gtag.js) - Google Analytics -->
<script async src="https://www.googletagmanager.com/gtag/js?id=UA-26211653-1"></script>
<script>
  window.dataLayer = window.dataLayer || [];
  function gtag(){dataLayer.push(arguments);}
  gtag('js', new Date());

  gtag('config', 'UA-26211653-1');
</script>
<!-- End Google Analytics -->
<!-- Venatus Ad Manager - Install in <HEAD> of page -->
	<script src="https://hb.vntsm.com/v3/live/ad-manager.min.js" type="text/javascript" data-site-id="642aba63ec9a7b11c3c9c1be" data-mode="scan" async></script>
<!-- / Venatus Ad Manager -->

<style>
	@media (max-width:820px) {
		.battle {
			margin: 0 auto;
		}
		.battle-log {
			margin: 7px auto 0;
			max-width: 640px;
			height: 300px;
			position: static;
		}
	}
	.optgroup {
		display: inline-block;
		line-height: 22px;
		font-size: 10pt;
	}
	.optgroup .button {
		height: 25px;
		padding-top: 0;
		padding-bottom: 0;
	}
	.optgroup button.button {
		padding-left: 12px;
		padding-right: 12px;
	}
	.linklist {
		list-style: none;
		margin: 0.5em 0;
		padding: 0;
	}
	.linklist li {
		padding: 2px 0;
	}
	.sidebar {
		float: left;
		width: 320px;
	}
	.bar-wrapper {
		max-width: 1100px;
		margin: 0 auto;
	}
	.bar-wrapper.has-sidebar {
		max-width: 1430px;
	}
	.mainbar {
		margin: 0;
		padding-right: 1px;
	}
	.mainbar.has-sidebar {
		margin-left: 330px;
	}
	@media (min-width: 1511px) {
		.sidebar {
			width: 400px;
		}
		.bar-wrapper.has-sidebar {
			max-width: 1510px;
		}
		.mainbar.has-sidebar {
			margin-left: 410px;
		}
	}
	.section.first-section {
		margin-top: 9px;
	}
	.blocklink small {
		white-space: normal;
	}
	.button {
		vertical-align: middle;
	}
	.replay-controls {
		padding-top: 10px;
	}
	.replay-controls h1 {
		font-size: 16pt;
		font-weight: normal;
		color: #CCC;
	}
	.pagelink {
		text-align: center;
	}
	.pagelink a {
		width: 150px;
	}
	.textbox, .button {
		font-size: 11pt;
		vertical-align: middle;
	}
	@media (max-width: 450px) {
		.button {
			font-size: 9pt;
		}
	}
</style>

<div>

	<header>
		<div class="nav-wrapper"><ul class="nav">
			<li><a class="button nav-first" href="//pokemonshowdown.com/"><img src="//pokemonshowdown.com/images/pokemonshowdownbeta.png" srcset="//pokemonshowdown.com/images/pokemonshowdownbeta.png 1x, //pokemonshowdown.com/images/pokemonshowdownbeta@2x.png 2x" alt="Pok&eacute;mon Showdown" width="146" height="44" /> Home</a></li>
			<li><a class="button" href="//pokemonshowdown.com/dex/">Pok&eacute;dex</a></li>
			<li><a class="button cur" href="/">Replays</a></li>
			<li><a class="button" href="//pokemonshowdown.com/ladder/">Ladder</a></li>
			<li><a class="button nav-last" href="//pokemonshowdown.com/forums/">Forum</a></li>
			<li><a class="button greenbutton nav-first nav-last" href="//play.pokemonshowdown.com/">Play</a></li>
		</ul></div>
	</header>

	<div class="main" id="main">

		<noscript><section class="section">You need to enable JavaScript to use this page; sorry!</section></noscript>

	</div>

</div>

<script defer nomodule src="//play.pokemonshowdown.com/js/lib/ps-polyfill.js"></script>
<script defer src="//play.pokemonshowdown.com/js/lib/preact.min.js"></script>

<script defer src="//play.pokemonshowdown.com/config/config.js?2bddbc15"></script>
<script defer src="//play.pokemonshowdown.com/js/lib/jquery-1.11.0.min.js"></script>
<script defer src="//play.pokemonshowdown.com/js/lib/html-sanitizer-minified.js"></script>
<script defer src="//play.pokemonshowdown.com/js/battle-sound.js"></script>
<script defer src="//play.pokemonshowdown.com/js/battledata.js?0.7209276989879541"></script>
<script defer src="//play.pokemonshowdown.com/data/pokedex-mini.js?0.6111056340867951"></script>
<script defer src="//play.pokemonshowdown.com/data/pokedex-mini-bw.js?0.3532142036491459"></script>
<script defer src="//play.pokemonshowdown.com/data/graphics.js?0.24223875632456182"></script>
<script defer src="//play.pokemonshowdown.com/data/pokedex.js?0.38839984266356864"></script>
<script defer src="//play.pokemonshowdown.com/data/moves.js?0.21866028504024015"></script>
<script defer src="//play.pokemonshowdown.com/data/abilities.js?0.2005157953846628"></script>
<script defer src="//play.pokemonshowdown.com/data/items.js?0.9894211263848525"></script>
<script defer src="//play.pokemonshowdown.com/data/teambuilder-tables.js?0.6008791140282215"></script>
<script defer src="//play.pokemonshowdown.com/js/battle-tooltips.js?0.7580118955022959"></script>
<script defer src="//play.pokemonshowdown.com/js/battle.js?0.6057722274234274"></script>

<script defer src="js/utils.js?e31f9a17"></script>
<script defer src="js/replays-battle.js?7008c182"></script>

<!-- don't scrape this data! just add .json or .log after the URL!
Full API docs: https://github.com/smogon/pokemon-showdown-client/blob/master/WEB-API.md -->
<script type="text/plain" class="log" id="replaylog-smogtours-gen3ou-797111">
|inactive|Battle timer is ON: inactive players will automatically lose when time's up.
|t:|1728611798
|gametype|singles
|player|p1|ShotoNC|benga|
|player|p2|go-go-zeppeli-1890|266|
|teamsize|p1|6
|teamsize|p2|6
|gen|3
|tier|[Gen 3] OU
|rule|Sleep Clause Mod: Limit one foe put to sleep
|rule|Switch Priority Clause Mod: Faster Pokémon switch first
|rule|Species Clause: Limit one of each Pokémon
|rule|OHKO Clause: OHKO moves are banned
|rule|Evasion Items Clause: Evasion items are banned
|rule|Evasion Moves Clause: Evasion moves are banned
|rule|Endless Battle Clause: Forcing endless battles is banned
|rule|HP Percentage Mod: HP is shown in percentages
|rule|One Boost Passer Clause: Limit one Baton Passer that has a way to boost its stats
|rule|Freeze Clause Mod: Limit one foe frozen
|
|t:|1728611798
|start
|switch|p1a: Boy|Salamence, F|100/100
|switch|p2a: Snorlax|Snorlax, M|100/100
|-ability|p1a: Boy|Intimidate|boost
|-unboost|p2a: Snorlax|atk|1
|turn|1
|inactive|ShotoNC has 270 seconds left.
|inactive|go-go-zeppeli-1890 has 270 seconds left.
|
|t:|1728611839
|move|p1a: Boy|Brick Break|p2a: Snorlax
|-supereffective|p2a: Snorlax
|-damage|p2a: Snorlax|67/100
|move|p2a: Snorlax|Curse|p2a: Snorlax
|-unboost|p2a: Snorlax|spe|1
|-boost|p2a: Snorlax|atk|1
|-boost|p2a: Snorlax|def|1
|
|upkeep
|turn|2
|
|t:|1728611853
|move|p1a: Boy|Brick Break|p2a: Snorlax
|-supereffective|p2a: Snorlax
|-damage|p2a: Snorlax|45/100
|move|p2a: Snorlax|Curse|p2a: Snorlax
|-unboost|p2a: Snorlax|spe|1
|-boost|p2a: Snorlax|atk|1
|-boost|p2a: Snorlax|def|1
|
|upkeep
|turn|3
|
|t:|1728611876
|switch|p1a: Spiker|Skarmory, M|100/100
|move|p2a: Snorlax|Shadow Ball|p1a: Spiker
|-resisted|p1a: Spiker
|-damage|p1a: Spiker|87/100
|
|-heal|p1a: Spiker|93/100|[from] item: Leftovers
|upkeep
|turn|4
|inactive|go-go-zeppeli-1890 has 270 seconds left.
|
|t:|1728611911
|move|p2a: Snorlax|Brick Break|p1a: Spiker
|-damage|p1a: Spiker|66/100
|move|p1a: Spiker|Roar|p2a: Snorlax
|drag|p2a: Electrode|Electrode|100/100
|
|-heal|p1a: Spiker|72/100|[from] item: Leftovers
|upkeep
|turn|5
|
|t:|1728611923
|move|p1a: Spiker|Protect|p1a: Spiker
|-singleturn|p1a: Spiker|Protect
|move|p2a: Electrode|Thunderbolt|p1a: Spiker
|-activate|p1a: Spiker|Protect
|
|-heal|p1a: Spiker|78/100|[from] item: Leftovers
|upkeep
|turn|6
|
|t:|1728611931
|switch|p2a: Snorlax|Snorlax, M|45/100
|switch|p1a: All Seeing|Claydol, shiny|100/100
|
|upkeep
|turn|7
|inactive|go-go-zeppeli-1890 has 270 seconds left.
|
|t:|1728611943
|switch|p1a: Spiker|Skarmory, M|78/100
|move|p2a: Snorlax|Shadow Ball|p1a: Spiker
|-resisted|p1a: Spiker
|-damage|p1a: Spiker|68/100
|-unboost|p1a: Spiker|spd|1
|
|-heal|p1a: Spiker|74/100|[from] item: Leftovers
|upkeep
|turn|8
|inactive|go-go-zeppeli-1890 has 270 seconds left.
|
|t:|1728611956
|switch|p2a: Zapdos|Zapdos|100/100
|move|p1a: Spiker|Spikes|p2a: Zapdos
|-sidestart|p2: go-go-zeppeli-1890|Spikes
|
|-heal|p1a: Spiker|80/100|[from] item: Leftovers
|upkeep
|turn|9
|
|t:|1728611961
|move|p1a: Spiker|Protect|p1a: Spiker
|-singleturn|p1a: Spiker|Protect
|move|p2a: Zapdos|Thunderbolt|p1a: Spiker
|-activate|p1a: Spiker|Protect
|
|-heal|p1a: Spiker|86/100|[from] item: Leftovers
|upkeep
|turn|10
|
|t:|1728611968
|switch|p1a: All Seeing|Claydol, shiny|100/100
|move|p2a: Zapdos|Hidden Power|p1a: All Seeing
|-supereffective|p1a: All Seeing
|-damage|p1a: All Seeing|57/100
|
|-heal|p1a: All Seeing|63/100|[from] item: Leftovers
|upkeep
|turn|11
|
|t:|1728611993
|move|p2a: Zapdos|Hidden Power|p1a: All Seeing
|-supereffective|p1a: All Seeing
|-damage|p1a: All Seeing|12/100
|move|p1a: All Seeing|Psychic|p2a: Zapdos
|-damage|p2a: Zapdos|74/100
|-unboost|p2a: Zapdos|spd|1
|
|-heal|p2a: Zapdos|80/100|[from] item: Leftovers
|-heal|p1a: All Seeing|18/100|[from] item: Leftovers
|upkeep
|turn|12
|
|t:|1728612009
|switch|p1a: Boom|Blissey, F|100/100
|move|p2a: Zapdos|Hidden Power|p1a: Boom
|-damage|p1a: Boom|89/100
|
|-heal|p2a: Zapdos|86/100|[from] item: Leftovers
|-heal|p1a: Boom|95/100|[from] item: Leftovers
|upkeep
|turn|13
|
|t:|1728612021
|switch|p2a: Snorlax|Snorlax, M|45/100
|-damage|p2a: Snorlax|32/100|[from] Spikes
|move|p1a: Boom|Thunderbolt|p2a: Snorlax
|-crit|p2a: Snorlax
|-damage|p2a: Snorlax|0 fnt
|faint|p2a: Snorlax
|
|t:|1728612032
|switch|p2a: Metagross|Metagross|100/100
|-damage|p2a: Metagross|88/100|[from] Spikes
|
|-heal|p1a: Boom|100/100|[from] item: Leftovers
|upkeep
|turn|14
|
|t:|1728612042
|switch|p1a: Spiker|Skarmory, M|86/100
|move|p2a: Metagross|Meteor Mash|p1a: Spiker
|-resisted|p1a: Spiker
|-damage|p1a: Spiker|50/100
|
|-heal|p1a: Spiker|56/100|[from] item: Leftovers
|upkeep
|turn|15
|
|t:|1728612051
|move|p1a: Spiker|Protect|p1a: Spiker
|-singleturn|p1a: Spiker|Protect
|move|p2a: Metagross|Meteor Mash|p1a: Spiker|[miss]
|-miss|p2a: Metagross|p1a: Spiker
|
|-heal|p1a: Spiker|62/100|[from] item: Leftovers
|upkeep
|turn|16
|
|t:|1728612057
|move|p2a: Metagross|Meteor Mash|p1a: Spiker
|-resisted|p1a: Spiker
|-damage|p1a: Spiker|28/100
|move|p1a: Spiker|Roar|p2a: Metagross
|drag|p2a: Heracross|Heracross, F|100/100
|-damage|p2a: Heracross|88/100|[from] Spikes
|
|-heal|p1a: Spiker|34/100|[from] item: Leftovers
|upkeep
|turn|17
|
|t:|1728612076
|move|p2a: Heracross|Swords Dance|p2a: Heracross
|-boost|p2a: Heracross|atk|2
|move|p1a: Spiker|Roar|p2a: Heracross
|drag|p2a: Zapdos|Zapdos|86/100
|
|-heal|p2a: Zapdos|92/100|[from] item: Leftovers
|-heal|p1a: Spiker|40/100|[from] item: Leftovers
|upkeep
|turn|18
|
|t:|1728612084
|move|p1a: Spiker|Protect|p1a: Spiker
|-singleturn|p1a: Spiker|Protect
|move|p2a: Zapdos|Thunderbolt|p1a: Spiker
|-activate|p1a: Spiker|Protect
|
|-heal|p2a: Zapdos|98/100|[from] item: Leftovers
|-heal|p1a: Spiker|46/100|[from] item: Leftovers
|upkeep
|turn|19
|
|t:|1728612093
|switch|p1a: Boom|Blissey, F|100/100
|move|p2a: Zapdos|Thunderbolt|p1a: Boom
|-damage|p1a: Boom|77/100
|
|-heal|p2a: Zapdos|100/100|[from] item: Leftovers
|-heal|p1a: Boom|83/100|[from] item: Leftovers
|upkeep
|turn|20
|
|t:|1728612118
|switch|p2a: Metagross|Metagross|88/100
|-damage|p2a: Metagross|76/100|[from] Spikes
|move|p1a: Boom|Sing|p2a: Metagross|[miss]
|-miss|p1a: Boom|p2a: Metagross
|
|-heal|p1a: Boom|90/100|[from] item: Leftovers
|upkeep
|turn|21
|
|t:|1728612129
|switch|p1a: Spiker|Skarmory, M|46/100
|move|p2a: Metagross|Meteor Mash|p1a: Spiker
|-resisted|p1a: Spiker
|-damage|p1a: Spiker|11/100
|
|-heal|p1a: Spiker|17/100|[from] item: Leftovers
|upkeep
|turn|22
|
|t:|1728612137
|move|p1a: Spiker|Protect|p1a: Spiker
|-singleturn|p1a: Spiker|Protect
|move|p2a: Metagross|Meteor Mash|p1a: Spiker
|-activate|p1a: Spiker|Protect
|
|-heal|p1a: Spiker|23/100|[from] item: Leftovers
|upkeep
|turn|23
|inactive|ShotoNC has 270 seconds left.
|
|t:|1728612164
|switch|p1a: Meta|Metagross, shiny|100/100
|move|p2a: Metagross|Meteor Mash|p1a: Meta
|-resisted|p1a: Meta
|-damage|p1a: Meta|71/100
|
|-heal|p1a: Meta|77/100|[from] item: Leftovers
|upkeep
|turn|24
|inactive|ShotoNC has 270 seconds left.
|inactive|ShotoNC has 240 seconds left.
|inactive|go-go-zeppeli-1890 has 270 seconds left.
|
|t:|1728612204
|switch|p2a: Zapdos|Zapdos|100/100
|move|p1a: Meta|Earthquake|p2a: Zapdos
|-immune|p2a: Zapdos
|
|-heal|p1a: Meta|83/100|[from] item: Leftovers
|upkeep
|turn|25
|inactive|go-go-zeppeli-1890 has 270 seconds left.
|
|t:|1728612213
|move|p1a: Meta|Protect|p1a: Meta
|-singleturn|p1a: Meta|Protect
|move|p2a: Zapdos|Thunderbolt|p1a: Meta
|-activate|p1a: Meta|Protect
|
|-heal|p1a: Meta|89/100|[from] item: Leftovers
|upkeep
|turn|26
|inactive|go-go-zeppeli-1890 has 270 seconds left.
|inactive|ShotoNC has 240 seconds left.
|
|t:|1728612250
|switch|p1a: Boom|Blissey, F|90/100
|move|p2a: Zapdos|Thunderbolt|p1a: Boom
|-damage|p1a: Boom|66/100
|
|-heal|p1a: Boom|73/100|[from] item: Leftovers
|upkeep
|turn|27
|inactive|ShotoNC has 240 seconds left.
|inactive|go-go-zeppeli-1890 has 240 seconds left.
|
|t:|1728612268
|move|p2a: Zapdos|Thunderbolt|p1a: Boom
|-damage|p1a: Boom|51/100
|move|p1a: Boom|Sing|p2a: Zapdos
|-status|p2a: Zapdos|slp|[from] move: Sing
|
|-heal|p1a: Boom|57/100|[from] item: Leftovers
|upkeep
|turn|28
|
|t:|1728612276
|switch|p2a: Heracross|Heracross, F|88/100
|-damage|p2a: Heracross|76/100|[from] Spikes
|move|p1a: Boom|Ice Beam|p2a: Heracross
|-damage|p2a: Heracross|47/100
|
|-heal|p1a: Boom|63/100|[from] item: Leftovers
|upkeep
|turn|29
|
|t:|1728612286
|switch|p1a: Spiker|Skarmory, M|23/100
|move|p2a: Heracross|Swords Dance|p2a: Heracross
|-boost|p2a: Heracross|atk|2
|
|-heal|p1a: Spiker|29/100|[from] item: Leftovers
|upkeep
|turn|30
|inactive|go-go-zeppeli-1890 has 240 seconds left.
|
|t:|1728612315
|move|p2a: Heracross|Reversal|p1a: Spiker
|-damage|p1a: Spiker|0 fnt
|faint|p1a: Spiker
|
|t:|1728612320
|switch|p1a: Boy|Salamence, F|100/100
|-ability|p1a: Boy|Intimidate|boost
|-unboost|p2a: Heracross|atk|1
|
|upkeep
|turn|31
|inactive|go-go-zeppeli-1890 has 240 seconds left.
|inactive|ShotoNC has 240 seconds left.
|inactive|go-go-zeppeli-1890 has 210 seconds left.
|
|t:|1728612393
|move|p2a: Heracross|Endure|p2a: Heracross
|-singleturn|p2a: Heracross|move: Endure
|move|p1a: Boy|Fire Blast|p2a: Heracross|[miss]
|-miss|p1a: Boy|p2a: Heracross
|
|upkeep
|turn|32
|inactive|ShotoNC has 240 seconds left.
|
|t:|1728612417
|switch|p1a: Go|Tyranitar, F, shiny|100/100
|-weather|Sandstorm|[from] ability: Sand Stream|[of] p1a: Go
|switch|p2a: Zapdos|Zapdos|100/100 slp
|
|-weather|Sandstorm|[upkeep]
|-damage|p2a: Zapdos|94/100 slp|[from] Sandstorm
|-heal|p2a: Zapdos|100/100 slp|[from] item: Leftovers
|upkeep
|turn|33
|
|t:|1728612428
|cant|p2a: Zapdos|slp
|move|p1a: Go|Dragon Dance|p1a: Go
|-boost|p1a: Go|atk|1
|-boost|p1a: Go|spe|1
|
|-weather|Sandstorm|[upkeep]
|-damage|p2a: Zapdos|94/100 slp|[from] Sandstorm
|-heal|p2a: Zapdos|100/100 slp|[from] item: Leftovers
|upkeep
|turn|34
|
|t:|1728612443
|switch|p2a: Metagross|Metagross|76/100
|-damage|p2a: Metagross|64/100|[from] Spikes
|move|p1a: Go|Rock Slide|p2a: Metagross|[miss]
|-miss|p1a: Go|p2a: Metagross
|
|-weather|Sandstorm|[upkeep]
|upkeep
|turn|35
|inactive|go-go-zeppeli-1890 has 210 seconds left.
|inactive|go-go-zeppeli-1890 has 180 seconds left.
|
|t:|1728612493
|move|p1a: Go|Earthquake|p2a: Metagross
|-supereffective|p2a: Metagross
|-damage|p2a: Metagross|0 fnt
|faint|p2a: Metagross
|
|t:|1728612500
|switch|p2a: Electrode|Electrode|100/100
|-damage|p2a: Electrode|88/100|[from] Spikes
|
|-weather|Sandstorm|[upkeep]
|-damage|p2a: Electrode|82/100|[from] Sandstorm
|upkeep
|turn|36
|inactive|ShotoNC has 240 seconds left.
|
|t:|1728612506
|move|p2a: Electrode|Rain Dance|p2a: Electrode
|-weather|RainDance
|move|p1a: Go|Earthquake|p2a: Electrode
|-supereffective|p2a: Electrode
|-damage|p2a: Electrode|0 fnt
|faint|p2a: Electrode
|inactive|go-go-zeppeli-1890 has 180 seconds left.
|
|t:|1728612543
|switch|p2a: Kingdra|Kingdra, M|100/100
|-damage|p2a: Kingdra|88/100|[from] Spikes
|
|-weather|RainDance|[upkeep]
|-heal|p2a: Kingdra|94/100|[from] item: Leftovers
|upkeep
|turn|37
|
|t:|1728612557
|switch|p1a: Boom|Blissey, F|63/100
|move|p2a: Kingdra|Surf|p1a: Boom
|-damage|p1a: Boom|38/100
|
|-weather|RainDance|[upkeep]
|-heal|p2a: Kingdra|100/100|[from] item: Leftovers
|-heal|p1a: Boom|45/100|[from] item: Leftovers
|upkeep
|turn|38
|
|t:|1728612577
|switch|p2a: Heracross|Heracross, F|47/100
|-damage|p2a: Heracross|35/100|[from] Spikes
|move|p1a: Boom|Soft-Boiled|p1a: Boom
|-heal|p1a: Boom|95/100
|
|-weather|RainDance|[upkeep]
|-heal|p1a: Boom|100/100|[from] item: Leftovers
|upkeep
|turn|39
|inactive|ShotoNC has 240 seconds left.
|
|t:|1728612592
|switch|p1a: Boy|Salamence, F|100/100
|-ability|p1a: Boy|Intimidate|boost
|-unboost|p2a: Heracross|atk|1
|move|p2a: Heracross|Swords Dance|p2a: Heracross
|-boost|p2a: Heracross|atk|2
|
|-weather|RainDance|[upkeep]
|upkeep
|turn|40
|
|t:|1728612602
|move|p2a: Heracross|Endure|p2a: Heracross
|-singleturn|p2a: Heracross|move: Endure
|move|p1a: Boy|Fire Blast|p2a: Heracross
|-supereffective|p2a: Heracross
|-activate|p2a: Heracross|move: Endure
|-damage|p2a: Heracross|1/100
|
|-weather|none
|-enditem|p2a: Heracross|Salac Berry|[eat]
|-boost|p2a: Heracross|spe|1|[from] item: Salac Berry
|upkeep
|turn|41
|
|t:|1728612629
|switch|p1a: All Seeing|Claydol, shiny|18/100
|move|p2a: Heracross|Reversal|p1a: All Seeing
|-resisted|p1a: All Seeing
|-damage|p1a: All Seeing|0 fnt
|faint|p1a: All Seeing
|
|t:|1728612634
|switch|p1a: Go|Tyranitar, F, shiny|100/100
|-weather|Sandstorm|[from] ability: Sand Stream|[of] p1a: Go
|
|-weather|Sandstorm|[upkeep]
|-damage|p2a: Heracross|0 fnt|[from] Sandstorm
|faint|p2a: Heracross
|upkeep
|
|t:|1728612639
|switch|p2a: Zapdos|Zapdos|100/100 slp
|turn|42
|c|☆go-go-zeppeli-1890|gg
|
|t:|1728612644
|cant|p2a: Zapdos|slp
|move|p1a: Go|Rock Slide|p2a: Zapdos
|-supereffective|p2a: Zapdos
|-damage|p2a: Zapdos|19/100 slp
|
|-weather|Sandstorm|[upkeep]
|-damage|p2a: Zapdos|13/100 slp|[from] Sandstorm
|-heal|p2a: Zapdos|19/100 slp|[from] item: Leftovers
|upkeep
|turn|43
|c|☆ShotoNC|gg
|inactive|ShotoNC has 270 seconds left.
|
|t:|1728612651
|cant|p2a: Zapdos|slp
|move|p1a: Go|Rock Slide|p2a: Zapdos
|-supereffective|p2a: Zapdos
|-damage|p2a: Zapdos|0 fnt
|faint|p2a: Zapdos
|
|t:|1728612654
|switch|p2a: Kingdra|Kingdra, M|100/100
|-damage|p2a: Kingdra|88/100|[from] Spikes
|
|-weather|Sandstorm|[upkeep]
|-damage|p2a: Kingdra|82/100|[from] Sandstorm
|-heal|p2a: Kingdra|88/100|[from] item: Leftovers
|upkeep
|turn|44
|
|t:|1728612659
|switch|p1a: Boom|Blissey, F|100/100
|move|p2a: Kingdra|Rain Dance|p2a: Kingdra
|-weather|RainDance
|
|-weather|RainDance|[upkeep]
|-heal|p2a: Kingdra|94/100|[from] item: Leftovers
|upkeep
|turn|45
|
|t:|1728612665
|move|p2a: Kingdra|Ice Beam|p1a: Boom
|-damage|p1a: Boom|89/100
|move|p1a: Boom|Thunderbolt|p2a: Kingdra
|-crit|p2a: Kingdra
|-damage|p2a: Kingdra|39/100
|
|-weather|RainDance|[upkeep]
|-heal|p2a: Kingdra|45/100|[from] item: Leftovers
|-heal|p1a: Boom|95/100|[from] item: Leftovers
|upkeep
|turn|46
|c|☆go-go-zeppeli-1890|just gotta freeze you 5 times
|
|t:|1728612671
|move|p2a: Kingdra|Ice Beam|p1a: Boom
|-damage|p1a: Boom|83/100
|-status|p1a: Boom|frz
|cant|p1a: Boom|frz
|
|-weather|RainDance|[upkeep]
|-heal|p2a: Kingdra|52/100|[from] item: Leftovers
|-heal|p1a: Boom|89/100 frz|[from] item: Leftovers
|upkeep
|turn|47
|
|t:|1728612677
|-curestatus|p1a: Boom|frz|[from] ability: Natural Cure
|switch|p1a: Go|Tyranitar, F, shiny|100/100
|-weather|Sandstorm|[from] ability: Sand Stream|[of] p1a: Go
|move|p2a: Kingdra|Surf|p1a: Go
|-supereffective|p1a: Go
|-damage|p1a: Go|25/100
|
|-weather|Sandstorm|[upkeep]
|-damage|p2a: Kingdra|45/100|[from] Sandstorm
|-heal|p2a: Kingdra|52/100|[from] item: Leftovers
|-heal|p1a: Go|31/100|[from] item: Leftovers
|upkeep
|turn|48
|
|t:|1728612680
|switch|p1a: Boom|Blissey, F|89/100
|move|p2a: Kingdra|Surf|p1a: Boom
|-damage|p1a: Boom|71/100
|
|-weather|Sandstorm|[upkeep]
|-damage|p2a: Kingdra|45/100|[from] Sandstorm
|-damage|p1a: Boom|65/100|[from] Sandstorm
|-heal|p2a: Kingdra|52/100|[from] item: Leftovers
|-heal|p1a: Boom|71/100|[from] item: Leftovers
|upkeep
|turn|49
|
|t:|1728612682
|move|p2a: Kingdra|Ice Beam|p1a: Boom
|-damage|p1a: Boom|59/100
|move|p1a: Boom|Thunderbolt|p2a: Kingdra
|-damage|p2a: Kingdra|22/100
|
|-weather|Sandstorm|[upkeep]
|-damage|p2a: Kingdra|16/100|[from] Sandstorm
|-damage|p1a: Boom|53/100|[from] Sandstorm
|-heal|p2a: Kingdra|22/100|[from] item: Leftovers
|-heal|p1a: Boom|59/100|[from] item: Leftovers
|upkeep
|turn|50
|
|t:|1728612684
|move|p2a: Kingdra|Ice Beam|p1a: Boom
|-damage|p1a: Boom|48/100
|move|p1a: Boom|Thunderbolt|p2a: Kingdra
|-damage|p2a: Kingdra|0 fnt
|faint|p2a: Kingdra
|
|win|ShotoNC
|c|☆go-go-zeppeli-1890|damn gg
|c|☆ShotoNC|gg
|player|p2|

</script>
<script type="application/json" class="data" id="replaydata-smogtours-gen3ou-797111">
{"id":"smogtours-gen3ou-797111","format":"[Gen 3] OU","players":["ShotoNC","go-go-zeppeli-1890"],"uploadtime":1728612684,"views":120,"formatid":"gen3ou","rating":null,"private":0,"password":null}
</script>

<script defer src="js/replays.js?9d40a366"></script>
