<!DOCTYPE html>
<meta charset="utf-8" />
<meta name="viewport" content="width=device-width" />

<title>[Gen 3] OU: triangles vs. Blaniom - Replays - Pok&eacute;mon Showdown!</title>

<meta name="description" content="Watch a replay of a Pok&eacute;mon battle between triangles and Blaniom! Format: [Gen 3] OU; Date: Nov 4, 2024" />
<!--

Hey, you! Looking in the source for the replay log?

You can find them in JSON format, just add `.json` at the end of a replay URL.

https://replay.pokemonshowdown.com/gen7randomdoublesbattle-865046831.json

Or, if you only need the log itself, add `.log` instead:

https://replay.pokemonshowdown.com/gen7randomdoublesbattle-865046831.log

-->

<link rel="stylesheet" href="//pokemonshowdown.com/style/global.css?0.023195364461161105" />
<link rel="stylesheet" href="//play.pokemonshowdown.com/style/font-awesome.css?0.13261647063804238" />
<link rel="stylesheet" href="//play.pokemonshowdown.com/style/battle.css?0.8753245789963631" />
<link rel="stylesheet" href="//play.pokemonshowdown.com/style/utilichart.css?0.8627959624976733" />

<!-- Global site tag (gtag.js) - Google Analytics -->
<script async src="https://www.googletagmanager.com/gtag/js?id=UA-26211653-1"></script>
<script>
  window.dataLayer = window.dataLayer || [];
  function gtag(){dataLayer.push(arguments);}
  gtag('js', new Date());

  gtag('config', 'UA-26211653-1');
</script>
<!-- End Google Analytics -->
<!-- Venatus Ad Manager - Install in <HEAD> of page -->
	<script src="https://hb.vntsm.com/v3/live/ad-manager.min.js" type="text/javascript" data-site-id="642aba63ec9a7b11c3c9c1be" data-mode="scan" async></script>
<!-- / Venatus Ad Manager -->

<style>
	@media (max-width:820px) {
		.battle {
			margin: 0 auto;
		}
		.battle-log {
			margin: 7px auto 0;
			max-width: 640px;
			height: 300px;
			position: static;
		}
	}
	.optgroup {
		display: inline-block;
		line-height: 22px;
		font-size: 10pt;
	}
	.optgroup .button {
		height: 25px;
		padding-top: 0;
		padding-bottom: 0;
	}
	.optgroup button.button {
		padding-left: 12px;
		padding-right: 12px;
	}
	.linklist {
		list-style: none;
		margin: 0.5em 0;
		padding: 0;
	}
	.linklist li {
		padding: 2px 0;
	}
	.sidebar {
		float: left;
		width: 320px;
	}
	.bar-wrapper {
		max-width: 1100px;
		margin: 0 auto;
	}
	.bar-wrapper.has-sidebar {
		max-width: 1430px;
	}
	.mainbar {
		margin: 0;
		padding-right: 1px;
	}
	.mainbar.has-sidebar {
		margin-left: 330px;
	}
	@media (min-width: 1511px) {
		.sidebar {
			width: 400px;
		}
		.bar-wrapper.has-sidebar {
			max-width: 1510px;
		}
		.mainbar.has-sidebar {
			margin-left: 410px;
		}
	}
	.section.first-section {
		margin-top: 9px;
	}
	.blocklink small {
		white-space: normal;
	}
	.button {
		vertical-align: middle;
	}
	.replay-controls {
		padding-top: 10px;
	}
	.replay-controls h1 {
		font-size: 16pt;
		font-weight: normal;
		color: #CCC;
	}
	.pagelink {
		text-align: center;
	}
	.pagelink a {
		width: 150px;
	}
	.textbox, .button {
		font-size: 11pt;
		vertical-align: middle;
	}
	@media (max-width: 450px) {
		.button {
			font-size: 9pt;
		}
	}
</style>

<div>

	<header>
		<div class="nav-wrapper"><ul class="nav">
			<li><a class="button nav-first" href="//pokemonshowdown.com/"><img src="//pokemonshowdown.com/images/pokemonshowdownbeta.png" srcset="//pokemonshowdown.com/images/pokemonshowdownbeta.png 1x, //pokemonshowdown.com/images/pokemonshowdownbeta@2x.png 2x" alt="Pok&eacute;mon Showdown" width="146" height="44" /> Home</a></li>
			<li><a class="button" href="//pokemonshowdown.com/dex/">Pok&eacute;dex</a></li>
			<li><a class="button cur" href="/">Replays</a></li>
			<li><a class="button" href="//pokemonshowdown.com/ladder/">Ladder</a></li>
			<li><a class="button nav-last" href="//pokemonshowdown.com/forums/">Forum</a></li>
			<li><a class="button greenbutton nav-first nav-last" href="//play.pokemonshowdown.com/">Play</a></li>
		</ul></div>
	</header>

	<div class="main" id="main">

		<noscript><section class="section">You need to enable JavaScript to use this page; sorry!</section></noscript>

	</div>

</div>

<script defer nomodule src="//play.pokemonshowdown.com/js/lib/ps-polyfill.js"></script>
<script defer src="//play.pokemonshowdown.com/js/lib/preact.min.js"></script>

<script defer src="//play.pokemonshowdown.com/config/config.js?2bddbc15"></script>
<script defer src="//play.pokemonshowdown.com/js/lib/jquery-1.11.0.min.js"></script>
<script defer src="//play.pokemonshowdown.com/js/lib/html-sanitizer-minified.js"></script>
<script defer src="//play.pokemonshowdown.com/js/battle-sound.js"></script>
<script defer src="//play.pokemonshowdown.com/js/battledata.js?0.7209276989879541"></script>
<script defer src="//play.pokemonshowdown.com/data/pokedex-mini.js?0.6111056340867951"></script>
<script defer src="//play.pokemonshowdown.com/data/pokedex-mini-bw.js?0.3532142036491459"></script>
<script defer src="//play.pokemonshowdown.com/data/graphics.js?0.24223875632456182"></script>
<script defer src="//play.pokemonshowdown.com/data/pokedex.js?0.38839984266356864"></script>
<script defer src="//play.pokemonshowdown.com/data/moves.js?0.21866028504024015"></script>
<script defer src="//play.pokemonshowdown.com/data/abilities.js?0.2005157953846628"></script>
<script defer src="//play.pokemonshowdown.com/data/items.js?0.9894211263848525"></script>
<script defer src="//play.pokemonshowdown.com/data/teambuilder-tables.js?0.6008791140282215"></script>
<script defer src="//play.pokemonshowdown.com/js/battle-tooltips.js?0.7580118955022959"></script>
<script defer src="//play.pokemonshowdown.com/js/battle.js?0.6057722274234274"></script>

<script defer src="js/utils.js?e31f9a17"></script>
<script defer src="js/replays-battle.js?7008c182"></script>

<!-- don't scrape this data! just add .json or .log after the URL!
Full API docs: https://github.com/smogon/pokemon-showdown-client/blob/master/WEB-API.md -->
<script type="text/plain" class="log" id="replaylog-smogtours-gen3ou-804744">
|inactive|Battle timer is ON: inactive players will automatically lose when time's up.
|t:|1730727367
|gametype|singles
|player|p1|triangles|lucas|
|player|p2|Blaniom|clerkf|
|teamsize|p1|6
|teamsize|p2|6
|gen|3
|tier|[Gen 3] OU
|rule|Sleep Clause Mod: Limit one foe put to sleep
|rule|Switch Priority Clause Mod: Faster Pokémon switch first
|rule|Species Clause: Limit one of each Pokémon
|rule|OHKO Clause: OHKO moves are banned
|rule|Evasion Items Clause: Evasion items are banned
|rule|Evasion Moves Clause: Evasion moves are banned
|rule|Endless Battle Clause: Forcing endless battles is banned
|rule|HP Percentage Mod: HP is shown in percentages
|rule|One Boost Passer Clause: Limit one Baton Passer that has a way to boost its stats
|rule|Freeze Clause Mod: Limit one foe frozen
|
|t:|1730727367
|start
|switch|p1a: Celebi|Celebi|100/100
|switch|p2a: Hariyama|Hariyama, F|100/100
|turn|1
|c|☆Blaniom|gl
|c|☆triangles|hf
|
|t:|1730727393
|move|p1a: Celebi|Psychic|p2a: Hariyama
|-supereffective|p2a: Hariyama
|-damage|p2a: Hariyama|52/100
|move|p2a: Hariyama|Knock Off|p1a: Celebi
|-supereffective|p1a: Celebi
|-damage|p1a: Celebi|96/100
|-enditem|p1a: Celebi|Leftovers|[from] move: Knock Off|[of] p2a: Hariyama
|-hint|In Gens 3-4, Knock Off only makes the target's item unusable; it cannot obtain a new item.
|
|-heal|p2a: Hariyama|58/100|[from] item: Leftovers
|upkeep
|turn|2
|
|t:|1730727410
|switch|p1a: Skarmory|Skarmory, M, shiny|100/100
|switch|p2a: Celebi|Celebi|100/100
|
|upkeep
|turn|3
|
|t:|1730727415
|move|p2a: Celebi|Leech Seed|p1a: Skarmory
|-start|p1a: Skarmory|move: Leech Seed
|move|p1a: Skarmory|Spikes|p2a: Celebi
|-sidestart|p2: Blaniom|Spikes
|
|-damage|p1a: Skarmory|88/100|[from] Leech Seed|[of] p2a: Celebi
|upkeep
|turn|4
|
|t:|1730727419
|switch|p2a: Forretress|Forretress, F|100/100
|-damage|p2a: Forretress|88/100|[from] Spikes
|switch|p1a: Celebi|Celebi|96/100
|
|-heal|p2a: Forretress|94/100|[from] item: Leftovers
|upkeep
|turn|5
|
|t:|1730727429
|switch|p1a: Magneton|Magneton, shiny|100/100
|switch|p2a: Zapdos|Zapdos|100/100
|
|upkeep
|turn|6
|
|t:|1730727434
|switch|p2a: Dugtrio|Dugtrio, F|100/100
|-damage|p2a: Dugtrio|88/100|[from] Spikes
|switch|p1a: Celebi|Celebi|96/100
|
|upkeep
|turn|7
|
|t:|1730727440
|switch|p2a: Celebi|Celebi|100/100
|-damage|p2a: Celebi|88/100|[from] Spikes
|move|p1a: Celebi|Psychic|p2a: Celebi
|-resisted|p2a: Celebi
|-damage|p2a: Celebi|79/100
|
|-heal|p2a: Celebi|85/100|[from] item: Leftovers
|upkeep
|turn|8
|
|t:|1730727454
|switch|p1a: Skarmory|Skarmory, M, shiny|88/100
|move|p2a: Celebi|Substitute|p2a: Celebi
|-start|p2a: Celebi|Substitute
|-damage|p2a: Celebi|60/100
|
|-heal|p2a: Celebi|66/100|[from] item: Leftovers
|-heal|p1a: Skarmory|94/100|[from] item: Leftovers
|upkeep
|turn|9
|
|t:|1730727457
|move|p2a: Celebi|Leech Seed|p1a: Skarmory
|-start|p1a: Skarmory|move: Leech Seed
|move|p1a: Skarmory|Roar|p2a: Celebi
|drag|p2a: Hariyama|Hariyama, F|58/100
|-damage|p2a: Hariyama|46/100|[from] Spikes
|
|-heal|p1a: Skarmory|99/100|[from] item: Leftovers
|-damage|p1a: Skarmory|88/100|[from] Leech Seed|[of] p2a: Hariyama
|-heal|p2a: Hariyama|54/100|[silent]
|-heal|p2a: Hariyama|60/100|[from] item: Leftovers
|upkeep
|turn|10
|
|t:|1730727463
|switch|p1a: Celebi|Celebi|96/100
|move|p2a: Hariyama|Knock Off|p1a: Celebi
|-supereffective|p1a: Celebi
|-damage|p1a: Celebi|92/100
|
|-heal|p2a: Hariyama|66/100|[from] item: Leftovers
|upkeep
|turn|11
|
|t:|1730727469
|switch|p1a: Skarmory|Skarmory, M, shiny|88/100
|switch|p2a: Zapdos|Zapdos|100/100
|
|-heal|p1a: Skarmory|94/100|[from] item: Leftovers
|upkeep
|turn|12
|
|t:|1730727486
|move|p1a: Skarmory|Protect|p1a: Skarmory
|-singleturn|p1a: Skarmory|Protect
|move|p2a: Zapdos|Thunderbolt|p1a: Skarmory
|-activate|p1a: Skarmory|Protect
|
|-heal|p1a: Skarmory|99/100|[from] item: Leftovers
|upkeep
|turn|13
|
|t:|1730727490
|switch|p1a: Celebi|Celebi|92/100
|move|p2a: Zapdos|Thunderbolt|p1a: Celebi
|-resisted|p1a: Celebi
|-crit|p1a: Celebi
|-damage|p1a: Celebi|57/100
|
|upkeep
|turn|14
|
|t:|1730727493
|move|p2a: Zapdos|Toxic|p1a: Celebi
|-status|p1a: Celebi|tox
|move|p1a: Celebi|Recover|p1a: Celebi
|-heal|p1a: Celebi|100/100 tox
|
|-damage|p1a: Celebi|94/100 tox|[from] psn
|upkeep
|turn|15
|
|t:|1730727498
|move|p2a: Zapdos|Thunderbolt|p1a: Celebi
|-resisted|p1a: Celebi
|-damage|p1a: Celebi|79/100 tox
|move|p1a: Celebi|Heal Bell|p1a: Celebi
|-activate|p1a: Celebi|move: Heal Bell
|-curestatus|p1a: Celebi|tox|[silent]
|
|upkeep
|turn|16
|
|t:|1730727502
|move|p2a: Zapdos|Thunderbolt|p1a: Celebi
|-resisted|p1a: Celebi
|-crit|p1a: Celebi
|-damage|p1a: Celebi|44/100
|move|p1a: Celebi|Leech Seed|p2a: Zapdos
|-start|p2a: Zapdos|move: Leech Seed
|
|-damage|p2a: Zapdos|88/100|[from] Leech Seed|[of] p1a: Celebi
|-heal|p1a: Celebi|55/100|[silent]
|upkeep
|turn|17
|
|t:|1730727508
|switch|p1a: Magneton|Magneton, shiny|100/100
|move|p2a: Zapdos|Toxic|p1a: Magneton
|-immune|p1a: Magneton
|
|-heal|p2a: Zapdos|94/100|[from] item: Leftovers
|-damage|p2a: Zapdos|82/100|[from] Leech Seed|[of] p1a: Magneton
|upkeep
|turn|18
|
|t:|1730727513
|switch|p1a: Skarmory|Skarmory, M, shiny|99/100
|move|p2a: Zapdos|Protect||[still]
|-fail|p2a: Zapdos
|
|-heal|p2a: Zapdos|88/100|[from] item: Leftovers
|-damage|p2a: Zapdos|75/100|[from] Leech Seed|[of] p1a: Skarmory
|-heal|p1a: Skarmory|100/100|[silent]
|upkeep
|turn|19
|
|t:|1730727518
|switch|p2a: Forretress|Forretress, F|94/100
|-damage|p2a: Forretress|82/100|[from] Spikes
|switch|p1a: Celebi|Celebi|55/100
|
|-heal|p2a: Forretress|88/100|[from] item: Leftovers
|upkeep
|turn|20
|
|t:|1730727527
|move|p1a: Celebi|Recover|p1a: Celebi
|-heal|p1a: Celebi|100/100
|move|p2a: Forretress|Spikes|p1a: Celebi
|-sidestart|p1: triangles|Spikes
|
|-heal|p2a: Forretress|94/100|[from] item: Leftovers
|upkeep
|turn|21
|
|t:|1730727532
|switch|p1a: Magneton|Magneton, shiny|100/100
|-damage|p1a: Magneton|88/100|[from] Spikes
|move|p2a: Forretress|Earthquake|p1a: Magneton
|-supereffective|p1a: Magneton
|-damage|p1a: Magneton|0 fnt
|faint|p1a: Magneton
|
|t:|1730727537
|switch|p1a: Salamence|Salamence, F, shiny|100/100
|-ability|p1a: Salamence|Intimidate|boost
|-unboost|p2a: Forretress|atk|1
|
|-heal|p2a: Forretress|100/100|[from] item: Leftovers
|upkeep
|turn|22
|
|t:|1730727541
|switch|p2a: Blissey|Blissey, F|100/100
|-damage|p2a: Blissey|88/100|[from] Spikes
|move|p1a: Salamence|Dragon Dance|p1a: Salamence
|-boost|p1a: Salamence|atk|1
|-boost|p1a: Salamence|spe|1
|
|-heal|p2a: Blissey|94/100|[from] item: Leftovers
|upkeep
|turn|23
|
|t:|1730727554
|move|p1a: Salamence|Rock Slide|p2a: Blissey|[miss]
|-miss|p1a: Salamence|p2a: Blissey
|move|p2a: Blissey|Thunderbolt|p1a: Salamence
|-damage|p1a: Salamence|80/100
|
|-heal|p1a: Salamence|86/100|[from] item: Leftovers
|-heal|p2a: Blissey|99/100|[from] item: Leftovers
|upkeep
|turn|24
|
|t:|1730727580
|switch|p1a: Snorlax|Snorlax, M, shiny|100/100
|-damage|p1a: Snorlax|88/100|[from] Spikes
|move|p2a: Blissey|Ice Beam|p1a: Snorlax
|-crit|p1a: Snorlax
|-damage|p1a: Snorlax|69/100
|
|-heal|p2a: Blissey|100/100|[from] item: Leftovers
|-heal|p1a: Snorlax|75/100|[from] item: Leftovers
|upkeep
|turn|25
|
|t:|1730727587
|switch|p2a: Forretress|Forretress, F|100/100
|-damage|p2a: Forretress|88/100|[from] Spikes
|move|p1a: Snorlax|Curse|p1a: Snorlax
|-unboost|p1a: Snorlax|spe|1
|-boost|p1a: Snorlax|atk|1
|-boost|p1a: Snorlax|def|1
|
|-heal|p2a: Forretress|94/100|[from] item: Leftovers
|-heal|p1a: Snorlax|82/100|[from] item: Leftovers
|upkeep
|turn|26
|
|t:|1730727593
|move|p2a: Forretress|Rapid Spin|p1a: Snorlax
|-damage|p1a: Snorlax|79/100
|-sideend|p2: Blaniom|Spikes|[from] move: Rapid Spin|[of] p2a: Forretress
|move|p1a: Snorlax|Curse|p1a: Snorlax
|-unboost|p1a: Snorlax|spe|1
|-boost|p1a: Snorlax|atk|1
|-boost|p1a: Snorlax|def|1
|
|-heal|p2a: Forretress|100/100|[from] item: Leftovers
|-heal|p1a: Snorlax|85/100|[from] item: Leftovers
|upkeep
|turn|27
|
|t:|1730727601
|switch|p2a: Celebi|Celebi|66/100
|move|p1a: Snorlax|Body Slam|p2a: Celebi
|-damage|p2a: Celebi|6/100
|-status|p2a: Celebi|par
|
|-heal|p2a: Celebi|12/100 par|[from] item: Leftovers
|-heal|p1a: Snorlax|92/100|[from] item: Leftovers
|upkeep
|turn|28
|
|t:|1730727607
|move|p2a: Celebi|Leech Seed|p1a: Snorlax
|-start|p1a: Snorlax|move: Leech Seed
|move|p1a: Snorlax|Body Slam|p2a: Celebi
|-damage|p2a: Celebi|0 fnt
|faint|p2a: Celebi
|
|t:|1730727610
|switch|p2a: Hariyama|Hariyama, F|66/100
|
|-heal|p2a: Hariyama|72/100|[from] item: Leftovers
|-heal|p1a: Snorlax|98/100|[from] item: Leftovers
|-damage|p1a: Snorlax|85/100|[from] Leech Seed|[of] p2a: Hariyama
|-heal|p2a: Hariyama|85/100|[silent]
|upkeep
|turn|29
|
|t:|1730727615
|switch|p1a: Celebi|Celebi|100/100
|-damage|p1a: Celebi|88/100|[from] Spikes
|move|p2a: Hariyama|Whirlwind|p1a: Celebi
|drag|p1a: Salamence|Salamence, F, shiny|86/100
|-ability|p1a: Salamence|Intimidate|boost
|-unboost|p2a: Hariyama|atk|1
|
|-heal|p1a: Salamence|92/100|[from] item: Leftovers
|-heal|p2a: Hariyama|92/100|[from] item: Leftovers
|upkeep
|turn|30
|
|t:|1730727621
|switch|p2a: Blissey|Blissey, F|100/100
|move|p1a: Salamence|Hidden Power|p2a: Blissey
|-damage|p2a: Blissey|62/100
|
|-heal|p1a: Salamence|98/100|[from] item: Leftovers
|-heal|p2a: Blissey|68/100|[from] item: Leftovers
|upkeep
|turn|31
|
|t:|1730727646
|move|p1a: Salamence|Hidden Power|p2a: Blissey
|-damage|p2a: Blissey|34/100
|move|p2a: Blissey|Ice Beam|p1a: Salamence
|-supereffective|p1a: Salamence
|-damage|p1a: Salamence|12/100
|
|-heal|p1a: Salamence|19/100|[from] item: Leftovers
|-heal|p2a: Blissey|40/100|[from] item: Leftovers
|upkeep
|turn|32
|
|t:|1730727652
|switch|p1a: Snorlax|Snorlax, M, shiny|85/100
|-damage|p1a: Snorlax|73/100|[from] Spikes
|move|p2a: Blissey|Soft-Boiled|p2a: Blissey
|-heal|p2a: Blissey|90/100
|
|-heal|p2a: Blissey|97/100|[from] item: Leftovers
|-heal|p1a: Snorlax|79/100|[from] item: Leftovers
|upkeep
|turn|33
|
|t:|1730727655
|switch|p2a: Hariyama|Hariyama, F|92/100
|move|p1a: Snorlax|Body Slam|p2a: Hariyama
|-damage|p2a: Hariyama|60/100
|
|-heal|p2a: Hariyama|66/100|[from] item: Leftovers
|-heal|p1a: Snorlax|85/100|[from] item: Leftovers
|upkeep
|turn|34
|
|t:|1730727662
|switch|p1a: Skarmory|Skarmory, M, shiny|100/100
|move|p2a: Hariyama|Knock Off|p1a: Skarmory
|-resisted|p1a: Skarmory
|-damage|p1a: Skarmory|99/100
|-enditem|p1a: Skarmory|Leftovers|[from] move: Knock Off|[of] p2a: Hariyama
|
|-heal|p2a: Hariyama|72/100|[from] item: Leftovers
|upkeep
|turn|35
|
|t:|1730727667
|switch|p2a: Forretress|Forretress, F|100/100
|move|p1a: Skarmory|Spikes|p2a: Forretress
|-sidestart|p2: Blaniom|Spikes
|
|upkeep
|turn|36
|
|t:|1730727673
|switch|p1a: Salamence|Salamence, F, shiny|19/100
|-ability|p1a: Salamence|Intimidate|boost
|-unboost|p2a: Forretress|atk|1
|move|p2a: Forretress|Rapid Spin|p1a: Salamence
|-damage|p1a: Salamence|15/100
|-sideend|p2: Blaniom|Spikes|[from] move: Rapid Spin|[of] p2a: Forretress
|
|-heal|p1a: Salamence|21/100|[from] item: Leftovers
|upkeep
|turn|37
|
|t:|1730727678
|switch|p2a: Blissey|Blissey, F|97/100
|move|p1a: Salamence|Hidden Power|p2a: Blissey
|-damage|p2a: Blissey|60/100
|
|-heal|p1a: Salamence|28/100|[from] item: Leftovers
|-heal|p2a: Blissey|66/100|[from] item: Leftovers
|upkeep
|turn|38
|
|t:|1730727681
|switch|p1a: Snorlax|Snorlax, M, shiny|85/100
|-damage|p1a: Snorlax|73/100|[from] Spikes
|move|p2a: Blissey|Ice Beam|p1a: Snorlax
|-damage|p1a: Snorlax|63/100
|-status|p1a: Snorlax|frz
|
|-heal|p2a: Blissey|72/100|[from] item: Leftovers
|-heal|p1a: Snorlax|69/100 frz|[from] item: Leftovers
|upkeep
|turn|39
|
|t:|1730727686
|switch|p2a: Hariyama|Hariyama, F|72/100
|switch|p1a: Celebi|Celebi|88/100
|-damage|p1a: Celebi|76/100|[from] Spikes
|
|-heal|p2a: Hariyama|79/100|[from] item: Leftovers
|upkeep
|turn|40
|
|t:|1730727694
|switch|p2a: Zapdos|Zapdos|75/100
|move|p1a: Celebi|Heal Bell|p1a: Celebi
|-activate|p1a: Celebi|move: Heal Bell
|-curestatus|p1: Snorlax|frz|[silent]
|
|-heal|p2a: Zapdos|82/100|[from] item: Leftovers
|upkeep
|turn|41
|
|t:|1730727700
|move|p2a: Zapdos|Thunderbolt|p1a: Celebi
|-resisted|p1a: Celebi
|-damage|p1a: Celebi|59/100
|move|p1a: Celebi|Leech Seed|p2a: Zapdos|[miss]
|-miss|p1a: Celebi|p2a: Zapdos
|
|-heal|p2a: Zapdos|88/100|[from] item: Leftovers
|upkeep
|turn|42
|
|t:|1730727704
|move|p2a: Zapdos|Toxic|p1a: Celebi
|-status|p1a: Celebi|tox
|move|p1a: Celebi|Recover|p1a: Celebi
|-heal|p1a: Celebi|100/100 tox
|
|-heal|p2a: Zapdos|94/100|[from] item: Leftovers
|-damage|p1a: Celebi|94/100 tox|[from] psn
|upkeep
|turn|43
|
|t:|1730727712
|switch|p2a: Hariyama|Hariyama, F|79/100
|move|p1a: Celebi|Leech Seed|p2a: Hariyama
|-start|p2a: Hariyama|move: Leech Seed
|
|-damage|p1a: Celebi|82/100 tox|[from] psn
|-heal|p2a: Hariyama|85/100|[from] item: Leftovers
|-damage|p2a: Hariyama|72/100|[from] Leech Seed|[of] p1a: Celebi
|-heal|p1a: Celebi|97/100 tox|[silent]
|upkeep
|turn|44
|
|t:|1730727717
|-curestatus|p1a: Celebi|tox|[from] ability: Natural Cure
|switch|p1a: Salamence|Salamence, F, shiny|28/100
|-ability|p1a: Salamence|Intimidate|boost
|-unboost|p2a: Hariyama|atk|1
|switch|p2a: Zapdos|Zapdos|94/100
|
|-heal|p1a: Salamence|34/100|[from] item: Leftovers
|-heal|p2a: Zapdos|100/100|[from] item: Leftovers
|upkeep
|turn|45
|
|t:|1730727727
|switch|p1a: Celebi|Celebi|97/100
|-damage|p1a: Celebi|85/100|[from] Spikes
|move|p2a: Zapdos|Thunderbolt|p1a: Celebi
|-resisted|p1a: Celebi
|-damage|p1a: Celebi|68/100
|
|upkeep
|turn|46
|
|t:|1730727732
|move|p2a: Zapdos|Toxic|p1a: Celebi
|-status|p1a: Celebi|tox
|move|p1a: Celebi|Leech Seed|p2a: Zapdos
|-start|p2a: Zapdos|move: Leech Seed
|
|-damage|p2a: Zapdos|88/100|[from] Leech Seed|[of] p1a: Celebi
|-heal|p1a: Celebi|80/100 tox|[silent]
|-damage|p1a: Celebi|74/100 tox|[from] psn
|upkeep
|turn|47
|
|t:|1730727742
|switch|p2a: Blissey|Blissey, F|72/100
|move|p1a: Celebi|Psychic|p2a: Blissey
|-damage|p2a: Blissey|62/100
|
|-damage|p1a: Celebi|62/100 tox|[from] psn
|-heal|p2a: Blissey|68/100|[from] item: Leftovers
|upkeep
|turn|48
|
|t:|1730727749
|-curestatus|p1a: Celebi|tox|[from] ability: Natural Cure
|switch|p1a: Skarmory|Skarmory, M, shiny|99/100
|move|p2a: Blissey|Ice Beam|p1a: Skarmory
|-damage|p1a: Skarmory|82/100
|
|-heal|p2a: Blissey|74/100|[from] item: Leftovers
|upkeep
|turn|49
|
|t:|1730727755
|switch|p2a: Forretress|Forretress, F|100/100
|move|p1a: Skarmory|Spikes|p2a: Forretress
|-sidestart|p2: Blaniom|Spikes
|
|upkeep
|turn|50
|
|t:|1730727757
|switch|p1a: Salamence|Salamence, F, shiny|34/100
|-ability|p1a: Salamence|Intimidate|boost
|-unboost|p2a: Forretress|atk|1
|move|p2a: Forretress|Rapid Spin|p1a: Salamence
|-damage|p1a: Salamence|30/100
|-sideend|p2: Blaniom|Spikes|[from] move: Rapid Spin|[of] p2a: Forretress
|
|-heal|p1a: Salamence|36/100|[from] item: Leftovers
|upkeep
|turn|51
|
|t:|1730727765
|switch|p2a: Blissey|Blissey, F|74/100
|move|p1a: Salamence|Hidden Power|p2a: Blissey
|-damage|p2a: Blissey|37/100
|
|-heal|p1a: Salamence|43/100|[from] item: Leftovers
|-heal|p2a: Blissey|43/100|[from] item: Leftovers
|upkeep
|turn|52
|
|t:|1730727771
|move|p1a: Salamence|Rock Slide|p2a: Blissey
|-damage|p2a: Blissey|17/100
|move|p2a: Blissey|Soft-Boiled|p2a: Blissey
|-heal|p2a: Blissey|67/100
|
|-heal|p1a: Salamence|49/100|[from] item: Leftovers
|-heal|p2a: Blissey|73/100|[from] item: Leftovers
|upkeep
|turn|53
|
|t:|1730727778
|switch|p1a: Skarmory|Skarmory, M, shiny|82/100
|move|p2a: Blissey|Ice Beam|p1a: Skarmory
|-damage|p1a: Skarmory|65/100
|
|-heal|p2a: Blissey|79/100|[from] item: Leftovers
|upkeep
|turn|54
|
|t:|1730727782
|move|p1a: Skarmory|Spikes|p2a: Blissey
|-sidestart|p2: Blaniom|Spikes
|move|p2a: Blissey|Thunderbolt|p1a: Skarmory
|-supereffective|p1a: Skarmory
|-damage|p1a: Skarmory|33/100
|
|-heal|p2a: Blissey|85/100|[from] item: Leftovers
|upkeep
|turn|55
|
|t:|1730727787
|switch|p1a: Swampert|Swampert, F, shiny|100/100
|-damage|p1a: Swampert|88/100|[from] Spikes
|switch|p2a: Forretress|Forretress, F|100/100
|-damage|p2a: Forretress|88/100|[from] Spikes
|
|-heal|p1a: Swampert|94/100|[from] item: Leftovers
|-heal|p2a: Forretress|94/100|[from] item: Leftovers
|upkeep
|turn|56
|
|t:|1730727795
|move|p1a: Swampert|Hydro Pump|p2a: Forretress|[miss]
|-miss|p1a: Swampert|p2a: Forretress
|move|p2a: Forretress|Rapid Spin|p1a: Swampert
|-damage|p1a: Swampert|91/100
|-sideend|p2: Blaniom|Spikes|[from] move: Rapid Spin|[of] p2a: Forretress
|
|-heal|p1a: Swampert|98/100|[from] item: Leftovers
|-heal|p2a: Forretress|100/100|[from] item: Leftovers
|upkeep
|turn|57
|
|t:|1730727798
|switch|p1a: Salamence|Salamence, F, shiny|49/100
|-ability|p1a: Salamence|Intimidate|boost
|-unboost|p2a: Forretress|atk|1
|switch|p2a: Zapdos|Zapdos|88/100
|
|-heal|p1a: Salamence|55/100|[from] item: Leftovers
|-heal|p2a: Zapdos|94/100|[from] item: Leftovers
|upkeep
|turn|58
|
|t:|1730727811
|switch|p1a: Celebi|Celebi|62/100
|-damage|p1a: Celebi|49/100|[from] Spikes
|move|p2a: Zapdos|Toxic|p1a: Celebi
|-status|p1a: Celebi|tox
|
|-heal|p2a: Zapdos|100/100|[from] item: Leftovers
|-damage|p1a: Celebi|43/100 tox|[from] psn
|upkeep
|turn|59
|
|t:|1730727817
|switch|p2a: Dugtrio|Dugtrio, F|88/100
|move|p1a: Celebi|Recover|p1a: Celebi
|-heal|p1a: Celebi|93/100 tox
|
|-damage|p1a: Celebi|81/100 tox|[from] psn
|upkeep
|turn|60
|
|t:|1730727819
|move|p2a: Dugtrio|Hidden Power|p1a: Celebi
|-supereffective|p1a: Celebi
|-damage|p1a: Celebi|15/100 tox
|move|p1a: Celebi|Psychic|p2a: Dugtrio
|-damage|p2a: Dugtrio|19/100
|
|-damage|p1a: Celebi|0 fnt|[from] psn
|faint|p1a: Celebi
|upkeep
|
|t:|1730727826
|switch|p1a: Salamence|Salamence, F, shiny|55/100
|-ability|p1a: Salamence|Intimidate|boost
|-unboost|p2a: Dugtrio|atk|1
|turn|61
|
|t:|1730727836
|switch|p2a: Blissey|Blissey, F|85/100
|move|p1a: Salamence|Hidden Power|p2a: Blissey
|-damage|p2a: Blissey|48/100
|
|-heal|p1a: Salamence|61/100|[from] item: Leftovers
|-heal|p2a: Blissey|54/100|[from] item: Leftovers
|upkeep
|turn|62
|
|t:|1730727843
|switch|p1a: Skarmory|Skarmory, M, shiny|33/100
|move|p2a: Blissey|Soft-Boiled|p2a: Blissey
|-heal|p2a: Blissey|100/100
|
|upkeep
|turn|63
|
|t:|1730727846
|move|p1a: Skarmory|Spikes|p2a: Blissey
|-sidestart|p2: Blaniom|Spikes
|move|p2a: Blissey|Thunderbolt|p1a: Skarmory
|-supereffective|p1a: Skarmory
|-crit|p1a: Skarmory
|-damage|p1a: Skarmory|0 fnt
|faint|p1a: Skarmory
|
|t:|1730727848
|switch|p1a: Snorlax|Snorlax, M, shiny|69/100
|-damage|p1a: Snorlax|57/100|[from] Spikes
|
|-heal|p1a: Snorlax|63/100|[from] item: Leftovers
|upkeep
|turn|64
|
|t:|1730727853
|switch|p2a: Hariyama|Hariyama, F|72/100
|-damage|p2a: Hariyama|60/100|[from] Spikes
|move|p1a: Snorlax|Body Slam|p2a: Hariyama
|-damage|p2a: Hariyama|27/100
|-status|p2a: Hariyama|par
|
|-heal|p1a: Snorlax|69/100|[from] item: Leftovers
|-heal|p2a: Hariyama|33/100 par|[from] item: Leftovers
|upkeep
|turn|65
|
|t:|1730727859
|move|p1a: Snorlax|Body Slam|p2a: Hariyama
|-damage|p2a: Hariyama|0 fnt
|faint|p2a: Hariyama
|
|t:|1730727864
|switch|p2a: Dugtrio|Dugtrio, F|19/100
|-damage|p2a: Dugtrio|6/100|[from] Spikes
|
|-heal|p1a: Snorlax|75/100|[from] item: Leftovers
|upkeep
|turn|66
|
|t:|1730727868
|move|p2a: Dugtrio|Earthquake|p1a: Snorlax
|-crit|p1a: Snorlax
|-damage|p1a: Snorlax|0 fnt
|faint|p1a: Snorlax
|
|t:|1730727873
|switch|p1a: Salamence|Salamence, F, shiny|61/100
|-ability|p1a: Salamence|Intimidate|boost
|-unboost|p2a: Dugtrio|atk|1
|
|-heal|p1a: Salamence|67/100|[from] item: Leftovers
|upkeep
|turn|67
|
|t:|1730727879
|switch|p2a: Blissey|Blissey, F|100/100
|-damage|p2a: Blissey|88/100|[from] Spikes
|move|p1a: Salamence|Dragon Dance|p1a: Salamence
|-boost|p1a: Salamence|atk|1
|-boost|p1a: Salamence|spe|1
|
|-heal|p1a: Salamence|73/100|[from] item: Leftovers
|-heal|p2a: Blissey|94/100|[from] item: Leftovers
|upkeep
|turn|68
|
|t:|1730727882
|move|p1a: Salamence|Rock Slide|p2a: Blissey
|-damage|p2a: Blissey|54/100
|move|p2a: Blissey|Ice Beam|p1a: Salamence
|-supereffective|p1a: Salamence
|-damage|p1a: Salamence|0 fnt
|faint|p1a: Salamence
|
|t:|1730727887
|switch|p1a: Swampert|Swampert, F, shiny|98/100
|-damage|p1a: Swampert|85/100|[from] Spikes
|
|-heal|p2a: Blissey|61/100|[from] item: Leftovers
|-heal|p1a: Swampert|91/100|[from] item: Leftovers
|upkeep
|turn|69
|c|☆triangles|gg
|
|t:|1730727891
|move|p2a: Blissey|Soft-Boiled|p2a: Blissey
|-heal|p2a: Blissey|100/100
|move|p1a: Swampert|Earthquake|p2a: Blissey
|-damage|p2a: Blissey|66/100
|
|-heal|p2a: Blissey|72/100|[from] item: Leftovers
|-heal|p1a: Swampert|98/100|[from] item: Leftovers
|upkeep
|turn|70
|
|t:|1730727894
|move|p2a: Blissey|Ice Beam|p1a: Swampert
|-damage|p1a: Swampert|81/100
|move|p1a: Swampert|Earthquake|p2a: Blissey
|-crit|p2a: Blissey
|-damage|p2a: Blissey|13/100
|
|-heal|p2a: Blissey|19/100|[from] item: Leftovers
|-heal|p1a: Swampert|87/100|[from] item: Leftovers
|upkeep
|turn|71
|
|t:|1730727897
|move|p2a: Blissey|Soft-Boiled|p2a: Blissey
|-heal|p2a: Blissey|69/100
|move|p1a: Swampert|Earthquake|p2a: Blissey
|-damage|p2a: Blissey|39/100
|
|-heal|p2a: Blissey|45/100|[from] item: Leftovers
|-heal|p1a: Swampert|93/100|[from] item: Leftovers
|upkeep
|turn|72
|
|t:|1730727900
|move|p2a: Blissey|Soft-Boiled|p2a: Blissey
|-heal|p2a: Blissey|95/100
|move|p1a: Swampert|Earthquake|p2a: Blissey
|-damage|p2a: Blissey|60/100
|
|-heal|p2a: Blissey|67/100|[from] item: Leftovers
|-heal|p1a: Swampert|99/100|[from] item: Leftovers
|upkeep
|turn|73
|
|t:|1730727902
|move|p2a: Blissey|Ice Beam|p1a: Swampert
|-damage|p1a: Swampert|83/100
|move|p1a: Swampert|Earthquake|p2a: Blissey
|-crit|p2a: Blissey
|-damage|p2a: Blissey|1/100
|
|-heal|p2a: Blissey|7/100|[from] item: Leftovers
|-heal|p1a: Swampert|89/100|[from] item: Leftovers
|upkeep
|turn|74
|
|t:|1730727905
|move|p2a: Blissey|Soft-Boiled|p2a: Blissey
|-heal|p2a: Blissey|57/100
|move|p1a: Swampert|Earthquake|p2a: Blissey
|-damage|p2a: Blissey|25/100
|
|-heal|p2a: Blissey|32/100|[from] item: Leftovers
|-heal|p1a: Swampert|96/100|[from] item: Leftovers
|upkeep
|turn|75
|
|t:|1730727907
|move|p2a: Blissey|Soft-Boiled|p2a: Blissey
|-heal|p2a: Blissey|82/100
|move|p1a: Swampert|Earthquake|p2a: Blissey
|-damage|p2a: Blissey|47/100
|
|-heal|p2a: Blissey|53/100|[from] item: Leftovers
|-heal|p1a: Swampert|100/100|[from] item: Leftovers
|upkeep
|turn|76
|
|t:|1730727910
|move|p2a: Blissey|Soft-Boiled|p2a: Blissey
|-heal|p2a: Blissey|100/100
|move|p1a: Swampert|Earthquake|p2a: Blissey
|-damage|p2a: Blissey|70/100
|
|-heal|p2a: Blissey|76/100|[from] item: Leftovers
|upkeep
|turn|77
|
|t:|1730727912
|switch|p2a: Zapdos|Zapdos|100/100
|move|p1a: Swampert|Ice Beam|p2a: Zapdos
|-supereffective|p2a: Zapdos
|-damage|p2a: Zapdos|71/100
|-status|p2a: Zapdos|frz
|
|-heal|p2a: Zapdos|78/100 frz|[from] item: Leftovers
|upkeep
|turn|78
|
|t:|1730727919
|switch|p2a: Dugtrio|Dugtrio, F|6/100
|-damage|p2a: Dugtrio|0 fnt|[from] Spikes
|faint|p2a: Dugtrio
|
|t:|1730727922
|switch|p2a: Blissey|Blissey, F|76/100
|-damage|p2a: Blissey|63/100|[from] Spikes
|
|-heal|p2a: Blissey|70/100|[from] item: Leftovers
|upkeep
|turn|79
|
|t:|1730727924
|move|p2a: Blissey|Aromatherapy|p2a: Blissey
|-cureteam|p2a: Blissey|[from] move: Aromatherapy
|move|p1a: Swampert|Earthquake|p2a: Blissey
|-damage|p2a: Blissey|39/100
|
|-heal|p2a: Blissey|45/100|[from] item: Leftovers
|upkeep
|turn|80
|
|t:|1730727927
|move|p2a: Blissey|Soft-Boiled|p2a: Blissey
|-heal|p2a: Blissey|95/100
|move|p1a: Swampert|Ice Beam|p2a: Blissey
|-damage|p2a: Blissey|89/100
|
|-heal|p2a: Blissey|95/100|[from] item: Leftovers
|upkeep
|turn|81
|
|t:|1730727932
|move|p2a: Blissey|Ice Beam|p1a: Swampert
|-damage|p1a: Swampert|85/100
|move|p1a: Swampert|Ice Beam|p2a: Blissey
|-damage|p2a: Blissey|87/100
|
|-heal|p2a: Blissey|93/100|[from] item: Leftovers
|-heal|p1a: Swampert|92/100|[from] item: Leftovers
|upkeep
|turn|82
|
|t:|1730727936
|move|p2a: Blissey|Ice Beam|p1a: Swampert
|-crit|p1a: Swampert
|-damage|p1a: Swampert|62/100
|move|p1a: Swampert|Ice Beam|p2a: Blissey
|-crit|p2a: Blissey
|-damage|p2a: Blissey|80/100
|
|-heal|p2a: Blissey|86/100|[from] item: Leftovers
|-heal|p1a: Swampert|68/100|[from] item: Leftovers
|upkeep
|turn|83
|
|t:|1730727939
|switch|p2a: Zapdos|Zapdos|78/100
|move|p1a: Swampert|Earthquake|p2a: Zapdos
|-immune|p2a: Zapdos
|
|-heal|p2a: Zapdos|84/100|[from] item: Leftovers
|-heal|p1a: Swampert|74/100|[from] item: Leftovers
|upkeep
|turn|84
|
|t:|1730727944
|move|p2a: Zapdos|Protect|p2a: Zapdos
|-singleturn|p2a: Zapdos|Protect
|move|p1a: Swampert|Ice Beam|p2a: Zapdos
|-activate|p2a: Zapdos|Protect
|
|-heal|p2a: Zapdos|90/100|[from] item: Leftovers
|-heal|p1a: Swampert|80/100|[from] item: Leftovers
|upkeep
|turn|85
|
|t:|1730727946
|move|p2a: Zapdos|Toxic|p1a: Swampert
|-status|p1a: Swampert|tox
|move|p1a: Swampert|Ice Beam|p2a: Zapdos
|-supereffective|p2a: Zapdos
|-damage|p2a: Zapdos|58/100
|
|-heal|p2a: Zapdos|64/100|[from] item: Leftovers
|-heal|p1a: Swampert|86/100 tox|[from] item: Leftovers
|-damage|p1a: Swampert|80/100 tox|[from] psn
|upkeep
|turn|86
|
|t:|1730727948
|move|p2a: Zapdos|Protect|p2a: Zapdos
|-singleturn|p2a: Zapdos|Protect
|move|p1a: Swampert|Ice Beam|p2a: Zapdos
|-activate|p2a: Zapdos|Protect
|
|-heal|p2a: Zapdos|70/100|[from] item: Leftovers
|-heal|p1a: Swampert|86/100 tox|[from] item: Leftovers
|-damage|p1a: Swampert|74/100 tox|[from] psn
|upkeep
|turn|87
|
|t:|1730727951
|move|p2a: Zapdos|Protect||[still]
|-fail|p2a: Zapdos
|move|p1a: Swampert|Ice Beam|p2a: Zapdos
|-supereffective|p2a: Zapdos
|-damage|p2a: Zapdos|39/100
|
|-heal|p2a: Zapdos|45/100|[from] item: Leftovers
|-heal|p1a: Swampert|80/100 tox|[from] item: Leftovers
|-damage|p1a: Swampert|62/100 tox|[from] psn
|upkeep
|turn|88
|
|t:|1730727954
|move|p2a: Zapdos|Protect|p2a: Zapdos
|-singleturn|p2a: Zapdos|Protect
|move|p1a: Swampert|Hydro Pump|p2a: Zapdos
|-activate|p2a: Zapdos|Protect
|
|-heal|p2a: Zapdos|51/100|[from] item: Leftovers
|-heal|p1a: Swampert|68/100 tox|[from] item: Leftovers
|-damage|p1a: Swampert|43/100 tox|[from] psn
|upkeep
|turn|89
|
|t:|1730727957
|move|p2a: Zapdos|Protect||[still]
|-fail|p2a: Zapdos
|move|p1a: Swampert|Hydro Pump|p2a: Zapdos
|-damage|p2a: Zapdos|21/100
|
|-heal|p2a: Zapdos|27/100|[from] item: Leftovers
|-heal|p1a: Swampert|49/100 tox|[from] item: Leftovers
|-damage|p1a: Swampert|18/100 tox|[from] psn
|upkeep
|turn|90
|
|t:|1730727960
|move|p2a: Zapdos|Protect|p2a: Zapdos
|-singleturn|p2a: Zapdos|Protect
|move|p1a: Swampert|Ice Beam|p2a: Zapdos
|-activate|p2a: Zapdos|Protect
|
|-heal|p2a: Zapdos|33/100|[from] item: Leftovers
|-heal|p1a: Swampert|24/100 tox|[from] item: Leftovers
|-damage|p1a: Swampert|0 fnt|[from] psn
|faint|p1a: Swampert
|
|win|Blaniom
|upkeep
|c|☆Blaniom|gg
|player|p1|

</script>
<script type="application/json" class="data" id="replaydata-smogtours-gen3ou-804744">
{"id":"smogtours-gen3ou-804744","format":"[Gen 3] OU","players":["triangles","Blaniom"],"uploadtime":1730727960,"views":67,"formatid":"gen3ou","rating":null,"private":0,"password":null}
</script>

<script defer src="js/replays.js?9d40a366"></script>
