<!DOCTYPE html>
<meta charset="utf-8" />
<meta name="viewport" content="width=device-width" />

<title>[Gen 3] OU: NekuYagokoro vs. LoDart210 - Replays - Pok&eacute;mon Showdown!</title>

<meta name="description" content="Watch a replay of a Pok&eacute;mon battle between NekuYagokoro and LoDart210! Format: [Gen 3] OU; Date: Oct 13, 2024" />
<!--

Hey, you! Looking in the source for the replay log?

You can find them in JSON format, just add `.json` at the end of a replay URL.

https://replay.pokemonshowdown.com/gen7randomdoublesbattle-865046831.json

Or, if you only need the log itself, add `.log` instead:

https://replay.pokemonshowdown.com/gen7randomdoublesbattle-865046831.log

-->

<link rel="stylesheet" href="//pokemonshowdown.com/style/global.css?0.023195364461161105" />
<link rel="stylesheet" href="//play.pokemonshowdown.com/style/font-awesome.css?0.13261647063804238" />
<link rel="stylesheet" href="//play.pokemonshowdown.com/style/battle.css?0.8753245789963631" />
<link rel="stylesheet" href="//play.pokemonshowdown.com/style/utilichart.css?0.8627959624976733" />

<!-- Global site tag (gtag.js) - Google Analytics -->
<script async src="https://www.googletagmanager.com/gtag/js?id=UA-26211653-1"></script>
<script>
  window.dataLayer = window.dataLayer || [];
  function gtag(){dataLayer.push(arguments);}
  gtag('js', new Date());

  gtag('config', 'UA-26211653-1');
</script>
<!-- End Google Analytics -->
<!-- Venatus Ad Manager - Install in <HEAD> of page -->
	<script src="https://hb.vntsm.com/v3/live/ad-manager.min.js" type="text/javascript" data-site-id="642aba63ec9a7b11c3c9c1be" data-mode="scan" async></script>
<!-- / Venatus Ad Manager -->

<style>
	@media (max-width:820px) {
		.battle {
			margin: 0 auto;
		}
		.battle-log {
			margin: 7px auto 0;
			max-width: 640px;
			height: 300px;
			position: static;
		}
	}
	.optgroup {
		display: inline-block;
		line-height: 22px;
		font-size: 10pt;
	}
	.optgroup .button {
		height: 25px;
		padding-top: 0;
		padding-bottom: 0;
	}
	.optgroup button.button {
		padding-left: 12px;
		padding-right: 12px;
	}
	.linklist {
		list-style: none;
		margin: 0.5em 0;
		padding: 0;
	}
	.linklist li {
		padding: 2px 0;
	}
	.sidebar {
		float: left;
		width: 320px;
	}
	.bar-wrapper {
		max-width: 1100px;
		margin: 0 auto;
	}
	.bar-wrapper.has-sidebar {
		max-width: 1430px;
	}
	.mainbar {
		margin: 0;
		padding-right: 1px;
	}
	.mainbar.has-sidebar {
		margin-left: 330px;
	}
	@media (min-width: 1511px) {
		.sidebar {
			width: 400px;
		}
		.bar-wrapper.has-sidebar {
			max-width: 1510px;
		}
		.mainbar.has-sidebar {
			margin-left: 410px;
		}
	}
	.section.first-section {
		margin-top: 9px;
	}
	.blocklink small {
		white-space: normal;
	}
	.button {
		vertical-align: middle;
	}
	.replay-controls {
		padding-top: 10px;
	}
	.replay-controls h1 {
		font-size: 16pt;
		font-weight: normal;
		color: #CCC;
	}
	.pagelink {
		text-align: center;
	}
	.pagelink a {
		width: 150px;
	}
	.textbox, .button {
		font-size: 11pt;
		vertical-align: middle;
	}
	@media (max-width: 450px) {
		.button {
			font-size: 9pt;
		}
	}
</style>

<div>

	<header>
		<div class="nav-wrapper"><ul class="nav">
			<li><a class="button nav-first" href="//pokemonshowdown.com/"><img src="//pokemonshowdown.com/images/pokemonshowdownbeta.png" srcset="//pokemonshowdown.com/images/pokemonshowdownbeta.png 1x, //pokemonshowdown.com/images/pokemonshowdownbeta@2x.png 2x" alt="Pok&eacute;mon Showdown" width="146" height="44" /> Home</a></li>
			<li><a class="button" href="//pokemonshowdown.com/dex/">Pok&eacute;dex</a></li>
			<li><a class="button cur" href="/">Replays</a></li>
			<li><a class="button" href="//pokemonshowdown.com/ladder/">Ladder</a></li>
			<li><a class="button nav-last" href="//pokemonshowdown.com/forums/">Forum</a></li>
			<li><a class="button greenbutton nav-first nav-last" href="//play.pokemonshowdown.com/">Play</a></li>
		</ul></div>
	</header>

	<div class="main" id="main">

		<noscript><section class="section">You need to enable JavaScript to use this page; sorry!</section></noscript>

	</div>

</div>

<script defer nomodule src="//play.pokemonshowdown.com/js/lib/ps-polyfill.js"></script>
<script defer src="//play.pokemonshowdown.com/js/lib/preact.min.js"></script>

<script defer src="//play.pokemonshowdown.com/config/config.js?2bddbc15"></script>
<script defer src="//play.pokemonshowdown.com/js/lib/jquery-1.11.0.min.js"></script>
<script defer src="//play.pokemonshowdown.com/js/lib/html-sanitizer-minified.js"></script>
<script defer src="//play.pokemonshowdown.com/js/battle-sound.js"></script>
<script defer src="//play.pokemonshowdown.com/js/battledata.js?0.7209276989879541"></script>
<script defer src="//play.pokemonshowdown.com/data/pokedex-mini.js?0.6111056340867951"></script>
<script defer src="//play.pokemonshowdown.com/data/pokedex-mini-bw.js?0.3532142036491459"></script>
<script defer src="//play.pokemonshowdown.com/data/graphics.js?0.24223875632456182"></script>
<script defer src="//play.pokemonshowdown.com/data/pokedex.js?0.38839984266356864"></script>
<script defer src="//play.pokemonshowdown.com/data/moves.js?0.21866028504024015"></script>
<script defer src="//play.pokemonshowdown.com/data/abilities.js?0.2005157953846628"></script>
<script defer src="//play.pokemonshowdown.com/data/items.js?0.9894211263848525"></script>
<script defer src="//play.pokemonshowdown.com/data/teambuilder-tables.js?0.6008791140282215"></script>
<script defer src="//play.pokemonshowdown.com/js/battle-tooltips.js?0.7580118955022959"></script>
<script defer src="//play.pokemonshowdown.com/js/battle.js?0.6057722274234274"></script>

<script defer src="js/utils.js?e31f9a17"></script>
<script defer src="js/replays-battle.js?7008c182"></script>

<!-- don't scrape this data! just add .json or .log after the URL!
Full API docs: https://github.com/smogon/pokemon-showdown-client/blob/master/WEB-API.md -->
<script type="text/plain" class="log" id="replaylog-smogtours-gen3ou-798438">
|inactive|Battle timer is ON: inactive players will automatically lose when time's up.
|t:|1728854536
|gametype|singles
|player|p1|NekuYagokoro|1|
|player|p2|LoDart210|volkner|
|teamsize|p1|6
|teamsize|p2|6
|gen|3
|tier|[Gen 3] OU
|rule|Sleep Clause Mod: Limit one foe put to sleep
|rule|Switch Priority Clause Mod: Faster Pokémon switch first
|rule|Species Clause: Limit one of each Pokémon
|rule|OHKO Clause: OHKO moves are banned
|rule|Evasion Items Clause: Evasion items are banned
|rule|Evasion Moves Clause: Evasion moves are banned
|rule|Endless Battle Clause: Forcing endless battles is banned
|rule|HP Percentage Mod: HP is shown in percentages
|rule|One Boost Passer Clause: Limit one Baton Passer that has a way to boost its stats
|rule|Freeze Clause Mod: Limit one foe frozen
|
|t:|1728854536
|start
|switch|p1a: rawr|Salamence, F|100/100
|switch|p2a: Blaziken|Blaziken, M|100/100
|-ability|p1a: rawr|Intimidate|boost
|-unboost|p2a: Blaziken|atk|1
|turn|1
|c|☆NekuYagokoro|glhf!
|
|t:|1728854557
|switch|p2a: Skarmory|Skarmory, M|100/100
|move|p1a: rawr|Dragon Claw|p2a: Skarmory
|-resisted|p2a: Skarmory
|-damage|p2a: Skarmory|85/100
|
|-heal|p2a: Skarmory|91/100|[from] item: Leftovers
|upkeep
|turn|2
|
|t:|1728854568
|move|p1a: rawr|Fire Blast|p2a: Skarmory
|-supereffective|p2a: Skarmory
|-damage|p2a: Skarmory|27/100
|move|p2a: Skarmory|Spikes|p1a: rawr
|-sidestart|p1: NekuYagokoro|Spikes
|
|-heal|p2a: Skarmory|33/100|[from] item: Leftovers
|upkeep
|turn|3
|
|t:|1728854584
|switch|p1a: grilled.|Zapdos|100/100
|move|p2a: Skarmory|Protect||[still]
|-fail|p2a: Skarmory
|
|-heal|p2a: Skarmory|39/100|[from] item: Leftovers
|upkeep
|turn|4
|
|t:|1728854598
|move|p2a: Skarmory|Protect|p2a: Skarmory
|-singleturn|p2a: Skarmory|Protect
|move|p1a: grilled.|Thunder Wave|p2a: Skarmory
|-activate|p2a: Skarmory|Protect
|
|-heal|p2a: Skarmory|45/100|[from] item: Leftovers
|upkeep
|turn|5
|
|t:|1728854622
|switch|p2a: Celebi|Celebi|100/100
|move|p1a: grilled.|Thunderbolt|p2a: Celebi
|-resisted|p2a: Celebi
|-damage|p2a: Celebi|78/100
|
|-heal|p2a: Celebi|85/100|[from] item: Leftovers
|upkeep
|turn|6
|
|t:|1728854631
|move|p1a: grilled.|Hidden Power|p2a: Celebi
|-supereffective|p2a: Celebi
|-damage|p2a: Celebi|47/100
|move|p2a: Celebi|Leech Seed|p1a: grilled.
|-start|p1a: grilled.|move: Leech Seed
|
|-damage|p1a: grilled.|88/100|[from] Leech Seed|[of] p2a: Celebi
|-heal|p2a: Celebi|56/100|[silent]
|-heal|p2a: Celebi|63/100|[from] item: Leftovers
|upkeep
|turn|7
|
|t:|1728854646
|switch|p1a: lets go gambling!|Metagross|100/100
|-damage|p1a: lets go gambling!|88/100|[from] Spikes
|move|p2a: Celebi|Calm Mind|p2a: Celebi
|-boost|p2a: Celebi|spa|1
|-boost|p2a: Celebi|spd|1
|
|-heal|p2a: Celebi|69/100|[from] item: Leftovers
|-heal|p1a: lets go gambling!|94/100|[from] item: Leftovers
|upkeep
|turn|8
|
|t:|1728854665
|switch|p2a: Skarmory|Skarmory, M|45/100
|move|p1a: lets go gambling!|Meteor Mash|p2a: Skarmory
|-resisted|p2a: Skarmory
|-damage|p2a: Skarmory|28/100
|
|-heal|p1a: lets go gambling!|99/100|[from] item: Leftovers
|-heal|p2a: Skarmory|34/100|[from] item: Leftovers
|upkeep
|turn|9
|
|t:|1728854675
|move|p1a: lets go gambling!|Hidden Power|p2a: Skarmory
|-supereffective|p2a: Skarmory
|-damage|p2a: Skarmory|0 fnt
|faint|p2a: Skarmory
|
|t:|1728854689
|switch|p2a: Blaziken|Blaziken, M|100/100
|
|-heal|p1a: lets go gambling!|100/100|[from] item: Leftovers
|upkeep
|turn|10
|
|t:|1728854696
|move|p2a: Blaziken|Overheat|p1a: lets go gambling!
|-supereffective|p1a: lets go gambling!
|-damage|p1a: lets go gambling!|0 fnt
|-unboost|p2a: Blaziken|spa|2
|faint|p1a: lets go gambling!
|
|t:|1728854709
|switch|p1a: mmm yummy elc|Swampert, F|100/100
|-damage|p1a: mmm yummy elc|88/100|[from] Spikes
|
|-heal|p1a: mmm yummy elc|94/100|[from] item: Leftovers
|upkeep
|turn|11
|
|t:|1728854728
|switch|p2a: Gyarados|Gyarados, M|100/100
|-ability|p2a: Gyarados|Intimidate|boost
|-unboost|p1a: mmm yummy elc|atk|1
|move|p1a: mmm yummy elc|Hydro Pump|p2a: Gyarados
|-resisted|p2a: Gyarados
|-damage|p2a: Gyarados|81/100
|
|-heal|p2a: Gyarados|87/100|[from] item: Leftovers
|-heal|p1a: mmm yummy elc|100/100|[from] item: Leftovers
|upkeep
|turn|12
|
|t:|1728854740
|switch|p1a: grilled.|Zapdos|88/100
|move|p2a: Gyarados|Toxic|p1a: grilled.
|-status|p1a: grilled.|tox
|
|-heal|p1a: grilled.|94/100 tox|[from] item: Leftovers
|-damage|p1a: grilled.|88/100 tox|[from] psn
|-heal|p2a: Gyarados|93/100|[from] item: Leftovers
|upkeep
|turn|13
|
|t:|1728854757
|switch|p2a: Flygon|Flygon, M|100/100
|move|p1a: grilled.|Hidden Power|p2a: Flygon
|-supereffective|p2a: Flygon
|-damage|p2a: Flygon|0 fnt
|faint|p2a: Flygon
|inactive|LoDart210 has 270 seconds left.
|
|t:|1728854781
|switch|p2a: Blaziken|Blaziken, M|100/100
|
|-heal|p1a: grilled.|94/100 tox|[from] item: Leftovers
|-damage|p1a: grilled.|82/100 tox|[from] psn
|upkeep
|turn|14
|
|t:|1728854787
|move|p1a: grilled.|Thunder Wave|p2a: Blaziken
|-status|p2a: Blaziken|par
|move|p2a: Blaziken|Sky Uppercut|p1a: grilled.
|-resisted|p1a: grilled.
|-damage|p1a: grilled.|53/100 tox
|
|-heal|p1a: grilled.|59/100 tox|[from] item: Leftovers
|-damage|p1a: grilled.|40/100 tox|[from] psn
|upkeep
|turn|15
|inactive|LoDart210 has 270 seconds left.
|
|t:|1728854817
|switch|p1a: mmm yummy elc|Swampert, F|100/100
|-damage|p1a: mmm yummy elc|88/100|[from] Spikes
|move|p2a: Blaziken|Sky Uppercut|p1a: mmm yummy elc
|-damage|p1a: mmm yummy elc|36/100
|
|-heal|p1a: mmm yummy elc|42/100|[from] item: Leftovers
|upkeep
|turn|16
|
|t:|1728854828
|move|p1a: mmm yummy elc|Hydro Pump|p2a: Blaziken
|-supereffective|p2a: Blaziken
|-damage|p2a: Blaziken|0 fnt
|faint|p2a: Blaziken
|
|t:|1728854834
|switch|p2a: Celebi|Celebi|69/100
|
|-heal|p2a: Celebi|75/100|[from] item: Leftovers
|-heal|p1a: mmm yummy elc|49/100|[from] item: Leftovers
|upkeep
|turn|17
|
|t:|1728854843
|switch|p1a: rawr|Salamence, F|100/100
|-ability|p1a: rawr|Intimidate|boost
|-unboost|p2a: Celebi|atk|1
|move|p2a: Celebi|Calm Mind|p2a: Celebi
|-boost|p2a: Celebi|spa|1
|-boost|p2a: Celebi|spd|1
|
|-heal|p2a: Celebi|81/100|[from] item: Leftovers
|upkeep
|turn|18
|
|t:|1728854866
|move|p1a: rawr|Fire Blast|p2a: Celebi
|-supereffective|p2a: Celebi
|-damage|p2a: Celebi|38/100
|move|p2a: Celebi|Leech Seed|p1a: rawr
|-start|p1a: rawr|move: Leech Seed
|
|-damage|p1a: rawr|88/100|[from] Leech Seed|[of] p2a: Celebi
|-heal|p2a: Celebi|48/100|[silent]
|-heal|p2a: Celebi|54/100|[from] item: Leftovers
|upkeep
|turn|19
|
|t:|1728854886
|switch|p2a: Gyarados|Gyarados, M|93/100
|-ability|p2a: Gyarados|Intimidate|boost
|-unboost|p1a: rawr|atk|1
|move|p1a: rawr|Fire Blast|p2a: Gyarados
|-resisted|p2a: Gyarados
|-damage|p2a: Gyarados|80/100
|
|-heal|p1a: rawr|94/100|[from] item: Leftovers
|-damage|p1a: rawr|82/100|[from] Leech Seed|[of] p2a: Gyarados
|-heal|p2a: Gyarados|92/100|[silent]
|-heal|p2a: Gyarados|98/100|[from] item: Leftovers
|upkeep
|turn|20
|inactive|LoDart210 has 240 seconds left.
|
|t:|1728854910
|switch|p1a: grilled.|Zapdos|40/100 tox
|move|p2a: Gyarados|Dragon Dance|p2a: Gyarados
|-boost|p2a: Gyarados|atk|1
|-boost|p2a: Gyarados|spe|1
|
|-heal|p2a: Gyarados|100/100|[from] item: Leftovers
|-heal|p1a: grilled.|47/100 tox|[from] item: Leftovers
|-damage|p1a: grilled.|40/100 tox|[from] psn
|upkeep
|turn|21
|inactive|LoDart210 has 240 seconds left.
|inactive|LoDart210 has 210 seconds left.
|inactive|LoDart210 has 180 seconds left.
|inactive|LoDart210 has 150 seconds left.
|inactive|LoDart210 has 120 seconds left.
|
|t:|1728855059
|move|p2a: Gyarados|Dragon Dance|p2a: Gyarados
|-boost|p2a: Gyarados|atk|1
|-boost|p2a: Gyarados|spe|1
|move|p1a: grilled.|Roar|p2a: Gyarados
|drag|p2a: Articuno|Articuno|100/100
|
|-heal|p1a: grilled.|47/100 tox|[from] item: Leftovers
|-damage|p1a: grilled.|34/100 tox|[from] psn
|upkeep
|turn|22
|
|t:|1728855073
|move|p1a: grilled.|Thunderbolt|p2a: Articuno
|-supereffective|p2a: Articuno
|-damage|p2a: Articuno|27/100
|move|p2a: Articuno|Ice Beam|p1a: grilled.
|-supereffective|p1a: grilled.
|-damage|p1a: grilled.|0 fnt
|faint|p1a: grilled.
|
|t:|1728855080
|switch|p1a: hi yt!!|Tyranitar, F|100/100
|-damage|p1a: hi yt!!|88/100|[from] Spikes
|-weather|Sandstorm|[from] ability: Sand Stream|[of] p1a: hi yt!!
|
|-weather|Sandstorm|[upkeep]
|-damage|p2a: Articuno|21/100|[from] Sandstorm
|-enditem|p2a: Articuno|Petaya Berry|[eat]
|-boost|p2a: Articuno|spa|1|[from] item: Petaya Berry
|upkeep
|turn|23
|
|t:|1728855087
|move|p2a: Articuno|Water Pulse|p1a: hi yt!!
|-supereffective|p1a: hi yt!!
|-crit|p1a: hi yt!!
|-damage|p1a: hi yt!!|0 fnt
|faint|p1a: hi yt!!
|
|t:|1728855092
|switch|p1a: rawr|Salamence, F|82/100
|-ability|p1a: rawr|Intimidate|boost
|-unboost|p2a: Articuno|atk|1
|
|-weather|Sandstorm|[upkeep]
|-damage|p1a: rawr|76/100|[from] Sandstorm
|-damage|p2a: Articuno|15/100|[from] Sandstorm
|-heal|p1a: rawr|82/100|[from] item: Leftovers
|upkeep
|turn|24
|inactive|LoDart210 has 120 seconds left.
|
|t:|1728855104
|switch|p2a: Gyarados|Gyarados, M|100/100
|-ability|p2a: Gyarados|Intimidate|boost
|-unboost|p1a: rawr|atk|1
|move|p1a: rawr|Dragon Claw|p2a: Gyarados
|-damage|p2a: Gyarados|72/100
|
|-weather|Sandstorm|[upkeep]
|-damage|p1a: rawr|76/100|[from] Sandstorm
|-damage|p2a: Gyarados|66/100|[from] Sandstorm
|-heal|p1a: rawr|82/100|[from] item: Leftovers
|-heal|p2a: Gyarados|72/100|[from] item: Leftovers
|upkeep
|turn|25
|
|t:|1728855113
|switch|p1a: is this gen 2 ou|Snorlax, M|100/100
|-damage|p1a: is this gen 2 ou|88/100|[from] Spikes
|move|p2a: Gyarados|Dragon Dance|p2a: Gyarados
|-boost|p2a: Gyarados|atk|1
|-boost|p2a: Gyarados|spe|1
|
|-weather|Sandstorm|[upkeep]
|-damage|p2a: Gyarados|66/100|[from] Sandstorm
|-damage|p1a: is this gen 2 ou|82/100|[from] Sandstorm
|-heal|p2a: Gyarados|72/100|[from] item: Leftovers
|-heal|p1a: is this gen 2 ou|88/100|[from] item: Leftovers
|upkeep
|turn|26
|
|t:|1728855119
|move|p2a: Gyarados|Toxic|p1a: is this gen 2 ou|[miss]
|-miss|p2a: Gyarados|p1a: is this gen 2 ou
|move|p1a: is this gen 2 ou|Self-Destruct|p2a: Gyarados
|-damage|p2a: Gyarados|0 fnt
|faint|p1a: is this gen 2 ou
|faint|p2a: Gyarados
|
|t:|1728855137
|switch|p2a: Articuno|Articuno|15/100
|switch|p1a: rawr|Salamence, F|82/100
|-ability|p1a: rawr|Intimidate|boost
|-unboost|p2a: Articuno|atk|1
|
|-weather|Sandstorm|[upkeep]
|-damage|p1a: rawr|76/100|[from] Sandstorm
|-damage|p2a: Articuno|8/100|[from] Sandstorm
|-heal|p1a: rawr|82/100|[from] item: Leftovers
|upkeep
|turn|27
|
|t:|1728855146
|move|p1a: rawr|Dragon Claw|p2a: Articuno
|-damage|p2a: Articuno|0 fnt
|faint|p2a: Articuno
|
|t:|1728855147
|switch|p2a: Celebi|Celebi|54/100
|
|-weather|Sandstorm|[upkeep]
|-damage|p1a: rawr|76/100|[from] Sandstorm
|-damage|p2a: Celebi|48/100|[from] Sandstorm
|-heal|p1a: rawr|82/100|[from] item: Leftovers
|-heal|p2a: Celebi|54/100|[from] item: Leftovers
|upkeep
|turn|28
|
|t:|1728855154
|move|p1a: rawr|Fire Blast|p2a: Celebi|[miss]
|-miss|p1a: rawr|p2a: Celebi
|move|p2a: Celebi|Leech Seed|p1a: rawr
|-start|p1a: rawr|move: Leech Seed
|
|-weather|Sandstorm|[upkeep]
|-damage|p1a: rawr|76/100|[from] Sandstorm
|-damage|p2a: Celebi|48/100|[from] Sandstorm
|-heal|p1a: rawr|82/100|[from] item: Leftovers
|-damage|p1a: rawr|69/100|[from] Leech Seed|[of] p2a: Celebi
|-heal|p2a: Celebi|58/100|[silent]
|-heal|p2a: Celebi|65/100|[from] item: Leftovers
|upkeep
|turn|29
|inactive|LoDart210 has 150 seconds left.
|
|t:|1728855167
|move|p1a: rawr|Fire Blast|p2a: Celebi
|-supereffective|p2a: Celebi
|-damage|p2a: Celebi|3/100
|move|p2a: Celebi|Calm Mind|p2a: Celebi
|-boost|p2a: Celebi|spa|1
|-boost|p2a: Celebi|spd|1
|
|-weather|Sandstorm|[upkeep]
|-damage|p1a: rawr|63/100|[from] Sandstorm
|-damage|p2a: Celebi|0 fnt|[from] Sandstorm
|faint|p2a: Celebi
|
|win|NekuYagokoro
|upkeep
|c|☆NekuYagokoro|ggs
|c|☆LoDart210|gg
|player|p1|
|player|p2|

</script>
<script type="application/json" class="data" id="replaydata-smogtours-gen3ou-798438">
{"id":"smogtours-gen3ou-798438","format":"[Gen 3] OU","players":["NekuYagokoro","LoDart210"],"uploadtime":1728855167,"views":84,"formatid":"gen3ou","rating":null,"private":0,"password":null}
</script>

<script defer src="js/replays.js?9d40a366"></script>
