<!DOCTYPE html>
<meta charset="utf-8" />
<meta name="viewport" content="width=device-width" />

<title>[Gen 3] OU: Precure Moonlight vs. Just_Leonardo - Replays - Pok&eacute;mon Showdown!</title>

<meta name="description" content="Watch a replay of a Pok&eacute;mon battle between Precure Moonlight and Just_Leonardo! Format: [Gen 3] OU; Date: Oct 5, 2024" />
<!--

Hey, you! Looking in the source for the replay log?

You can find them in JSON format, just add `.json` at the end of a replay URL.

https://replay.pokemonshowdown.com/gen7randomdoublesbattle-865046831.json

Or, if you only need the log itself, add `.log` instead:

https://replay.pokemonshowdown.com/gen7randomdoublesbattle-865046831.log

-->

<link rel="stylesheet" href="//pokemonshowdown.com/style/global.css?0.023195364461161105" />
<link rel="stylesheet" href="//play.pokemonshowdown.com/style/font-awesome.css?0.13261647063804238" />
<link rel="stylesheet" href="//play.pokemonshowdown.com/style/battle.css?0.8753245789963631" />
<link rel="stylesheet" href="//play.pokemonshowdown.com/style/utilichart.css?0.8627959624976733" />

<!-- Global site tag (gtag.js) - Google Analytics -->
<script async src="https://www.googletagmanager.com/gtag/js?id=UA-26211653-1"></script>
<script>
  window.dataLayer = window.dataLayer || [];
  function gtag(){dataLayer.push(arguments);}
  gtag('js', new Date());

  gtag('config', 'UA-26211653-1');
</script>
<!-- End Google Analytics -->
<!-- Venatus Ad Manager - Install in <HEAD> of page -->
	<script src="https://hb.vntsm.com/v3/live/ad-manager.min.js" type="text/javascript" data-site-id="642aba63ec9a7b11c3c9c1be" data-mode="scan" async></script>
<!-- / Venatus Ad Manager -->

<style>
	@media (max-width:820px) {
		.battle {
			margin: 0 auto;
		}
		.battle-log {
			margin: 7px auto 0;
			max-width: 640px;
			height: 300px;
			position: static;
		}
	}
	.optgroup {
		display: inline-block;
		line-height: 22px;
		font-size: 10pt;
	}
	.optgroup .button {
		height: 25px;
		padding-top: 0;
		padding-bottom: 0;
	}
	.optgroup button.button {
		padding-left: 12px;
		padding-right: 12px;
	}
	.linklist {
		list-style: none;
		margin: 0.5em 0;
		padding: 0;
	}
	.linklist li {
		padding: 2px 0;
	}
	.sidebar {
		float: left;
		width: 320px;
	}
	.bar-wrapper {
		max-width: 1100px;
		margin: 0 auto;
	}
	.bar-wrapper.has-sidebar {
		max-width: 1430px;
	}
	.mainbar {
		margin: 0;
		padding-right: 1px;
	}
	.mainbar.has-sidebar {
		margin-left: 330px;
	}
	@media (min-width: 1511px) {
		.sidebar {
			width: 400px;
		}
		.bar-wrapper.has-sidebar {
			max-width: 1510px;
		}
		.mainbar.has-sidebar {
			margin-left: 410px;
		}
	}
	.section.first-section {
		margin-top: 9px;
	}
	.blocklink small {
		white-space: normal;
	}
	.button {
		vertical-align: middle;
	}
	.replay-controls {
		padding-top: 10px;
	}
	.replay-controls h1 {
		font-size: 16pt;
		font-weight: normal;
		color: #CCC;
	}
	.pagelink {
		text-align: center;
	}
	.pagelink a {
		width: 150px;
	}
	.textbox, .button {
		font-size: 11pt;
		vertical-align: middle;
	}
	@media (max-width: 450px) {
		.button {
			font-size: 9pt;
		}
	}
</style>

<div>

	<header>
		<div class="nav-wrapper"><ul class="nav">
			<li><a class="button nav-first" href="//pokemonshowdown.com/"><img src="//pokemonshowdown.com/images/pokemonshowdownbeta.png" srcset="//pokemonshowdown.com/images/pokemonshowdownbeta.png 1x, //pokemonshowdown.com/images/pokemonshowdownbeta@2x.png 2x" alt="Pok&eacute;mon Showdown" width="146" height="44" /> Home</a></li>
			<li><a class="button" href="//pokemonshowdown.com/dex/">Pok&eacute;dex</a></li>
			<li><a class="button cur" href="/">Replays</a></li>
			<li><a class="button" href="//pokemonshowdown.com/ladder/">Ladder</a></li>
			<li><a class="button nav-last" href="//pokemonshowdown.com/forums/">Forum</a></li>
			<li><a class="button greenbutton nav-first nav-last" href="//play.pokemonshowdown.com/">Play</a></li>
		</ul></div>
	</header>

	<div class="main" id="main">

		<noscript><section class="section">You need to enable JavaScript to use this page; sorry!</section></noscript>

	</div>

</div>

<script defer nomodule src="//play.pokemonshowdown.com/js/lib/ps-polyfill.js"></script>
<script defer src="//play.pokemonshowdown.com/js/lib/preact.min.js"></script>

<script defer src="//play.pokemonshowdown.com/config/config.js?2bddbc15"></script>
<script defer src="//play.pokemonshowdown.com/js/lib/jquery-1.11.0.min.js"></script>
<script defer src="//play.pokemonshowdown.com/js/lib/html-sanitizer-minified.js"></script>
<script defer src="//play.pokemonshowdown.com/js/battle-sound.js"></script>
<script defer src="//play.pokemonshowdown.com/js/battledata.js?0.7209276989879541"></script>
<script defer src="//play.pokemonshowdown.com/data/pokedex-mini.js?0.6111056340867951"></script>
<script defer src="//play.pokemonshowdown.com/data/pokedex-mini-bw.js?0.3532142036491459"></script>
<script defer src="//play.pokemonshowdown.com/data/graphics.js?0.24223875632456182"></script>
<script defer src="//play.pokemonshowdown.com/data/pokedex.js?0.38839984266356864"></script>
<script defer src="//play.pokemonshowdown.com/data/moves.js?0.21866028504024015"></script>
<script defer src="//play.pokemonshowdown.com/data/abilities.js?0.2005157953846628"></script>
<script defer src="//play.pokemonshowdown.com/data/items.js?0.9894211263848525"></script>
<script defer src="//play.pokemonshowdown.com/data/teambuilder-tables.js?0.6008791140282215"></script>
<script defer src="//play.pokemonshowdown.com/js/battle-tooltips.js?0.7580118955022959"></script>
<script defer src="//play.pokemonshowdown.com/js/battle.js?0.6057722274234274"></script>

<script defer src="js/utils.js?e31f9a17"></script>
<script defer src="js/replays-battle.js?7008c182"></script>

<!-- don't scrape this data! just add .json or .log after the URL!
Full API docs: https://github.com/smogon/pokemon-showdown-client/blob/master/WEB-API.md -->
<script type="text/plain" class="log" id="replaylog-smogtours-gen3ou-794907">
|inactive|Battle timer is ON: inactive players will automatically lose when time's up.
|t:|1728134465
|gametype|singles
|player|p1|Precure Moonlight|miku-ground|
|player|p2|Just_Leonardo|hiker-gen4|
|teamsize|p1|6
|teamsize|p2|6
|gen|3
|tier|[Gen 3] OU
|rule|Sleep Clause Mod: Limit one foe put to sleep
|rule|Switch Priority Clause Mod: Faster Pokémon switch first
|rule|Species Clause: Limit one of each Pokémon
|rule|OHKO Clause: OHKO moves are banned
|rule|Evasion Items Clause: Evasion items are banned
|rule|Evasion Moves Clause: Evasion moves are banned
|rule|Endless Battle Clause: Forcing endless battles is banned
|rule|HP Percentage Mod: HP is shown in percentages
|rule|One Boost Passer Clause: Limit one Baton Passer that has a way to boost its stats
|rule|Freeze Clause Mod: Limit one foe frozen
|
|t:|1728134465
|start
|switch|p1a: Tyranitar|Tyranitar, F|100/100
|switch|p2a: Abmacigno|Medicham, M, shiny|100/100
|-weather|Sandstorm|[from] ability: Sand Stream|[of] p1a: Tyranitar
|turn|1
|c|☆Just_Leonardo|hf
|c|☆Precure Moonlight|hf
|
|t:|1728134494
|-singleturn|p2a: Abmacigno|move: Focus Punch
|switch|p1a: Gengar|Gengar, F|100/100
|move|p2a: Abmacigno|Focus Punch|p1a: Gengar
|-immune|p1a: Gengar
|
|-weather|Sandstorm|[upkeep]
|-damage|p1a: Gengar|94/100|[from] Sandstorm
|-damage|p2a: Abmacigno|94/100|[from] Sandstorm
|-heal|p1a: Gengar|100/100|[from] item: Leftovers
|upkeep
|turn|2
|
|t:|1728134520
|switch|p1a: Skarmory|Skarmory, F|100/100
|move|p2a: Abmacigno|Shadow Ball|p1a: Skarmory
|-resisted|p1a: Skarmory
|-damage|p1a: Skarmory|86/100
|
|-weather|Sandstorm|[upkeep]
|-damage|p2a: Abmacigno|88/100|[from] Sandstorm
|-heal|p1a: Skarmory|92/100|[from] item: Leftovers
|upkeep
|turn|3
|
|t:|1728134539
|-singleturn|p2a: Abmacigno|move: Focus Punch
|move|p1a: Skarmory|Spikes|p2a: Abmacigno
|-sidestart|p2: Just_Leonardo|Spikes
|move|p2a: Abmacigno|Focus Punch|p1a: Skarmory
|-damage|p1a: Skarmory|8/100
|
|-weather|Sandstorm|[upkeep]
|-damage|p2a: Abmacigno|82/100|[from] Sandstorm
|-heal|p1a: Skarmory|14/100|[from] item: Leftovers
|upkeep
|turn|4
|inactive|Precure Moonlight has 270 seconds left.
|
|t:|1728134558
|move|p2a: Abmacigno|Brick Break|p1a: Skarmory
|-damage|p1a: Skarmory|0 fnt
|faint|p1a: Skarmory
|
|t:|1728134562
|switch|p1a: Moltres|Moltres|100/100
|
|-weather|Sandstorm|[upkeep]
|-damage|p1a: Moltres|94/100|[from] Sandstorm
|-damage|p2a: Abmacigno|76/100|[from] Sandstorm
|-heal|p1a: Moltres|100/100|[from] item: Leftovers
|upkeep
|turn|5
|
|t:|1728134587
|move|p1a: Moltres|Flamethrower|p2a: Abmacigno
|-damage|p2a: Abmacigno|0 fnt
|faint|p2a: Abmacigno
|inactive|Just_Leonardo has 270 seconds left.
|
|t:|1728134602
|switch|p2a: Zabdos|Zapdos|100/100
|
|-weather|Sandstorm|[upkeep]
|-damage|p2a: Zabdos|94/100|[from] Sandstorm
|-damage|p1a: Moltres|94/100|[from] Sandstorm
|-heal|p2a: Zabdos|100/100|[from] item: Leftovers
|-heal|p1a: Moltres|100/100|[from] item: Leftovers
|upkeep
|turn|6
|
|t:|1728134610
|switch|p1a: Blissey|Blissey, F|100/100
|move|p2a: Zabdos|Thunderbolt|p1a: Blissey
|-damage|p1a: Blissey|81/100
|
|-weather|Sandstorm|[upkeep]
|-damage|p2a: Zabdos|94/100|[from] Sandstorm
|-damage|p1a: Blissey|75/100|[from] Sandstorm
|-heal|p2a: Zabdos|100/100|[from] item: Leftovers
|-heal|p1a: Blissey|81/100|[from] item: Leftovers
|upkeep
|turn|7
|inactive|Precure Moonlight has 270 seconds left.
|
|t:|1728134641
|switch|p2a: Ciccio|Snorlax, M|100/100
|-damage|p2a: Ciccio|88/100|[from] Spikes
|switch|p1a: Moltres|Moltres|100/100
|
|-weather|Sandstorm|[upkeep]
|-damage|p1a: Moltres|94/100|[from] Sandstorm
|-damage|p2a: Ciccio|82/100|[from] Sandstorm
|-heal|p1a: Moltres|100/100|[from] item: Leftovers
|-heal|p2a: Ciccio|88/100|[from] item: Leftovers
|upkeep
|turn|8
|inactive|Precure Moonlight has 270 seconds left.
|
|t:|1728134652
|move|p1a: Moltres|Will-O-Wisp|p2a: Ciccio
|-status|p2a: Ciccio|brn
|move|p2a: Ciccio|Body Slam|p1a: Moltres
|-damage|p1a: Moltres|78/100
|-status|p1a: Moltres|par
|
|-weather|Sandstorm|[upkeep]
|-damage|p2a: Ciccio|82/100 brn|[from] Sandstorm
|-damage|p1a: Moltres|72/100 par|[from] Sandstorm
|-heal|p2a: Ciccio|88/100 brn|[from] item: Leftovers
|-damage|p2a: Ciccio|76/100 brn|[from] brn
|-heal|p1a: Moltres|78/100 par|[from] item: Leftovers
|upkeep
|turn|9
|inactive|Precure Moonlight has 270 seconds left.
|
|t:|1728134666
|-singleturn|p2a: Ciccio|move: Focus Punch
|switch|p1a: Tyranitar|Tyranitar, F|100/100
|move|p2a: Ciccio|Focus Punch|p1a: Tyranitar
|-supereffective|p1a: Tyranitar
|-damage|p1a: Tyranitar|23/100
|
|-weather|Sandstorm|[upkeep]
|-damage|p2a: Ciccio|70/100 brn|[from] Sandstorm
|-heal|p1a: Tyranitar|29/100|[from] item: Leftovers
|-heal|p2a: Ciccio|76/100 brn|[from] item: Leftovers
|-damage|p2a: Ciccio|63/100 brn|[from] brn
|upkeep
|turn|10
|inactive|Precure Moonlight has 270 seconds left.
|
|t:|1728134684
|-singleturn|p1a: Tyranitar|move: Focus Punch
|switch|p2a: Axol|Swampert, M|100/100
|-damage|p2a: Axol|88/100|[from] Spikes
|move|p1a: Tyranitar|Focus Punch|p2a: Axol
|-damage|p2a: Axol|46/100
|
|-weather|Sandstorm|[upkeep]
|-heal|p1a: Tyranitar|36/100|[from] item: Leftovers
|-heal|p2a: Axol|52/100|[from] item: Leftovers
|upkeep
|turn|11
|
|t:|1728134697
|switch|p1a: Blissey|Blissey, F|81/100
|move|p2a: Axol|Hydro Pump|p1a: Blissey|[miss]
|-miss|p2a: Axol|p1a: Blissey
|
|-weather|Sandstorm|[upkeep]
|-damage|p1a: Blissey|75/100|[from] Sandstorm
|-heal|p2a: Axol|58/100|[from] item: Leftovers
|-heal|p1a: Blissey|81/100|[from] item: Leftovers
|upkeep
|turn|12
|
|t:|1728134718
|switch|p2a: Ciccio|Snorlax, M|63/100 brn
|-damage|p2a: Ciccio|51/100 brn|[from] Spikes
|move|p1a: Blissey|Seismic Toss|p2a: Ciccio
|-damage|p2a: Ciccio|30/100 brn
|
|-weather|Sandstorm|[upkeep]
|-damage|p1a: Blissey|75/100|[from] Sandstorm
|-damage|p2a: Ciccio|24/100 brn|[from] Sandstorm
|-heal|p1a: Blissey|81/100|[from] item: Leftovers
|-heal|p2a: Ciccio|30/100 brn|[from] item: Leftovers
|-damage|p2a: Ciccio|18/100 brn|[from] brn
|upkeep
|turn|13
|
|t:|1728134741
|move|p1a: Blissey|Seismic Toss|p2a: Ciccio
|-damage|p2a: Ciccio|0 fnt
|faint|p2a: Ciccio
|
|t:|1728134749
|switch|p2a: Terry|Tyranitar, M|100/100
|-damage|p2a: Terry|88/100|[from] Spikes
|
|-weather|Sandstorm|[upkeep]
|-damage|p1a: Blissey|75/100|[from] Sandstorm
|-heal|p1a: Blissey|81/100|[from] item: Leftovers
|upkeep
|turn|14
|inactive|Precure Moonlight has 270 seconds left.
|
|t:|1728134770
|switch|p1a: Swampert|Swampert, M|100/100
|move|p2a: Terry|Brick Break|p1a: Swampert
|-damage|p1a: Swampert|85/100
|
|-weather|Sandstorm|[upkeep]
|-heal|p1a: Swampert|91/100|[from] item: Leftovers
|upkeep
|turn|15
|
|t:|1728134778
|move|p2a: Terry|Hidden Power|p1a: Swampert
|-supereffective|p1a: Swampert
|-damage|p1a: Swampert|13/100
|move|p1a: Swampert|Hydro Pump|p2a: Terry|[miss]
|-miss|p1a: Swampert|p2a: Terry
|
|-weather|Sandstorm|[upkeep]
|-heal|p1a: Swampert|19/100|[from] item: Leftovers
|upkeep
|turn|16
|c|☆Just_Leonardo|mb
|inactive|Just_Leonardo has 270 seconds left.
|
|t:|1728134821
|move|p1a: Swampert|Protect|p1a: Swampert
|-singleturn|p1a: Swampert|Protect
|move|p2a: Terry|Ice Beam|p1a: Swampert
|-activate|p1a: Swampert|Protect
|
|-weather|Sandstorm|[upkeep]
|-heal|p1a: Swampert|26/100|[from] item: Leftovers
|upkeep
|turn|17
|
|t:|1728134834
|switch|p1a: Moltres|Moltres|78/100 par
|move|p2a: Terry|Hidden Power|p1a: Moltres
|-resisted|p1a: Moltres
|-crit|p1a: Moltres
|-damage|p1a: Moltres|67/100 par
|
|-weather|Sandstorm|[upkeep]
|-damage|p1a: Moltres|61/100 par|[from] Sandstorm
|-heal|p1a: Moltres|67/100 par|[from] item: Leftovers
|upkeep
|turn|18
|inactive|Just_Leonardo has 270 seconds left.
|
|t:|1728134857
|switch|p2a: Zabdos|Zapdos|100/100
|move|p1a: Moltres|Will-O-Wisp|p2a: Zabdos|[miss]
|-miss|p1a: Moltres|p2a: Zabdos
|
|-weather|Sandstorm|[upkeep]
|-damage|p2a: Zabdos|94/100|[from] Sandstorm
|-damage|p1a: Moltres|61/100 par|[from] Sandstorm
|-heal|p2a: Zabdos|100/100|[from] item: Leftovers
|-heal|p1a: Moltres|67/100 par|[from] item: Leftovers
|upkeep
|turn|19
|
|t:|1728134872
|switch|p2a: Terry|Tyranitar, M|88/100
|-damage|p2a: Terry|76/100|[from] Spikes
|switch|p1a: Blissey|Blissey, F|81/100
|
|-weather|Sandstorm|[upkeep]
|-damage|p1a: Blissey|75/100|[from] Sandstorm
|-heal|p1a: Blissey|81/100|[from] item: Leftovers
|upkeep
|turn|20
|
|t:|1728134881
|move|p2a: Terry|Brick Break|p1a: Blissey
|-supereffective|p1a: Blissey
|-damage|p1a: Blissey|38/100
|move|p1a: Blissey|Soft-Boiled|p1a: Blissey
|-heal|p1a: Blissey|88/100
|
|-weather|Sandstorm|[upkeep]
|-damage|p1a: Blissey|82/100|[from] Sandstorm
|-heal|p1a: Blissey|88/100|[from] item: Leftovers
|upkeep
|turn|21
|inactive|Precure Moonlight has 270 seconds left.
|inactive|Just_Leonardo has 270 seconds left.
|
|t:|1728134891
|switch|p1a: Moltres|Moltres|67/100 par
|move|p2a: Terry|Ice Beam|p1a: Moltres
|-damage|p1a: Moltres|34/100 par
|
|-weather|Sandstorm|[upkeep]
|-damage|p1a: Moltres|28/100 par|[from] Sandstorm
|-heal|p1a: Moltres|34/100 par|[from] item: Leftovers
|upkeep
|turn|22
|inactive|Just_Leonardo has 270 seconds left.
|
|t:|1728134910
|move|p2a: Terry|Ice Beam|p1a: Moltres
|-damage|p1a: Moltres|3/100 par
|cant|p1a: Moltres|par
|
|-weather|Sandstorm|[upkeep]
|-damage|p1a: Moltres|0 fnt|[from] Sandstorm
|faint|p1a: Moltres
|upkeep
|c|☆Just_Leonardo|mb
|inactive|Precure Moonlight has 270 seconds left.
|
|t:|1728134928
|switch|p1a: Tyranitar|Tyranitar, F|36/100
|turn|23
|
|t:|1728134932
|move|p2a: Terry|Brick Break|p1a: Tyranitar
|-supereffective|p1a: Tyranitar
|-damage|p1a: Tyranitar|0 fnt
|faint|p1a: Tyranitar
|
|t:|1728134936
|switch|p1a: Blissey|Blissey, F|88/100
|
|-weather|Sandstorm|[upkeep]
|-damage|p1a: Blissey|82/100|[from] Sandstorm
|-heal|p1a: Blissey|88/100|[from] item: Leftovers
|upkeep
|turn|24
|
|t:|1728134944
|move|p2a: Terry|Brick Break|p1a: Blissey
|-supereffective|p1a: Blissey
|-crit|p1a: Blissey
|-damage|p1a: Blissey|5/100
|move|p1a: Blissey|Toxic|p2a: Terry
|-status|p2a: Terry|tox
|-enditem|p2a: Terry|Lum Berry|[eat]
|-curestatus|p2a: Terry|tox|[msg]
|
|-weather|Sandstorm|[upkeep]
|-damage|p1a: Blissey|0 fnt|[from] Sandstorm
|faint|p1a: Blissey
|upkeep
|c|☆Just_Leonardo|Dang sorry
|
|t:|1728134956
|switch|p1a: Swampert|Swampert, M|26/100
|turn|25
|
|t:|1728134960
|move|p2a: Terry|Hidden Power|p1a: Swampert
|-supereffective|p1a: Swampert
|-damage|p1a: Swampert|0 fnt
|faint|p1a: Swampert
|
|t:|1728134964
|switch|p1a: Gengar|Gengar, F|100/100
|
|-weather|Sandstorm|[upkeep]
|-damage|p1a: Gengar|94/100|[from] Sandstorm
|-heal|p1a: Gengar|100/100|[from] item: Leftovers
|upkeep
|turn|26
|
|t:|1728134974
|move|p1a: Gengar|Thunderbolt|p2a: Terry
|-crit|p2a: Terry
|-damage|p2a: Terry|13/100
|move|p2a: Terry|Fire Blast|p1a: Gengar
|-damage|p1a: Gengar|60/100
|
|-weather|Sandstorm|[upkeep]
|-damage|p1a: Gengar|54/100|[from] Sandstorm
|-heal|p1a: Gengar|60/100|[from] item: Leftovers
|upkeep
|turn|27
|
|t:|1728134983
|move|p1a: Gengar|Thunderbolt|p2a: Terry
|-damage|p2a: Terry|0 fnt
|faint|p2a: Terry
|
|t:|1728134985
|switch|p2a: Zabdos|Zapdos|100/100
|
|-weather|Sandstorm|[upkeep]
|-damage|p1a: Gengar|54/100|[from] Sandstorm
|-damage|p2a: Zabdos|94/100|[from] Sandstorm
|-heal|p1a: Gengar|60/100|[from] item: Leftovers
|-heal|p2a: Zabdos|100/100|[from] item: Leftovers
|upkeep
|turn|28
|
|t:|1728134993
|move|p1a: Gengar|Ice Punch|p2a: Zabdos
|-supereffective|p2a: Zabdos
|-damage|p2a: Zabdos|50/100
|move|p2a: Zabdos|Thunderbolt|p1a: Gengar
|-damage|p1a: Gengar|5/100
|
|-weather|Sandstorm|[upkeep]
|-damage|p1a: Gengar|0 fnt|[from] Sandstorm
|-damage|p2a: Zabdos|44/100|[from] Sandstorm
|faint|p1a: Gengar
|
|win|Just_Leonardo
|upkeep
|c|☆Precure Moonlight|dang
|c|☆Just_Leonardo|gg
|c|☆Precure Moonlight|ggs
|player|p1|

</script>
<script type="application/json" class="data" id="replaydata-smogtours-gen3ou-794907">
{"id":"smogtours-gen3ou-794907","format":"[Gen 3] OU","players":["Precure Moonlight","Just_Leonardo"],"uploadtime":1728134993,"views":164,"formatid":"gen3ou","rating":null,"private":0,"password":null}
</script>

<script defer src="js/replays.js?9d40a366"></script>
