<!DOCTYPE html>
<meta charset="utf-8" />
<meta name="viewport" content="width=device-width" />

<title>[Gen 3] OU: SgtPingwen vs. fakes - Replays - Pok&eacute;mon Showdown!</title>

<meta name="description" content="Watch a replay of a Pok&eacute;mon battle between SgtPingwen and fakes! Format: [Gen 3] OU; Date: Oct 12, 2024" />
<!--

Hey, you! Looking in the source for the replay log?

You can find them in JSON format, just add `.json` at the end of a replay URL.

https://replay.pokemonshowdown.com/gen7randomdoublesbattle-865046831.json

Or, if you only need the log itself, add `.log` instead:

https://replay.pokemonshowdown.com/gen7randomdoublesbattle-865046831.log

-->

<link rel="stylesheet" href="//pokemonshowdown.com/style/global.css?0.767286132409787" />
<link rel="stylesheet" href="//play.pokemonshowdown.com/style/font-awesome.css?0.9266228007934947" />
<link rel="stylesheet" href="//play.pokemonshowdown.com/style/battle.css?0.7924700842790926" />
<link rel="stylesheet" href="//play.pokemonshowdown.com/style/utilichart.css?0.8777417872839479" />

<!-- Global site tag (gtag.js) - Google Analytics -->
<script async src="https://www.googletagmanager.com/gtag/js?id=UA-26211653-1"></script>
<script>
  window.dataLayer = window.dataLayer || [];
  function gtag(){dataLayer.push(arguments);}
  gtag('js', new Date());

  gtag('config', 'UA-26211653-1');
</script>
<!-- End Google Analytics -->
<!-- Venatus Ad Manager - Install in <HEAD> of page -->
	<script src="https://hb.vntsm.com/v3/live/ad-manager.min.js" type="text/javascript" data-site-id="642aba63ec9a7b11c3c9c1be" data-mode="scan" async></script>
<!-- / Venatus Ad Manager -->

<style>
	@media (max-width:820px) {
		.battle {
			margin: 0 auto;
		}
		.battle-log {
			margin: 7px auto 0;
			max-width: 640px;
			height: 300px;
			position: static;
		}
	}
	.optgroup {
		display: inline-block;
		line-height: 22px;
		font-size: 10pt;
	}
	.optgroup .button {
		height: 25px;
		padding-top: 0;
		padding-bottom: 0;
	}
	.optgroup button.button {
		padding-left: 12px;
		padding-right: 12px;
	}
	.linklist {
		list-style: none;
		margin: 0.5em 0;
		padding: 0;
	}
	.linklist li {
		padding: 2px 0;
	}
	.sidebar {
		float: left;
		width: 320px;
	}
	.bar-wrapper {
		max-width: 1100px;
		margin: 0 auto;
	}
	.bar-wrapper.has-sidebar {
		max-width: 1430px;
	}
	.mainbar {
		margin: 0;
		padding-right: 1px;
	}
	.mainbar.has-sidebar {
		margin-left: 330px;
	}
	@media (min-width: 1511px) {
		.sidebar {
			width: 400px;
		}
		.bar-wrapper.has-sidebar {
			max-width: 1510px;
		}
		.mainbar.has-sidebar {
			margin-left: 410px;
		}
	}
	.section.first-section {
		margin-top: 9px;
	}
	.blocklink small {
		white-space: normal;
	}
	.button {
		vertical-align: middle;
	}
	.replay-controls {
		padding-top: 10px;
	}
	.replay-controls h1 {
		font-size: 16pt;
		font-weight: normal;
		color: #CCC;
	}
	.pagelink {
		text-align: center;
	}
	.pagelink a {
		width: 150px;
	}
	.textbox, .button {
		font-size: 11pt;
		vertical-align: middle;
	}
	@media (max-width: 450px) {
		.button {
			font-size: 9pt;
		}
	}
</style>

<div>

	<header>
		<div class="nav-wrapper"><ul class="nav">
			<li><a class="button nav-first" href="//pokemonshowdown.com/"><img src="//pokemonshowdown.com/images/pokemonshowdownbeta.png" srcset="//pokemonshowdown.com/images/pokemonshowdownbeta.png 1x, //pokemonshowdown.com/images/pokemonshowdownbeta@2x.png 2x" alt="Pok&eacute;mon Showdown" width="146" height="44" /> Home</a></li>
			<li><a class="button" href="//pokemonshowdown.com/dex/">Pok&eacute;dex</a></li>
			<li><a class="button cur" href="/">Replays</a></li>
			<li><a class="button" href="//pokemonshowdown.com/ladder/">Ladder</a></li>
			<li><a class="button nav-last" href="//pokemonshowdown.com/forums/">Forum</a></li>
			<li><a class="button greenbutton nav-first nav-last" href="//play.pokemonshowdown.com/">Play</a></li>
		</ul></div>
	</header>

	<div class="main" id="main">

		<noscript><section class="section">You need to enable JavaScript to use this page; sorry!</section></noscript>

	</div>

</div>

<script defer nomodule src="//play.pokemonshowdown.com/js/lib/ps-polyfill.js"></script>
<script defer src="//play.pokemonshowdown.com/js/lib/preact.min.js"></script>

<script defer src="//play.pokemonshowdown.com/config/config.js?6dec07f6"></script>
<script defer src="//play.pokemonshowdown.com/js/lib/jquery-1.11.0.min.js"></script>
<script defer src="//play.pokemonshowdown.com/js/lib/html-sanitizer-minified.js"></script>
<script defer src="//play.pokemonshowdown.com/js/battle-sound.js"></script>
<script defer src="//play.pokemonshowdown.com/js/battledata.js?0.6315294753075389"></script>
<script defer src="//play.pokemonshowdown.com/data/pokedex-mini.js?0.7603743185311358"></script>
<script defer src="//play.pokemonshowdown.com/data/pokedex-mini-bw.js?0.030888842834281283"></script>
<script defer src="//play.pokemonshowdown.com/data/graphics.js?0.05593094747507488"></script>
<script defer src="//play.pokemonshowdown.com/data/pokedex.js?0.47064822249611904"></script>
<script defer src="//play.pokemonshowdown.com/data/moves.js?0.8583693120512459"></script>
<script defer src="//play.pokemonshowdown.com/data/abilities.js?0.16017181182386842"></script>
<script defer src="//play.pokemonshowdown.com/data/items.js?0.4163379185673943"></script>
<script defer src="//play.pokemonshowdown.com/data/teambuilder-tables.js?0.31075597372830477"></script>
<script defer src="//play.pokemonshowdown.com/js/battle-tooltips.js?0.6536193500708172"></script>
<script defer src="//play.pokemonshowdown.com/js/battle.js?0.1916591943277901"></script>

<script defer src="js/utils.js?e31f9a17"></script>
<script defer src="js/replays-battle.js?7008c182"></script>

<!-- don't scrape this data! just add .json or .log after the URL!
Full API docs: https://github.com/smogon/pokemon-showdown-client/blob/master/WEB-API.md -->
<script type="text/plain" class="log" id="replaylog-smogtours-gen3ou-797655">
|inactive|Battle timer is ON: inactive players will automatically lose when time's up.
|t:|1728757177
|gametype|singles
|player|p1|SgtPingwen|falkner|
|player|p2|fakes|lucas|
|teamsize|p1|6
|teamsize|p2|6
|gen|3
|tier|[Gen 3] OU
|rule|Sleep Clause Mod: Limit one foe put to sleep
|rule|Switch Priority Clause Mod: Faster Pokémon switch first
|rule|Species Clause: Limit one of each Pokémon
|rule|OHKO Clause: OHKO moves are banned
|rule|Evasion Items Clause: Evasion items are banned
|rule|Evasion Moves Clause: Evasion moves are banned
|rule|Endless Battle Clause: Forcing endless battles is banned
|rule|HP Percentage Mod: HP is shown in percentages
|rule|One Boost Passer Clause: Limit one Baton Passer that has a way to boost its stats
|rule|Freeze Clause Mod: Limit one foe frozen
|
|t:|1728757177
|start
|switch|p1a: Metagross|Metagross|100/100
|switch|p2a: Metagross|Metagross|100/100
|turn|1
|c|☆fakes|hf
|c|☆SgtPingwen|you too
|
|t:|1728757190
|switch|p2a: Gengar|Gengar, F|100/100
|move|p1a: Metagross|Earthquake|p2a: Gengar
|-immune|p2a: Gengar
|
|upkeep
|turn|2
|
|t:|1728757197
|move|p2a: Gengar|Will-O-Wisp|p1a: Metagross
|-status|p1a: Metagross|brn
|move|p1a: Metagross|Meteor Mash|p2a: Gengar
|-damage|p2a: Gengar|50/100
|
|-heal|p2a: Gengar|56/100|[from] item: Leftovers
|-damage|p1a: Metagross|88/100 brn|[from] brn
|upkeep
|turn|3
|
|t:|1728757202
|switch|p2a: Zapdos|Zapdos|100/100
|move|p1a: Metagross|Meteor Mash|p2a: Zapdos
|-resisted|p2a: Zapdos
|-damage|p2a: Zapdos|86/100
|
|-heal|p2a: Zapdos|92/100|[from] item: Leftovers
|-heal|p1a: Metagross|94/100 brn|[from] item: Leftovers
|-damage|p1a: Metagross|82/100 brn|[from] brn
|upkeep
|turn|4
|
|t:|1728757207
|switch|p2a: Gengar|Gengar, F|56/100
|switch|p1a: Celebi|Celebi|100/100
|
|-heal|p2a: Gengar|62/100|[from] item: Leftovers
|upkeep
|turn|5
|
|t:|1728757214
|move|p2a: Gengar|Ice Punch|p1a: Celebi
|-supereffective|p1a: Celebi
|-damage|p1a: Celebi|60/100
|move|p1a: Celebi|Baton Pass|p1a: Celebi
|
|t:|1728757219
|switch|p1a: Milotic|Milotic, M|100/100|[from] Baton Pass
|
|-heal|p2a: Gengar|68/100|[from] item: Leftovers
|upkeep
|turn|6
|
|t:|1728757222
|switch|p2a: Zapdos|Zapdos|92/100
|move|p1a: Milotic|Hypnosis|p2a: Zapdos|[miss]
|-miss|p1a: Milotic|p2a: Zapdos
|
|-heal|p2a: Zapdos|98/100|[from] item: Leftovers
|upkeep
|turn|7
|
|t:|1728757231
|move|p2a: Zapdos|Thunderbolt|p1a: Milotic
|-supereffective|p1a: Milotic
|-damage|p1a: Milotic|47/100
|move|p1a: Milotic|Hypnosis|p2a: Zapdos
|-status|p2a: Zapdos|slp|[from] move: Hypnosis
|
|-heal|p2a: Zapdos|100/100 slp|[from] item: Leftovers
|-heal|p1a: Milotic|53/100|[from] item: Leftovers
|upkeep
|turn|8
|
|t:|1728757235
|cant|p2a: Zapdos|slp
|move|p1a: Milotic|Recover|p1a: Milotic
|-heal|p1a: Milotic|100/100
|
|upkeep
|turn|9
|
|t:|1728757237
|cant|p2a: Zapdos|slp
|move|p1a: Milotic|Ice Beam|p2a: Zapdos
|-supereffective|p2a: Zapdos
|-damage|p2a: Zapdos|69/100 slp
|
|-heal|p2a: Zapdos|75/100 slp|[from] item: Leftovers
|upkeep
|turn|10
|
|t:|1728757239
|cant|p2a: Zapdos|slp
|move|p1a: Milotic|Ice Beam|p2a: Zapdos
|-supereffective|p2a: Zapdos
|-damage|p2a: Zapdos|44/100 slp
|
|-heal|p2a: Zapdos|50/100 slp|[from] item: Leftovers
|upkeep
|turn|11
|
|t:|1728757243
|cant|p2a: Zapdos|slp
|move|p1a: Milotic|Ice Beam|p2a: Zapdos
|-supereffective|p2a: Zapdos
|-damage|p2a: Zapdos|17/100 slp
|
|-heal|p2a: Zapdos|23/100 slp|[from] item: Leftovers
|upkeep
|turn|12
|
|t:|1728757248
|switch|p2a: Suicune|Suicune|100/100
|move|p1a: Milotic|Ice Beam|p2a: Suicune
|-resisted|p2a: Suicune
|-damage|p2a: Suicune|92/100
|-status|p2a: Suicune|frz
|
|-heal|p2a: Suicune|98/100 frz|[from] item: Leftovers
|upkeep
|turn|13
|
|t:|1728757252
|switch|p1a: Magneton|Magneton|100/100
|switch|p2a: Celebi|Celebi|100/100
|
|upkeep
|turn|14
|
|t:|1728757256
|move|p1a: Magneton|Thunder Wave|p2a: Celebi
|-status|p2a: Celebi|par
|move|p2a: Celebi|Heal Bell|p2a: Celebi
|-activate|p2a: Celebi|move: Heal Bell
|-curestatus|p2a: Celebi|par|[silent]
|-curestatus|p2: Suicune|frz|[silent]
|-curestatus|p2: Zapdos|slp|[silent]
|
|upkeep
|turn|15
|
|t:|1728757260
|switch|p2a: Dugtrio|Dugtrio, M|100/100
|move|p1a: Magneton|Toxic|p2a: Dugtrio
|-status|p2a: Dugtrio|tox
|
|-damage|p2a: Dugtrio|94/100 tox|[from] psn
|upkeep
|turn|16
|
|t:|1728757263
|move|p2a: Dugtrio|Earthquake|p1a: Magneton
|-supereffective|p1a: Magneton
|-damage|p1a: Magneton|0 fnt
|faint|p1a: Magneton
|
|t:|1728757267
|switch|p1a: Gyarados|Gyarados, M|100/100
|-ability|p1a: Gyarados|Intimidate|boost
|-unboost|p2a: Dugtrio|atk|1
|
|-damage|p2a: Dugtrio|82/100 tox|[from] psn
|upkeep
|turn|17
|
|t:|1728757271
|switch|p2a: Metagross|Metagross|100/100
|move|p1a: Gyarados|Double-Edge|p2a: Metagross
|-resisted|p2a: Metagross
|-damage|p2a: Metagross|85/100
|-damage|p1a: Gyarados|95/100|[from] Recoil|[of] p2a: Metagross
|
|-heal|p1a: Gyarados|100/100|[from] item: Leftovers
|upkeep
|turn|18
|
|t:|1728757275
|switch|p1a: Milotic|Milotic, M|100/100
|move|p2a: Metagross|Rock Slide|p1a: Milotic
|-damage|p1a: Milotic|66/100
|
|-heal|p1a: Milotic|72/100|[from] item: Leftovers
|upkeep
|turn|19
|
|t:|1728757279
|switch|p2a: Celebi|Celebi|100/100
|move|p1a: Milotic|Hypnosis|p2a: Celebi
|-status|p2a: Celebi|slp|[from] move: Hypnosis
|
|-heal|p1a: Milotic|78/100|[from] item: Leftovers
|upkeep
|turn|20
|
|t:|1728757283
|-curestatus|p2a: Celebi|slp|[from] ability: Natural Cure
|switch|p2a: Suicune|Suicune|98/100
|switch|p1a: Metagross|Metagross|82/100 brn
|
|-heal|p2a: Suicune|100/100|[from] item: Leftovers
|-heal|p1a: Metagross|88/100 brn|[from] item: Leftovers
|-damage|p1a: Metagross|76/100 brn|[from] brn
|upkeep
|turn|21
|
|t:|1728757288
|switch|p1a: Heracross|Heracross, F|100/100
|move|p2a: Suicune|Calm Mind|p2a: Suicune
|-boost|p2a: Suicune|spa|1
|-boost|p2a: Suicune|spd|1
|
|upkeep
|turn|22
|
|t:|1728757297
|switch|p2a: Gengar|Gengar, F|68/100
|move|p1a: Heracross|Megahorn|p2a: Gengar
|-resisted|p2a: Gengar
|-damage|p2a: Gengar|42/100
|
|-heal|p2a: Gengar|48/100|[from] item: Leftovers
|upkeep
|turn|23
|
|t:|1728757303
|switch|p2a: Dugtrio|Dugtrio, M|82/100 tox
|move|p1a: Heracross|Hidden Power|p2a: Dugtrio
|-damage|p2a: Dugtrio|18/100 tox
|
|-damage|p2a: Dugtrio|11/100 tox|[from] psn
|upkeep
|turn|24
|
|t:|1728757307
|move|p2a: Dugtrio|Aerial Ace|p1a: Heracross
|-supereffective|p1a: Heracross
|-damage|p1a: Heracross|0 fnt
|faint|p1a: Heracross
|
|t:|1728757309
|switch|p1a: Gyarados|Gyarados, M|100/100
|-ability|p1a: Gyarados|Intimidate|boost
|-unboost|p2a: Dugtrio|atk|1
|
|-damage|p2a: Dugtrio|0 fnt|[from] psn
|faint|p2a: Dugtrio
|upkeep
|
|t:|1728757312
|switch|p2a: Gengar|Gengar, F|48/100
|turn|25
|
|t:|1728757317
|switch|p2a: Zapdos|Zapdos|23/100
|switch|p1a: Metagross|Metagross|76/100 brn
|
|-heal|p2a: Zapdos|29/100|[from] item: Leftovers
|-heal|p1a: Metagross|82/100 brn|[from] item: Leftovers
|-damage|p1a: Metagross|70/100 brn|[from] brn
|upkeep
|turn|26
|
|t:|1728757321
|move|p2a: Zapdos|Rest|p2a: Zapdos
|-status|p2a: Zapdos|slp|[from] move: Rest
|-heal|p2a: Zapdos|100/100 slp|[silent]
|move|p1a: Metagross|Explosion|p2a: Zapdos
|-damage|p2a: Zapdos|2/100 slp
|faint|p1a: Metagross
|
|t:|1728757333
|switch|p1a: Celebi|Celebi|60/100
|
|-heal|p1a: Celebi|66/100|[from] item: Leftovers
|-heal|p2a: Zapdos|8/100 slp|[from] item: Leftovers
|upkeep
|turn|27
|
|t:|1728757338
|switch|p2a: Metagross|Metagross|85/100
|move|p1a: Celebi|Swords Dance|p1a: Celebi
|-boost|p1a: Celebi|atk|2
|
|-heal|p1a: Celebi|73/100|[from] item: Leftovers
|upkeep
|turn|28
|
|t:|1728757344
|move|p1a: Celebi|Baton Pass|p1a: Celebi
|
|t:|1728757345
|switch|p1a: Gyarados|Gyarados, M|100/100|[from] Baton Pass
|-ability|p1a: Gyarados|Intimidate|boost
|-fail|p2a: Metagross|unboost|[from] ability: Clear Body|[of] p2a: Metagross
|move|p2a: Metagross|Explosion|p1a: Gyarados
|-damage|p1a: Gyarados|0 fnt
|faint|p2a: Metagross
|faint|p1a: Gyarados
|
|t:|1728757348
|switch|p1a: Milotic|Milotic, M|78/100
|switch|p2a: Gengar|Gengar, F|48/100
|
|-heal|p2a: Gengar|54/100|[from] item: Leftovers
|-heal|p1a: Milotic|84/100|[from] item: Leftovers
|upkeep
|turn|29
|
|t:|1728757356
|switch|p2a: Celebi|Celebi|100/100
|move|p1a: Milotic|Surf|p2a: Celebi
|-resisted|p2a: Celebi
|-damage|p2a: Celebi|88/100
|
|-heal|p2a: Celebi|94/100|[from] item: Leftovers
|-heal|p1a: Milotic|90/100|[from] item: Leftovers
|upkeep
|turn|30
|
|t:|1728757360
|move|p2a: Celebi|Leech Seed|p1a: Milotic
|-start|p1a: Milotic|move: Leech Seed
|move|p1a: Milotic|Ice Beam|p2a: Celebi
|-supereffective|p2a: Celebi
|-damage|p2a: Celebi|57/100
|
|-heal|p2a: Celebi|63/100|[from] item: Leftovers
|-heal|p1a: Milotic|96/100|[from] item: Leftovers
|-damage|p1a: Milotic|84/100|[from] Leech Seed|[of] p2a: Celebi
|-heal|p2a: Celebi|75/100|[silent]
|upkeep
|turn|31
|
|t:|1728757364
|switch|p1a: Celebi|Celebi|73/100
|move|p2a: Celebi|Heal Bell|p2a: Celebi
|-activate|p2a: Celebi|move: Heal Bell
|-curestatus|p2: Zapdos|slp|[silent]
|
|-heal|p1a: Celebi|79/100|[from] item: Leftovers
|-heal|p2a: Celebi|81/100|[from] item: Leftovers
|upkeep
|turn|32
|
|t:|1728757366
|switch|p2a: Suicune|Suicune|100/100
|move|p1a: Celebi|Swords Dance|p1a: Celebi
|-boost|p1a: Celebi|atk|2
|
|-heal|p1a: Celebi|85/100|[from] item: Leftovers
|upkeep
|turn|33
|
|t:|1728757368
|move|p1a: Celebi|Swords Dance|p1a: Celebi
|-boost|p1a: Celebi|atk|2
|move|p2a: Suicune|Calm Mind|p2a: Suicune
|-boost|p2a: Suicune|spa|1
|-boost|p2a: Suicune|spd|1
|
|-heal|p1a: Celebi|91/100|[from] item: Leftovers
|upkeep
|turn|34
|
|t:|1728757370
|move|p1a: Celebi|Swords Dance|p1a: Celebi
|-boost|p1a: Celebi|atk|2
|move|p2a: Suicune|Roar|p1a: Celebi
|drag|p1a: Milotic|Milotic, M|84/100
|
|-heal|p1a: Milotic|90/100|[from] item: Leftovers
|upkeep
|turn|35
|
|t:|1728757373
|move|p1a: Milotic|Hypnosis|p2a: Suicune
|-status|p2a: Suicune|slp|[from] move: Hypnosis
|cant|p2a: Suicune|slp
|
|-heal|p1a: Milotic|96/100|[from] item: Leftovers
|upkeep
|turn|36
|
|t:|1728757376
|switch|p1a: Celebi|Celebi|91/100
|cant|p2a: Suicune|slp
|
|-heal|p1a: Celebi|98/100|[from] item: Leftovers
|upkeep
|turn|37
|
|t:|1728757377
|move|p1a: Celebi|Swords Dance|p1a: Celebi
|-boost|p1a: Celebi|atk|2
|-curestatus|p2a: Suicune|slp|[msg]
|move|p2a: Suicune|Calm Mind|p2a: Suicune
|-boost|p2a: Suicune|spa|1
|-boost|p2a: Suicune|spd|1
|
|-heal|p1a: Celebi|100/100|[from] item: Leftovers
|upkeep
|turn|38
|
|t:|1728757382
|move|p1a: Celebi|Hidden Power|p2a: Suicune
|-damage|p2a: Suicune|82/100
|move|p2a: Suicune|Roar|p1a: Celebi
|drag|p1a: Milotic|Milotic, M|96/100
|
|-heal|p1a: Milotic|100/100|[from] item: Leftovers
|-heal|p2a: Suicune|88/100|[from] item: Leftovers
|upkeep
|turn|39
|-message|SgtPingwen forfeited.
|
|win|fakes
|player|p1|

</script>
<script type="application/json" class="data" id="replaydata-smogtours-gen3ou-797655">
{"id":"smogtours-gen3ou-797655","format":"[Gen 3] OU","players":["SgtPingwen","fakes"],"uploadtime":1728757386,"views":119,"formatid":"gen3ou","rating":null,"private":1,"password":null}
</script>

<script defer src="js/replays.js?9d40a366"></script>
