<!DOCTYPE html>
<meta charset="utf-8" />
<meta name="viewport" content="width=device-width" />

<title>[Gen 3] OU: DraykOP vs. venik777 - Replays - Pok&eacute;mon Showdown!</title>

<meta name="description" content="Watch a replay of a Pok&eacute;mon battle between DraykOP and venik777! Format: [Gen 3] OU; Date: Oct 13, 2024" />
<!--

Hey, you! Looking in the source for the replay log?

You can find them in JSON format, just add `.json` at the end of a replay URL.

https://replay.pokemonshowdown.com/gen7randomdoublesbattle-865046831.json

Or, if you only need the log itself, add `.log` instead:

https://replay.pokemonshowdown.com/gen7randomdoublesbattle-865046831.log

-->

<link rel="stylesheet" href="//pokemonshowdown.com/style/global.css?0.023195364461161105" />
<link rel="stylesheet" href="//play.pokemonshowdown.com/style/font-awesome.css?0.13261647063804238" />
<link rel="stylesheet" href="//play.pokemonshowdown.com/style/battle.css?0.8753245789963631" />
<link rel="stylesheet" href="//play.pokemonshowdown.com/style/utilichart.css?0.8627959624976733" />

<!-- Global site tag (gtag.js) - Google Analytics -->
<script async src="https://www.googletagmanager.com/gtag/js?id=UA-26211653-1"></script>
<script>
  window.dataLayer = window.dataLayer || [];
  function gtag(){dataLayer.push(arguments);}
  gtag('js', new Date());

  gtag('config', 'UA-26211653-1');
</script>
<!-- End Google Analytics -->
<!-- Venatus Ad Manager - Install in <HEAD> of page -->
	<script src="https://hb.vntsm.com/v3/live/ad-manager.min.js" type="text/javascript" data-site-id="642aba63ec9a7b11c3c9c1be" data-mode="scan" async></script>
<!-- / Venatus Ad Manager -->

<style>
	@media (max-width:820px) {
		.battle {
			margin: 0 auto;
		}
		.battle-log {
			margin: 7px auto 0;
			max-width: 640px;
			height: 300px;
			position: static;
		}
	}
	.optgroup {
		display: inline-block;
		line-height: 22px;
		font-size: 10pt;
	}
	.optgroup .button {
		height: 25px;
		padding-top: 0;
		padding-bottom: 0;
	}
	.optgroup button.button {
		padding-left: 12px;
		padding-right: 12px;
	}
	.linklist {
		list-style: none;
		margin: 0.5em 0;
		padding: 0;
	}
	.linklist li {
		padding: 2px 0;
	}
	.sidebar {
		float: left;
		width: 320px;
	}
	.bar-wrapper {
		max-width: 1100px;
		margin: 0 auto;
	}
	.bar-wrapper.has-sidebar {
		max-width: 1430px;
	}
	.mainbar {
		margin: 0;
		padding-right: 1px;
	}
	.mainbar.has-sidebar {
		margin-left: 330px;
	}
	@media (min-width: 1511px) {
		.sidebar {
			width: 400px;
		}
		.bar-wrapper.has-sidebar {
			max-width: 1510px;
		}
		.mainbar.has-sidebar {
			margin-left: 410px;
		}
	}
	.section.first-section {
		margin-top: 9px;
	}
	.blocklink small {
		white-space: normal;
	}
	.button {
		vertical-align: middle;
	}
	.replay-controls {
		padding-top: 10px;
	}
	.replay-controls h1 {
		font-size: 16pt;
		font-weight: normal;
		color: #CCC;
	}
	.pagelink {
		text-align: center;
	}
	.pagelink a {
		width: 150px;
	}
	.textbox, .button {
		font-size: 11pt;
		vertical-align: middle;
	}
	@media (max-width: 450px) {
		.button {
			font-size: 9pt;
		}
	}
</style>

<div>

	<header>
		<div class="nav-wrapper"><ul class="nav">
			<li><a class="button nav-first" href="//pokemonshowdown.com/"><img src="//pokemonshowdown.com/images/pokemonshowdownbeta.png" srcset="//pokemonshowdown.com/images/pokemonshowdownbeta.png 1x, //pokemonshowdown.com/images/pokemonshowdownbeta@2x.png 2x" alt="Pok&eacute;mon Showdown" width="146" height="44" /> Home</a></li>
			<li><a class="button" href="//pokemonshowdown.com/dex/">Pok&eacute;dex</a></li>
			<li><a class="button cur" href="/">Replays</a></li>
			<li><a class="button" href="//pokemonshowdown.com/ladder/">Ladder</a></li>
			<li><a class="button nav-last" href="//pokemonshowdown.com/forums/">Forum</a></li>
			<li><a class="button greenbutton nav-first nav-last" href="//play.pokemonshowdown.com/">Play</a></li>
		</ul></div>
	</header>

	<div class="main" id="main">

		<noscript><section class="section">You need to enable JavaScript to use this page; sorry!</section></noscript>

	</div>

</div>

<script defer nomodule src="//play.pokemonshowdown.com/js/lib/ps-polyfill.js"></script>
<script defer src="//play.pokemonshowdown.com/js/lib/preact.min.js"></script>

<script defer src="//play.pokemonshowdown.com/config/config.js?2bddbc15"></script>
<script defer src="//play.pokemonshowdown.com/js/lib/jquery-1.11.0.min.js"></script>
<script defer src="//play.pokemonshowdown.com/js/lib/html-sanitizer-minified.js"></script>
<script defer src="//play.pokemonshowdown.com/js/battle-sound.js"></script>
<script defer src="//play.pokemonshowdown.com/js/battledata.js?0.7209276989879541"></script>
<script defer src="//play.pokemonshowdown.com/data/pokedex-mini.js?0.6111056340867951"></script>
<script defer src="//play.pokemonshowdown.com/data/pokedex-mini-bw.js?0.3532142036491459"></script>
<script defer src="//play.pokemonshowdown.com/data/graphics.js?0.24223875632456182"></script>
<script defer src="//play.pokemonshowdown.com/data/pokedex.js?0.38839984266356864"></script>
<script defer src="//play.pokemonshowdown.com/data/moves.js?0.21866028504024015"></script>
<script defer src="//play.pokemonshowdown.com/data/abilities.js?0.2005157953846628"></script>
<script defer src="//play.pokemonshowdown.com/data/items.js?0.9894211263848525"></script>
<script defer src="//play.pokemonshowdown.com/data/teambuilder-tables.js?0.6008791140282215"></script>
<script defer src="//play.pokemonshowdown.com/js/battle-tooltips.js?0.7580118955022959"></script>
<script defer src="//play.pokemonshowdown.com/js/battle.js?0.6057722274234274"></script>

<script defer src="js/utils.js?e31f9a17"></script>
<script defer src="js/replays-battle.js?7008c182"></script>

<!-- don't scrape this data! just add .json or .log after the URL!
Full API docs: https://github.com/smogon/pokemon-showdown-client/blob/master/WEB-API.md -->
<script type="text/plain" class="log" id="replaylog-smogtours-gen3ou-798241">
|inactive|Battle timer is ON: inactive players will automatically lose when time's up.
|t:|1728843344
|gametype|singles
|player|p1|DraykOP|hexmaniac-gen3|
|player|p2|venik777|102|
|teamsize|p1|6
|teamsize|p2|6
|gen|3
|tier|[Gen 3] OU
|rule|Sleep Clause Mod: Limit one foe put to sleep
|rule|Switch Priority Clause Mod: Faster Pokémon switch first
|rule|Species Clause: Limit one of each Pokémon
|rule|OHKO Clause: OHKO moves are banned
|rule|Evasion Items Clause: Evasion items are banned
|rule|Evasion Moves Clause: Evasion moves are banned
|rule|Endless Battle Clause: Forcing endless battles is banned
|rule|HP Percentage Mod: HP is shown in percentages
|rule|One Boost Passer Clause: Limit one Baton Passer that has a way to boost its stats
|rule|Freeze Clause Mod: Limit one foe frozen
|
|t:|1728843344
|start
|switch|p1a: Gengar|Gengar, F, shiny|100/100
|switch|p2a: Zapdos|Zapdos|100/100
|turn|1
|c|☆DraykOP|glhf
|inactive|DraykOP has 270 seconds left.
|
|t:|1728843376
|move|p2a: Zapdos|Protect|p2a: Zapdos
|-singleturn|p2a: Zapdos|Protect
|move|p1a: Gengar|Explosion|p2a: Zapdos
|-activate|p2a: Zapdos|Protect
|faint|p1a: Gengar
|c|☆venik777|same
|c|☆DraykOP|yeah, fair 
|
|t:|1728843388
|switch|p1a: Tyranitar|Tyranitar, M, shiny|100/100
|-weather|Sandstorm|[from] ability: Sand Stream|[of] p1a: Tyranitar
|
|-weather|Sandstorm|[upkeep]
|-damage|p2a: Zapdos|94/100|[from] Sandstorm
|-heal|p2a: Zapdos|100/100|[from] item: Leftovers
|upkeep
|turn|2
|inactive|venik777 has 270 seconds left.
|
|t:|1728843428
|-singleturn|p1a: Tyranitar|move: Focus Punch
|switch|p2a: Flygon|Flygon, F|100/100
|move|p1a: Tyranitar|Focus Punch|p2a: Flygon
|-damage|p2a: Flygon|55/100
|
|-weather|Sandstorm|[upkeep]
|-heal|p2a: Flygon|61/100|[from] item: Leftovers
|upkeep
|turn|3
|
|t:|1728843449
|move|p2a: Flygon|Toxic|p1a: Tyranitar
|-status|p1a: Tyranitar|tox
|-enditem|p1a: Tyranitar|Lum Berry|[eat]
|-curestatus|p1a: Tyranitar|tox|[msg]
|move|p1a: Tyranitar|Ice Beam|p2a: Flygon
|-supereffective|p2a: Flygon
|-damage|p2a: Flygon|0 fnt
|faint|p2a: Flygon
|inactive|venik777 has 240 seconds left.
|
|t:|1728843484
|switch|p2a: Gengar|Gengar, M|100/100
|
|-weather|Sandstorm|[upkeep]
|-damage|p2a: Gengar|95/100|[from] Sandstorm
|-heal|p2a: Gengar|100/100|[from] item: Leftovers
|upkeep
|turn|4
|
|t:|1728843500
|switch|p1a: Celebi|Celebi|100/100
|move|p2a: Gengar|Will-O-Wisp|p1a: Celebi|[miss]
|-miss|p2a: Gengar|p1a: Celebi
|
|-weather|Sandstorm|[upkeep]
|-damage|p2a: Gengar|95/100|[from] Sandstorm
|-damage|p1a: Celebi|94/100|[from] Sandstorm
|-heal|p2a: Gengar|100/100|[from] item: Leftovers
|-heal|p1a: Celebi|100/100|[from] item: Leftovers
|upkeep
|turn|5
|
|t:|1728843519
|switch|p2a: Skarmory|Skarmory, F|100/100
|move|p1a: Celebi|Leech Seed|p2a: Skarmory
|-start|p2a: Skarmory|move: Leech Seed
|
|-weather|Sandstorm|[upkeep]
|-damage|p1a: Celebi|94/100|[from] Sandstorm
|-heal|p1a: Celebi|100/100|[from] item: Leftovers
|-damage|p2a: Skarmory|88/100|[from] Leech Seed|[of] p1a: Celebi
|upkeep
|turn|6
|
|t:|1728843529
|switch|p1a: Zapdos|Zapdos|100/100
|move|p2a: Skarmory|Spikes|p1a: Zapdos
|-sidestart|p1: DraykOP|Spikes
|
|-weather|Sandstorm|[upkeep]
|-damage|p1a: Zapdos|94/100|[from] Sandstorm
|-heal|p1a: Zapdos|100/100|[from] item: Leftovers
|-heal|p2a: Skarmory|94/100|[from] item: Leftovers
|-damage|p2a: Skarmory|82/100|[from] Leech Seed|[of] p1a: Zapdos
|upkeep
|turn|7
|
|t:|1728843542
|switch|p2a: Blissey|Blissey, F|100/100
|move|p1a: Zapdos|Substitute|p1a: Zapdos
|-start|p1a: Zapdos|Substitute
|-damage|p1a: Zapdos|76/100
|
|-weather|Sandstorm|[upkeep]
|-damage|p1a: Zapdos|69/100|[from] Sandstorm
|-damage|p2a: Blissey|94/100|[from] Sandstorm
|-heal|p1a: Zapdos|76/100|[from] item: Leftovers
|-heal|p2a: Blissey|100/100|[from] item: Leftovers
|upkeep
|turn|8
|inactive|venik777 has 210 seconds left.
|
|t:|1728843584
|move|p1a: Zapdos|Baton Pass|p1a: Zapdos
|
|t:|1728843589
|switch|p1a: Metagross|Metagross|100/100|[from] Baton Pass
|-damage|p1a: Metagross|88/100|[from] Spikes
|move|p2a: Blissey|Seismic Toss|p1a: Metagross
|-end|p1a: Metagross|Substitute
|
|-weather|Sandstorm|[upkeep]
|-damage|p2a: Blissey|94/100|[from] Sandstorm
|-heal|p1a: Metagross|94/100|[from] item: Leftovers
|-heal|p2a: Blissey|100/100|[from] item: Leftovers
|upkeep
|turn|9
|inactive|venik777 has 180 seconds left.
|inactive|venik777 has 150 seconds left.
|
|t:|1728843650
|move|p1a: Metagross|Meteor Mash|p2a: Blissey
|-damage|p2a: Blissey|41/100
|move|p2a: Blissey|Thunder Wave|p1a: Metagross
|-status|p1a: Metagross|par
|
|-weather|Sandstorm|[upkeep]
|-damage|p2a: Blissey|35/100|[from] Sandstorm
|-heal|p2a: Blissey|41/100|[from] item: Leftovers
|-heal|p1a: Metagross|99/100 par|[from] item: Leftovers
|upkeep
|turn|10
|inactive|venik777 has 150 seconds left.
|
|t:|1728843665
|switch|p2a: Skarmory|Skarmory, F|82/100
|cant|p1a: Metagross|par
|
|-weather|Sandstorm|[upkeep]
|-heal|p2a: Skarmory|88/100|[from] item: Leftovers
|-heal|p1a: Metagross|100/100 par|[from] item: Leftovers
|upkeep
|turn|11
|inactive|venik777 has 150 seconds left.
|
|t:|1728843679
|move|p1a: Metagross|Explosion|p2a: Skarmory
|-resisted|p2a: Skarmory
|-crit|p2a: Skarmory
|-damage|p2a: Skarmory|0 fnt
|faint|p1a: Metagross
|faint|p2a: Skarmory
|inactive|venik777 has 150 seconds left.
|
|t:|1728843712
|switch|p1a: Celebi|Celebi|100/100
|switch|p2a: Tyranitar|Tyranitar, F|100/100
|-damage|p1a: Celebi|88/100|[from] Spikes
|
|-weather|Sandstorm|[upkeep]
|-damage|p1a: Celebi|82/100|[from] Sandstorm
|-heal|p1a: Celebi|88/100|[from] item: Leftovers
|upkeep
|turn|12
|
|t:|1728843729
|move|p1a: Celebi|Giga Drain|p2a: Tyranitar
|-supereffective|p2a: Tyranitar
|-crit|p2a: Tyranitar
|-damage|p2a: Tyranitar|0 fnt
|-heal|p1a: Celebi|100/100|[from] drain|[of] p2a: Tyranitar
|faint|p2a: Tyranitar
|c|☆DraykOP|mb
|inactive|venik777 has 120 seconds left.
|
|t:|1728843757
|switch|p2a: Zapdos|Zapdos|100/100
|
|-weather|Sandstorm|[upkeep]
|-damage|p1a: Celebi|94/100|[from] Sandstorm
|-damage|p2a: Zapdos|94/100|[from] Sandstorm
|-heal|p1a: Celebi|100/100|[from] item: Leftovers
|-heal|p2a: Zapdos|100/100|[from] item: Leftovers
|upkeep
|turn|13
|
|t:|1728843760
|move|p1a: Celebi|Leech Seed|p2a: Zapdos
|-start|p2a: Zapdos|move: Leech Seed
|move|p2a: Zapdos|Toxic|p1a: Celebi
|-status|p1a: Celebi|tox
|
|-weather|Sandstorm|[upkeep]
|-damage|p1a: Celebi|94/100 tox|[from] Sandstorm
|-damage|p2a: Zapdos|94/100|[from] Sandstorm
|-heal|p1a: Celebi|100/100 tox|[from] item: Leftovers
|-damage|p1a: Celebi|94/100 tox|[from] psn
|-heal|p2a: Zapdos|100/100|[from] item: Leftovers
|-damage|p2a: Zapdos|88/100|[from] Leech Seed|[of] p1a: Celebi
|-heal|p1a: Celebi|100/100 tox|[silent]
|upkeep
|turn|14
|inactive|venik777 has 120 seconds left.
|
|t:|1728843772
|switch|p2a: Gengar|Gengar, M|100/100
|move|p1a: Celebi|Psychic|p2a: Gengar
|-supereffective|p2a: Gengar
|-damage|p2a: Gengar|7/100
|-unboost|p2a: Gengar|spd|1
|
|-weather|Sandstorm|[upkeep]
|-damage|p2a: Gengar|1/100|[from] Sandstorm
|-damage|p1a: Celebi|94/100 tox|[from] Sandstorm
|-heal|p2a: Gengar|7/100|[from] item: Leftovers
|-heal|p1a: Celebi|100/100 tox|[from] item: Leftovers
|-damage|p1a: Celebi|88/100 tox|[from] psn
|upkeep
|turn|15
|inactive|venik777 has 120 seconds left.
|
|t:|1728843787
|move|p2a: Gengar|Explosion|p1a: Celebi
|-damage|p1a: Celebi|30/100 tox
|faint|p2a: Gengar
|
|t:|1728843792
|switch|p2a: Zapdos|Zapdos|88/100
|
|-weather|Sandstorm|[upkeep]
|-damage|p1a: Celebi|24/100 tox|[from] Sandstorm
|-damage|p2a: Zapdos|82/100|[from] Sandstorm
|-heal|p1a: Celebi|30/100 tox|[from] item: Leftovers
|-damage|p1a: Celebi|12/100 tox|[from] psn
|-heal|p2a: Zapdos|88/100|[from] item: Leftovers
|upkeep
|turn|16
|inactive|venik777 has 120 seconds left.
|
|t:|1728843800
|move|p1a: Celebi|Leech Seed|p2a: Zapdos|[miss]
|-miss|p1a: Celebi|p2a: Zapdos
|move|p2a: Zapdos|Thunderbolt|p1a: Celebi
|-resisted|p1a: Celebi
|-damage|p1a: Celebi|0 fnt
|faint|p1a: Celebi
|
|t:|1728843805
|switch|p1a: Tyranitar|Tyranitar, M, shiny|100/100
|-damage|p1a: Tyranitar|88/100|[from] Spikes
|
|-weather|Sandstorm|[upkeep]
|-damage|p2a: Zapdos|82/100|[from] Sandstorm
|-heal|p2a: Zapdos|88/100|[from] item: Leftovers
|upkeep
|turn|17
|inactive|venik777 has 120 seconds left.
|
|t:|1728843821
|move|p2a: Zapdos|Thunderbolt|p1a: Tyranitar
|-damage|p1a: Tyranitar|35/100
|-status|p1a: Tyranitar|par
|move|p1a: Tyranitar|Ice Beam|p2a: Zapdos
|-supereffective|p2a: Zapdos
|-damage|p2a: Zapdos|41/100
|
|-weather|Sandstorm|[upkeep]
|-damage|p2a: Zapdos|35/100|[from] Sandstorm
|-heal|p2a: Zapdos|41/100|[from] item: Leftovers
|upkeep
|turn|18
|inactive|venik777 has 120 seconds left.
|
|t:|1728843833
|move|p2a: Zapdos|Thunderbolt|p1a: Tyranitar
|-damage|p1a: Tyranitar|0 fnt
|faint|p1a: Tyranitar
|
|t:|1728843836
|switch|p1a: Zapdos|Zapdos|76/100
|
|-weather|Sandstorm|[upkeep]
|-damage|p1a: Zapdos|69/100|[from] Sandstorm
|-damage|p2a: Zapdos|35/100|[from] Sandstorm
|-heal|p1a: Zapdos|76/100|[from] item: Leftovers
|-heal|p2a: Zapdos|41/100|[from] item: Leftovers
|upkeep
|turn|19
|inactive|venik777 has 120 seconds left.
|
|t:|1728843867
|switch|p2a: Blissey|Blissey, F|41/100
|move|p1a: Zapdos|Agility|p1a: Zapdos
|-boost|p1a: Zapdos|spe|2
|
|-weather|Sandstorm|[upkeep]
|-damage|p1a: Zapdos|69/100|[from] Sandstorm
|-damage|p2a: Blissey|35/100|[from] Sandstorm
|-heal|p1a: Zapdos|76/100|[from] item: Leftovers
|-heal|p2a: Blissey|41/100|[from] item: Leftovers
|upkeep
|turn|20
|
|t:|1728843886
|move|p1a: Zapdos|Substitute|p1a: Zapdos
|-start|p1a: Zapdos|Substitute
|-damage|p1a: Zapdos|51/100
|move|p2a: Blissey|Soft-Boiled|p2a: Blissey
|-heal|p2a: Blissey|91/100
|
|-weather|Sandstorm|[upkeep]
|-damage|p1a: Zapdos|44/100|[from] Sandstorm
|-damage|p2a: Blissey|85/100|[from] Sandstorm
|-heal|p1a: Zapdos|51/100|[from] item: Leftovers
|-heal|p2a: Blissey|91/100|[from] item: Leftovers
|upkeep
|turn|21
|
|t:|1728843899
|move|p1a: Zapdos|Baton Pass|p1a: Zapdos
|
|t:|1728843901
|switch|p1a: Suicune|Suicune|100/100|[from] Baton Pass
|-damage|p1a: Suicune|88/100|[from] Spikes
|move|p2a: Blissey|Seismic Toss|p1a: Suicune
|-end|p1a: Suicune|Substitute
|
|-weather|Sandstorm|[upkeep]
|-damage|p1a: Suicune|82/100|[from] Sandstorm
|-damage|p2a: Blissey|85/100|[from] Sandstorm
|-heal|p1a: Suicune|88/100|[from] item: Leftovers
|-heal|p2a: Blissey|91/100|[from] item: Leftovers
|upkeep
|turn|22
|inactive|venik777 has 120 seconds left.
|
|t:|1728843912
|move|p1a: Suicune|Calm Mind|p1a: Suicune
|-boost|p1a: Suicune|spa|1
|-boost|p1a: Suicune|spd|1
|move|p2a: Blissey|Thunder Wave|p1a: Suicune
|-status|p1a: Suicune|par
|
|-weather|Sandstorm|[upkeep]
|-damage|p2a: Blissey|85/100|[from] Sandstorm
|-damage|p1a: Suicune|82/100 par|[from] Sandstorm
|-heal|p2a: Blissey|91/100|[from] item: Leftovers
|-heal|p1a: Suicune|88/100 par|[from] item: Leftovers
|upkeep
|turn|23
|inactive|venik777 has 120 seconds left.
|
|t:|1728843932
|switch|p2a: Zapdos|Zapdos|41/100
|cant|p1a: Suicune|par
|
|-weather|Sandstorm|[upkeep]
|-damage|p2a: Zapdos|35/100|[from] Sandstorm
|-damage|p1a: Suicune|82/100 par|[from] Sandstorm
|-heal|p2a: Zapdos|41/100|[from] item: Leftovers
|-heal|p1a: Suicune|88/100 par|[from] item: Leftovers
|upkeep
|turn|24
|
|t:|1728843938
|move|p2a: Zapdos|Thunderbolt|p1a: Suicune
|-supereffective|p1a: Suicune
|-damage|p1a: Suicune|34/100 par
|cant|p1a: Suicune|par
|
|-weather|Sandstorm|[upkeep]
|-damage|p2a: Zapdos|35/100|[from] Sandstorm
|-damage|p1a: Suicune|28/100 par|[from] Sandstorm
|-heal|p2a: Zapdos|41/100|[from] item: Leftovers
|-heal|p1a: Suicune|34/100 par|[from] item: Leftovers
|upkeep
|turn|25
|inactive|venik777 has 120 seconds left.
|
|t:|1728843948
|move|p2a: Zapdos|Thunderbolt|p1a: Suicune
|-supereffective|p1a: Suicune
|-damage|p1a: Suicune|0 fnt
|faint|p1a: Suicune
|c|☆DraykOP|that balances out 
|
|t:|1728843953
|switch|p1a: Zapdos|Zapdos|51/100
|
|-weather|Sandstorm|[upkeep]
|-damage|p1a: Zapdos|44/100|[from] Sandstorm
|-damage|p2a: Zapdos|35/100|[from] Sandstorm
|-heal|p1a: Zapdos|51/100|[from] item: Leftovers
|-heal|p2a: Zapdos|41/100|[from] item: Leftovers
|upkeep
|turn|26
|c|☆DraykOP|gg
|inactive|venik777 has 120 seconds left.
|
|t:|1728843969
|move|p1a: Zapdos|Thunderbolt|p2a: Zapdos
|-damage|p2a: Zapdos|0 fnt
|faint|p2a: Zapdos
|
|t:|1728843972
|switch|p2a: Blissey|Blissey, F|91/100
|
|-weather|Sandstorm|[upkeep]
|-damage|p1a: Zapdos|44/100|[from] Sandstorm
|-damage|p2a: Blissey|85/100|[from] Sandstorm
|-heal|p1a: Zapdos|51/100|[from] item: Leftovers
|-heal|p2a: Blissey|91/100|[from] item: Leftovers
|upkeep
|turn|27
|
|t:|1728843981
|move|p1a: Zapdos|Thunderbolt|p2a: Blissey
|-damage|p2a: Blissey|71/100
|move|p2a: Blissey|Ice Beam|p1a: Zapdos
|-supereffective|p1a: Zapdos
|-damage|p1a: Zapdos|0 fnt
|faint|p1a: Zapdos
|
|win|venik777
|c|☆venik777|gg

</script>
<script type="application/json" class="data" id="replaydata-smogtours-gen3ou-798241">
{"id":"smogtours-gen3ou-798241","format":"[Gen 3] OU","players":["DraykOP","venik777"],"uploadtime":1728843981,"views":77,"formatid":"gen3ou","rating":null,"private":0,"password":null}
</script>

<script defer src="js/replays.js?9d40a366"></script>
