<!DOCTYPE html>
<meta charset="utf-8" />
<meta name="viewport" content="width=device-width" />

<title>[Gen 3] OU: Eduardo Carapinga vs. Genoz - Replays - Pok&eacute;mon Showdown!</title>

<meta name="description" content="Watch a replay of a Pok&eacute;mon battle between Eduardo Carapinga and Genoz! Format: [Gen 3] OU; Date: Oct 3, 2024" />
<!--

Hey, you! Looking in the source for the replay log?

You can find them in JSON format, just add `.json` at the end of a replay URL.

https://replay.pokemonshowdown.com/gen7randomdoublesbattle-865046831.json

Or, if you only need the log itself, add `.log` instead:

https://replay.pokemonshowdown.com/gen7randomdoublesbattle-865046831.log

-->

<link rel="stylesheet" href="//pokemonshowdown.com/style/global.css?0.767286132409787" />
<link rel="stylesheet" href="//play.pokemonshowdown.com/style/font-awesome.css?0.9266228007934947" />
<link rel="stylesheet" href="//play.pokemonshowdown.com/style/battle.css?0.7924700842790926" />
<link rel="stylesheet" href="//play.pokemonshowdown.com/style/utilichart.css?0.8777417872839479" />

<!-- Global site tag (gtag.js) - Google Analytics -->
<script async src="https://www.googletagmanager.com/gtag/js?id=UA-26211653-1"></script>
<script>
  window.dataLayer = window.dataLayer || [];
  function gtag(){dataLayer.push(arguments);}
  gtag('js', new Date());

  gtag('config', 'UA-26211653-1');
</script>
<!-- End Google Analytics -->
<!-- Venatus Ad Manager - Install in <HEAD> of page -->
	<script src="https://hb.vntsm.com/v3/live/ad-manager.min.js" type="text/javascript" data-site-id="642aba63ec9a7b11c3c9c1be" data-mode="scan" async></script>
<!-- / Venatus Ad Manager -->

<style>
	@media (max-width:820px) {
		.battle {
			margin: 0 auto;
		}
		.battle-log {
			margin: 7px auto 0;
			max-width: 640px;
			height: 300px;
			position: static;
		}
	}
	.optgroup {
		display: inline-block;
		line-height: 22px;
		font-size: 10pt;
	}
	.optgroup .button {
		height: 25px;
		padding-top: 0;
		padding-bottom: 0;
	}
	.optgroup button.button {
		padding-left: 12px;
		padding-right: 12px;
	}
	.linklist {
		list-style: none;
		margin: 0.5em 0;
		padding: 0;
	}
	.linklist li {
		padding: 2px 0;
	}
	.sidebar {
		float: left;
		width: 320px;
	}
	.bar-wrapper {
		max-width: 1100px;
		margin: 0 auto;
	}
	.bar-wrapper.has-sidebar {
		max-width: 1430px;
	}
	.mainbar {
		margin: 0;
		padding-right: 1px;
	}
	.mainbar.has-sidebar {
		margin-left: 330px;
	}
	@media (min-width: 1511px) {
		.sidebar {
			width: 400px;
		}
		.bar-wrapper.has-sidebar {
			max-width: 1510px;
		}
		.mainbar.has-sidebar {
			margin-left: 410px;
		}
	}
	.section.first-section {
		margin-top: 9px;
	}
	.blocklink small {
		white-space: normal;
	}
	.button {
		vertical-align: middle;
	}
	.replay-controls {
		padding-top: 10px;
	}
	.replay-controls h1 {
		font-size: 16pt;
		font-weight: normal;
		color: #CCC;
	}
	.pagelink {
		text-align: center;
	}
	.pagelink a {
		width: 150px;
	}
	.textbox, .button {
		font-size: 11pt;
		vertical-align: middle;
	}
	@media (max-width: 450px) {
		.button {
			font-size: 9pt;
		}
	}
</style>

<div>

	<header>
		<div class="nav-wrapper"><ul class="nav">
			<li><a class="button nav-first" href="//pokemonshowdown.com/"><img src="//pokemonshowdown.com/images/pokemonshowdownbeta.png" srcset="//pokemonshowdown.com/images/pokemonshowdownbeta.png 1x, //pokemonshowdown.com/images/pokemonshowdownbeta@2x.png 2x" alt="Pok&eacute;mon Showdown" width="146" height="44" /> Home</a></li>
			<li><a class="button" href="//pokemonshowdown.com/dex/">Pok&eacute;dex</a></li>
			<li><a class="button cur" href="/">Replays</a></li>
			<li><a class="button" href="//pokemonshowdown.com/ladder/">Ladder</a></li>
			<li><a class="button nav-last" href="//pokemonshowdown.com/forums/">Forum</a></li>
			<li><a class="button greenbutton nav-first nav-last" href="//play.pokemonshowdown.com/">Play</a></li>
		</ul></div>
	</header>

	<div class="main" id="main">

		<noscript><section class="section">You need to enable JavaScript to use this page; sorry!</section></noscript>

	</div>

</div>

<script defer nomodule src="//play.pokemonshowdown.com/js/lib/ps-polyfill.js"></script>
<script defer src="//play.pokemonshowdown.com/js/lib/preact.min.js"></script>

<script defer src="//play.pokemonshowdown.com/config/config.js?6dec07f6"></script>
<script defer src="//play.pokemonshowdown.com/js/lib/jquery-1.11.0.min.js"></script>
<script defer src="//play.pokemonshowdown.com/js/lib/html-sanitizer-minified.js"></script>
<script defer src="//play.pokemonshowdown.com/js/battle-sound.js"></script>
<script defer src="//play.pokemonshowdown.com/js/battledata.js?0.6315294753075389"></script>
<script defer src="//play.pokemonshowdown.com/data/pokedex-mini.js?0.7603743185311358"></script>
<script defer src="//play.pokemonshowdown.com/data/pokedex-mini-bw.js?0.030888842834281283"></script>
<script defer src="//play.pokemonshowdown.com/data/graphics.js?0.05593094747507488"></script>
<script defer src="//play.pokemonshowdown.com/data/pokedex.js?0.47064822249611904"></script>
<script defer src="//play.pokemonshowdown.com/data/moves.js?0.8583693120512459"></script>
<script defer src="//play.pokemonshowdown.com/data/abilities.js?0.16017181182386842"></script>
<script defer src="//play.pokemonshowdown.com/data/items.js?0.4163379185673943"></script>
<script defer src="//play.pokemonshowdown.com/data/teambuilder-tables.js?0.31075597372830477"></script>
<script defer src="//play.pokemonshowdown.com/js/battle-tooltips.js?0.6536193500708172"></script>
<script defer src="//play.pokemonshowdown.com/js/battle.js?0.1916591943277901"></script>

<script defer src="js/utils.js?e31f9a17"></script>
<script defer src="js/replays-battle.js?7008c182"></script>

<!-- don't scrape this data! just add .json or .log after the URL!
Full API docs: https://github.com/smogon/pokemon-showdown-client/blob/master/WEB-API.md -->
<script type="text/plain" class="log" id="replaylog-smogtours-gen3ou-794140">
|inactive|Battle timer is ON: inactive players will automatically lose when time's up.
|t:|1727915329
|gametype|singles
|player|p1|Eduardo Carapinga|#splxvraiders|
|player|p2|Genoz|jogger|
|teamsize|p1|6
|teamsize|p2|6
|gen|3
|tier|[Gen 3] OU
|rule|Sleep Clause Mod: Limit one foe put to sleep
|rule|Switch Priority Clause Mod: Faster Pokémon switch first
|rule|Species Clause: Limit one of each Pokémon
|rule|OHKO Clause: OHKO moves are banned
|rule|Evasion Items Clause: Evasion items are banned
|rule|Evasion Moves Clause: Evasion moves are banned
|rule|Endless Battle Clause: Forcing endless battles is banned
|rule|HP Percentage Mod: HP is shown in percentages
|rule|One Boost Passer Clause: Limit one Baton Passer that has a way to boost its stats
|rule|Freeze Clause Mod: Limit one foe frozen
|
|t:|1727915329
|start
|switch|p1a: Zapdos|Zapdos|100/100
|switch|p2a: Metagross|Metagross|100/100
|turn|1
|
|t:|1727915345
|move|p1a: Zapdos|Thunderbolt|p2a: Metagross
|-damage|p2a: Metagross|44/100
|move|p2a: Metagross|Rock Slide|p1a: Zapdos
|-supereffective|p1a: Zapdos
|-damage|p1a: Zapdos|0 fnt
|faint|p1a: Zapdos
|
|t:|1727915361
|switch|p1a: Metagross|Metagross|100/100
|
|upkeep
|turn|2
|
|t:|1727915365
|switch|p2a: Gyarados|Gyarados, M|100/100
|-ability|p2a: Gyarados|Intimidate|boost
|-fail|p1a: Metagross|unboost|[from] ability: Clear Body|[of] p1a: Metagross
|move|p1a: Metagross|Explosion|p2a: Gyarados
|-damage|p2a: Gyarados|0 fnt
|faint|p1a: Metagross
|faint|p2a: Gyarados
|
|t:|1727915376
|switch|p2a: Metagross|Metagross|44/100
|switch|p1a: Swampert|Swampert, M|100/100
|
|upkeep
|turn|3
|
|t:|1727915381
|move|p1a: Swampert|Earthquake|p2a: Metagross
|-supereffective|p2a: Metagross
|-damage|p2a: Metagross|0 fnt
|faint|p2a: Metagross
|
|t:|1727915405
|switch|p2a: Snorlax|Snorlax, M|100/100
|
|upkeep
|turn|4
|
|t:|1727915432
|switch|p1a: Tyranitar|Tyranitar, M|100/100
|-weather|Sandstorm|[from] ability: Sand Stream|[of] p1a: Tyranitar
|move|p2a: Snorlax|Curse|p2a: Snorlax
|-unboost|p2a: Snorlax|spe|1
|-boost|p2a: Snorlax|atk|1
|-boost|p2a: Snorlax|def|1
|
|-weather|Sandstorm|[upkeep]
|-damage|p2a: Snorlax|94/100|[from] Sandstorm
|-heal|p2a: Snorlax|100/100|[from] item: Leftovers
|upkeep
|turn|5
|
|t:|1727915443
|switch|p1a: Salamence|Salamence, F|100/100
|-ability|p1a: Salamence|Intimidate|boost
|-unboost|p2a: Snorlax|atk|1
|move|p2a: Snorlax|Curse|p2a: Snorlax
|-unboost|p2a: Snorlax|spe|1
|-boost|p2a: Snorlax|atk|1
|-boost|p2a: Snorlax|def|1
|
|-weather|Sandstorm|[upkeep]
|-damage|p1a: Salamence|94/100|[from] Sandstorm
|-damage|p2a: Snorlax|94/100|[from] Sandstorm
|-heal|p1a: Salamence|100/100|[from] item: Leftovers
|-heal|p2a: Snorlax|100/100|[from] item: Leftovers
|upkeep
|turn|6
|
|t:|1727915458
|switch|p1a: Swampert|Swampert, M|100/100
|move|p2a: Snorlax|Curse|p2a: Snorlax
|-unboost|p2a: Snorlax|spe|1
|-boost|p2a: Snorlax|atk|1
|-boost|p2a: Snorlax|def|1
|
|-weather|Sandstorm|[upkeep]
|-damage|p2a: Snorlax|94/100|[from] Sandstorm
|-heal|p2a: Snorlax|100/100|[from] item: Leftovers
|upkeep
|turn|7
|
|t:|1727915468
|move|p1a: Swampert|Hydro Pump|p2a: Snorlax
|-crit|p2a: Snorlax
|-damage|p2a: Snorlax|44/100
|move|p2a: Snorlax|Return|p1a: Swampert
|-damage|p1a: Swampert|12/100
|
|-weather|Sandstorm|[upkeep]
|-damage|p2a: Snorlax|38/100|[from] Sandstorm
|-heal|p1a: Swampert|18/100|[from] item: Leftovers
|-heal|p2a: Snorlax|44/100|[from] item: Leftovers
|upkeep
|turn|8
|
|t:|1727915477
|move|p1a: Swampert|Hydro Pump|p2a: Snorlax
|-damage|p2a: Snorlax|4/100
|move|p2a: Snorlax|Rest|p2a: Snorlax
|-status|p2a: Snorlax|slp|[from] move: Rest
|-heal|p2a: Snorlax|100/100 slp|[silent]
|
|-weather|Sandstorm|[upkeep]
|-damage|p2a: Snorlax|94/100 slp|[from] Sandstorm
|-heal|p1a: Swampert|24/100|[from] item: Leftovers
|-heal|p2a: Snorlax|100/100 slp|[from] item: Leftovers
|upkeep
|turn|9
|
|t:|1727915500
|move|p1a: Swampert|Hydro Pump|p2a: Snorlax|[miss]
|-miss|p1a: Swampert|p2a: Snorlax
|cant|p2a: Snorlax|slp
|
|-weather|Sandstorm|[upkeep]
|-damage|p2a: Snorlax|94/100 slp|[from] Sandstorm
|-heal|p1a: Swampert|30/100|[from] item: Leftovers
|-heal|p2a: Snorlax|100/100 slp|[from] item: Leftovers
|upkeep
|turn|10
|
|t:|1727915504
|move|p1a: Swampert|Hydro Pump|p2a: Snorlax|[miss]
|-miss|p1a: Swampert|p2a: Snorlax
|cant|p2a: Snorlax|slp
|
|-weather|Sandstorm|[upkeep]
|-damage|p2a: Snorlax|94/100 slp|[from] Sandstorm
|-heal|p1a: Swampert|37/100|[from] item: Leftovers
|-heal|p2a: Snorlax|100/100 slp|[from] item: Leftovers
|upkeep
|turn|11
|
|t:|1727915526
|move|p1a: Swampert|Hydro Pump|p2a: Snorlax|[miss]
|-miss|p1a: Swampert|p2a: Snorlax
|-curestatus|p2a: Snorlax|slp|[msg]
|move|p2a: Snorlax|Curse|p2a: Snorlax
|-unboost|p2a: Snorlax|spe|1
|-boost|p2a: Snorlax|atk|1
|-boost|p2a: Snorlax|def|1
|
|-weather|Sandstorm|[upkeep]
|-damage|p2a: Snorlax|94/100|[from] Sandstorm
|-heal|p1a: Swampert|43/100|[from] item: Leftovers
|-heal|p2a: Snorlax|100/100|[from] item: Leftovers
|upkeep
|turn|12
|
|t:|1727915532
|move|p1a: Swampert|Hydro Pump|p2a: Snorlax
|-damage|p2a: Snorlax|76/100
|move|p2a: Snorlax|Curse|p2a: Snorlax
|-unboost|p2a: Snorlax|spe|1
|-boost|p2a: Snorlax|atk|1
|-boost|p2a: Snorlax|def|1
|
|-weather|Sandstorm|[upkeep]
|-damage|p2a: Snorlax|70/100|[from] Sandstorm
|-heal|p1a: Swampert|49/100|[from] item: Leftovers
|-heal|p2a: Snorlax|76/100|[from] item: Leftovers
|upkeep
|turn|13
|
|t:|1727915536
|move|p1a: Swampert|Hydro Pump|p2a: Snorlax
|-damage|p2a: Snorlax|49/100
|move|p2a: Snorlax|Curse|p2a: Snorlax
|-unboost|p2a: Snorlax|spe|1
|-boost|p2a: Snorlax|atk|1
|-boost|p2a: Snorlax|def|1
|
|-weather|Sandstorm|[upkeep]
|-damage|p2a: Snorlax|43/100|[from] Sandstorm
|-heal|p1a: Swampert|55/100|[from] item: Leftovers
|-heal|p2a: Snorlax|49/100|[from] item: Leftovers
|upkeep
|turn|14
|
|t:|1727915542
|switch|p1a: Jirachi|Jirachi|100/100
|move|p2a: Snorlax|Rest|p2a: Snorlax
|-status|p2a: Snorlax|slp|[from] move: Rest
|-heal|p2a: Snorlax|100/100 slp|[silent]
|
|-weather|Sandstorm|[upkeep]
|-damage|p2a: Snorlax|94/100 slp|[from] Sandstorm
|-heal|p2a: Snorlax|100/100 slp|[from] item: Leftovers
|upkeep
|turn|15
|
|t:|1727915547
|move|p1a: Jirachi|Calm Mind|p1a: Jirachi
|-boost|p1a: Jirachi|spa|1
|-boost|p1a: Jirachi|spd|1
|cant|p2a: Snorlax|slp
|
|-weather|Sandstorm|[upkeep]
|-damage|p2a: Snorlax|94/100 slp|[from] Sandstorm
|-heal|p2a: Snorlax|100/100 slp|[from] item: Leftovers
|upkeep
|turn|16
|
|t:|1727915550
|move|p1a: Jirachi|Psychic|p2a: Snorlax
|-damage|p2a: Snorlax|72/100 slp
|-unboost|p2a: Snorlax|spd|1
|cant|p2a: Snorlax|slp
|
|-weather|Sandstorm|[upkeep]
|-damage|p2a: Snorlax|66/100 slp|[from] Sandstorm
|-heal|p2a: Snorlax|72/100 slp|[from] item: Leftovers
|upkeep
|turn|17
|
|t:|1727915553
|move|p1a: Jirachi|Psychic|p2a: Snorlax
|-damage|p2a: Snorlax|29/100 slp
|-unboost|p2a: Snorlax|spd|1
|-curestatus|p2a: Snorlax|slp|[msg]
|move|p2a: Snorlax|Shadow Ball|p1a: Jirachi
|-damage|p1a: Jirachi|18/100
|
|-weather|Sandstorm|[upkeep]
|-damage|p2a: Snorlax|23/100|[from] Sandstorm
|-heal|p1a: Jirachi|24/100|[from] item: Leftovers
|-heal|p2a: Snorlax|29/100|[from] item: Leftovers
|upkeep
|turn|18
|
|t:|1727915562
|move|p1a: Jirachi|Psychic|p2a: Snorlax
|-damage|p2a: Snorlax|0 fnt
|faint|p2a: Snorlax
|inactive|Genoz has 270 seconds left.
|
|t:|1727915621
|switch|p2a: Magneton|Magneton|100/100
|
|-weather|Sandstorm|[upkeep]
|-heal|p1a: Jirachi|31/100|[from] item: Leftovers
|upkeep
|turn|19
|inactive|Eduardo Carapinga has 270 seconds left.
|inactive|Eduardo Carapinga has 240 seconds left.
|
|t:|1727915709
|move|p1a: Jirachi|Fire Punch|p2a: Magneton
|-supereffective|p2a: Magneton
|-damage|p2a: Magneton|0 fnt
|faint|p2a: Magneton
|inactive|Genoz has 240 seconds left.
|c|☆Genoz|my damage calc lied :)
|
|t:|1727915739
|switch|p2a: Salamence|Salamence, M|100/100
|-ability|p2a: Salamence|Intimidate|boost
|-unboost|p1a: Jirachi|atk|1
|
|-weather|Sandstorm|[upkeep]
|-damage|p2a: Salamence|94/100|[from] Sandstorm
|-heal|p1a: Jirachi|37/100|[from] item: Leftovers
|-heal|p2a: Salamence|100/100|[from] item: Leftovers
|upkeep
|turn|20
|inactive|Eduardo Carapinga has 210 seconds left.
|inactive|Eduardo Carapinga has 180 seconds left.
|
|t:|1727915796
|move|p1a: Jirachi|Psychic|p2a: Salamence
|-damage|p2a: Salamence|39/100
|move|p2a: Salamence|Earthquake|p1a: Jirachi
|-supereffective|p1a: Jirachi
|-damage|p1a: Jirachi|0 fnt
|faint|p1a: Jirachi
|
|t:|1727915808
|switch|p1a: Salamence|Salamence, F|100/100
|-ability|p1a: Salamence|Intimidate|boost
|-unboost|p2a: Salamence|atk|1
|
|-weather|Sandstorm|[upkeep]
|-damage|p2a: Salamence|33/100|[from] Sandstorm
|-damage|p1a: Salamence|94/100|[from] Sandstorm
|-heal|p2a: Salamence|39/100|[from] item: Leftovers
|-heal|p1a: Salamence|100/100|[from] item: Leftovers
|upkeep
|turn|21
|inactive|Genoz has 240 seconds left.
|
|t:|1727915826
|move|p2a: Salamence|Rock Slide|p1a: Salamence
|-supereffective|p1a: Salamence
|-damage|p1a: Salamence|47/100
|cant|p1a: Salamence|flinch
|
|-weather|Sandstorm|[upkeep]
|-damage|p2a: Salamence|33/100|[from] Sandstorm
|-damage|p1a: Salamence|41/100|[from] Sandstorm
|-heal|p2a: Salamence|39/100|[from] item: Leftovers
|-heal|p1a: Salamence|47/100|[from] item: Leftovers
|upkeep
|turn|22
|inactive|Eduardo Carapinga has 180 seconds left.
|
|t:|1727915846
|switch|p1a: Tyranitar|Tyranitar, M|100/100
|move|p2a: Salamence|Rock Slide|p1a: Tyranitar
|-damage|p1a: Tyranitar|80/100
|
|-weather|Sandstorm|[upkeep]
|-damage|p2a: Salamence|33/100|[from] Sandstorm
|-heal|p2a: Salamence|39/100|[from] item: Leftovers
|upkeep
|turn|23
|inactive|Genoz has 240 seconds left.
|
|t:|1727915858
|move|p2a: Salamence|Earthquake|p1a: Tyranitar
|-supereffective|p1a: Tyranitar
|-damage|p1a: Tyranitar|23/100
|move|p1a: Tyranitar|Dragon Dance|p1a: Tyranitar
|-boost|p1a: Tyranitar|atk|1
|-boost|p1a: Tyranitar|spe|1
|
|-weather|Sandstorm|[upkeep]
|-damage|p2a: Salamence|33/100|[from] Sandstorm
|-heal|p2a: Salamence|39/100|[from] item: Leftovers
|upkeep
|turn|24
|inactive|Genoz has 240 seconds left.
|
|t:|1727915865
|move|p1a: Tyranitar|Rock Slide|p2a: Salamence
|-supereffective|p2a: Salamence
|-damage|p2a: Salamence|0 fnt
|faint|p2a: Salamence
|
|t:|1727915868
|switch|p2a: Heracross|Heracross, F|100/100
|
|-weather|Sandstorm|[upkeep]
|-damage|p2a: Heracross|94/100|[from] Sandstorm
|upkeep
|turn|25
|inactive|Genoz has 240 seconds left.
|inactive|Genoz has 210 seconds left.
|
|t:|1727915915
|move|p1a: Tyranitar|Rock Slide|p2a: Heracross
|-crit|p2a: Heracross
|-damage|p2a: Heracross|0 fnt
|faint|p2a: Heracross
|
|win|Eduardo Carapinga
|c|☆Genoz|dang hte crit
|c|☆Genoz|gg
|c|☆Eduardo Carapinga|/log Eduardo Carapinga made the replay of this battle unlisted.

</script>
<script type="application/json" class="data" id="replaydata-smogtours-gen3ou-794140">
{"id":"smogtours-gen3ou-794140","format":"[Gen 3] OU","players":["Eduardo Carapinga","Genoz"],"uploadtime":1727915915,"views":161,"formatid":"gen3ou","rating":null,"private":1,"password":null}
</script>

<script defer src="js/replays.js?9d40a366"></script>
