<!DOCTYPE html>
<meta charset="utf-8" />
<meta name="viewport" content="width=device-width" />

<title>[Gen 3] OU: Ivoire vs. luisin - Replays - Pok&eacute;mon Showdown!</title>

<meta name="description" content="Watch a replay of a Pok&eacute;mon battle between Ivoire and luisin! Format: [Gen 3] OU; Date: Nov 3, 2024" />
<!--

Hey, you! Looking in the source for the replay log?

You can find them in JSON format, just add `.json` at the end of a replay URL.

https://replay.pokemonshowdown.com/gen7randomdoublesbattle-865046831.json

Or, if you only need the log itself, add `.log` instead:

https://replay.pokemonshowdown.com/gen7randomdoublesbattle-865046831.log

-->

<link rel="stylesheet" href="//pokemonshowdown.com/style/global.css?0.023195364461161105" />
<link rel="stylesheet" href="//play.pokemonshowdown.com/style/font-awesome.css?0.13261647063804238" />
<link rel="stylesheet" href="//play.pokemonshowdown.com/style/battle.css?0.8753245789963631" />
<link rel="stylesheet" href="//play.pokemonshowdown.com/style/utilichart.css?0.8627959624976733" />

<!-- Global site tag (gtag.js) - Google Analytics -->
<script async src="https://www.googletagmanager.com/gtag/js?id=UA-26211653-1"></script>
<script>
  window.dataLayer = window.dataLayer || [];
  function gtag(){dataLayer.push(arguments);}
  gtag('js', new Date());

  gtag('config', 'UA-26211653-1');
</script>
<!-- End Google Analytics -->
<!-- Venatus Ad Manager - Install in <HEAD> of page -->
	<script src="https://hb.vntsm.com/v3/live/ad-manager.min.js" type="text/javascript" data-site-id="642aba63ec9a7b11c3c9c1be" data-mode="scan" async></script>
<!-- / Venatus Ad Manager -->

<style>
	@media (max-width:820px) {
		.battle {
			margin: 0 auto;
		}
		.battle-log {
			margin: 7px auto 0;
			max-width: 640px;
			height: 300px;
			position: static;
		}
	}
	.optgroup {
		display: inline-block;
		line-height: 22px;
		font-size: 10pt;
	}
	.optgroup .button {
		height: 25px;
		padding-top: 0;
		padding-bottom: 0;
	}
	.optgroup button.button {
		padding-left: 12px;
		padding-right: 12px;
	}
	.linklist {
		list-style: none;
		margin: 0.5em 0;
		padding: 0;
	}
	.linklist li {
		padding: 2px 0;
	}
	.sidebar {
		float: left;
		width: 320px;
	}
	.bar-wrapper {
		max-width: 1100px;
		margin: 0 auto;
	}
	.bar-wrapper.has-sidebar {
		max-width: 1430px;
	}
	.mainbar {
		margin: 0;
		padding-right: 1px;
	}
	.mainbar.has-sidebar {
		margin-left: 330px;
	}
	@media (min-width: 1511px) {
		.sidebar {
			width: 400px;
		}
		.bar-wrapper.has-sidebar {
			max-width: 1510px;
		}
		.mainbar.has-sidebar {
			margin-left: 410px;
		}
	}
	.section.first-section {
		margin-top: 9px;
	}
	.blocklink small {
		white-space: normal;
	}
	.button {
		vertical-align: middle;
	}
	.replay-controls {
		padding-top: 10px;
	}
	.replay-controls h1 {
		font-size: 16pt;
		font-weight: normal;
		color: #CCC;
	}
	.pagelink {
		text-align: center;
	}
	.pagelink a {
		width: 150px;
	}
	.textbox, .button {
		font-size: 11pt;
		vertical-align: middle;
	}
	@media (max-width: 450px) {
		.button {
			font-size: 9pt;
		}
	}
</style>

<div>

	<header>
		<div class="nav-wrapper"><ul class="nav">
			<li><a class="button nav-first" href="//pokemonshowdown.com/"><img src="//pokemonshowdown.com/images/pokemonshowdownbeta.png" srcset="//pokemonshowdown.com/images/pokemonshowdownbeta.png 1x, //pokemonshowdown.com/images/pokemonshowdownbeta@2x.png 2x" alt="Pok&eacute;mon Showdown" width="146" height="44" /> Home</a></li>
			<li><a class="button" href="//pokemonshowdown.com/dex/">Pok&eacute;dex</a></li>
			<li><a class="button cur" href="/">Replays</a></li>
			<li><a class="button" href="//pokemonshowdown.com/ladder/">Ladder</a></li>
			<li><a class="button nav-last" href="//pokemonshowdown.com/forums/">Forum</a></li>
			<li><a class="button greenbutton nav-first nav-last" href="//play.pokemonshowdown.com/">Play</a></li>
		</ul></div>
	</header>

	<div class="main" id="main">

		<noscript><section class="section">You need to enable JavaScript to use this page; sorry!</section></noscript>

	</div>

</div>

<script defer nomodule src="//play.pokemonshowdown.com/js/lib/ps-polyfill.js"></script>
<script defer src="//play.pokemonshowdown.com/js/lib/preact.min.js"></script>

<script defer src="//play.pokemonshowdown.com/config/config.js?2bddbc15"></script>
<script defer src="//play.pokemonshowdown.com/js/lib/jquery-1.11.0.min.js"></script>
<script defer src="//play.pokemonshowdown.com/js/lib/html-sanitizer-minified.js"></script>
<script defer src="//play.pokemonshowdown.com/js/battle-sound.js"></script>
<script defer src="//play.pokemonshowdown.com/js/battledata.js?0.7209276989879541"></script>
<script defer src="//play.pokemonshowdown.com/data/pokedex-mini.js?0.6111056340867951"></script>
<script defer src="//play.pokemonshowdown.com/data/pokedex-mini-bw.js?0.3532142036491459"></script>
<script defer src="//play.pokemonshowdown.com/data/graphics.js?0.24223875632456182"></script>
<script defer src="//play.pokemonshowdown.com/data/pokedex.js?0.38839984266356864"></script>
<script defer src="//play.pokemonshowdown.com/data/moves.js?0.21866028504024015"></script>
<script defer src="//play.pokemonshowdown.com/data/abilities.js?0.2005157953846628"></script>
<script defer src="//play.pokemonshowdown.com/data/items.js?0.9894211263848525"></script>
<script defer src="//play.pokemonshowdown.com/data/teambuilder-tables.js?0.6008791140282215"></script>
<script defer src="//play.pokemonshowdown.com/js/battle-tooltips.js?0.7580118955022959"></script>
<script defer src="//play.pokemonshowdown.com/js/battle.js?0.6057722274234274"></script>

<script defer src="js/utils.js?e31f9a17"></script>
<script defer src="js/replays-battle.js?7008c182"></script>

<!-- don't scrape this data! just add .json or .log after the URL!
Full API docs: https://github.com/smogon/pokemon-showdown-client/blob/master/WEB-API.md -->
<script type="text/plain" class="log" id="replaylog-smogtours-gen3ou-804390">
|inactive|Battle timer is ON: inactive players will automatically lose when time's up.
|badge|p2|bronze|gen9doublesou|100-3
|uhtml|medal-msg|<div class="broadcast-blue">Curious what those medals under the avatar are? PS now has Ladder Seasons! For more information, check out the <a href="https://www.smogon.com/forums/threads/3740067/">thread on Smogon.<\/a><\/div>
|t:|1730652208
|gametype|singles
|player|p1|Ivoire|volkner-masters|
|player|p2|luisin|#luisin|
|teamsize|p1|6
|teamsize|p2|6
|gen|3
|tier|[Gen 3] OU
|rule|Sleep Clause Mod: Limit one foe put to sleep
|rule|Switch Priority Clause Mod: Faster Pokémon switch first
|rule|Species Clause: Limit one of each Pokémon
|rule|OHKO Clause: OHKO moves are banned
|rule|Evasion Items Clause: Evasion items are banned
|rule|Evasion Moves Clause: Evasion moves are banned
|rule|Endless Battle Clause: Forcing endless battles is banned
|rule|HP Percentage Mod: HP is shown in percentages
|rule|One Boost Passer Clause: Limit one Baton Passer that has a way to boost its stats
|rule|Freeze Clause Mod: Limit one foe frozen
|
|t:|1730652208
|start
|switch|p1a: Dugtrio|Dugtrio, F|100/100
|switch|p2a: Skarmory|Skarmory, M|100/100
|turn|1
|c|☆luisin|Hf
|
|t:|1730652215
|switch|p1a: Forretress|Forretress, M|100/100
|move|p2a: Skarmory|Spikes|p1a: Forretress
|-sidestart|p1: Ivoire|Spikes
|
|upkeep
|turn|2
|
|t:|1730652221
|move|p2a: Skarmory|Spikes|p1a: Forretress
|-sidestart|p1: Ivoire|Spikes
|move|p1a: Forretress|Spikes|p2a: Skarmory
|-sidestart|p2: luisin|Spikes
|
|upkeep
|turn|3
|
|t:|1730652228
|switch|p2a: Misdreavus|Misdreavus, F|100/100
|move|p1a: Forretress|Rapid Spin|p2a: Misdreavus
|-immune|p2a: Misdreavus
|
|upkeep
|turn|4
|
|t:|1730652235
|move|p2a: Misdreavus|Thunderbolt|p1a: Forretress
|-crit|p1a: Forretress
|-damage|p1a: Forretress|63/100
|move|p1a: Forretress|Spikes|p2a: Misdreavus
|-sidestart|p2: luisin|Spikes
|
|-heal|p1a: Forretress|69/100|[from] item: Leftovers
|upkeep
|turn|5
|
|t:|1730652249
|move|p2a: Misdreavus|Mean Look|p1a: Forretress
|-activate|p1a: Forretress|trapped
|move|p1a: Forretress|Spikes|p2a: Misdreavus
|-sidestart|p2: luisin|Spikes
|
|-heal|p1a: Forretress|75/100|[from] item: Leftovers
|upkeep
|turn|6
|
|t:|1730652254
|move|p2a: Misdreavus|Perish Song|p2a: Misdreavus
|-start|p1a: Forretress|perish3|[silent]
|-start|p2a: Misdreavus|perish3|[silent]
|-fieldactivate|move: Perish Song
|move|p1a: Forretress|Rapid Spin|p2a: Misdreavus
|-immune|p2a: Misdreavus
|
|-heal|p1a: Forretress|81/100|[from] item: Leftovers
|-start|p2a: Misdreavus|perish3
|-start|p1a: Forretress|perish3
|upkeep
|turn|7
|
|t:|1730652258
|move|p2a: Misdreavus|Thunderbolt|p1a: Forretress
|-damage|p1a: Forretress|63/100
|move|p1a: Forretress|Rapid Spin|p2a: Misdreavus
|-immune|p2a: Misdreavus
|
|-heal|p1a: Forretress|70/100|[from] item: Leftovers
|-start|p2a: Misdreavus|perish2
|-start|p1a: Forretress|perish2
|upkeep
|turn|8
|
|t:|1730652263
|move|p2a: Misdreavus|Thunderbolt|p1a: Forretress
|-damage|p1a: Forretress|52/100
|move|p1a: Forretress|Rapid Spin|p2a: Misdreavus
|-immune|p2a: Misdreavus
|
|-heal|p1a: Forretress|58/100|[from] item: Leftovers
|-start|p2a: Misdreavus|perish1
|-start|p1a: Forretress|perish1
|upkeep
|turn|9
|
|t:|1730652271
|switch|p2a: Skarmory|Skarmory, M|100/100
|move|p1a: Forretress|Explosion|p2a: Skarmory
|-resisted|p2a: Skarmory
|-damage|p2a: Skarmory|58/100
|faint|p1a: Forretress
|
|t:|1730652275
|switch|p1a: Suicune|Suicune|100/100
|-damage|p1a: Suicune|84/100|[from] Spikes
|
|-heal|p1a: Suicune|90/100|[from] item: Leftovers
|-heal|p2a: Skarmory|64/100|[from] item: Leftovers
|upkeep
|turn|10
|
|t:|1730652281
|move|p1a: Suicune|Calm Mind|p1a: Suicune
|-boost|p1a: Suicune|spa|1
|-boost|p1a: Suicune|spd|1
|move|p2a: Skarmory|Roar|p1a: Suicune
|drag|p1a: Blissey|Blissey, F|100/100
|-damage|p1a: Blissey|84/100|[from] Spikes
|
|-heal|p2a: Skarmory|70/100|[from] item: Leftovers
|-heal|p1a: Blissey|90/100|[from] item: Leftovers
|upkeep
|turn|11
|
|t:|1730652284
|move|p2a: Skarmory|Spikes|p1a: Blissey
|-sidestart|p1: Ivoire|Spikes
|move|p1a: Blissey|Thunder Wave|p2a: Skarmory
|-status|p2a: Skarmory|par
|
|-heal|p1a: Blissey|96/100|[from] item: Leftovers
|-heal|p2a: Skarmory|76/100 par|[from] item: Leftovers
|upkeep
|turn|12
|
|t:|1730652294
|move|p1a: Blissey|Seismic Toss|p2a: Skarmory
|-damage|p2a: Skarmory|46/100 par
|move|p2a: Skarmory|Drill Peck|p1a: Blissey
|-crit|p1a: Blissey
|-damage|p1a: Blissey|57/100
|
|-heal|p1a: Blissey|63/100|[from] item: Leftovers
|-heal|p2a: Skarmory|52/100 par|[from] item: Leftovers
|upkeep
|turn|13
|
|t:|1730652297
|move|p1a: Blissey|Thunder Wave|p2a: Skarmory
|-fail|p2a: Skarmory|par
|cant|p2a: Skarmory|par
|
|-heal|p1a: Blissey|69/100|[from] item: Leftovers
|-heal|p2a: Skarmory|58/100 par|[from] item: Leftovers
|upkeep
|turn|14
|
|t:|1730652301
|move|p1a: Blissey|Soft-Boiled|p1a: Blissey
|-heal|p1a: Blissey|100/100
|cant|p2a: Skarmory|par
|
|-heal|p2a: Skarmory|64/100 par|[from] item: Leftovers
|upkeep
|turn|15
|
|t:|1730652303
|move|p1a: Blissey|Seismic Toss|p2a: Skarmory
|-damage|p2a: Skarmory|34/100 par
|move|p2a: Skarmory|Drill Peck|p1a: Blissey
|-damage|p1a: Blissey|79/100
|
|-heal|p1a: Blissey|85/100|[from] item: Leftovers
|-heal|p2a: Skarmory|40/100 par|[from] item: Leftovers
|upkeep
|turn|16
|
|t:|1730652307
|move|p1a: Blissey|Seismic Toss|p2a: Skarmory
|-damage|p2a: Skarmory|10/100 par
|move|p2a: Skarmory|Roar|p1a: Blissey
|drag|p1a: Dugtrio|Dugtrio, F|100/100
|-damage|p1a: Dugtrio|76/100|[from] Spikes
|
|-heal|p2a: Skarmory|16/100 par|[from] item: Leftovers
|upkeep
|turn|17
|
|t:|1730652313
|move|p2a: Skarmory|Protect|p2a: Skarmory
|-singleturn|p2a: Skarmory|Protect
|move|p1a: Dugtrio|Rock Slide|p2a: Skarmory
|-activate|p2a: Skarmory|Protect
|
|-heal|p2a: Skarmory|22/100 par|[from] item: Leftovers
|upkeep
|turn|18
|
|t:|1730652318
|switch|p2a: Flygon|Flygon, M|100/100
|move|p1a: Dugtrio|Rock Slide|p2a: Flygon
|-resisted|p2a: Flygon
|-damage|p2a: Flygon|89/100
|
|-heal|p2a: Flygon|95/100|[from] item: Leftovers
|upkeep
|turn|19
|
|t:|1730652322
|switch|p1a: Claydol|Claydol|100/100
|move|p2a: Flygon|Earthquake|p1a: Claydol
|-immune|p1a: Claydol
|
|-heal|p2a: Flygon|100/100|[from] item: Leftovers
|upkeep
|turn|20
|
|t:|1730652328
|switch|p2a: Misdreavus|Misdreavus, F|100/100
|move|p1a: Claydol|Psychic|p2a: Misdreavus
|-damage|p2a: Misdreavus|82/100
|
|-heal|p2a: Misdreavus|88/100|[from] item: Leftovers
|upkeep
|turn|21
|
|t:|1730652339
|switch|p1a: Blissey|Blissey, F|85/100
|-damage|p1a: Blissey|60/100|[from] Spikes
|move|p2a: Misdreavus|Mean Look|p1a: Blissey
|-activate|p1a: Blissey|trapped
|
|-heal|p2a: Misdreavus|95/100|[from] item: Leftovers
|-heal|p1a: Blissey|66/100|[from] item: Leftovers
|upkeep
|turn|22
|
|t:|1730652343
|move|p2a: Misdreavus|Perish Song|p2a: Misdreavus
|-start|p1a: Blissey|perish3|[silent]
|-start|p2a: Misdreavus|perish3|[silent]
|-fieldactivate|move: Perish Song
|move|p1a: Blissey|Thunder Wave|p2a: Misdreavus
|-status|p2a: Misdreavus|par
|
|-heal|p1a: Blissey|72/100|[from] item: Leftovers
|-heal|p2a: Misdreavus|100/100 par|[from] item: Leftovers
|-start|p1a: Blissey|perish3
|-start|p2a: Misdreavus|perish3
|upkeep
|turn|23
|
|t:|1730652350
|move|p1a: Blissey|Seismic Toss|p2a: Misdreavus
|-immune|p2a: Misdreavus
|cant|p2a: Misdreavus|par
|
|-heal|p1a: Blissey|78/100|[from] item: Leftovers
|-start|p1a: Blissey|perish2
|-start|p2a: Misdreavus|perish2
|upkeep
|turn|24
|
|t:|1730652354
|move|p1a: Blissey|Seismic Toss|p2a: Misdreavus
|-immune|p2a: Misdreavus
|cant|p2a: Misdreavus|par
|
|-heal|p1a: Blissey|84/100|[from] item: Leftovers
|-start|p1a: Blissey|perish1
|-start|p2a: Misdreavus|perish1
|upkeep
|turn|25
|
|t:|1730652360
|switch|p2a: Flygon|Flygon, M|100/100
|move|p1a: Blissey|Seismic Toss|p2a: Flygon
|-damage|p2a: Flygon|73/100
|
|-heal|p2a: Flygon|79/100|[from] item: Leftovers
|-heal|p1a: Blissey|90/100|[from] item: Leftovers
|-start|p1a: Blissey|perish0
|upkeep
|faint|p1a: Blissey
|
|t:|1730652363
|switch|p1a: Suicune|Suicune|90/100
|-damage|p1a: Suicune|65/100|[from] Spikes
|turn|26
|
|t:|1730652366
|switch|p2a: Zapdos|Zapdos|100/100
|move|p1a: Suicune|Calm Mind|p1a: Suicune
|-boost|p1a: Suicune|spa|1
|-boost|p1a: Suicune|spd|1
|
|-heal|p1a: Suicune|71/100|[from] item: Leftovers
|upkeep
|turn|27
|
|t:|1730652369
|move|p2a: Zapdos|Roar|p1a: Suicune
|drag|p1a: Claydol|Claydol|100/100
|
|upkeep
|turn|28
|
|t:|1730652374
|switch|p2a: Misdreavus|Misdreavus, F|100/100 par
|switch|p1a: Suicune|Suicune|71/100
|-damage|p1a: Suicune|46/100|[from] Spikes
|
|-heal|p1a: Suicune|52/100|[from] item: Leftovers
|upkeep
|turn|29
|
|t:|1730652377
|switch|p2a: Zapdos|Zapdos|100/100
|move|p1a: Suicune|Calm Mind|p1a: Suicune
|-boost|p1a: Suicune|spa|1
|-boost|p1a: Suicune|spd|1
|
|-heal|p1a: Suicune|59/100|[from] item: Leftovers
|upkeep
|turn|30
|
|t:|1730652379
|move|p2a: Zapdos|Thunderbolt|p1a: Suicune
|-supereffective|p1a: Suicune
|-crit|p1a: Suicune
|-damage|p1a: Suicune|0 fnt
|faint|p1a: Suicune
|
|t:|1730652382
|switch|p1a: Claydol|Claydol|100/100
|
|upkeep
|turn|31
|
|t:|1730652388
|switch|p2a: Misdreavus|Misdreavus, F|100/100 par
|switch|p1a: Dugtrio|Dugtrio, F|76/100
|-damage|p1a: Dugtrio|51/100|[from] Spikes
|
|upkeep
|turn|32
|
|t:|1730652395
|switch|p2a: Skarmory|Skarmory, M|22/100 par
|move|p1a: Dugtrio|Rock Slide|p2a: Skarmory
|-damage|p2a: Skarmory|0 fnt
|faint|p2a: Skarmory
|
|t:|1730652399
|switch|p2a: Flygon|Flygon, M|79/100
|
|-heal|p2a: Flygon|85/100|[from] item: Leftovers
|upkeep
|turn|33
|
|t:|1730652402
|switch|p1a: Claydol|Claydol|100/100
|move|p2a: Flygon|Toxic|p1a: Claydol
|-status|p1a: Claydol|tox
|
|-heal|p2a: Flygon|91/100|[from] item: Leftovers
|-damage|p1a: Claydol|94/100 tox|[from] psn
|upkeep
|turn|34
|
|t:|1730652406
|move|p2a: Flygon|Protect|p2a: Flygon
|-singleturn|p2a: Flygon|Protect
|move|p1a: Claydol|Rapid Spin|p2a: Flygon
|-activate|p2a: Flygon|Protect
|
|-heal|p2a: Flygon|97/100|[from] item: Leftovers
|-heal|p1a: Claydol|100/100 tox|[from] item: Leftovers
|-damage|p1a: Claydol|88/100 tox|[from] psn
|upkeep
|turn|35
|
|t:|1730652413
|switch|p2a: Misdreavus|Misdreavus, F|100/100 par
|move|p1a: Claydol|Rapid Spin|p2a: Misdreavus
|-immune|p2a: Misdreavus
|
|-heal|p1a: Claydol|94/100 tox|[from] item: Leftovers
|-damage|p1a: Claydol|76/100 tox|[from] psn
|upkeep
|turn|36
|
|t:|1730652417
|move|p1a: Claydol|Psychic|p2a: Misdreavus
|-damage|p2a: Misdreavus|82/100 par
|move|p2a: Misdreavus|Mean Look|p1a: Claydol
|-activate|p1a: Claydol|trapped
|
|-heal|p1a: Claydol|82/100 tox|[from] item: Leftovers
|-damage|p1a: Claydol|57/100 tox|[from] psn
|-heal|p2a: Misdreavus|88/100 par|[from] item: Leftovers
|upkeep
|turn|37
|
|t:|1730652429
|move|p1a: Claydol|Psychic|p2a: Misdreavus
|-damage|p2a: Misdreavus|67/100 par
|-unboost|p2a: Misdreavus|spd|1
|cant|p2a: Misdreavus|par
|
|-heal|p1a: Claydol|63/100 tox|[from] item: Leftovers
|-damage|p1a: Claydol|32/100 tox|[from] psn
|-heal|p2a: Misdreavus|74/100 par|[from] item: Leftovers
|upkeep
|turn|38
|
|t:|1730652432
|move|p1a: Claydol|Psychic|p2a: Misdreavus
|-damage|p2a: Misdreavus|43/100 par
|move|p2a: Misdreavus|Rest|p2a: Misdreavus
|-status|p2a: Misdreavus|slp|[from] move: Rest
|-heal|p2a: Misdreavus|100/100 slp|[silent]
|
|-heal|p1a: Claydol|39/100 tox|[from] item: Leftovers
|-damage|p1a: Claydol|1/100 tox|[from] psn
|upkeep
|turn|39
|
|t:|1730652438
|cant|p2a: Misdreavus|slp
|move|p1a: Claydol|Psychic|p2a: Misdreavus
|-damage|p2a: Misdreavus|73/100 slp
|
|-heal|p2a: Misdreavus|80/100 slp|[from] item: Leftovers
|-heal|p1a: Claydol|8/100 tox|[from] item: Leftovers
|-damage|p1a: Claydol|0 fnt|[from] psn
|faint|p1a: Claydol
|upkeep
|
|t:|1730652445
|switch|p1a: Snorlax|Snorlax, M|100/100
|-damage|p1a: Snorlax|76/100|[from] Spikes
|turn|40
|
|t:|1730652451
|cant|p2a: Misdreavus|slp
|move|p1a: Snorlax|Curse|p1a: Snorlax
|-unboost|p1a: Snorlax|spe|1
|-boost|p1a: Snorlax|atk|1
|-boost|p1a: Snorlax|def|1
|
|-heal|p2a: Misdreavus|86/100 slp|[from] item: Leftovers
|-heal|p1a: Snorlax|82/100|[from] item: Leftovers
|upkeep
|turn|41
|
|t:|1730652453
|-curestatus|p2a: Misdreavus|slp|[msg]
|move|p2a: Misdreavus|Perish Song|p2a: Misdreavus
|-start|p1a: Snorlax|perish3|[silent]
|-start|p2a: Misdreavus|perish3|[silent]
|-fieldactivate|move: Perish Song
|move|p1a: Snorlax|Shadow Ball|p2a: Misdreavus
|-supereffective|p2a: Misdreavus
|-damage|p2a: Misdreavus|0 fnt
|faint|p2a: Misdreavus
|
|t:|1730652465
|switch|p2a: Flygon|Flygon, M|97/100
|
|-heal|p2a: Flygon|100/100|[from] item: Leftovers
|-heal|p1a: Snorlax|88/100|[from] item: Leftovers
|-start|p1a: Snorlax|perish3
|upkeep
|turn|42
|
|t:|1730652475
|switch|p1a: Dugtrio|Dugtrio, F|51/100
|-damage|p1a: Dugtrio|27/100|[from] Spikes
|move|p2a: Flygon|Protect||[still]
|-fail|p2a: Flygon
|
|upkeep
|turn|43
|
|t:|1730652479
|move|p1a: Dugtrio|Hidden Power|p2a: Flygon
|-damage|p2a: Flygon|77/100
|move|p2a: Flygon|Earthquake|p1a: Dugtrio
|-damage|p1a: Dugtrio|0 fnt
|faint|p1a: Dugtrio
|
|t:|1730652482
|switch|p1a: Snorlax|Snorlax, M|88/100
|-damage|p1a: Snorlax|63/100|[from] Spikes
|
|-heal|p2a: Flygon|83/100|[from] item: Leftovers
|-heal|p1a: Snorlax|69/100|[from] item: Leftovers
|upkeep
|turn|44
|
|t:|1730652486
|move|p2a: Flygon|Earthquake|p1a: Snorlax
|-damage|p1a: Snorlax|43/100
|move|p1a: Snorlax|Curse|p1a: Snorlax
|-unboost|p1a: Snorlax|spe|1
|-boost|p1a: Snorlax|atk|1
|-boost|p1a: Snorlax|def|1
|
|-heal|p2a: Flygon|89/100|[from] item: Leftovers
|-heal|p1a: Snorlax|49/100|[from] item: Leftovers
|upkeep
|turn|45
|
|t:|1730652490
|move|p2a: Flygon|Earthquake|p1a: Snorlax
|-damage|p1a: Snorlax|31/100
|move|p1a: Snorlax|Curse|p1a: Snorlax
|-unboost|p1a: Snorlax|spe|1
|-boost|p1a: Snorlax|atk|1
|-boost|p1a: Snorlax|def|1
|
|-heal|p2a: Flygon|95/100|[from] item: Leftovers
|-heal|p1a: Snorlax|38/100|[from] item: Leftovers
|upkeep
|turn|46
|
|t:|1730652495
|move|p2a: Flygon|Earthquake|p1a: Snorlax
|-damage|p1a: Snorlax|25/100
|move|p1a: Snorlax|Rest|p1a: Snorlax
|-status|p1a: Snorlax|slp|[from] move: Rest
|-heal|p1a: Snorlax|100/100 slp|[silent]
|
|-heal|p2a: Flygon|100/100|[from] item: Leftovers
|upkeep
|turn|47
|
|t:|1730652498
|switch|p2a: Moltres|Moltres|100/100
|cant|p1a: Snorlax|slp
|
|upkeep
|turn|48
|
|t:|1730652505
|move|p2a: Moltres|Flamethrower|p1a: Snorlax
|-damage|p1a: Snorlax|74/100 slp
|cant|p1a: Snorlax|slp
|
|-heal|p1a: Snorlax|80/100 slp|[from] item: Leftovers
|upkeep
|turn|49
|
|t:|1730652511
|switch|p2a: Zapdos|Zapdos|100/100
|-curestatus|p1a: Snorlax|slp|[msg]
|move|p1a: Snorlax|Return|p2a: Zapdos
|-crit|p2a: Zapdos
|-damage|p2a: Zapdos|0 fnt
|faint|p2a: Zapdos
|
|t:|1730652514
|switch|p2a: Moltres|Moltres|100/100
|
|-heal|p1a: Snorlax|86/100|[from] item: Leftovers
|upkeep
|turn|50
|
|t:|1730652516
|move|p2a: Moltres|Will-O-Wisp|p1a: Snorlax
|-status|p1a: Snorlax|brn
|move|p1a: Snorlax|Return|p2a: Moltres
|-damage|p2a: Moltres|56/100
|
|-heal|p2a: Moltres|62/100|[from] item: Leftovers
|-heal|p1a: Snorlax|93/100 brn|[from] item: Leftovers
|-damage|p1a: Snorlax|80/100 brn|[from] brn
|upkeep
|turn|51
|
|t:|1730652527
|move|p2a: Moltres|Flamethrower|p1a: Snorlax
|-damage|p1a: Snorlax|52/100 brn
|move|p1a: Snorlax|Rest|p1a: Snorlax
|-status|p1a: Snorlax|slp|[from] move: Rest
|-heal|p1a: Snorlax|100/100 slp|[silent]
|
|-heal|p2a: Moltres|68/100|[from] item: Leftovers
|upkeep
|turn|52
|
|t:|1730652529
|move|p2a: Moltres|Flamethrower|p1a: Snorlax
|-damage|p1a: Snorlax|70/100 slp
|cant|p1a: Snorlax|slp
|
|-heal|p2a: Moltres|75/100|[from] item: Leftovers
|-heal|p1a: Snorlax|77/100 slp|[from] item: Leftovers
|upkeep
|turn|53
|
|t:|1730652533
|move|p2a: Moltres|Flamethrower|p1a: Snorlax
|-damage|p1a: Snorlax|48/100 slp
|cant|p1a: Snorlax|slp
|
|-heal|p2a: Moltres|81/100|[from] item: Leftovers
|-heal|p1a: Snorlax|54/100 slp|[from] item: Leftovers
|upkeep
|turn|54
|
|t:|1730652538
|move|p2a: Moltres|Flamethrower|p1a: Snorlax
|-damage|p1a: Snorlax|24/100 slp
|-curestatus|p1a: Snorlax|slp|[msg]
|move|p1a: Snorlax|Return|p2a: Moltres
|-damage|p2a: Moltres|0 fnt
|faint|p2a: Moltres
|
|t:|1730652540
|switch|p2a: Blissey|Blissey, F|100/100
|-damage|p2a: Blissey|76/100|[from] Spikes
|
|-heal|p2a: Blissey|82/100|[from] item: Leftovers
|-heal|p1a: Snorlax|30/100|[from] item: Leftovers
|upkeep
|turn|55
|
|t:|1730652543
|move|p2a: Blissey|Ice Beam|p1a: Snorlax
|-damage|p1a: Snorlax|17/100
|move|p1a: Snorlax|Rest|p1a: Snorlax
|-status|p1a: Snorlax|slp|[from] move: Rest
|-heal|p1a: Snorlax|100/100 slp|[silent]
|
|-heal|p2a: Blissey|88/100|[from] item: Leftovers
|upkeep
|turn|56
|
|t:|1730652546
|move|p2a: Blissey|Seismic Toss|p1a: Snorlax
|-damage|p1a: Snorlax|80/100 slp
|cant|p1a: Snorlax|slp
|
|-heal|p2a: Blissey|94/100|[from] item: Leftovers
|-heal|p1a: Snorlax|87/100 slp|[from] item: Leftovers
|upkeep
|turn|57
|inactive|Ivoire has 270 seconds left.
|
|t:|1730652585
|move|p2a: Blissey|Seismic Toss|p1a: Snorlax
|-damage|p1a: Snorlax|66/100 slp
|cant|p1a: Snorlax|slp
|
|-heal|p2a: Blissey|99/100|[from] item: Leftovers
|-heal|p1a: Snorlax|73/100 slp|[from] item: Leftovers
|upkeep
|turn|58
|inactive|Ivoire has 270 seconds left.
|
|t:|1730652592
|move|p2a: Blissey|Seismic Toss|p1a: Snorlax
|-damage|p1a: Snorlax|53/100 slp
|-curestatus|p1a: Snorlax|slp|[msg]
|move|p1a: Snorlax|Rest|p1a: Snorlax
|-status|p1a: Snorlax|slp|[from] move: Rest
|-heal|p1a: Snorlax|100/100 slp|[silent]
|
|-heal|p2a: Blissey|100/100|[from] item: Leftovers
|upkeep
|turn|59
|
|t:|1730652598
|move|p2a: Blissey|Seismic Toss|p1a: Snorlax
|-damage|p1a: Snorlax|80/100 slp
|cant|p1a: Snorlax|slp
|
|-heal|p1a: Snorlax|87/100 slp|[from] item: Leftovers
|upkeep
|turn|60
|
|t:|1730652600
|move|p2a: Blissey|Seismic Toss|p1a: Snorlax
|-damage|p1a: Snorlax|66/100 slp
|cant|p1a: Snorlax|slp
|
|-heal|p1a: Snorlax|73/100 slp|[from] item: Leftovers
|upkeep
|turn|61
|
|t:|1730652605
|move|p2a: Blissey|Seismic Toss|p1a: Snorlax
|-damage|p1a: Snorlax|53/100 slp
|-curestatus|p1a: Snorlax|slp|[msg]
|move|p1a: Snorlax|Curse|p1a: Snorlax
|-unboost|p1a: Snorlax|spe|1
|-boost|p1a: Snorlax|atk|1
|-boost|p1a: Snorlax|def|1
|
|-heal|p1a: Snorlax|59/100|[from] item: Leftovers
|upkeep
|turn|62
|
|t:|1730652609
|move|p2a: Blissey|Ice Beam|p1a: Snorlax
|-damage|p1a: Snorlax|44/100
|-status|p1a: Snorlax|frz
|-curestatus|p1a: Snorlax|frz|[msg]
|move|p1a: Snorlax|Rest|p1a: Snorlax
|-status|p1a: Snorlax|slp|[from] move: Rest
|-heal|p1a: Snorlax|100/100 slp|[silent]
|
|upkeep
|turn|63
|
|t:|1730652611
|move|p2a: Blissey|Seismic Toss|p1a: Snorlax
|-damage|p1a: Snorlax|80/100 slp
|cant|p1a: Snorlax|slp
|
|-heal|p1a: Snorlax|87/100 slp|[from] item: Leftovers
|upkeep
|turn|64
|
|t:|1730652617
|move|p2a: Blissey|Seismic Toss|p1a: Snorlax
|-damage|p1a: Snorlax|66/100 slp
|cant|p1a: Snorlax|slp
|
|-heal|p1a: Snorlax|73/100 slp|[from] item: Leftovers
|upkeep
|turn|65
|
|t:|1730652622
|move|p2a: Blissey|Seismic Toss|p1a: Snorlax
|-damage|p1a: Snorlax|53/100 slp
|-curestatus|p1a: Snorlax|slp|[msg]
|move|p1a: Snorlax|Curse|p1a: Snorlax
|-unboost|p1a: Snorlax|spe|1
|-boost|p1a: Snorlax|atk|1
|-boost|p1a: Snorlax|def|1
|
|-heal|p1a: Snorlax|59/100|[from] item: Leftovers
|upkeep
|turn|66
|
|t:|1730652624
|move|p2a: Blissey|Ice Beam|p1a: Snorlax
|-damage|p1a: Snorlax|44/100
|move|p1a: Snorlax|Return|p2a: Blissey
|-crit|p2a: Blissey
|-damage|p2a: Blissey|0 fnt
|faint|p2a: Blissey
|
|t:|1730652626
|switch|p2a: Flygon|Flygon, M|100/100
|
|-heal|p1a: Snorlax|50/100|[from] item: Leftovers
|upkeep
|turn|67
|
|t:|1730652638
|move|p2a: Flygon|Earthquake|p1a: Snorlax
|-damage|p1a: Snorlax|42/100
|move|p1a: Snorlax|Return|p2a: Flygon
|-damage|p2a: Flygon|5/100
|
|-heal|p2a: Flygon|11/100|[from] item: Leftovers
|-heal|p1a: Snorlax|48/100|[from] item: Leftovers
|upkeep
|turn|68
|
|t:|1730652641
|move|p2a: Flygon|Earthquake|p1a: Snorlax
|-damage|p1a: Snorlax|40/100
|move|p1a: Snorlax|Return|p2a: Flygon
|-damage|p2a: Flygon|0 fnt
|faint|p2a: Flygon
|
|win|Ivoire

</script>
<script type="application/json" class="data" id="replaydata-smogtours-gen3ou-804390">
{"id":"smogtours-gen3ou-804390","format":"[Gen 3] OU","players":["Ivoire","luisin"],"uploadtime":1730652641,"views":42,"formatid":"gen3ou","rating":null,"private":1,"password":null}
</script>

<script defer src="js/replays.js?9d40a366"></script>
