<!DOCTYPE html>
<meta charset="utf-8" />
<meta name="viewport" content="width=device-width" />

<title>[Gen 3] OU: mysticaisand vs. azepto - Replays - Pok&eacute;mon Showdown!</title>

<meta name="description" content="Watch a replay of a Pok&eacute;mon battle between mysticaisand and azepto! Format: [Gen 3] OU; Date: Oct 2, 2024" />
<!--

Hey, you! Looking in the source for the replay log?

You can find them in JSON format, just add `.json` at the end of a replay URL.

https://replay.pokemonshowdown.com/gen7randomdoublesbattle-865046831.json

Or, if you only need the log itself, add `.log` instead:

https://replay.pokemonshowdown.com/gen7randomdoublesbattle-865046831.log

-->

<link rel="stylesheet" href="//pokemonshowdown.com/style/global.css?0.767286132409787" />
<link rel="stylesheet" href="//play.pokemonshowdown.com/style/font-awesome.css?0.9266228007934947" />
<link rel="stylesheet" href="//play.pokemonshowdown.com/style/battle.css?0.7924700842790926" />
<link rel="stylesheet" href="//play.pokemonshowdown.com/style/utilichart.css?0.8777417872839479" />

<!-- Global site tag (gtag.js) - Google Analytics -->
<script async src="https://www.googletagmanager.com/gtag/js?id=UA-26211653-1"></script>
<script>
  window.dataLayer = window.dataLayer || [];
  function gtag(){dataLayer.push(arguments);}
  gtag('js', new Date());

  gtag('config', 'UA-26211653-1');
</script>
<!-- End Google Analytics -->
<!-- Venatus Ad Manager - Install in <HEAD> of page -->
	<script src="https://hb.vntsm.com/v3/live/ad-manager.min.js" type="text/javascript" data-site-id="642aba63ec9a7b11c3c9c1be" data-mode="scan" async></script>
<!-- / Venatus Ad Manager -->

<style>
	@media (max-width:820px) {
		.battle {
			margin: 0 auto;
		}
		.battle-log {
			margin: 7px auto 0;
			max-width: 640px;
			height: 300px;
			position: static;
		}
	}
	.optgroup {
		display: inline-block;
		line-height: 22px;
		font-size: 10pt;
	}
	.optgroup .button {
		height: 25px;
		padding-top: 0;
		padding-bottom: 0;
	}
	.optgroup button.button {
		padding-left: 12px;
		padding-right: 12px;
	}
	.linklist {
		list-style: none;
		margin: 0.5em 0;
		padding: 0;
	}
	.linklist li {
		padding: 2px 0;
	}
	.sidebar {
		float: left;
		width: 320px;
	}
	.bar-wrapper {
		max-width: 1100px;
		margin: 0 auto;
	}
	.bar-wrapper.has-sidebar {
		max-width: 1430px;
	}
	.mainbar {
		margin: 0;
		padding-right: 1px;
	}
	.mainbar.has-sidebar {
		margin-left: 330px;
	}
	@media (min-width: 1511px) {
		.sidebar {
			width: 400px;
		}
		.bar-wrapper.has-sidebar {
			max-width: 1510px;
		}
		.mainbar.has-sidebar {
			margin-left: 410px;
		}
	}
	.section.first-section {
		margin-top: 9px;
	}
	.blocklink small {
		white-space: normal;
	}
	.button {
		vertical-align: middle;
	}
	.replay-controls {
		padding-top: 10px;
	}
	.replay-controls h1 {
		font-size: 16pt;
		font-weight: normal;
		color: #CCC;
	}
	.pagelink {
		text-align: center;
	}
	.pagelink a {
		width: 150px;
	}
	.textbox, .button {
		font-size: 11pt;
		vertical-align: middle;
	}
	@media (max-width: 450px) {
		.button {
			font-size: 9pt;
		}
	}
</style>

<div>

	<header>
		<div class="nav-wrapper"><ul class="nav">
			<li><a class="button nav-first" href="//pokemonshowdown.com/"><img src="//pokemonshowdown.com/images/pokemonshowdownbeta.png" srcset="//pokemonshowdown.com/images/pokemonshowdownbeta.png 1x, //pokemonshowdown.com/images/pokemonshowdownbeta@2x.png 2x" alt="Pok&eacute;mon Showdown" width="146" height="44" /> Home</a></li>
			<li><a class="button" href="//pokemonshowdown.com/dex/">Pok&eacute;dex</a></li>
			<li><a class="button cur" href="/">Replays</a></li>
			<li><a class="button" href="//pokemonshowdown.com/ladder/">Ladder</a></li>
			<li><a class="button nav-last" href="//pokemonshowdown.com/forums/">Forum</a></li>
			<li><a class="button greenbutton nav-first nav-last" href="//play.pokemonshowdown.com/">Play</a></li>
		</ul></div>
	</header>

	<div class="main" id="main">

		<noscript><section class="section">You need to enable JavaScript to use this page; sorry!</section></noscript>

	</div>

</div>

<script defer nomodule src="//play.pokemonshowdown.com/js/lib/ps-polyfill.js"></script>
<script defer src="//play.pokemonshowdown.com/js/lib/preact.min.js"></script>

<script defer src="//play.pokemonshowdown.com/config/config.js?6dec07f6"></script>
<script defer src="//play.pokemonshowdown.com/js/lib/jquery-1.11.0.min.js"></script>
<script defer src="//play.pokemonshowdown.com/js/lib/html-sanitizer-minified.js"></script>
<script defer src="//play.pokemonshowdown.com/js/battle-sound.js"></script>
<script defer src="//play.pokemonshowdown.com/js/battledata.js?0.6315294753075389"></script>
<script defer src="//play.pokemonshowdown.com/data/pokedex-mini.js?0.7603743185311358"></script>
<script defer src="//play.pokemonshowdown.com/data/pokedex-mini-bw.js?0.030888842834281283"></script>
<script defer src="//play.pokemonshowdown.com/data/graphics.js?0.05593094747507488"></script>
<script defer src="//play.pokemonshowdown.com/data/pokedex.js?0.47064822249611904"></script>
<script defer src="//play.pokemonshowdown.com/data/moves.js?0.8583693120512459"></script>
<script defer src="//play.pokemonshowdown.com/data/abilities.js?0.16017181182386842"></script>
<script defer src="//play.pokemonshowdown.com/data/items.js?0.4163379185673943"></script>
<script defer src="//play.pokemonshowdown.com/data/teambuilder-tables.js?0.31075597372830477"></script>
<script defer src="//play.pokemonshowdown.com/js/battle-tooltips.js?0.6536193500708172"></script>
<script defer src="//play.pokemonshowdown.com/js/battle.js?0.1916591943277901"></script>

<script defer src="js/utils.js?e31f9a17"></script>
<script defer src="js/replays-battle.js?7008c182"></script>

<!-- don't scrape this data! just add .json or .log after the URL!
Full API docs: https://github.com/smogon/pokemon-showdown-client/blob/master/WEB-API.md -->
<script type="text/plain" class="log" id="replaylog-smogtours-gen3ou-793940">
|inactive|Battle timer is ON: inactive players will automatically lose when time's up.
|t:|1727879682
|gametype|singles
|player|p1|mysticaisand|169|
|player|p2|azepto|officeworker|
|teamsize|p1|6
|teamsize|p2|6
|gen|3
|tier|[Gen 3] OU
|rule|Sleep Clause Mod: Limit one foe put to sleep
|rule|Switch Priority Clause Mod: Faster Pokémon switch first
|rule|Species Clause: Limit one of each Pokémon
|rule|OHKO Clause: OHKO moves are banned
|rule|Evasion Items Clause: Evasion items are banned
|rule|Evasion Moves Clause: Evasion moves are banned
|rule|Endless Battle Clause: Forcing endless battles is banned
|rule|HP Percentage Mod: HP is shown in percentages
|rule|One Boost Passer Clause: Limit one Baton Passer that has a way to boost its stats
|rule|Freeze Clause Mod: Limit one foe frozen
|
|t:|1727879682
|start
|switch|p1a: Great Musk|Suicune, shiny|100/100
|switch|p2a: Tyranitar|Tyranitar, F|100/100
|-weather|Sandstorm|[from] ability: Sand Stream|[of] p2a: Tyranitar
|turn|1
|c|☆azepto|glhf
|c|☆mysticaisand|;)
|
|t:|1727879697
|switch|p2a: Suicune|Suicune|100/100
|move|p1a: Great Musk|Substitute|p1a: Great Musk
|-start|p1a: Great Musk|Substitute
|-damage|p1a: Great Musk|75/100
|
|-weather|Sandstorm|[upkeep]
|-damage|p1a: Great Musk|69/100|[from] Sandstorm
|-damage|p2a: Suicune|94/100|[from] Sandstorm
|-heal|p1a: Great Musk|75/100|[from] item: Leftovers
|-heal|p2a: Suicune|100/100|[from] item: Leftovers
|upkeep
|turn|2
|
|t:|1727879704
|switch|p1a: Iron Coward|Celebi|100/100
|move|p2a: Suicune|Roar|p1a: Iron Coward
|drag|p1a: Great Musk|Suicune, shiny|75/100
|
|-weather|Sandstorm|[upkeep]
|-damage|p1a: Great Musk|69/100|[from] Sandstorm
|-damage|p2a: Suicune|94/100|[from] Sandstorm
|-heal|p1a: Great Musk|75/100|[from] item: Leftovers
|-heal|p2a: Suicune|100/100|[from] item: Leftovers
|upkeep
|turn|3
|
|t:|1727879715
|switch|p1a: Iron Coward|Celebi|100/100
|move|p2a: Suicune|Roar|p1a: Iron Coward
|drag|p1a: Running Wake|Kingdra, F|100/100
|
|-weather|Sandstorm|[upkeep]
|-damage|p1a: Running Wake|94/100|[from] Sandstorm
|-damage|p2a: Suicune|94/100|[from] Sandstorm
|-heal|p2a: Suicune|100/100|[from] item: Leftovers
|upkeep
|turn|4
|
|t:|1727879726
|switch|p1a: Iron Coward|Celebi|100/100
|move|p2a: Suicune|Calm Mind|p2a: Suicune
|-boost|p2a: Suicune|spa|1
|-boost|p2a: Suicune|spd|1
|
|-weather|Sandstorm|[upkeep]
|-damage|p1a: Iron Coward|94/100|[from] Sandstorm
|-damage|p2a: Suicune|94/100|[from] Sandstorm
|-heal|p1a: Iron Coward|100/100|[from] item: Leftovers
|-heal|p2a: Suicune|100/100|[from] item: Leftovers
|upkeep
|turn|5
|
|t:|1727879734
|move|p1a: Iron Coward|Leech Seed|p2a: Suicune
|-start|p2a: Suicune|move: Leech Seed
|move|p2a: Suicune|Roar|p1a: Iron Coward
|drag|p1a: Running Wake|Kingdra, F|94/100
|
|-weather|Sandstorm|[upkeep]
|-damage|p1a: Running Wake|88/100|[from] Sandstorm
|-damage|p2a: Suicune|94/100|[from] Sandstorm
|-heal|p2a: Suicune|100/100|[from] item: Leftovers
|-damage|p2a: Suicune|88/100|[from] Leech Seed|[of] p1a: Running Wake
|-heal|p1a: Running Wake|100/100|[silent]
|upkeep
|turn|6
|
|t:|1727879747
|switch|p1a: Great Musk|Suicune, shiny|75/100
|switch|p2a: Blissey|Blissey, F|100/100
|
|-weather|Sandstorm|[upkeep]
|-damage|p1a: Great Musk|69/100|[from] Sandstorm
|-damage|p2a: Blissey|94/100|[from] Sandstorm
|-heal|p1a: Great Musk|75/100|[from] item: Leftovers
|-heal|p2a: Blissey|100/100|[from] item: Leftovers
|upkeep
|turn|7
|
|t:|1727879751
|switch|p1a: Iron Coward|Celebi|100/100
|switch|p2a: Suicune|Suicune|88/100
|
|-weather|Sandstorm|[upkeep]
|-damage|p1a: Iron Coward|94/100|[from] Sandstorm
|-damage|p2a: Suicune|82/100|[from] Sandstorm
|-heal|p1a: Iron Coward|100/100|[from] item: Leftovers
|-heal|p2a: Suicune|88/100|[from] item: Leftovers
|upkeep
|turn|8
|
|t:|1727879762
|switch|p2a: Skarmory|Skarmory, F|100/100
|move|p1a: Iron Coward|Leech Seed|p2a: Skarmory
|-start|p2a: Skarmory|move: Leech Seed
|
|-weather|Sandstorm|[upkeep]
|-damage|p1a: Iron Coward|94/100|[from] Sandstorm
|-heal|p1a: Iron Coward|100/100|[from] item: Leftovers
|-damage|p2a: Skarmory|88/100|[from] Leech Seed|[of] p1a: Iron Coward
|upkeep
|turn|9
|
|t:|1727879767
|move|p1a: Iron Coward|Hidden Power|p2a: Skarmory
|-supereffective|p2a: Skarmory
|-damage|p2a: Skarmory|59/100
|move|p2a: Skarmory|Spikes|p1a: Iron Coward
|-sidestart|p1: mysticaisand|Spikes
|
|-weather|Sandstorm|[upkeep]
|-damage|p1a: Iron Coward|94/100|[from] Sandstorm
|-heal|p1a: Iron Coward|100/100|[from] item: Leftovers
|-heal|p2a: Skarmory|65/100|[from] item: Leftovers
|-damage|p2a: Skarmory|53/100|[from] Leech Seed|[of] p1a: Iron Coward
|upkeep
|turn|10
|
|t:|1727879782
|switch|p2a: Tyranitar|Tyranitar, F|100/100
|move|p1a: Iron Coward|Calm Mind|p1a: Iron Coward
|-boost|p1a: Iron Coward|spa|1
|-boost|p1a: Iron Coward|spd|1
|
|-weather|Sandstorm|[upkeep]
|-damage|p1a: Iron Coward|94/100|[from] Sandstorm
|-heal|p1a: Iron Coward|100/100|[from] item: Leftovers
|upkeep
|turn|11
|
|t:|1727879806
|move|p1a: Iron Coward|Leech Seed|p2a: Tyranitar
|-start|p2a: Tyranitar|move: Leech Seed
|move|p2a: Tyranitar|Dragon Dance|p2a: Tyranitar
|-boost|p2a: Tyranitar|atk|1
|-boost|p2a: Tyranitar|spe|1
|
|-weather|Sandstorm|[upkeep]
|-damage|p1a: Iron Coward|94/100|[from] Sandstorm
|-damage|p2a: Tyranitar|88/100|[from] Leech Seed|[of] p1a: Iron Coward
|-heal|p1a: Iron Coward|100/100|[silent]
|upkeep
|turn|12
|
|t:|1727879814
|move|p2a: Tyranitar|Hidden Power|p1a: Iron Coward
|-supereffective|p1a: Iron Coward
|-damage|p1a: Iron Coward|0 fnt
|faint|p1a: Iron Coward
|
|t:|1727879818
|switch|p1a: Great Musk|Suicune, shiny|75/100
|-damage|p1a: Great Musk|63/100|[from] Spikes
|
|-weather|Sandstorm|[upkeep]
|-damage|p1a: Great Musk|57/100|[from] Sandstorm
|-damage|p2a: Tyranitar|76/100|[from] Leech Seed|[of] p1a: Great Musk
|-heal|p1a: Great Musk|69/100|[silent]
|-heal|p1a: Great Musk|75/100|[from] item: Leftovers
|upkeep
|turn|13
|
|t:|1727879833
|switch|p2a: Suicune|Suicune|88/100
|move|p1a: Great Musk|Ice Beam|p2a: Suicune
|-resisted|p2a: Suicune
|-damage|p2a: Suicune|78/100
|
|-weather|Sandstorm|[upkeep]
|-damage|p1a: Great Musk|69/100|[from] Sandstorm
|-damage|p2a: Suicune|71/100|[from] Sandstorm
|-heal|p1a: Great Musk|75/100|[from] item: Leftovers
|-heal|p2a: Suicune|78/100|[from] item: Leftovers
|upkeep
|turn|14
|
|t:|1727879848
|move|p1a: Great Musk|Hydro Pump|p2a: Suicune
|-resisted|p2a: Suicune
|-damage|p2a: Suicune|59/100
|move|p2a: Suicune|Roar|p1a: Great Musk
|drag|p1a: Roaring Sun|Dugtrio, F|100/100
|-damage|p1a: Roaring Sun|88/100|[from] Spikes
|
|-weather|Sandstorm|[upkeep]
|-damage|p2a: Suicune|53/100|[from] Sandstorm
|-heal|p2a: Suicune|59/100|[from] item: Leftovers
|upkeep
|turn|15
|
|t:|1727879859
|switch|p1a: Queengambit|Raikou, shiny|100/100
|-damage|p1a: Queengambit|88/100|[from] Spikes
|move|p2a: Suicune|Surf|p1a: Queengambit
|-damage|p1a: Queengambit|55/100
|
|-weather|Sandstorm|[upkeep]
|-damage|p1a: Queengambit|48/100|[from] Sandstorm
|-damage|p2a: Suicune|53/100|[from] Sandstorm
|-heal|p1a: Queengambit|55/100|[from] item: Leftovers
|-heal|p2a: Suicune|59/100|[from] item: Leftovers
|upkeep
|turn|16
|
|t:|1727879868
|switch|p2a: Blissey|Blissey, F|100/100
|move|p1a: Queengambit|Substitute|p1a: Queengambit
|-start|p1a: Queengambit|Substitute
|-damage|p1a: Queengambit|30/100
|
|-weather|Sandstorm|[upkeep]
|-damage|p1a: Queengambit|24/100|[from] Sandstorm
|-damage|p2a: Blissey|94/100|[from] Sandstorm
|-heal|p1a: Queengambit|30/100|[from] item: Leftovers
|-heal|p2a: Blissey|100/100|[from] item: Leftovers
|upkeep
|turn|17
|
|t:|1727879871
|move|p1a: Queengambit|Calm Mind|p1a: Queengambit
|-boost|p1a: Queengambit|spa|1
|-boost|p1a: Queengambit|spd|1
|move|p2a: Blissey|Seismic Toss|p1a: Queengambit
|-end|p1a: Queengambit|Substitute
|
|-weather|Sandstorm|[upkeep]
|-damage|p1a: Queengambit|24/100|[from] Sandstorm
|-damage|p2a: Blissey|94/100|[from] Sandstorm
|-heal|p1a: Queengambit|30/100|[from] item: Leftovers
|-heal|p2a: Blissey|100/100|[from] item: Leftovers
|upkeep
|turn|18
|
|t:|1727879882
|switch|p1a: Silverdengo|Porygon2, shiny|100/100
|-damage|p1a: Silverdengo|88/100|[from] Spikes
|-ability|p1a: Silverdengo|Natural Cure|[from] ability: Trace|[of] p2a: Blissey
|move|p2a: Blissey|Seismic Toss|p1a: Silverdengo
|-damage|p1a: Silverdengo|61/100
|
|-weather|Sandstorm|[upkeep]
|-damage|p2a: Blissey|94/100|[from] Sandstorm
|-damage|p1a: Silverdengo|55/100|[from] Sandstorm
|-heal|p2a: Blissey|100/100|[from] item: Leftovers
|-heal|p1a: Silverdengo|61/100|[from] item: Leftovers
|upkeep
|turn|19
|
|t:|1727879901
|move|p2a: Blissey|Thunder Wave|p1a: Silverdengo
|-status|p1a: Silverdengo|par
|move|p1a: Silverdengo|Thunder Wave|p2a: Blissey
|-status|p2a: Blissey|par
|
|-weather|Sandstorm|[upkeep]
|-damage|p2a: Blissey|94/100 par|[from] Sandstorm
|-damage|p1a: Silverdengo|55/100 par|[from] Sandstorm
|-heal|p2a: Blissey|100/100 par|[from] item: Leftovers
|-heal|p1a: Silverdengo|61/100 par|[from] item: Leftovers
|upkeep
|turn|20
|
|t:|1727879905
|-curestatus|p2a: Blissey|par|[from] ability: Natural Cure
|switch|p2a: Metagross|Metagross|100/100
|move|p1a: Silverdengo|Recover|p1a: Silverdengo
|-heal|p1a: Silverdengo|100/100 par
|
|-weather|Sandstorm|[upkeep]
|-damage|p1a: Silverdengo|94/100 par|[from] Sandstorm
|-heal|p1a: Silverdengo|100/100 par|[from] item: Leftovers
|upkeep
|turn|21
|inactive|azepto has 270 seconds left.
|
|t:|1727879945
|move|p2a: Metagross|Explosion|p1a: Silverdengo
|-damage|p1a: Silverdengo|0 fnt
|faint|p2a: Metagross
|faint|p1a: Silverdengo
|inactive|azepto has 240 seconds left.
|inactive|mysticaisand has 270 seconds left.
|inactive|azepto has 210 seconds left.
|
|t:|1727880012
|switch|p2a: Skarmory|Skarmory, F|53/100
|switch|p1a: Queengambit|Raikou, shiny|30/100
|-damage|p1a: Queengambit|17/100|[from] Spikes
|
|-weather|Sandstorm|[upkeep]
|-damage|p1a: Queengambit|11/100|[from] Sandstorm
|-heal|p1a: Queengambit|17/100|[from] item: Leftovers
|-heal|p2a: Skarmory|59/100|[from] item: Leftovers
|upkeep
|turn|22
|inactive|azepto has 210 seconds left.
|
|t:|1727880018
|switch|p1a: Roaring Sun|Dugtrio, F|88/100
|-damage|p1a: Roaring Sun|76/100|[from] Spikes
|move|p2a: Skarmory|Protect||[still]
|-fail|p2a: Skarmory
|
|-weather|Sandstorm|[upkeep]
|-heal|p2a: Skarmory|65/100|[from] item: Leftovers
|upkeep
|turn|23
|
|t:|1727880023
|switch|p1a: Great Musk|Suicune, shiny|75/100
|-damage|p1a: Great Musk|63/100|[from] Spikes
|move|p2a: Skarmory|Protect||[still]
|-fail|p2a: Skarmory
|
|-weather|Sandstorm|[upkeep]
|-damage|p1a: Great Musk|57/100|[from] Sandstorm
|-heal|p1a: Great Musk|63/100|[from] item: Leftovers
|-heal|p2a: Skarmory|71/100|[from] item: Leftovers
|upkeep
|turn|24
|
|t:|1727880030
|move|p1a: Great Musk|Calm Mind|p1a: Great Musk
|-boost|p1a: Great Musk|spa|1
|-boost|p1a: Great Musk|spd|1
|move|p2a: Skarmory|Roar|p1a: Great Musk
|drag|p1a: Queengambit|Raikou, shiny|17/100
|-damage|p1a: Queengambit|5/100|[from] Spikes
|
|-weather|Sandstorm|[upkeep]
|-damage|p1a: Queengambit|0 fnt|[from] Sandstorm
|faint|p1a: Queengambit
|-heal|p2a: Skarmory|77/100|[from] item: Leftovers
|upkeep
|
|t:|1727880038
|switch|p1a: Running Wake|Kingdra, F|100/100
|-damage|p1a: Running Wake|88/100|[from] Spikes
|turn|25
|
|t:|1727880046
|move|p1a: Running Wake|Rain Dance|p1a: Running Wake
|-weather|RainDance
|move|p2a: Skarmory|Toxic|p1a: Running Wake
|-status|p1a: Running Wake|tox
|-enditem|p1a: Running Wake|Lum Berry|[eat]
|-curestatus|p1a: Running Wake|tox|[msg]
|
|-weather|RainDance|[upkeep]
|-heal|p2a: Skarmory|83/100|[from] item: Leftovers
|upkeep
|turn|26
|
|t:|1727880049
|move|p2a: Skarmory|Protect|p2a: Skarmory
|-singleturn|p2a: Skarmory|Protect
|move|p1a: Running Wake|Surf|p2a: Skarmory
|-activate|p2a: Skarmory|Protect
|
|-weather|RainDance|[upkeep]
|-heal|p2a: Skarmory|89/100|[from] item: Leftovers
|upkeep
|turn|27
|
|t:|1727880057
|move|p1a: Running Wake|Surf|p2a: Skarmory
|-damage|p2a: Skarmory|26/100
|move|p2a: Skarmory|Toxic|p1a: Running Wake|[miss]
|-miss|p2a: Skarmory|p1a: Running Wake
|
|-weather|RainDance|[upkeep]
|-heal|p2a: Skarmory|32/100|[from] item: Leftovers
|upkeep
|turn|28
|
|t:|1727880061
|move|p2a: Skarmory|Protect|p2a: Skarmory
|-singleturn|p2a: Skarmory|Protect
|move|p1a: Running Wake|Surf|p2a: Skarmory
|-activate|p2a: Skarmory|Protect
|
|-weather|RainDance|[upkeep]
|-heal|p2a: Skarmory|38/100|[from] item: Leftovers
|upkeep
|turn|29
|
|t:|1727880083
|switch|p2a: Blissey|Blissey, F|100/100
|move|p1a: Running Wake|Hidden Power|p2a: Blissey
|-damage|p2a: Blissey|92/100
|
|-weather|none
|-heal|p2a: Blissey|98/100|[from] item: Leftovers
|upkeep
|turn|30
|
|t:|1727880088
|switch|p1a: Great Musk|Suicune, shiny|63/100
|-damage|p1a: Great Musk|50/100|[from] Spikes
|move|p2a: Blissey|Thunder Wave|p1a: Great Musk
|-status|p1a: Great Musk|par
|
|-heal|p2a: Blissey|100/100|[from] item: Leftovers
|-heal|p1a: Great Musk|57/100 par|[from] item: Leftovers
|upkeep
|turn|31
|
|t:|1727880108
|switch|p2a: Tyranitar|Tyranitar, F|76/100
|-weather|Sandstorm|[from] ability: Sand Stream|[of] p2a: Tyranitar
|cant|p1a: Great Musk|par
|
|-weather|Sandstorm|[upkeep]
|-damage|p1a: Great Musk|50/100 par|[from] Sandstorm
|-heal|p1a: Great Musk|57/100 par|[from] item: Leftovers
|upkeep
|turn|32
|-message|mysticaisand forfeited.
|
|win|azepto
|player|p1|
|c|☆azepto|gg

</script>
<script type="application/json" class="data" id="replaydata-smogtours-gen3ou-793940">
{"id":"smogtours-gen3ou-793940","format":"[Gen 3] OU","players":["mysticaisand","azepto"],"uploadtime":1727880113,"views":113,"formatid":"gen3ou","rating":null,"private":0,"password":null}
</script>

<script defer src="js/replays.js?9d40a366"></script>
