<!DOCTYPE html>
<meta charset="utf-8" />
<meta name="viewport" content="width=device-width" />

<title>[Gen 3] OU: Christos vs. Zpanther - Replays - Pok&eacute;mon Showdown!</title>

<meta name="description" content="Watch a replay of a Pok&eacute;mon battle between Christos and Zpanther! Format: [Gen 3] OU; Date: Nov 9, 2024" />
<!--

Hey, you! Looking in the source for the replay log?

You can find them in JSON format, just add `.json` at the end of a replay URL.

https://replay.pokemonshowdown.com/gen7randomdoublesbattle-865046831.json

Or, if you only need the log itself, add `.log` instead:

https://replay.pokemonshowdown.com/gen7randomdoublesbattle-865046831.log

-->

<link rel="stylesheet" href="//pokemonshowdown.com/style/global.css?0.023195364461161105" />
<link rel="stylesheet" href="//play.pokemonshowdown.com/style/font-awesome.css?0.13261647063804238" />
<link rel="stylesheet" href="//play.pokemonshowdown.com/style/battle.css?0.8753245789963631" />
<link rel="stylesheet" href="//play.pokemonshowdown.com/style/utilichart.css?0.8627959624976733" />

<!-- Global site tag (gtag.js) - Google Analytics -->
<script async src="https://www.googletagmanager.com/gtag/js?id=UA-26211653-1"></script>
<script>
  window.dataLayer = window.dataLayer || [];
  function gtag(){dataLayer.push(arguments);}
  gtag('js', new Date());

  gtag('config', 'UA-26211653-1');
</script>
<!-- End Google Analytics -->
<!-- Venatus Ad Manager - Install in <HEAD> of page -->
	<script src="https://hb.vntsm.com/v3/live/ad-manager.min.js" type="text/javascript" data-site-id="642aba63ec9a7b11c3c9c1be" data-mode="scan" async></script>
<!-- / Venatus Ad Manager -->

<style>
	@media (max-width:820px) {
		.battle {
			margin: 0 auto;
		}
		.battle-log {
			margin: 7px auto 0;
			max-width: 640px;
			height: 300px;
			position: static;
		}
	}
	.optgroup {
		display: inline-block;
		line-height: 22px;
		font-size: 10pt;
	}
	.optgroup .button {
		height: 25px;
		padding-top: 0;
		padding-bottom: 0;
	}
	.optgroup button.button {
		padding-left: 12px;
		padding-right: 12px;
	}
	.linklist {
		list-style: none;
		margin: 0.5em 0;
		padding: 0;
	}
	.linklist li {
		padding: 2px 0;
	}
	.sidebar {
		float: left;
		width: 320px;
	}
	.bar-wrapper {
		max-width: 1100px;
		margin: 0 auto;
	}
	.bar-wrapper.has-sidebar {
		max-width: 1430px;
	}
	.mainbar {
		margin: 0;
		padding-right: 1px;
	}
	.mainbar.has-sidebar {
		margin-left: 330px;
	}
	@media (min-width: 1511px) {
		.sidebar {
			width: 400px;
		}
		.bar-wrapper.has-sidebar {
			max-width: 1510px;
		}
		.mainbar.has-sidebar {
			margin-left: 410px;
		}
	}
	.section.first-section {
		margin-top: 9px;
	}
	.blocklink small {
		white-space: normal;
	}
	.button {
		vertical-align: middle;
	}
	.replay-controls {
		padding-top: 10px;
	}
	.replay-controls h1 {
		font-size: 16pt;
		font-weight: normal;
		color: #CCC;
	}
	.pagelink {
		text-align: center;
	}
	.pagelink a {
		width: 150px;
	}
	.textbox, .button {
		font-size: 11pt;
		vertical-align: middle;
	}
	@media (max-width: 450px) {
		.button {
			font-size: 9pt;
		}
	}
</style>

<div>

	<header>
		<div class="nav-wrapper"><ul class="nav">
			<li><a class="button nav-first" href="//pokemonshowdown.com/"><img src="//pokemonshowdown.com/images/pokemonshowdownbeta.png" srcset="//pokemonshowdown.com/images/pokemonshowdownbeta.png 1x, //pokemonshowdown.com/images/pokemonshowdownbeta@2x.png 2x" alt="Pok&eacute;mon Showdown" width="146" height="44" /> Home</a></li>
			<li><a class="button" href="//pokemonshowdown.com/dex/">Pok&eacute;dex</a></li>
			<li><a class="button cur" href="/">Replays</a></li>
			<li><a class="button" href="//pokemonshowdown.com/ladder/">Ladder</a></li>
			<li><a class="button nav-last" href="//pokemonshowdown.com/forums/">Forum</a></li>
			<li><a class="button greenbutton nav-first nav-last" href="//play.pokemonshowdown.com/">Play</a></li>
		</ul></div>
	</header>

	<div class="main" id="main">

		<noscript><section class="section">You need to enable JavaScript to use this page; sorry!</section></noscript>

	</div>

</div>

<script defer nomodule src="//play.pokemonshowdown.com/js/lib/ps-polyfill.js"></script>
<script defer src="//play.pokemonshowdown.com/js/lib/preact.min.js"></script>

<script defer src="//play.pokemonshowdown.com/config/config.js?2bddbc15"></script>
<script defer src="//play.pokemonshowdown.com/js/lib/jquery-1.11.0.min.js"></script>
<script defer src="//play.pokemonshowdown.com/js/lib/html-sanitizer-minified.js"></script>
<script defer src="//play.pokemonshowdown.com/js/battle-sound.js"></script>
<script defer src="//play.pokemonshowdown.com/js/battledata.js?0.7209276989879541"></script>
<script defer src="//play.pokemonshowdown.com/data/pokedex-mini.js?0.6111056340867951"></script>
<script defer src="//play.pokemonshowdown.com/data/pokedex-mini-bw.js?0.3532142036491459"></script>
<script defer src="//play.pokemonshowdown.com/data/graphics.js?0.24223875632456182"></script>
<script defer src="//play.pokemonshowdown.com/data/pokedex.js?0.38839984266356864"></script>
<script defer src="//play.pokemonshowdown.com/data/moves.js?0.21866028504024015"></script>
<script defer src="//play.pokemonshowdown.com/data/abilities.js?0.2005157953846628"></script>
<script defer src="//play.pokemonshowdown.com/data/items.js?0.9894211263848525"></script>
<script defer src="//play.pokemonshowdown.com/data/teambuilder-tables.js?0.6008791140282215"></script>
<script defer src="//play.pokemonshowdown.com/js/battle-tooltips.js?0.7580118955022959"></script>
<script defer src="//play.pokemonshowdown.com/js/battle.js?0.6057722274234274"></script>

<script defer src="js/utils.js?e31f9a17"></script>
<script defer src="js/replays-battle.js?7008c182"></script>

<!-- don't scrape this data! just add .json or .log after the URL!
Full API docs: https://github.com/smogon/pokemon-showdown-client/blob/master/WEB-API.md -->
<script type="text/plain" class="log" id="replaylog-smogtours-gen3ou-805487">
|inactive|Battle timer is ON: inactive players will automatically lose when time's up.
|t:|1731175215
|gametype|singles
|player|p1|Christos|boarder|
|player|p2|Zpanther|rose-zerosuit|
|teamsize|p1|6
|teamsize|p2|6
|gen|3
|tier|[Gen 3] OU
|rule|Sleep Clause Mod: Limit one foe put to sleep
|rule|Switch Priority Clause Mod: Faster Pokémon switch first
|rule|Species Clause: Limit one of each Pokémon
|rule|OHKO Clause: OHKO moves are banned
|rule|Evasion Items Clause: Evasion items are banned
|rule|Evasion Moves Clause: Evasion moves are banned
|rule|Endless Battle Clause: Forcing endless battles is banned
|rule|HP Percentage Mod: HP is shown in percentages
|rule|One Boost Passer Clause: Limit one Baton Passer that has a way to boost its stats
|rule|Freeze Clause Mod: Limit one foe frozen
|
|t:|1731175215
|start
|switch|p1a: Tyranitar|Tyranitar, M|100/100
|switch|p2a: Metagross|Metagross|100/100
|-weather|Sandstorm|[from] ability: Sand Stream|[of] p1a: Tyranitar
|turn|1
|c|☆Christos|hf
|c|☆Zpanther|hf
|
|t:|1731175241
|switch|p1a: Forretress|Forretress, F|100/100
|move|p2a: Metagross|Meteor Mash|p1a: Forretress
|-resisted|p1a: Forretress
|-damage|p1a: Forretress|85/100
|
|-weather|Sandstorm|[upkeep]
|-heal|p1a: Forretress|91/100|[from] item: Leftovers
|upkeep
|turn|2
|
|t:|1731175249
|move|p2a: Metagross|Hidden Power|p1a: Forretress
|-supereffective|p1a: Forretress
|-damage|p1a: Forretress|14/100
|move|p1a: Forretress|Spikes|p2a: Metagross
|-sidestart|p2: Zpanther|Spikes
|
|-weather|Sandstorm|[upkeep]
|-heal|p1a: Forretress|20/100|[from] item: Leftovers
|upkeep
|turn|3
|
|t:|1731175260
|switch|p1a: Swampert|Swampert, M|100/100
|move|p2a: Metagross|Psychic|p1a: Swampert
|-damage|p1a: Swampert|67/100
|
|-weather|Sandstorm|[upkeep]
|-heal|p1a: Swampert|73/100|[from] item: Leftovers
|upkeep
|turn|4
|
|t:|1731175269
|switch|p2a: Cloyster|Cloyster, F|100/100
|-damage|p2a: Cloyster|88/100|[from] Spikes
|move|p1a: Swampert|Protect||[still]
|-fail|p1a: Swampert
|
|-weather|Sandstorm|[upkeep]
|-damage|p2a: Cloyster|82/100|[from] Sandstorm
|-heal|p2a: Cloyster|88/100|[from] item: Leftovers
|-heal|p1a: Swampert|79/100|[from] item: Leftovers
|upkeep
|turn|5
|
|t:|1731175272
|-singleturn|p1a: Swampert|move: Focus Punch
|move|p2a: Cloyster|Spikes|p1a: Swampert
|-sidestart|p1: Christos|Spikes
|move|p1a: Swampert|Focus Punch|p2a: Cloyster
|-supereffective|p2a: Cloyster
|-damage|p2a: Cloyster|31/100
|
|-weather|Sandstorm|[upkeep]
|-damage|p2a: Cloyster|25/100|[from] Sandstorm
|-heal|p2a: Cloyster|31/100|[from] item: Leftovers
|-heal|p1a: Swampert|85/100|[from] item: Leftovers
|upkeep
|turn|6
|
|t:|1731175283
|switch|p1a: Gengar|Gengar, F|100/100
|move|p2a: Cloyster|Ice Beam|p1a: Gengar
|-damage|p1a: Gengar|66/100
|
|-weather|Sandstorm|[upkeep]
|-damage|p1a: Gengar|60/100|[from] Sandstorm
|-damage|p2a: Cloyster|25/100|[from] Sandstorm
|-heal|p1a: Gengar|66/100|[from] item: Leftovers
|-heal|p2a: Cloyster|31/100|[from] item: Leftovers
|upkeep
|turn|7
|
|t:|1731175293
|switch|p2a: Jolteon|Jolteon, F|100/100
|-damage|p2a: Jolteon|88/100|[from] Spikes
|move|p1a: Gengar|Thunderbolt|p2a: Jolteon
|-heal|p2a: Jolteon|100/100|[from] ability: Volt Absorb|[of] p1a: Gengar
|
|-weather|Sandstorm|[upkeep]
|-damage|p2a: Jolteon|94/100|[from] Sandstorm
|-damage|p1a: Gengar|60/100|[from] Sandstorm
|-heal|p2a: Jolteon|100/100|[from] item: Leftovers
|-heal|p1a: Gengar|66/100|[from] item: Leftovers
|upkeep
|turn|8
|
|t:|1731175309
|switch|p1a: Blissey|Blissey, F|100/100
|-damage|p1a: Blissey|88/100|[from] Spikes
|move|p2a: Jolteon|Substitute|p2a: Jolteon
|-start|p2a: Jolteon|Substitute
|-damage|p2a: Jolteon|76/100
|
|-weather|Sandstorm|[upkeep]
|-damage|p2a: Jolteon|69/100|[from] Sandstorm
|-damage|p1a: Blissey|82/100|[from] Sandstorm
|-heal|p2a: Jolteon|76/100|[from] item: Leftovers
|-heal|p1a: Blissey|88/100|[from] item: Leftovers
|upkeep
|turn|9
|
|t:|1731175328
|move|p2a: Jolteon|Baton Pass|p2a: Jolteon
|
|t:|1731175333
|switch|p2a: Metagross|Metagross|100/100|[from] Baton Pass
|-damage|p2a: Metagross|88/100|[from] Spikes
|move|p1a: Blissey|Seismic Toss|p2a: Metagross
|-end|p2a: Metagross|Substitute
|
|-weather|Sandstorm|[upkeep]
|-damage|p1a: Blissey|82/100|[from] Sandstorm
|-heal|p2a: Metagross|94/100|[from] item: Leftovers
|-heal|p1a: Blissey|88/100|[from] item: Leftovers
|upkeep
|turn|10
|inactive|Christos has 270 seconds left.
|
|t:|1731175367
|switch|p1a: Forretress|Forretress, F|20/100
|-damage|p1a: Forretress|8/100|[from] Spikes
|move|p2a: Metagross|Meteor Mash|p1a: Forretress
|-resisted|p1a: Forretress
|-damage|p1a: Forretress|0 fnt
|faint|p1a: Forretress
|
|t:|1731175374
|switch|p1a: Moltres|Moltres|100/100
|
|-weather|Sandstorm|[upkeep]
|-damage|p1a: Moltres|94/100|[from] Sandstorm
|-heal|p1a: Moltres|100/100|[from] item: Leftovers
|-heal|p2a: Metagross|100/100|[from] item: Leftovers
|upkeep
|turn|11
|inactive|Christos has 270 seconds left.
|
|t:|1731175392
|switch|p2a: Cloyster|Cloyster, F|31/100
|-damage|p2a: Cloyster|19/100|[from] Spikes
|move|p1a: Moltres|Flamethrower|p2a: Cloyster
|-damage|p2a: Cloyster|0 fnt
|faint|p2a: Cloyster
|
|t:|1731175400
|switch|p2a: Jolteon|Jolteon, F|76/100
|-damage|p2a: Jolteon|63/100|[from] Spikes
|
|-weather|Sandstorm|[upkeep]
|-damage|p2a: Jolteon|57/100|[from] Sandstorm
|-damage|p1a: Moltres|94/100|[from] Sandstorm
|-heal|p2a: Jolteon|63/100|[from] item: Leftovers
|-heal|p1a: Moltres|100/100|[from] item: Leftovers
|upkeep
|turn|12
|inactive|Christos has 270 seconds left.
|
|t:|1731175422
|switch|p1a: Blissey|Blissey, F|88/100
|-damage|p1a: Blissey|76/100|[from] Spikes
|move|p2a: Jolteon|Thunderbolt|p1a: Blissey
|-damage|p1a: Blissey|60/100
|
|-weather|Sandstorm|[upkeep]
|-damage|p2a: Jolteon|57/100|[from] Sandstorm
|-damage|p1a: Blissey|54/100|[from] Sandstorm
|-heal|p2a: Jolteon|63/100|[from] item: Leftovers
|-heal|p1a: Blissey|60/100|[from] item: Leftovers
|upkeep
|turn|13
|
|t:|1731175428
|move|p2a: Jolteon|Baton Pass|p2a: Jolteon
|inactive|Zpanther has 270 seconds left.
|
|t:|1731175463
|switch|p2a: Metagross|Metagross|100/100|[from] Baton Pass
|-damage|p2a: Metagross|88/100|[from] Spikes
|move|p1a: Blissey|Soft-Boiled|p1a: Blissey
|-heal|p1a: Blissey|100/100
|
|-weather|Sandstorm|[upkeep]
|-damage|p1a: Blissey|94/100|[from] Sandstorm
|-heal|p2a: Metagross|94/100|[from] item: Leftovers
|-heal|p1a: Blissey|100/100|[from] item: Leftovers
|upkeep
|turn|14
|inactive|Christos has 270 seconds left.
|inactive|Zpanther has 270 seconds left.
|
|t:|1731175480
|switch|p1a: Moltres|Moltres|100/100
|move|p2a: Metagross|Psychic|p1a: Moltres
|-damage|p1a: Moltres|47/100
|
|-weather|Sandstorm|[upkeep]
|-damage|p1a: Moltres|41/100|[from] Sandstorm
|-heal|p1a: Moltres|47/100|[from] item: Leftovers
|-heal|p2a: Metagross|100/100|[from] item: Leftovers
|upkeep
|turn|15
|
|t:|1731175493
|switch|p2a: Charizard|Charizard, F|100/100
|move|p1a: Moltres|Overheat|p2a: Charizard
|-resisted|p2a: Charizard
|-damage|p2a: Charizard|47/100
|-unboost|p1a: Moltres|spa|2
|
|-weather|Sandstorm|[upkeep]
|-damage|p2a: Charizard|41/100|[from] Sandstorm
|-damage|p1a: Moltres|41/100|[from] Sandstorm
|-heal|p2a: Charizard|47/100|[from] item: Leftovers
|-heal|p1a: Moltres|47/100|[from] item: Leftovers
|upkeep
|turn|16
|inactive|Zpanther has 270 seconds left.
|
|t:|1731175521
|switch|p2a: Metagross|Metagross|100/100
|-damage|p2a: Metagross|88/100|[from] Spikes
|move|p1a: Moltres|Roar|p2a: Metagross
|drag|p2a: Tyranitar|Tyranitar, M|100/100
|-damage|p2a: Tyranitar|88/100|[from] Spikes
|
|-weather|Sandstorm|[upkeep]
|-damage|p1a: Moltres|41/100|[from] Sandstorm
|-heal|p1a: Moltres|47/100|[from] item: Leftovers
|-heal|p2a: Tyranitar|94/100|[from] item: Leftovers
|upkeep
|turn|17
|inactive|Zpanther has 270 seconds left.
|
|t:|1731175536
|switch|p1a: Swampert|Swampert, M|85/100
|-damage|p1a: Swampert|73/100|[from] Spikes
|switch|p2a: Charizard|Charizard, F|47/100
|
|-weather|Sandstorm|[upkeep]
|-damage|p2a: Charizard|41/100|[from] Sandstorm
|-heal|p2a: Charizard|47/100|[from] item: Leftovers
|-heal|p1a: Swampert|79/100|[from] item: Leftovers
|upkeep
|turn|18
|inactive|Christos has 240 seconds left.
|inactive|Zpanther has 270 seconds left.
|
|t:|1731175576
|switch|p1a: Moltres|Moltres|47/100
|move|p2a: Charizard|Hidden Power|p1a: Moltres
|-resisted|p1a: Moltres
|-damage|p1a: Moltres|41/100
|
|-weather|Sandstorm|[upkeep]
|-damage|p2a: Charizard|41/100|[from] Sandstorm
|-damage|p1a: Moltres|34/100|[from] Sandstorm
|-heal|p2a: Charizard|47/100|[from] item: Leftovers
|-heal|p1a: Moltres|41/100|[from] item: Leftovers
|upkeep
|turn|19
|inactive|Christos has 210 seconds left.
|
|t:|1731175617
|move|p2a: Charizard|Flamethrower|p1a: Moltres
|-resisted|p1a: Moltres
|-damage|p1a: Moltres|10/100
|move|p1a: Moltres|Overheat|p2a: Charizard|[miss]
|-miss|p1a: Moltres|p2a: Charizard
|
|-weather|Sandstorm|[upkeep]
|-damage|p2a: Charizard|41/100|[from] Sandstorm
|-damage|p1a: Moltres|4/100|[from] Sandstorm
|-heal|p2a: Charizard|47/100|[from] item: Leftovers
|-heal|p1a: Moltres|10/100|[from] item: Leftovers
|upkeep
|turn|20
|c|☆Zpanther|mb
|
|t:|1731175637
|switch|p1a: Blissey|Blissey, F|100/100
|-damage|p1a: Blissey|88/100|[from] Spikes
|move|p2a: Charizard|Flamethrower|p1a: Blissey
|-damage|p1a: Blissey|71/100
|
|-weather|Sandstorm|[upkeep]
|-damage|p2a: Charizard|41/100|[from] Sandstorm
|-damage|p1a: Blissey|65/100|[from] Sandstorm
|-heal|p2a: Charizard|47/100|[from] item: Leftovers
|-heal|p1a: Blissey|71/100|[from] item: Leftovers
|upkeep
|turn|21
|
|t:|1731175642
|move|p2a: Charizard|Beat Up|p1a: Blissey
|-damage|p1a: Blissey|61/100
|-damage|p1a: Blissey|46/100
|-damage|p1a: Blissey|34/100
|-damage|p1a: Blissey|20/100
|-damage|p1a: Blissey|12/100
|-hitcount|p1a: Blissey|5
|move|p1a: Blissey|Seismic Toss|p2a: Charizard
|-damage|p2a: Charizard|13/100
|
|-weather|Sandstorm|[upkeep]
|-damage|p2a: Charizard|7/100|[from] Sandstorm
|-damage|p1a: Blissey|6/100|[from] Sandstorm
|-heal|p2a: Charizard|13/100|[from] item: Leftovers
|-heal|p1a: Blissey|12/100|[from] item: Leftovers
|upkeep
|turn|22
|
|t:|1731175655
|move|p2a: Charizard|Flamethrower|p1a: Blissey
|-damage|p1a: Blissey|0 fnt
|faint|p1a: Blissey
|
|t:|1731175658
|switch|p1a: Tyranitar|Tyranitar, M|100/100
|-damage|p1a: Tyranitar|88/100|[from] Spikes
|
|-weather|Sandstorm|[upkeep]
|-damage|p2a: Charizard|7/100|[from] Sandstorm
|-heal|p2a: Charizard|13/100|[from] item: Leftovers
|-heal|p1a: Tyranitar|94/100|[from] item: Leftovers
|upkeep
|turn|23
|
|t:|1731175671
|move|p2a: Charizard|Hidden Power|p1a: Tyranitar
|-supereffective|p1a: Tyranitar
|-crit|p1a: Tyranitar
|-damage|p1a: Tyranitar|9/100
|move|p1a: Tyranitar|Pursuit|p2a: Charizard
|-crit|p2a: Charizard
|-damage|p2a: Charizard|0 fnt
|faint|p2a: Charizard
|
|t:|1731175676
|switch|p2a: Jolteon|Jolteon, F|63/100
|-damage|p2a: Jolteon|51/100|[from] Spikes
|
|-weather|Sandstorm|[upkeep]
|-damage|p2a: Jolteon|44/100|[from] Sandstorm
|-heal|p2a: Jolteon|51/100|[from] item: Leftovers
|-heal|p1a: Tyranitar|15/100|[from] item: Leftovers
|upkeep
|turn|24
|
|t:|1731175685
|move|p2a: Jolteon|Hidden Power|p1a: Tyranitar
|-supereffective|p1a: Tyranitar
|-damage|p1a: Tyranitar|0 fnt
|faint|p1a: Tyranitar
|
|t:|1731175694
|switch|p1a: Swampert|Swampert, M|79/100
|-damage|p1a: Swampert|67/100|[from] Spikes
|
|-weather|Sandstorm|[upkeep]
|-damage|p2a: Jolteon|44/100|[from] Sandstorm
|-heal|p2a: Jolteon|51/100|[from] item: Leftovers
|-heal|p1a: Swampert|73/100|[from] item: Leftovers
|upkeep
|turn|25
|inactive|Christos has 210 seconds left.
|
|t:|1731175702
|switch|p2a: Swampert|Swampert, F|100/100
|-damage|p2a: Swampert|88/100|[from] Spikes
|move|p1a: Swampert|Protect||[still]
|-fail|p1a: Swampert
|
|-weather|Sandstorm|[upkeep]
|-heal|p2a: Swampert|94/100|[from] item: Leftovers
|-heal|p1a: Swampert|79/100|[from] item: Leftovers
|upkeep
|turn|26
|
|t:|1731175710
|move|p1a: Swampert|Protect|p1a: Swampert
|-singleturn|p1a: Swampert|Protect
|move|p2a: Swampert|Surf|p1a: Swampert
|-activate|p1a: Swampert|Protect
|
|-weather|Sandstorm|[upkeep]
|-heal|p2a: Swampert|100/100|[from] item: Leftovers
|-heal|p1a: Swampert|85/100|[from] item: Leftovers
|upkeep
|turn|27
|
|t:|1731175721
|switch|p1a: Moltres|Moltres|10/100
|move|p2a: Swampert|Surf|p1a: Moltres
|-supereffective|p1a: Moltres
|-damage|p1a: Moltres|0 fnt
|faint|p1a: Moltres
|
|t:|1731175724
|switch|p1a: Gengar|Gengar, F|66/100
|
|-weather|Sandstorm|[upkeep]
|-damage|p1a: Gengar|60/100|[from] Sandstorm
|-heal|p1a: Gengar|66/100|[from] item: Leftovers
|upkeep
|turn|28
|
|t:|1731175731
|switch|p2a: Metagross|Metagross|88/100
|-damage|p2a: Metagross|76/100|[from] Spikes
|move|p1a: Gengar|Giga Drain|p2a: Metagross
|-resisted|p2a: Metagross
|-damage|p2a: Metagross|65/100
|-heal|p1a: Gengar|72/100|[from] drain|[of] p2a: Metagross
|
|-weather|Sandstorm|[upkeep]
|-damage|p1a: Gengar|66/100|[from] Sandstorm
|-heal|p1a: Gengar|72/100|[from] item: Leftovers
|-heal|p2a: Metagross|71/100|[from] item: Leftovers
|upkeep
|turn|29
|inactive|Christos has 210 seconds left.
|
|t:|1731175780
|switch|p1a: Swampert|Swampert, M|85/100
|-damage|p1a: Swampert|73/100|[from] Spikes
|move|p2a: Metagross|Psychic|p1a: Swampert
|-damage|p1a: Swampert|35/100
|
|-weather|Sandstorm|[upkeep]
|-heal|p2a: Metagross|77/100|[from] item: Leftovers
|-heal|p1a: Swampert|41/100|[from] item: Leftovers
|upkeep
|turn|30
|
|t:|1731175786
|move|p1a: Swampert|Protect|p1a: Swampert
|-singleturn|p1a: Swampert|Protect
|move|p2a: Metagross|Psychic|p1a: Swampert
|-activate|p1a: Swampert|Protect
|
|-weather|Sandstorm|[upkeep]
|-heal|p2a: Metagross|83/100|[from] item: Leftovers
|-heal|p1a: Swampert|47/100|[from] item: Leftovers
|upkeep
|turn|31
|
|t:|1731175788
|move|p2a: Metagross|Psychic|p1a: Swampert
|-damage|p1a: Swampert|11/100
|move|p1a: Swampert|Earthquake|p2a: Metagross
|-supereffective|p2a: Metagross
|-damage|p2a: Metagross|28/100
|
|-weather|Sandstorm|[upkeep]
|-heal|p2a: Metagross|34/100|[from] item: Leftovers
|-heal|p1a: Swampert|17/100|[from] item: Leftovers
|upkeep
|turn|32
|inactive|Christos has 210 seconds left.
|
|t:|1731175798
|move|p2a: Metagross|Psychic|p1a: Swampert
|-damage|p1a: Swampert|0 fnt
|faint|p1a: Swampert
|
|t:|1731175800
|switch|p1a: Gengar|Gengar, F|72/100
|
|-weather|Sandstorm|[upkeep]
|-damage|p1a: Gengar|66/100|[from] Sandstorm
|-heal|p1a: Gengar|72/100|[from] item: Leftovers
|-heal|p2a: Metagross|40/100|[from] item: Leftovers
|upkeep
|turn|33
|
|t:|1731175809
|move|p1a: Gengar|Thunderbolt|p2a: Metagross
|-damage|p2a: Metagross|10/100
|-status|p2a: Metagross|par
|move|p2a: Metagross|Psychic|p1a: Gengar
|-supereffective|p1a: Gengar
|-damage|p1a: Gengar|0 fnt
|faint|p1a: Gengar
|
|win|Zpanther
|c|☆Zpanther|gg
|c|☆Christos|gg
|c|☆Zpanther|sorry for those crits
|c|☆Christos|I think the miss hurt me more
|c|☆Christos|but it's alright, happens

</script>
<script type="application/json" class="data" id="replaydata-smogtours-gen3ou-805487">
{"id":"smogtours-gen3ou-805487","format":"[Gen 3] OU","players":["Christos","Zpanther"],"uploadtime":1731175809,"views":28,"formatid":"gen3ou","rating":null,"private":1,"password":null}
</script>

<script defer src="js/replays.js?9d40a366"></script>
