<!DOCTYPE html>
<meta charset="utf-8" />
<meta name="viewport" content="width=device-width" />

<title>[Gen 3] OU: EtymonLegomenon vs. 5darkelves - Replays - Pok&eacute;mon Showdown!</title>

<meta name="description" content="Watch a replay of a Pok&eacute;mon battle between EtymonLegomenon and 5darkelves! Format: [Gen 3] OU; Date: Oct 13, 2024" />
<!--

Hey, you! Looking in the source for the replay log?

You can find them in JSON format, just add `.json` at the end of a replay URL.

https://replay.pokemonshowdown.com/gen7randomdoublesbattle-865046831.json

Or, if you only need the log itself, add `.log` instead:

https://replay.pokemonshowdown.com/gen7randomdoublesbattle-865046831.log

-->

<link rel="stylesheet" href="//pokemonshowdown.com/style/global.css?0.023195364461161105" />
<link rel="stylesheet" href="//play.pokemonshowdown.com/style/font-awesome.css?0.13261647063804238" />
<link rel="stylesheet" href="//play.pokemonshowdown.com/style/battle.css?0.8753245789963631" />
<link rel="stylesheet" href="//play.pokemonshowdown.com/style/utilichart.css?0.8627959624976733" />

<!-- Global site tag (gtag.js) - Google Analytics -->
<script async src="https://www.googletagmanager.com/gtag/js?id=UA-26211653-1"></script>
<script>
  window.dataLayer = window.dataLayer || [];
  function gtag(){dataLayer.push(arguments);}
  gtag('js', new Date());

  gtag('config', 'UA-26211653-1');
</script>
<!-- End Google Analytics -->
<!-- Venatus Ad Manager - Install in <HEAD> of page -->
	<script src="https://hb.vntsm.com/v3/live/ad-manager.min.js" type="text/javascript" data-site-id="642aba63ec9a7b11c3c9c1be" data-mode="scan" async></script>
<!-- / Venatus Ad Manager -->

<style>
	@media (max-width:820px) {
		.battle {
			margin: 0 auto;
		}
		.battle-log {
			margin: 7px auto 0;
			max-width: 640px;
			height: 300px;
			position: static;
		}
	}
	.optgroup {
		display: inline-block;
		line-height: 22px;
		font-size: 10pt;
	}
	.optgroup .button {
		height: 25px;
		padding-top: 0;
		padding-bottom: 0;
	}
	.optgroup button.button {
		padding-left: 12px;
		padding-right: 12px;
	}
	.linklist {
		list-style: none;
		margin: 0.5em 0;
		padding: 0;
	}
	.linklist li {
		padding: 2px 0;
	}
	.sidebar {
		float: left;
		width: 320px;
	}
	.bar-wrapper {
		max-width: 1100px;
		margin: 0 auto;
	}
	.bar-wrapper.has-sidebar {
		max-width: 1430px;
	}
	.mainbar {
		margin: 0;
		padding-right: 1px;
	}
	.mainbar.has-sidebar {
		margin-left: 330px;
	}
	@media (min-width: 1511px) {
		.sidebar {
			width: 400px;
		}
		.bar-wrapper.has-sidebar {
			max-width: 1510px;
		}
		.mainbar.has-sidebar {
			margin-left: 410px;
		}
	}
	.section.first-section {
		margin-top: 9px;
	}
	.blocklink small {
		white-space: normal;
	}
	.button {
		vertical-align: middle;
	}
	.replay-controls {
		padding-top: 10px;
	}
	.replay-controls h1 {
		font-size: 16pt;
		font-weight: normal;
		color: #CCC;
	}
	.pagelink {
		text-align: center;
	}
	.pagelink a {
		width: 150px;
	}
	.textbox, .button {
		font-size: 11pt;
		vertical-align: middle;
	}
	@media (max-width: 450px) {
		.button {
			font-size: 9pt;
		}
	}
</style>

<div>

	<header>
		<div class="nav-wrapper"><ul class="nav">
			<li><a class="button nav-first" href="//pokemonshowdown.com/"><img src="//pokemonshowdown.com/images/pokemonshowdownbeta.png" srcset="//pokemonshowdown.com/images/pokemonshowdownbeta.png 1x, //pokemonshowdown.com/images/pokemonshowdownbeta@2x.png 2x" alt="Pok&eacute;mon Showdown" width="146" height="44" /> Home</a></li>
			<li><a class="button" href="//pokemonshowdown.com/dex/">Pok&eacute;dex</a></li>
			<li><a class="button cur" href="/">Replays</a></li>
			<li><a class="button" href="//pokemonshowdown.com/ladder/">Ladder</a></li>
			<li><a class="button nav-last" href="//pokemonshowdown.com/forums/">Forum</a></li>
			<li><a class="button greenbutton nav-first nav-last" href="//play.pokemonshowdown.com/">Play</a></li>
		</ul></div>
	</header>

	<div class="main" id="main">

		<noscript><section class="section">You need to enable JavaScript to use this page; sorry!</section></noscript>

	</div>

</div>

<script defer nomodule src="//play.pokemonshowdown.com/js/lib/ps-polyfill.js"></script>
<script defer src="//play.pokemonshowdown.com/js/lib/preact.min.js"></script>

<script defer src="//play.pokemonshowdown.com/config/config.js?2bddbc15"></script>
<script defer src="//play.pokemonshowdown.com/js/lib/jquery-1.11.0.min.js"></script>
<script defer src="//play.pokemonshowdown.com/js/lib/html-sanitizer-minified.js"></script>
<script defer src="//play.pokemonshowdown.com/js/battle-sound.js"></script>
<script defer src="//play.pokemonshowdown.com/js/battledata.js?0.7209276989879541"></script>
<script defer src="//play.pokemonshowdown.com/data/pokedex-mini.js?0.6111056340867951"></script>
<script defer src="//play.pokemonshowdown.com/data/pokedex-mini-bw.js?0.3532142036491459"></script>
<script defer src="//play.pokemonshowdown.com/data/graphics.js?0.24223875632456182"></script>
<script defer src="//play.pokemonshowdown.com/data/pokedex.js?0.38839984266356864"></script>
<script defer src="//play.pokemonshowdown.com/data/moves.js?0.21866028504024015"></script>
<script defer src="//play.pokemonshowdown.com/data/abilities.js?0.2005157953846628"></script>
<script defer src="//play.pokemonshowdown.com/data/items.js?0.9894211263848525"></script>
<script defer src="//play.pokemonshowdown.com/data/teambuilder-tables.js?0.6008791140282215"></script>
<script defer src="//play.pokemonshowdown.com/js/battle-tooltips.js?0.7580118955022959"></script>
<script defer src="//play.pokemonshowdown.com/js/battle.js?0.6057722274234274"></script>

<script defer src="js/utils.js?e31f9a17"></script>
<script defer src="js/replays-battle.js?7008c182"></script>

<!-- don't scrape this data! just add .json or .log after the URL!
Full API docs: https://github.com/smogon/pokemon-showdown-client/blob/master/WEB-API.md -->
<script type="text/plain" class="log" id="replaylog-smogtours-gen3ou-798353">
|inactive|Battle timer is ON: inactive players will automatically lose when time's up.
|t:|1728849857
|gametype|singles
|player|p1|EtymonLegomenon|juan|
|player|p2|5darkelves|medium|
|teamsize|p1|6
|teamsize|p2|6
|gen|3
|tier|[Gen 3] OU
|rule|Sleep Clause Mod: Limit one foe put to sleep
|rule|Switch Priority Clause Mod: Faster Pokémon switch first
|rule|Species Clause: Limit one of each Pokémon
|rule|OHKO Clause: OHKO moves are banned
|rule|Evasion Items Clause: Evasion items are banned
|rule|Evasion Moves Clause: Evasion moves are banned
|rule|Endless Battle Clause: Forcing endless battles is banned
|rule|HP Percentage Mod: HP is shown in percentages
|rule|One Boost Passer Clause: Limit one Baton Passer that has a way to boost its stats
|rule|Freeze Clause Mod: Limit one foe frozen
|
|t:|1728849857
|start
|switch|p1a: FootworkDiapason|Jolteon, F|100/100
|switch|p2a: Salamence|Salamence, M|100/100
|-ability|p2a: Salamence|Intimidate|boost
|-unboost|p1a: FootworkDiapason|atk|1
|turn|1
|c|☆5darkelves|hf
|c|☆EtymonLegomenon|Good Luck. Have Fun.
|inactive|EtymonLegomenon has 270 seconds left.
|
|t:|1728849905
|move|p1a: FootworkDiapason|Thunder Wave|p2a: Salamence
|-status|p2a: Salamence|par
|move|p2a: Salamence|Dragon Claw|p1a: FootworkDiapason
|-damage|p1a: FootworkDiapason|48/100
|
|-heal|p1a: FootworkDiapason|54/100|[from] item: Leftovers
|upkeep
|turn|2
|
|t:|1728849925
|switch|p1a: IronBrian|Metagross|100/100
|move|p2a: Salamence|Dragon Claw|p1a: IronBrian
|-resisted|p1a: IronBrian
|-damage|p1a: IronBrian|80/100
|
|-heal|p1a: IronBrian|86/100|[from] item: Leftovers
|upkeep
|turn|3
|
|t:|1728849930
|move|p1a: IronBrian|Protect|p1a: IronBrian
|-singleturn|p1a: IronBrian|Protect
|cant|p2a: Salamence|par
|
|-heal|p1a: IronBrian|92/100|[from] item: Leftovers
|upkeep
|turn|4
|
|t:|1728849951
|switch|p1a: CruiseElroy|Gengar, M|100/100
|move|p2a: Salamence|Fire Blast|p1a: CruiseElroy
|-damage|p1a: CruiseElroy|55/100
|
|-heal|p1a: CruiseElroy|61/100|[from] item: Leftovers
|upkeep
|turn|5
|
|t:|1728849966
|switch|p2a: Tyranitar|Tyranitar, F|100/100
|-weather|Sandstorm|[from] ability: Sand Stream|[of] p2a: Tyranitar
|move|p1a: CruiseElroy|Will-O-Wisp|p2a: Tyranitar|[miss]
|-miss|p1a: CruiseElroy|p2a: Tyranitar
|
|-weather|Sandstorm|[upkeep]
|-damage|p1a: CruiseElroy|55/100|[from] Sandstorm
|-heal|p1a: CruiseElroy|61/100|[from] item: Leftovers
|upkeep
|turn|6
|
|t:|1728849977
|switch|p2a: Salamence|Salamence, M|100/100 par
|-ability|p2a: Salamence|Intimidate|boost
|-unboost|p1a: CruiseElroy|atk|1
|move|p1a: CruiseElroy|Will-O-Wisp||[still]
|-fail|p1a: CruiseElroy
|
|-weather|Sandstorm|[upkeep]
|-damage|p1a: CruiseElroy|55/100|[from] Sandstorm
|-damage|p2a: Salamence|94/100 par|[from] Sandstorm
|-heal|p1a: CruiseElroy|61/100|[from] item: Leftovers
|-heal|p2a: Salamence|100/100 par|[from] item: Leftovers
|upkeep
|turn|7
|
|t:|1728849984
|move|p1a: CruiseElroy|Ice Punch|p2a: Salamence
|-supereffective|p2a: Salamence
|-damage|p2a: Salamence|0 fnt
|faint|p2a: Salamence
|
|t:|1728849989
|switch|p2a: Celebi|Celebi|100/100
|
|-weather|Sandstorm|[upkeep]
|-damage|p1a: CruiseElroy|55/100|[from] Sandstorm
|-damage|p2a: Celebi|94/100|[from] Sandstorm
|-heal|p1a: CruiseElroy|61/100|[from] item: Leftovers
|-heal|p2a: Celebi|100/100|[from] item: Leftovers
|upkeep
|turn|8
|
|t:|1728850002
|switch|p1a: IronBrian|Metagross|92/100
|move|p2a: Celebi|Leech Seed|p1a: IronBrian
|-start|p1a: IronBrian|move: Leech Seed
|
|-weather|Sandstorm|[upkeep]
|-damage|p2a: Celebi|94/100|[from] Sandstorm
|-heal|p2a: Celebi|100/100|[from] item: Leftovers
|-heal|p1a: IronBrian|98/100|[from] item: Leftovers
|-damage|p1a: IronBrian|86/100|[from] Leech Seed|[of] p2a: Celebi
|upkeep
|turn|9
|
|t:|1728850012
|switch|p1a: FootworkDiapason|Jolteon, F|54/100
|move|p2a: Celebi|Hidden Power|p1a: FootworkDiapason
|-damage|p1a: FootworkDiapason|26/100
|
|-weather|Sandstorm|[upkeep]
|-damage|p1a: FootworkDiapason|20/100|[from] Sandstorm
|-damage|p2a: Celebi|94/100|[from] Sandstorm
|-heal|p1a: FootworkDiapason|26/100|[from] item: Leftovers
|-heal|p2a: Celebi|100/100|[from] item: Leftovers
|upkeep
|turn|10
|inactive|EtymonLegomenon has 270 seconds left.
|
|t:|1728850071
|switch|p1a: MyNameIsMud|Swampert, M|100/100
|move|p2a: Celebi|Giga Drain|p1a: MyNameIsMud
|-supereffective|p1a: MyNameIsMud
|-damage|p1a: MyNameIsMud|0 fnt
|faint|p1a: MyNameIsMud
|
|t:|1728850077
|switch|p1a: OmegaTomHanks|Aerodactyl, M|100/100
|
|-weather|Sandstorm|[upkeep]
|-damage|p2a: Celebi|94/100|[from] Sandstorm
|-heal|p2a: Celebi|100/100|[from] item: Leftovers
|upkeep
|turn|11
|
|t:|1728850083
|switch|p2a: Skarmory|Skarmory, F|100/100
|move|p1a: OmegaTomHanks|Hidden Power|p2a: Skarmory
|-resisted|p2a: Skarmory
|-damage|p2a: Skarmory|95/100
|
|-weather|Sandstorm|[upkeep]
|-heal|p2a: Skarmory|100/100|[from] item: Leftovers
|upkeep
|turn|12
|
|t:|1728850094
|switch|p1a: BlowUpGuy|Cloyster, F|100/100
|move|p2a: Skarmory|Spikes|p1a: BlowUpGuy
|-sidestart|p1: EtymonLegomenon|Spikes
|
|-weather|Sandstorm|[upkeep]
|-damage|p1a: BlowUpGuy|94/100|[from] Sandstorm
|-heal|p1a: BlowUpGuy|100/100|[from] item: Leftovers
|upkeep
|turn|13
|
|t:|1728850098
|move|p1a: BlowUpGuy|Spikes|p2a: Skarmory
|-sidestart|p2: 5darkelves|Spikes
|move|p2a: Skarmory|Toxic|p1a: BlowUpGuy
|-status|p1a: BlowUpGuy|tox
|
|-weather|Sandstorm|[upkeep]
|-damage|p1a: BlowUpGuy|94/100 tox|[from] Sandstorm
|-heal|p1a: BlowUpGuy|100/100 tox|[from] item: Leftovers
|-damage|p1a: BlowUpGuy|94/100 tox|[from] psn
|upkeep
|turn|14
|
|t:|1728850103
|move|p1a: BlowUpGuy|Spikes|p2a: Skarmory
|-sidestart|p2: 5darkelves|Spikes
|move|p2a: Skarmory|Spikes|p1a: BlowUpGuy
|-sidestart|p1: EtymonLegomenon|Spikes
|
|-weather|Sandstorm|[upkeep]
|-damage|p1a: BlowUpGuy|88/100 tox|[from] Sandstorm
|-heal|p1a: BlowUpGuy|94/100 tox|[from] item: Leftovers
|-damage|p1a: BlowUpGuy|82/100 tox|[from] psn
|upkeep
|turn|15
|
|t:|1728850106
|move|p1a: BlowUpGuy|Rapid Spin|p2a: Skarmory
|-resisted|p2a: Skarmory
|-damage|p2a: Skarmory|99/100
|-sideend|p1: EtymonLegomenon|Spikes|[from] move: Rapid Spin|[of] p1a: BlowUpGuy
|move|p2a: Skarmory|Spikes|p1a: BlowUpGuy
|-sidestart|p1: EtymonLegomenon|Spikes
|
|-weather|Sandstorm|[upkeep]
|-damage|p1a: BlowUpGuy|76/100 tox|[from] Sandstorm
|-heal|p1a: BlowUpGuy|82/100 tox|[from] item: Leftovers
|-damage|p1a: BlowUpGuy|63/100 tox|[from] psn
|-heal|p2a: Skarmory|100/100|[from] item: Leftovers
|upkeep
|turn|16
|
|t:|1728850109
|move|p1a: BlowUpGuy|Explosion|p2a: Skarmory
|-resisted|p2a: Skarmory
|-damage|p2a: Skarmory|61/100
|faint|p1a: BlowUpGuy
|
|t:|1728850113
|switch|p1a: FootworkDiapason|Jolteon, F|26/100
|-damage|p1a: FootworkDiapason|14/100|[from] Spikes
|
|-weather|Sandstorm|[upkeep]
|-damage|p1a: FootworkDiapason|8/100|[from] Sandstorm
|-heal|p1a: FootworkDiapason|14/100|[from] item: Leftovers
|-heal|p2a: Skarmory|67/100|[from] item: Leftovers
|upkeep
|turn|17
|
|t:|1728850121
|switch|p2a: Celebi|Celebi|100/100
|-damage|p2a: Celebi|84/100|[from] Spikes
|move|p1a: FootworkDiapason|Thunderbolt|p2a: Celebi
|-resisted|p2a: Celebi
|-damage|p2a: Celebi|66/100
|
|-weather|Sandstorm|[upkeep]
|-damage|p1a: FootworkDiapason|8/100|[from] Sandstorm
|-damage|p2a: Celebi|60/100|[from] Sandstorm
|-heal|p1a: FootworkDiapason|14/100|[from] item: Leftovers
|-heal|p2a: Celebi|66/100|[from] item: Leftovers
|upkeep
|turn|18
|
|t:|1728850128
|move|p2a: Celebi|Hidden Power|p1a: FootworkDiapason
|-damage|p1a: FootworkDiapason|0 fnt
|faint|p1a: FootworkDiapason
|
|t:|1728850157
|switch|p1a: IronBrian|Metagross|86/100
|-damage|p1a: IronBrian|73/100|[from] Spikes
|
|-weather|Sandstorm|[upkeep]
|-damage|p2a: Celebi|60/100|[from] Sandstorm
|-heal|p2a: Celebi|66/100|[from] item: Leftovers
|-heal|p1a: IronBrian|79/100|[from] item: Leftovers
|upkeep
|turn|19
|
|t:|1728850162
|move|p2a: Celebi|Leech Seed|p1a: IronBrian
|-start|p1a: IronBrian|move: Leech Seed
|move|p1a: IronBrian|Meteor Mash|p2a: Celebi
|-damage|p2a: Celebi|15/100
|-boost|p1a: IronBrian|atk|1
|
|-weather|Sandstorm|[upkeep]
|-damage|p2a: Celebi|9/100|[from] Sandstorm
|-heal|p2a: Celebi|15/100|[from] item: Leftovers
|-heal|p1a: IronBrian|85/100|[from] item: Leftovers
|-damage|p1a: IronBrian|73/100|[from] Leech Seed|[of] p2a: Celebi
|-heal|p2a: Celebi|27/100|[silent]
|upkeep
|turn|20
|
|t:|1728850173
|move|p2a: Celebi|Hidden Power|p1a: IronBrian
|-supereffective|p1a: IronBrian
|-damage|p1a: IronBrian|31/100
|move|p1a: IronBrian|Meteor Mash|p2a: Celebi
|-damage|p2a: Celebi|0 fnt
|faint|p2a: Celebi
|
|t:|1728850188
|switch|p2a: Swampert|Swampert, F|100/100
|-damage|p2a: Swampert|84/100|[from] Spikes
|
|-weather|Sandstorm|[upkeep]
|-heal|p1a: IronBrian|37/100|[from] item: Leftovers
|-damage|p1a: IronBrian|24/100|[from] Leech Seed|[of] p2a: Swampert
|-heal|p2a: Swampert|95/100|[silent]
|-heal|p2a: Swampert|100/100|[from] item: Leftovers
|upkeep
|turn|21
|
|t:|1728850195
|move|p1a: IronBrian|Explosion|p2a: Swampert
|-damage|p2a: Swampert|0 fnt
|faint|p1a: IronBrian
|faint|p2a: Swampert
|
|t:|1728850203
|switch|p1a: OmegaTomHanks|Aerodactyl, M|100/100
|switch|p2a: Skarmory|Skarmory, F|67/100
|
|-weather|Sandstorm|[upkeep]
|-heal|p2a: Skarmory|73/100|[from] item: Leftovers
|upkeep
|turn|22
|
|t:|1728850210
|move|p1a: OmegaTomHanks|Rock Slide|p2a: Skarmory|[miss]
|-miss|p1a: OmegaTomHanks|p2a: Skarmory
|move|p2a: Skarmory|Drill Peck|p1a: OmegaTomHanks
|-resisted|p1a: OmegaTomHanks
|-damage|p1a: OmegaTomHanks|83/100
|
|-weather|Sandstorm|[upkeep]
|-heal|p2a: Skarmory|79/100|[from] item: Leftovers
|upkeep
|turn|23
|
|t:|1728850217
|move|p1a: OmegaTomHanks|Rock Slide|p2a: Skarmory
|-damage|p2a: Skarmory|40/100
|cant|p2a: Skarmory|flinch
|
|-weather|Sandstorm|[upkeep]
|-heal|p2a: Skarmory|46/100|[from] item: Leftovers
|upkeep
|turn|24
|
|t:|1728850221
|move|p1a: OmegaTomHanks|Rock Slide|p2a: Skarmory|[miss]
|-miss|p1a: OmegaTomHanks|p2a: Skarmory
|move|p2a: Skarmory|Toxic|p1a: OmegaTomHanks
|-status|p1a: OmegaTomHanks|tox
|
|-weather|Sandstorm|[upkeep]
|-damage|p1a: OmegaTomHanks|77/100 tox|[from] psn
|-heal|p2a: Skarmory|52/100|[from] item: Leftovers
|upkeep
|turn|25
|c|☆5darkelves|mb
|
|t:|1728850232
|move|p1a: OmegaTomHanks|Rock Slide|p2a: Skarmory
|-damage|p2a: Skarmory|10/100
|move|p2a: Skarmory|Drill Peck|p1a: OmegaTomHanks
|-resisted|p1a: OmegaTomHanks
|-damage|p1a: OmegaTomHanks|58/100 tox
|
|-weather|Sandstorm|[upkeep]
|-damage|p1a: OmegaTomHanks|46/100 tox|[from] psn
|-heal|p2a: Skarmory|16/100|[from] item: Leftovers
|upkeep
|turn|26
|
|t:|1728850244
|switch|p1a: CruiseElroy|Gengar, M|61/100
|move|p2a: Skarmory|Drill Peck|p1a: CruiseElroy
|-damage|p1a: CruiseElroy|29/100
|
|-weather|Sandstorm|[upkeep]
|-damage|p1a: CruiseElroy|22/100|[from] Sandstorm
|-heal|p1a: CruiseElroy|29/100|[from] item: Leftovers
|-heal|p2a: Skarmory|22/100|[from] item: Leftovers
|upkeep
|turn|27
|
|t:|1728850255
|move|p1a: CruiseElroy|Thunderbolt|p2a: Skarmory
|-supereffective|p2a: Skarmory
|-crit|p2a: Skarmory
|-damage|p2a: Skarmory|0 fnt
|faint|p2a: Skarmory
|
|t:|1728850266
|switch|p2a: Aerodactyl|Aerodactyl, F|100/100
|
|-weather|Sandstorm|[upkeep]
|-damage|p1a: CruiseElroy|22/100|[from] Sandstorm
|-heal|p1a: CruiseElroy|29/100|[from] item: Leftovers
|upkeep
|turn|28
|
|t:|1728850278
|move|p2a: Aerodactyl|Rock Slide|p1a: CruiseElroy
|-damage|p1a: CruiseElroy|0 fnt
|faint|p1a: CruiseElroy
|
|t:|1728850281
|switch|p1a: OmegaTomHanks|Aerodactyl, M|46/100 tox
|
|-weather|Sandstorm|[upkeep]
|-damage|p1a: OmegaTomHanks|40/100 tox|[from] psn
|upkeep
|turn|29
|
|t:|1728850287
|move|p1a: OmegaTomHanks|Rock Slide|p2a: Aerodactyl
|-supereffective|p2a: Aerodactyl
|-damage|p2a: Aerodactyl|0 fnt
|faint|p2a: Aerodactyl
|
|t:|1728850290
|switch|p2a: Tyranitar|Tyranitar, F|100/100
|-damage|p2a: Tyranitar|84/100|[from] Spikes
|
|-weather|Sandstorm|[upkeep]
|-damage|p1a: OmegaTomHanks|28/100 tox|[from] psn
|-heal|p2a: Tyranitar|90/100|[from] item: Leftovers
|upkeep
|turn|30
|
|t:|1728850297
|move|p1a: OmegaTomHanks|Rock Slide|p2a: Tyranitar
|-damage|p2a: Tyranitar|51/100
|move|p2a: Tyranitar|Rock Slide|p1a: OmegaTomHanks
|-supereffective|p1a: OmegaTomHanks
|-damage|p1a: OmegaTomHanks|0 fnt
|faint|p1a: OmegaTomHanks
|
|win|5darkelves
|c|☆5darkelves|gg
|c|☆EtymonLegomenon|Good Game. Well Played
|player|p1|
|c|☆5darkelves|u2

</script>
<script type="application/json" class="data" id="replaydata-smogtours-gen3ou-798353">
{"id":"smogtours-gen3ou-798353","format":"[Gen 3] OU","players":["EtymonLegomenon","5darkelves"],"uploadtime":1728850297,"views":72,"formatid":"gen3ou","rating":null,"private":0,"password":null}
</script>

<script defer src="js/replays.js?9d40a366"></script>
