<!DOCTYPE html>
<meta charset="utf-8" />
<meta name="viewport" content="width=device-width" />

<title>[Gen 3] OU: Skittle_Skity vs. keeping it icy - Replays - Pok&eacute;mon Showdown!</title>

<meta name="description" content="Watch a replay of a Pok&eacute;mon battle between Skittle_Skity and keeping it icy! Format: [Gen 3] OU; Date: Oct 18, 2024" />
<!--

Hey, you! Looking in the source for the replay log?

You can find them in JSON format, just add `.json` at the end of a replay URL.

https://replay.pokemonshowdown.com/gen7randomdoublesbattle-865046831.json

Or, if you only need the log itself, add `.log` instead:

https://replay.pokemonshowdown.com/gen7randomdoublesbattle-865046831.log

-->

<link rel="stylesheet" href="//pokemonshowdown.com/style/global.css?0.023195364461161105" />
<link rel="stylesheet" href="//play.pokemonshowdown.com/style/font-awesome.css?0.13261647063804238" />
<link rel="stylesheet" href="//play.pokemonshowdown.com/style/battle.css?0.8753245789963631" />
<link rel="stylesheet" href="//play.pokemonshowdown.com/style/utilichart.css?0.8627959624976733" />

<!-- Global site tag (gtag.js) - Google Analytics -->
<script async src="https://www.googletagmanager.com/gtag/js?id=UA-26211653-1"></script>
<script>
  window.dataLayer = window.dataLayer || [];
  function gtag(){dataLayer.push(arguments);}
  gtag('js', new Date());

  gtag('config', 'UA-26211653-1');
</script>
<!-- End Google Analytics -->
<!-- Venatus Ad Manager - Install in <HEAD> of page -->
	<script src="https://hb.vntsm.com/v3/live/ad-manager.min.js" type="text/javascript" data-site-id="642aba63ec9a7b11c3c9c1be" data-mode="scan" async></script>
<!-- / Venatus Ad Manager -->

<style>
	@media (max-width:820px) {
		.battle {
			margin: 0 auto;
		}
		.battle-log {
			margin: 7px auto 0;
			max-width: 640px;
			height: 300px;
			position: static;
		}
	}
	.optgroup {
		display: inline-block;
		line-height: 22px;
		font-size: 10pt;
	}
	.optgroup .button {
		height: 25px;
		padding-top: 0;
		padding-bottom: 0;
	}
	.optgroup button.button {
		padding-left: 12px;
		padding-right: 12px;
	}
	.linklist {
		list-style: none;
		margin: 0.5em 0;
		padding: 0;
	}
	.linklist li {
		padding: 2px 0;
	}
	.sidebar {
		float: left;
		width: 320px;
	}
	.bar-wrapper {
		max-width: 1100px;
		margin: 0 auto;
	}
	.bar-wrapper.has-sidebar {
		max-width: 1430px;
	}
	.mainbar {
		margin: 0;
		padding-right: 1px;
	}
	.mainbar.has-sidebar {
		margin-left: 330px;
	}
	@media (min-width: 1511px) {
		.sidebar {
			width: 400px;
		}
		.bar-wrapper.has-sidebar {
			max-width: 1510px;
		}
		.mainbar.has-sidebar {
			margin-left: 410px;
		}
	}
	.section.first-section {
		margin-top: 9px;
	}
	.blocklink small {
		white-space: normal;
	}
	.button {
		vertical-align: middle;
	}
	.replay-controls {
		padding-top: 10px;
	}
	.replay-controls h1 {
		font-size: 16pt;
		font-weight: normal;
		color: #CCC;
	}
	.pagelink {
		text-align: center;
	}
	.pagelink a {
		width: 150px;
	}
	.textbox, .button {
		font-size: 11pt;
		vertical-align: middle;
	}
	@media (max-width: 450px) {
		.button {
			font-size: 9pt;
		}
	}
</style>

<div>

	<header>
		<div class="nav-wrapper"><ul class="nav">
			<li><a class="button nav-first" href="//pokemonshowdown.com/"><img src="//pokemonshowdown.com/images/pokemonshowdownbeta.png" srcset="//pokemonshowdown.com/images/pokemonshowdownbeta.png 1x, //pokemonshowdown.com/images/pokemonshowdownbeta@2x.png 2x" alt="Pok&eacute;mon Showdown" width="146" height="44" /> Home</a></li>
			<li><a class="button" href="//pokemonshowdown.com/dex/">Pok&eacute;dex</a></li>
			<li><a class="button cur" href="/">Replays</a></li>
			<li><a class="button" href="//pokemonshowdown.com/ladder/">Ladder</a></li>
			<li><a class="button nav-last" href="//pokemonshowdown.com/forums/">Forum</a></li>
			<li><a class="button greenbutton nav-first nav-last" href="//play.pokemonshowdown.com/">Play</a></li>
		</ul></div>
	</header>

	<div class="main" id="main">

		<noscript><section class="section">You need to enable JavaScript to use this page; sorry!</section></noscript>

	</div>

</div>

<script defer nomodule src="//play.pokemonshowdown.com/js/lib/ps-polyfill.js"></script>
<script defer src="//play.pokemonshowdown.com/js/lib/preact.min.js"></script>

<script defer src="//play.pokemonshowdown.com/config/config.js?2bddbc15"></script>
<script defer src="//play.pokemonshowdown.com/js/lib/jquery-1.11.0.min.js"></script>
<script defer src="//play.pokemonshowdown.com/js/lib/html-sanitizer-minified.js"></script>
<script defer src="//play.pokemonshowdown.com/js/battle-sound.js"></script>
<script defer src="//play.pokemonshowdown.com/js/battledata.js?0.7209276989879541"></script>
<script defer src="//play.pokemonshowdown.com/data/pokedex-mini.js?0.6111056340867951"></script>
<script defer src="//play.pokemonshowdown.com/data/pokedex-mini-bw.js?0.3532142036491459"></script>
<script defer src="//play.pokemonshowdown.com/data/graphics.js?0.24223875632456182"></script>
<script defer src="//play.pokemonshowdown.com/data/pokedex.js?0.38839984266356864"></script>
<script defer src="//play.pokemonshowdown.com/data/moves.js?0.21866028504024015"></script>
<script defer src="//play.pokemonshowdown.com/data/abilities.js?0.2005157953846628"></script>
<script defer src="//play.pokemonshowdown.com/data/items.js?0.9894211263848525"></script>
<script defer src="//play.pokemonshowdown.com/data/teambuilder-tables.js?0.6008791140282215"></script>
<script defer src="//play.pokemonshowdown.com/js/battle-tooltips.js?0.7580118955022959"></script>
<script defer src="//play.pokemonshowdown.com/js/battle.js?0.6057722274234274"></script>

<script defer src="js/utils.js?e31f9a17"></script>
<script defer src="js/replays-battle.js?7008c182"></script>

<!-- don't scrape this data! just add .json or .log after the URL!
Full API docs: https://github.com/smogon/pokemon-showdown-client/blob/master/WEB-API.md -->
<script type="text/plain" class="log" id="replaylog-smogtours-gen3ou-799498">
|inactive|Battle timer is ON: inactive players will automatically lose when time's up.
|t:|1729258469
|gametype|singles
|player|p1|Skittle_Skity|265|
|player|p2|keeping it icy|skier-gen2|
|teamsize|p1|6
|teamsize|p2|6
|gen|3
|tier|[Gen 3] OU
|rule|Sleep Clause Mod: Limit one foe put to sleep
|rule|Switch Priority Clause Mod: Faster Pokémon switch first
|rule|Species Clause: Limit one of each Pokémon
|rule|OHKO Clause: OHKO moves are banned
|rule|Evasion Items Clause: Evasion items are banned
|rule|Evasion Moves Clause: Evasion moves are banned
|rule|Endless Battle Clause: Forcing endless battles is banned
|rule|HP Percentage Mod: HP is shown in percentages
|rule|One Boost Passer Clause: Limit one Baton Passer that has a way to boost its stats
|rule|Freeze Clause Mod: Limit one foe frozen
|
|t:|1729258469
|start
|switch|p1a: The Doctor|Zapdos|100/100
|switch|p2a: Tyranitar|Tyranitar, F|100/100
|-weather|Sandstorm|[from] ability: Sand Stream|[of] p2a: Tyranitar
|turn|1
|
|t:|1729258493
|move|p1a: The Doctor|Baton Pass|p1a: The Doctor
|
|t:|1729258503
|switch|p1a: The Nemesis|Swampert, F|100/100|[from] Baton Pass
|move|p2a: Tyranitar|Rock Slide|p1a: The Nemesis
|-resisted|p1a: The Nemesis
|-damage|p1a: The Nemesis|84/100
|
|-weather|Sandstorm|[upkeep]
|-heal|p1a: The Nemesis|91/100|[from] item: Leftovers
|upkeep
|turn|2
|inactive|keeping it icy has 270 seconds left.
|
|t:|1729258549
|switch|p2a: Skarmory|Skarmory, M|100/100
|move|p1a: The Nemesis|Earthquake|p2a: Skarmory
|-immune|p2a: Skarmory
|
|-weather|Sandstorm|[upkeep]
|-heal|p1a: The Nemesis|97/100|[from] item: Leftovers
|upkeep
|turn|3
|
|t:|1729258556
|switch|p1a: The Trapper|Forretress, F|100/100
|move|p2a: Skarmory|Spikes|p1a: The Trapper
|-sidestart|p1: Skittle_Skity|Spikes
|
|-weather|Sandstorm|[upkeep]
|upkeep
|turn|4
|
|t:|1729258578
|move|p2a: Skarmory|Drill Peck|p1a: The Trapper
|-damage|p1a: The Trapper|84/100
|move|p1a: The Trapper|Spikes|p2a: Skarmory
|-sidestart|p2: keeping it icy|Spikes
|
|-weather|Sandstorm|[upkeep]
|-heal|p1a: The Trapper|90/100|[from] item: Leftovers
|upkeep
|turn|5
|
|t:|1729258584
|move|p2a: Skarmory|Drill Peck|p1a: The Trapper
|-crit|p1a: The Trapper
|-damage|p1a: The Trapper|58/100
|move|p1a: The Trapper|Spikes|p2a: Skarmory
|-sidestart|p2: keeping it icy|Spikes
|
|-weather|Sandstorm|[upkeep]
|-heal|p1a: The Trapper|64/100|[from] item: Leftovers
|upkeep
|turn|6
|
|t:|1729258590
|switch|p1a: The Doctor|Zapdos|100/100
|move|p2a: Skarmory|Drill Peck|p1a: The Doctor
|-resisted|p1a: The Doctor
|-damage|p1a: The Doctor|86/100
|
|-weather|Sandstorm|[upkeep]
|-damage|p1a: The Doctor|80/100|[from] Sandstorm
|-heal|p1a: The Doctor|86/100|[from] item: Leftovers
|upkeep
|turn|7
|
|t:|1729258595
|switch|p2a: Claydol|Claydol|100/100
|move|p1a: The Doctor|Thunderbolt|p2a: Claydol
|-immune|p2a: Claydol
|
|-weather|Sandstorm|[upkeep]
|-damage|p1a: The Doctor|80/100|[from] Sandstorm
|-heal|p1a: The Doctor|86/100|[from] item: Leftovers
|upkeep
|turn|8
|
|t:|1729258608
|move|p1a: The Doctor|Hidden Power|p2a: Claydol
|-supereffective|p2a: Claydol
|-damage|p2a: Claydol|62/100
|move|p2a: Claydol|Rapid Spin|p1a: The Doctor
|-damage|p1a: The Doctor|81/100
|-sideend|p2: keeping it icy|Spikes|[from] move: Rapid Spin|[of] p2a: Claydol
|
|-weather|Sandstorm|[upkeep]
|-damage|p1a: The Doctor|74/100|[from] Sandstorm
|-heal|p1a: The Doctor|81/100|[from] item: Leftovers
|-heal|p2a: Claydol|68/100|[from] item: Leftovers
|upkeep
|turn|9
|
|t:|1729258618
|switch|p2a: Jirachi|Jirachi|100/100
|move|p1a: The Doctor|Hidden Power|p2a: Jirachi
|-resisted|p2a: Jirachi
|-damage|p2a: Jirachi|91/100
|
|-weather|Sandstorm|[upkeep]
|-damage|p1a: The Doctor|74/100|[from] Sandstorm
|-heal|p1a: The Doctor|81/100|[from] item: Leftovers
|-heal|p2a: Jirachi|97/100|[from] item: Leftovers
|upkeep
|turn|10
|
|t:|1729258640
|move|p1a: The Doctor|Baton Pass|p1a: The Doctor
|
|t:|1729258646
|switch|p1a: The Clown|Blissey, F|100/100|[from] Baton Pass
|-damage|p1a: The Clown|88/100|[from] Spikes
|move|p2a: Jirachi|Fire Punch|p1a: The Clown
|-damage|p1a: The Clown|81/100
|-status|p1a: The Clown|brn
|
|-weather|Sandstorm|[upkeep]
|-damage|p1a: The Clown|75/100 brn|[from] Sandstorm
|-heal|p2a: Jirachi|100/100|[from] item: Leftovers
|-heal|p1a: The Clown|81/100 brn|[from] item: Leftovers
|-damage|p1a: The Clown|69/100 brn|[from] brn
|upkeep
|turn|11
|
|t:|1729258654
|switch|p2a: Tyranitar|Tyranitar, F|100/100
|move|p1a: The Clown|Thunder Wave|p2a: Tyranitar
|-status|p2a: Tyranitar|par
|
|-weather|Sandstorm|[upkeep]
|-damage|p1a: The Clown|62/100 brn|[from] Sandstorm
|-heal|p1a: The Clown|69/100 brn|[from] item: Leftovers
|-damage|p1a: The Clown|56/100 brn|[from] brn
|upkeep
|turn|12
|
|t:|1729258667
|-singleturn|p2a: Tyranitar|move: Focus Punch
|-curestatus|p1a: The Clown|brn|[from] ability: Natural Cure
|switch|p1a: The Nemesis|Swampert, F|97/100
|-damage|p1a: The Nemesis|84/100|[from] Spikes
|move|p2a: Tyranitar|Focus Punch|p1a: The Nemesis
|-damage|p1a: The Nemesis|43/100
|
|-weather|Sandstorm|[upkeep]
|-heal|p1a: The Nemesis|50/100|[from] item: Leftovers
|upkeep
|turn|13
|
|t:|1729258676
|switch|p2a: Skarmory|Skarmory, M|100/100
|move|p1a: The Nemesis|Ice Beam|p2a: Skarmory
|-damage|p2a: Skarmory|84/100
|
|-weather|Sandstorm|[upkeep]
|-heal|p2a: Skarmory|90/100|[from] item: Leftovers
|-heal|p1a: The Nemesis|56/100|[from] item: Leftovers
|upkeep
|turn|14
|
|t:|1729258684
|switch|p1a: The Trapper|Forretress, F|64/100
|-damage|p1a: The Trapper|52/100|[from] Spikes
|move|p2a: Skarmory|Drill Peck|p1a: The Trapper
|-damage|p1a: The Trapper|34/100
|
|-weather|Sandstorm|[upkeep]
|-heal|p2a: Skarmory|96/100|[from] item: Leftovers
|-heal|p1a: The Trapper|41/100|[from] item: Leftovers
|upkeep
|turn|15
|
|t:|1729258688
|move|p2a: Skarmory|Drill Peck|p1a: The Trapper
|-damage|p1a: The Trapper|23/100
|move|p1a: The Trapper|Rapid Spin|p2a: Skarmory
|-resisted|p2a: Skarmory
|-damage|p2a: Skarmory|95/100
|-sideend|p1: Skittle_Skity|Spikes|[from] move: Rapid Spin|[of] p1a: The Trapper
|
|-weather|Sandstorm|[upkeep]
|-heal|p2a: Skarmory|100/100|[from] item: Leftovers
|-heal|p1a: The Trapper|29/100|[from] item: Leftovers
|upkeep
|turn|16
|
|t:|1729258695
|switch|p1a: The Clown|Blissey, F|56/100
|move|p2a: Skarmory|Spikes|p1a: The Clown
|-sidestart|p1: Skittle_Skity|Spikes
|
|-weather|Sandstorm|[upkeep]
|-damage|p1a: The Clown|50/100|[from] Sandstorm
|-heal|p1a: The Clown|56/100|[from] item: Leftovers
|upkeep
|turn|17
|
|t:|1729258701
|switch|p2a: Tyranitar|Tyranitar, F|100/100 par
|move|p1a: The Clown|Soft-Boiled|p1a: The Clown
|-heal|p1a: The Clown|100/100
|
|-weather|Sandstorm|[upkeep]
|-damage|p1a: The Clown|94/100|[from] Sandstorm
|-heal|p1a: The Clown|100/100|[from] item: Leftovers
|upkeep
|turn|18
|
|t:|1729258711
|move|p1a: The Clown|Thunderbolt|p2a: Tyranitar
|-damage|p2a: Tyranitar|80/100 par
|cant|p2a: Tyranitar|par
|
|-weather|Sandstorm|[upkeep]
|-damage|p1a: The Clown|94/100|[from] Sandstorm
|-heal|p1a: The Clown|100/100|[from] item: Leftovers
|-heal|p2a: Tyranitar|86/100 par|[from] item: Leftovers
|upkeep
|turn|19
|
|t:|1729258723
|move|p1a: The Clown|Thunderbolt|p2a: Tyranitar
|-damage|p2a: Tyranitar|67/100 par
|move|p2a: Tyranitar|Rock Slide|p1a: The Clown
|-damage|p1a: The Clown|61/100
|
|-weather|Sandstorm|[upkeep]
|-damage|p1a: The Clown|54/100|[from] Sandstorm
|-heal|p1a: The Clown|61/100|[from] item: Leftovers
|-heal|p2a: Tyranitar|73/100 par|[from] item: Leftovers
|upkeep
|turn|20
|
|t:|1729258729
|switch|p1a: The Dredge|Dugtrio, F|100/100
|-damage|p1a: The Dredge|88/100|[from] Spikes
|move|p2a: Tyranitar|Rock Slide|p1a: The Dredge
|-resisted|p1a: The Dredge
|-damage|p1a: The Dredge|29/100
|
|-weather|Sandstorm|[upkeep]
|-heal|p2a: Tyranitar|79/100 par|[from] item: Leftovers
|upkeep
|turn|21
|
|t:|1729258732
|move|p1a: The Dredge|Earthquake|p2a: Tyranitar
|-supereffective|p2a: Tyranitar
|-crit|p2a: Tyranitar
|-damage|p2a: Tyranitar|0 fnt
|faint|p2a: Tyranitar
|
|t:|1729258740
|switch|p2a: Skarmory|Skarmory, M|100/100
|
|-weather|Sandstorm|[upkeep]
|upkeep
|turn|22
|
|t:|1729258745
|switch|p1a: The Clown|Blissey, F|61/100
|-damage|p1a: The Clown|48/100|[from] Spikes
|move|p2a: Skarmory|Spikes|p1a: The Clown
|-sidestart|p1: Skittle_Skity|Spikes
|
|-weather|Sandstorm|[upkeep]
|-damage|p1a: The Clown|42/100|[from] Sandstorm
|-heal|p1a: The Clown|48/100|[from] item: Leftovers
|upkeep
|turn|23
|
|t:|1729258755
|move|p2a: Skarmory|Spikes|p1a: The Clown
|-sidestart|p1: Skittle_Skity|Spikes
|move|p1a: The Clown|Soft-Boiled|p1a: The Clown
|-heal|p1a: The Clown|98/100
|
|-weather|Sandstorm|[upkeep]
|-damage|p1a: The Clown|92/100|[from] Sandstorm
|-heal|p1a: The Clown|98/100|[from] item: Leftovers
|upkeep
|turn|24
|
|t:|1729258758
|switch|p2a: Swampert|Swampert, F|100/100
|move|p1a: The Clown|Thunder Wave|p2a: Swampert
|-immune|p2a: Swampert
|
|-weather|Sandstorm|[upkeep]
|-damage|p1a: The Clown|92/100|[from] Sandstorm
|-heal|p1a: The Clown|98/100|[from] item: Leftovers
|upkeep
|turn|25
|
|t:|1729258768
|switch|p1a: The Doctor|Zapdos|81/100
|move|p2a: Swampert|Toxic|p1a: The Doctor
|-status|p1a: The Doctor|tox
|
|-weather|Sandstorm|[upkeep]
|-damage|p1a: The Doctor|74/100 tox|[from] Sandstorm
|-heal|p1a: The Doctor|81/100 tox|[from] item: Leftovers
|-damage|p1a: The Doctor|74/100 tox|[from] psn
|upkeep
|turn|26
|
|t:|1729258772
|switch|p2a: Claydol|Claydol|68/100
|move|p1a: The Doctor|Rain Dance|p1a: The Doctor
|-weather|RainDance
|
|-weather|RainDance|[upkeep]
|-heal|p1a: The Doctor|81/100 tox|[from] item: Leftovers
|-damage|p1a: The Doctor|68/100 tox|[from] psn
|-heal|p2a: Claydol|74/100|[from] item: Leftovers
|upkeep
|turn|27
|
|t:|1729258781
|move|p1a: The Doctor|Hidden Power|p2a: Claydol
|-supereffective|p2a: Claydol
|-damage|p2a: Claydol|35/100
|move|p2a: Claydol|Psychic|p1a: The Doctor
|-damage|p1a: The Doctor|46/100 tox
|
|-weather|RainDance|[upkeep]
|-heal|p1a: The Doctor|52/100 tox|[from] item: Leftovers
|-damage|p1a: The Doctor|33/100 tox|[from] psn
|-heal|p2a: Claydol|41/100|[from] item: Leftovers
|upkeep
|turn|28
|
|t:|1729258786
|switch|p2a: Skarmory|Skarmory, M|100/100
|move|p1a: The Doctor|Hidden Power|p2a: Skarmory
|-resisted|p2a: Skarmory
|-damage|p2a: Skarmory|95/100
|
|-weather|RainDance|[upkeep]
|-heal|p1a: The Doctor|39/100 tox|[from] item: Leftovers
|-damage|p1a: The Doctor|14/100 tox|[from] psn
|-heal|p2a: Skarmory|100/100|[from] item: Leftovers
|upkeep
|turn|29
|
|t:|1729258792
|move|p2a: Skarmory|Protect|p2a: Skarmory
|-singleturn|p2a: Skarmory|Protect
|move|p1a: The Doctor|Thunderbolt|p2a: Skarmory
|-activate|p2a: Skarmory|Protect
|
|-weather|RainDance|[upkeep]
|-heal|p1a: The Doctor|21/100 tox|[from] item: Leftovers
|-damage|p1a: The Doctor|0 fnt|[from] psn
|faint|p1a: The Doctor
|upkeep
|
|t:|1729258798
|switch|p1a: The Plague|Kingdra, F|100/100
|-damage|p1a: The Plague|76/100|[from] Spikes
|turn|30
|
|t:|1729258820
|move|p1a: The Plague|Surf|p2a: Skarmory
|-damage|p2a: Skarmory|43/100
|move|p2a: Skarmory|Roar|p1a: The Plague
|drag|p1a: The Nemesis|Swampert, F|56/100
|-damage|p1a: The Nemesis|31/100|[from] Spikes
|
|-weather|none
|-heal|p2a: Skarmory|49/100|[from] item: Leftovers
|-heal|p1a: The Nemesis|37/100|[from] item: Leftovers
|upkeep
|turn|31
|
|t:|1729258830
|switch|p2a: Swampert|Swampert, F|100/100
|move|p1a: The Nemesis|Protect||[still]
|-fail|p1a: The Nemesis
|
|-heal|p1a: The Nemesis|43/100|[from] item: Leftovers
|upkeep
|turn|32
|
|t:|1729258832
|move|p1a: The Nemesis|Protect|p1a: The Nemesis
|-singleturn|p1a: The Nemesis|Protect
|move|p2a: Swampert|Surf|p1a: The Nemesis
|-activate|p1a: The Nemesis|Protect
|
|-heal|p1a: The Nemesis|50/100|[from] item: Leftovers
|upkeep
|turn|33
|
|t:|1729258837
|move|p2a: Swampert|Surf|p1a: The Nemesis
|-damage|p1a: The Nemesis|23/100
|move|p1a: The Nemesis|Ice Beam|p2a: Swampert
|-damage|p2a: Swampert|86/100
|
|-heal|p1a: The Nemesis|29/100|[from] item: Leftovers
|-heal|p2a: Swampert|92/100|[from] item: Leftovers
|upkeep
|turn|34
|
|t:|1729258841
|move|p1a: The Nemesis|Protect|p1a: The Nemesis
|-singleturn|p1a: The Nemesis|Protect
|move|p2a: Swampert|Surf|p1a: The Nemesis
|-activate|p1a: The Nemesis|Protect
|
|-heal|p2a: Swampert|98/100|[from] item: Leftovers
|-heal|p1a: The Nemesis|35/100|[from] item: Leftovers
|upkeep
|turn|35
|
|t:|1729258852
|switch|p1a: The Clown|Blissey, F|98/100
|-damage|p1a: The Clown|73/100|[from] Spikes
|move|p2a: Swampert|Surf|p1a: The Clown
|-damage|p1a: The Clown|62/100
|
|-heal|p1a: The Clown|68/100|[from] item: Leftovers
|-heal|p2a: Swampert|100/100|[from] item: Leftovers
|upkeep
|turn|36
|
|t:|1729258858
|move|p1a: The Clown|Ice Beam|p2a: Swampert
|-damage|p2a: Swampert|84/100
|move|p2a: Swampert|Roar|p1a: The Clown
|drag|p1a: The Trapper|Forretress, F|29/100
|-damage|p1a: The Trapper|4/100|[from] Spikes
|
|-heal|p2a: Swampert|90/100|[from] item: Leftovers
|-heal|p1a: The Trapper|10/100|[from] item: Leftovers
|upkeep
|turn|37
|
|t:|1729258864
|move|p2a: Swampert|Surf|p1a: The Trapper
|-damage|p1a: The Trapper|0 fnt
|faint|p1a: The Trapper
|inactive|Skittle_Skity has 270 seconds left.
|
|t:|1729258911
|switch|p1a: The Clown|Blissey, F|68/100
|-damage|p1a: The Clown|43/100|[from] Spikes
|
|-heal|p1a: The Clown|50/100|[from] item: Leftovers
|-heal|p2a: Swampert|96/100|[from] item: Leftovers
|upkeep
|turn|38
|
|t:|1729258915
|move|p1a: The Clown|Ice Beam|p2a: Swampert
|-damage|p2a: Swampert|80/100
|move|p2a: Swampert|Roar|p1a: The Clown
|drag|p1a: The Nemesis|Swampert, F|35/100
|-damage|p1a: The Nemesis|11/100|[from] Spikes
|
|-heal|p1a: The Nemesis|17/100|[from] item: Leftovers
|-heal|p2a: Swampert|86/100|[from] item: Leftovers
|upkeep
|turn|39
|
|t:|1729258919
|move|p1a: The Nemesis|Protect|p1a: The Nemesis
|-singleturn|p1a: The Nemesis|Protect
|move|p2a: Swampert|Roar|p1a: The Nemesis
|-activate|p1a: The Nemesis|Protect
|
|-heal|p1a: The Nemesis|23/100|[from] item: Leftovers
|-heal|p2a: Swampert|92/100|[from] item: Leftovers
|upkeep
|turn|40
|
|t:|1729258923
|move|p2a: Swampert|Surf|p1a: The Nemesis
|-damage|p1a: The Nemesis|0 fnt
|faint|p1a: The Nemesis
|
|t:|1729258929
|switch|p1a: The Clown|Blissey, F|50/100
|-damage|p1a: The Clown|25/100|[from] Spikes
|
|-heal|p1a: The Clown|31/100|[from] item: Leftovers
|-heal|p2a: Swampert|99/100|[from] item: Leftovers
|upkeep
|turn|41
|
|t:|1729258931
|move|p1a: The Clown|Soft-Boiled|p1a: The Clown
|-heal|p1a: The Clown|81/100
|move|p2a: Swampert|Roar|p1a: The Clown
|drag|p1a: The Plague|Kingdra, F|76/100
|-damage|p1a: The Plague|51/100|[from] Spikes
|
|-heal|p1a: The Plague|57/100|[from] item: Leftovers
|-heal|p2a: Swampert|100/100|[from] item: Leftovers
|upkeep
|turn|42
|
|t:|1729258944
|switch|p2a: Blissey|Blissey, F|100/100
|move|p1a: The Plague|Rain Dance|p1a: The Plague
|-weather|RainDance
|
|-weather|RainDance|[upkeep]
|-heal|p1a: The Plague|63/100|[from] item: Leftovers
|upkeep
|turn|43
|
|t:|1729258950
|move|p1a: The Plague|Surf|p2a: Blissey
|-damage|p2a: Blissey|74/100
|move|p2a: Blissey|Ice Beam|p1a: The Plague
|-damage|p1a: The Plague|36/100
|
|-weather|RainDance|[upkeep]
|-heal|p1a: The Plague|42/100|[from] item: Leftovers
|-heal|p2a: Blissey|81/100|[from] item: Leftovers
|upkeep
|turn|44
|
|t:|1729258956
|switch|p1a: The Clown|Blissey, F|81/100
|-damage|p1a: The Clown|56/100|[from] Spikes
|move|p2a: Blissey|Ice Beam|p1a: The Clown
|-damage|p1a: The Clown|46/100
|
|-weather|RainDance|[upkeep]
|-heal|p2a: Blissey|87/100|[from] item: Leftovers
|-heal|p1a: The Clown|53/100|[from] item: Leftovers
|upkeep
|turn|45
|
|t:|1729258959
|switch|p2a: Swampert|Swampert, F|100/100
|move|p1a: The Clown|Thunder Wave|p2a: Swampert
|-immune|p2a: Swampert
|
|-weather|RainDance|[upkeep]
|-heal|p1a: The Clown|59/100|[from] item: Leftovers
|upkeep
|turn|46
|
|t:|1729258961
|move|p1a: The Clown|Ice Beam|p2a: Swampert
|-damage|p2a: Swampert|84/100
|move|p2a: Swampert|Roar|p1a: The Clown
|drag|p1a: The Plague|Kingdra, F|42/100
|-damage|p1a: The Plague|17/100|[from] Spikes
|
|-weather|none
|-heal|p1a: The Plague|23/100|[from] item: Leftovers
|-heal|p2a: Swampert|90/100|[from] item: Leftovers
|upkeep
|turn|47
|
|t:|1729258967
|switch|p2a: Blissey|Blissey, F|87/100
|move|p1a: The Plague|Surf|p2a: Blissey
|-crit|p2a: Blissey
|-damage|p2a: Blissey|53/100
|
|-heal|p1a: The Plague|29/100|[from] item: Leftovers
|-heal|p2a: Blissey|59/100|[from] item: Leftovers
|upkeep
|turn|48
|
|t:|1729258974
|move|p1a: The Plague|Rain Dance|p1a: The Plague
|-weather|RainDance
|move|p2a: Blissey|Ice Beam|p1a: The Plague
|-damage|p1a: The Plague|4/100
|
|-weather|RainDance|[upkeep]
|-heal|p1a: The Plague|10/100|[from] item: Leftovers
|-heal|p2a: Blissey|65/100|[from] item: Leftovers
|upkeep
|turn|49
|
|t:|1729258977
|move|p1a: The Plague|Surf|p2a: Blissey
|-damage|p2a: Blissey|39/100
|move|p2a: Blissey|Soft-Boiled|p2a: Blissey
|-heal|p2a: Blissey|89/100
|
|-weather|RainDance|[upkeep]
|-heal|p1a: The Plague|16/100|[from] item: Leftovers
|-heal|p2a: Blissey|95/100|[from] item: Leftovers
|upkeep
|turn|50
|
|t:|1729258980
|move|p1a: The Plague|Surf|p2a: Blissey
|-damage|p2a: Blissey|71/100
|move|p2a: Blissey|Calm Mind|p2a: Blissey
|-boost|p2a: Blissey|spa|1
|-boost|p2a: Blissey|spd|1
|
|-weather|RainDance|[upkeep]
|-heal|p1a: The Plague|22/100|[from] item: Leftovers
|-heal|p2a: Blissey|77/100|[from] item: Leftovers
|upkeep
|turn|51
|
|t:|1729258985
|switch|p1a: The Dredge|Dugtrio, F|29/100
|-damage|p1a: The Dredge|5/100|[from] Spikes
|move|p2a: Blissey|Soft-Boiled|p2a: Blissey
|-heal|p2a: Blissey|100/100
|
|-weather|RainDance|[upkeep]
|upkeep
|turn|52
|
|t:|1729258987
|move|p1a: The Dredge|Earthquake|p2a: Blissey
|-damage|p2a: Blissey|47/100
|move|p2a: Blissey|Ice Beam|p1a: The Dredge
|-supereffective|p1a: The Dredge
|-damage|p1a: The Dredge|0 fnt
|faint|p1a: The Dredge
|c|☆Skittle_Skity|ggs
|-message|Skittle_Skity forfeited.
|
|win|keeping it icy
|c|☆keeping it icy|Gg

</script>
<script type="application/json" class="data" id="replaydata-smogtours-gen3ou-799498">
{"id":"smogtours-gen3ou-799498","format":"[Gen 3] OU","players":["Skittle_Skity","keeping it icy"],"uploadtime":1729258998,"views":134,"formatid":"gen3ou","rating":null,"private":0,"password":null}
</script>

<script defer src="js/replays.js?9d40a366"></script>
