<!DOCTYPE html>
<meta charset="utf-8" />
<meta name="viewport" content="width=device-width" />

<title>[Gen 3] OU: Hydreigon &gt; Latias vs. 5darkelves - Replays - Pok&eacute;mon Showdown!</title>

<meta name="description" content="Watch a replay of a Pok&eacute;mon battle between Hydreigon &gt; Latias and 5darkelves! Format: [Gen 3] OU; Date: Oct 20, 2024" />
<!--

Hey, you! Looking in the source for the replay log?

You can find them in JSON format, just add `.json` at the end of a replay URL.

https://replay.pokemonshowdown.com/gen7randomdoublesbattle-865046831.json

Or, if you only need the log itself, add `.log` instead:

https://replay.pokemonshowdown.com/gen7randomdoublesbattle-865046831.log

-->

<link rel="stylesheet" href="//pokemonshowdown.com/style/global.css?0.023195364461161105" />
<link rel="stylesheet" href="//play.pokemonshowdown.com/style/font-awesome.css?0.13261647063804238" />
<link rel="stylesheet" href="//play.pokemonshowdown.com/style/battle.css?0.8753245789963631" />
<link rel="stylesheet" href="//play.pokemonshowdown.com/style/utilichart.css?0.8627959624976733" />

<!-- Global site tag (gtag.js) - Google Analytics -->
<script async src="https://www.googletagmanager.com/gtag/js?id=UA-26211653-1"></script>
<script>
  window.dataLayer = window.dataLayer || [];
  function gtag(){dataLayer.push(arguments);}
  gtag('js', new Date());

  gtag('config', 'UA-26211653-1');
</script>
<!-- End Google Analytics -->
<!-- Venatus Ad Manager - Install in <HEAD> of page -->
	<script src="https://hb.vntsm.com/v3/live/ad-manager.min.js" type="text/javascript" data-site-id="642aba63ec9a7b11c3c9c1be" data-mode="scan" async></script>
<!-- / Venatus Ad Manager -->

<style>
	@media (max-width:820px) {
		.battle {
			margin: 0 auto;
		}
		.battle-log {
			margin: 7px auto 0;
			max-width: 640px;
			height: 300px;
			position: static;
		}
	}
	.optgroup {
		display: inline-block;
		line-height: 22px;
		font-size: 10pt;
	}
	.optgroup .button {
		height: 25px;
		padding-top: 0;
		padding-bottom: 0;
	}
	.optgroup button.button {
		padding-left: 12px;
		padding-right: 12px;
	}
	.linklist {
		list-style: none;
		margin: 0.5em 0;
		padding: 0;
	}
	.linklist li {
		padding: 2px 0;
	}
	.sidebar {
		float: left;
		width: 320px;
	}
	.bar-wrapper {
		max-width: 1100px;
		margin: 0 auto;
	}
	.bar-wrapper.has-sidebar {
		max-width: 1430px;
	}
	.mainbar {
		margin: 0;
		padding-right: 1px;
	}
	.mainbar.has-sidebar {
		margin-left: 330px;
	}
	@media (min-width: 1511px) {
		.sidebar {
			width: 400px;
		}
		.bar-wrapper.has-sidebar {
			max-width: 1510px;
		}
		.mainbar.has-sidebar {
			margin-left: 410px;
		}
	}
	.section.first-section {
		margin-top: 9px;
	}
	.blocklink small {
		white-space: normal;
	}
	.button {
		vertical-align: middle;
	}
	.replay-controls {
		padding-top: 10px;
	}
	.replay-controls h1 {
		font-size: 16pt;
		font-weight: normal;
		color: #CCC;
	}
	.pagelink {
		text-align: center;
	}
	.pagelink a {
		width: 150px;
	}
	.textbox, .button {
		font-size: 11pt;
		vertical-align: middle;
	}
	@media (max-width: 450px) {
		.button {
			font-size: 9pt;
		}
	}
</style>

<div>

	<header>
		<div class="nav-wrapper"><ul class="nav">
			<li><a class="button nav-first" href="//pokemonshowdown.com/"><img src="//pokemonshowdown.com/images/pokemonshowdownbeta.png" srcset="//pokemonshowdown.com/images/pokemonshowdownbeta.png 1x, //pokemonshowdown.com/images/pokemonshowdownbeta@2x.png 2x" alt="Pok&eacute;mon Showdown" width="146" height="44" /> Home</a></li>
			<li><a class="button" href="//pokemonshowdown.com/dex/">Pok&eacute;dex</a></li>
			<li><a class="button cur" href="/">Replays</a></li>
			<li><a class="button" href="//pokemonshowdown.com/ladder/">Ladder</a></li>
			<li><a class="button nav-last" href="//pokemonshowdown.com/forums/">Forum</a></li>
			<li><a class="button greenbutton nav-first nav-last" href="//play.pokemonshowdown.com/">Play</a></li>
		</ul></div>
	</header>

	<div class="main" id="main">

		<noscript><section class="section">You need to enable JavaScript to use this page; sorry!</section></noscript>

	</div>

</div>

<script defer nomodule src="//play.pokemonshowdown.com/js/lib/ps-polyfill.js"></script>
<script defer src="//play.pokemonshowdown.com/js/lib/preact.min.js"></script>

<script defer src="//play.pokemonshowdown.com/config/config.js?2bddbc15"></script>
<script defer src="//play.pokemonshowdown.com/js/lib/jquery-1.11.0.min.js"></script>
<script defer src="//play.pokemonshowdown.com/js/lib/html-sanitizer-minified.js"></script>
<script defer src="//play.pokemonshowdown.com/js/battle-sound.js"></script>
<script defer src="//play.pokemonshowdown.com/js/battledata.js?0.7209276989879541"></script>
<script defer src="//play.pokemonshowdown.com/data/pokedex-mini.js?0.6111056340867951"></script>
<script defer src="//play.pokemonshowdown.com/data/pokedex-mini-bw.js?0.3532142036491459"></script>
<script defer src="//play.pokemonshowdown.com/data/graphics.js?0.24223875632456182"></script>
<script defer src="//play.pokemonshowdown.com/data/pokedex.js?0.38839984266356864"></script>
<script defer src="//play.pokemonshowdown.com/data/moves.js?0.21866028504024015"></script>
<script defer src="//play.pokemonshowdown.com/data/abilities.js?0.2005157953846628"></script>
<script defer src="//play.pokemonshowdown.com/data/items.js?0.9894211263848525"></script>
<script defer src="//play.pokemonshowdown.com/data/teambuilder-tables.js?0.6008791140282215"></script>
<script defer src="//play.pokemonshowdown.com/js/battle-tooltips.js?0.7580118955022959"></script>
<script defer src="//play.pokemonshowdown.com/js/battle.js?0.6057722274234274"></script>

<script defer src="js/utils.js?e31f9a17"></script>
<script defer src="js/replays-battle.js?7008c182"></script>

<!-- don't scrape this data! just add .json or .log after the URL!
Full API docs: https://github.com/smogon/pokemon-showdown-client/blob/master/WEB-API.md -->
<script type="text/plain" class="log" id="replaylog-smogtours-gen3ou-800257">
|inactive|Battle timer is ON: inactive players will automatically lose when time's up.
|badge|p1|bronze|gen9uu|100-3
|uhtml|medal-msg|<div class="broadcast-blue">Curious what those medals under the avatar are? PS now has Ladder Seasons! For more information, check out the <a href="https://www.smogon.com/forums/threads/3740067/">thread on Smogon.<\/a><\/div>
|t:|1729393130
|gametype|singles
|player|p1|Hydreigon > Latias|guitarist|
|player|p2|5darkelves|gentleman-gen4|
|teamsize|p1|6
|teamsize|p2|6
|gen|3
|tier|[Gen 3] OU
|rule|Sleep Clause Mod: Limit one foe put to sleep
|rule|Switch Priority Clause Mod: Faster Pokémon switch first
|rule|Species Clause: Limit one of each Pokémon
|rule|OHKO Clause: OHKO moves are banned
|rule|Evasion Items Clause: Evasion items are banned
|rule|Evasion Moves Clause: Evasion moves are banned
|rule|Endless Battle Clause: Forcing endless battles is banned
|rule|HP Percentage Mod: HP is shown in percentages
|rule|One Boost Passer Clause: Limit one Baton Passer that has a way to boost its stats
|rule|Freeze Clause Mod: Limit one foe frozen
|
|t:|1729393130
|start
|switch|p1a: Raikou|Raikou|100/100
|switch|p2a: IGOR'S THEME|Tyranitar, F|100/100
|-weather|Sandstorm|[from] ability: Sand Stream|[of] p2a: IGOR'S THEME
|turn|1
|c|☆5darkelves|Glhf
|
|t:|1729393148
|move|p1a: Raikou|Thunderbolt|p2a: IGOR'S THEME
|-damage|p2a: IGOR'S THEME|49/100
|-status|p2a: IGOR'S THEME|par
|move|p2a: IGOR'S THEME|Rock Slide|p1a: Raikou
|-damage|p1a: Raikou|54/100
|
|-weather|Sandstorm|[upkeep]
|-damage|p1a: Raikou|48/100|[from] Sandstorm
|-heal|p2a: IGOR'S THEME|56/100 par|[from] item: Leftovers
|upkeep
|turn|2
|
|t:|1729393158
|move|p1a: Raikou|Thunderbolt|p2a: IGOR'S THEME
|-damage|p2a: IGOR'S THEME|2/100 par
|move|p2a: IGOR'S THEME|Rock Slide|p1a: Raikou
|-crit|p1a: Raikou
|-damage|p1a: Raikou|0 fnt
|faint|p1a: Raikou
|
|t:|1729393170
|switch|p1a: Tyranitar|Tyranitar, F|100/100
|
|-weather|Sandstorm|[upkeep]
|-heal|p2a: IGOR'S THEME|8/100 par|[from] item: Leftovers
|upkeep
|turn|3
|
|t:|1729393175
|move|p1a: Tyranitar|Ice Beam|p2a: IGOR'S THEME
|-damage|p2a: IGOR'S THEME|0 fnt
|faint|p2a: IGOR'S THEME
|
|t:|1729393190
|switch|p2a: NEW MAGIC WAND|Metagross|100/100
|
|-weather|Sandstorm|[upkeep]
|upkeep
|turn|4
|
|t:|1729393195
|move|p1a: Tyranitar|Fire Blast|p2a: NEW MAGIC WAND
|-supereffective|p2a: NEW MAGIC WAND
|-damage|p2a: NEW MAGIC WAND|18/100
|move|p2a: NEW MAGIC WAND|Explosion|p1a: Tyranitar
|-resisted|p1a: Tyranitar
|-damage|p1a: Tyranitar|0 fnt
|faint|p2a: NEW MAGIC WAND
|faint|p1a: Tyranitar
|
|t:|1729393206
|switch|p1a: Zapdos|Zapdos|100/100
|switch|p2a: PUPPET|Suicune|100/100
|
|-weather|Sandstorm|[upkeep]
|-damage|p1a: Zapdos|94/100|[from] Sandstorm
|-damage|p2a: PUPPET|94/100|[from] Sandstorm
|-heal|p1a: Zapdos|100/100|[from] item: Leftovers
|-heal|p2a: PUPPET|100/100|[from] item: Leftovers
|upkeep
|turn|5
|
|t:|1729393213
|switch|p2a: GONE GONE|Celebi|100/100
|move|p1a: Zapdos|Thunderbolt|p2a: GONE GONE
|-resisted|p2a: GONE GONE
|-damage|p2a: GONE GONE|80/100
|
|-weather|Sandstorm|[upkeep]
|-damage|p1a: Zapdos|94/100|[from] Sandstorm
|-damage|p2a: GONE GONE|74/100|[from] Sandstorm
|-heal|p1a: Zapdos|100/100|[from] item: Leftovers
|-heal|p2a: GONE GONE|80/100|[from] item: Leftovers
|upkeep
|turn|6
|
|t:|1729393223
|move|p2a: GONE GONE|Leech Seed|p1a: Zapdos
|-start|p1a: Zapdos|move: Leech Seed
|move|p1a: Zapdos|Roar|p2a: GONE GONE
|drag|p2a: EARFQUAKE|Claydol|100/100
|
|-weather|Sandstorm|[upkeep]
|-damage|p1a: Zapdos|94/100|[from] Sandstorm
|-heal|p1a: Zapdos|100/100|[from] item: Leftovers
|-damage|p1a: Zapdos|88/100|[from] Leech Seed|[of] p2a: EARFQUAKE
|upkeep
|turn|7
|
|t:|1729393232
|move|p1a: Zapdos|Toxic|p2a: EARFQUAKE
|-status|p2a: EARFQUAKE|tox
|move|p2a: EARFQUAKE|Psychic|p1a: Zapdos
|-crit|p1a: Zapdos
|-damage|p1a: Zapdos|36/100
|
|-weather|Sandstorm|[upkeep]
|-damage|p1a: Zapdos|30/100|[from] Sandstorm
|-heal|p1a: Zapdos|36/100|[from] item: Leftovers
|-damage|p1a: Zapdos|23/100|[from] Leech Seed|[of] p2a: EARFQUAKE
|-damage|p2a: EARFQUAKE|94/100 tox|[from] psn
|upkeep
|turn|8
|
|t:|1729393244
|switch|p1a: Porygon2|Porygon2|100/100
|-ability|p1a: Porygon2|Levitate|[from] ability: Trace|[of] p2a: EARFQUAKE
|move|p2a: EARFQUAKE|Psychic|p1a: Porygon2
|-damage|p1a: Porygon2|79/100
|
|-weather|Sandstorm|[upkeep]
|-damage|p1a: Porygon2|73/100|[from] Sandstorm
|-heal|p2a: EARFQUAKE|100/100 tox|[from] item: Leftovers
|-damage|p2a: EARFQUAKE|88/100 tox|[from] psn
|-heal|p1a: Porygon2|79/100|[from] item: Leftovers
|upkeep
|turn|9
|
|t:|1729393252
|move|p2a: EARFQUAKE|Explosion|p1a: Porygon2
|-damage|p1a: Porygon2|0 fnt
|faint|p2a: EARFQUAKE
|faint|p1a: Porygon2
|
|t:|1729393261
|switch|p2a: GONE GONE|Celebi|80/100
|switch|p1a: Zapdos|Zapdos|23/100
|
|-weather|Sandstorm|[upkeep]
|-damage|p1a: Zapdos|17/100|[from] Sandstorm
|-damage|p2a: GONE GONE|74/100|[from] Sandstorm
|-heal|p1a: Zapdos|23/100|[from] item: Leftovers
|-heal|p2a: GONE GONE|80/100|[from] item: Leftovers
|upkeep
|turn|10
|
|t:|1729393267
|move|p1a: Zapdos|Toxic|p2a: GONE GONE
|-status|p2a: GONE GONE|tox
|move|p2a: GONE GONE|Psychic|p1a: Zapdos
|-damage|p1a: Zapdos|0 fnt
|faint|p1a: Zapdos
|inactive|Hydreigon > Latias has 270 seconds left.
|
|t:|1729393307
|switch|p1a: Jirachi|Jirachi|100/100
|
|-weather|Sandstorm|[upkeep]
|-damage|p2a: GONE GONE|74/100 tox|[from] Sandstorm
|-heal|p2a: GONE GONE|80/100 tox|[from] item: Leftovers
|-damage|p2a: GONE GONE|74/100 tox|[from] psn
|upkeep
|turn|11
|
|t:|1729393314
|move|p1a: Jirachi|Calm Mind|p1a: Jirachi
|-boost|p1a: Jirachi|spa|1
|-boost|p1a: Jirachi|spd|1
|move|p2a: GONE GONE|Leech Seed|p1a: Jirachi
|-start|p1a: Jirachi|move: Leech Seed
|
|-weather|Sandstorm|[upkeep]
|-damage|p2a: GONE GONE|68/100 tox|[from] Sandstorm
|-damage|p1a: Jirachi|88/100|[from] Leech Seed|[of] p2a: GONE GONE
|-heal|p2a: GONE GONE|81/100 tox|[silent]
|-heal|p2a: GONE GONE|87/100 tox|[from] item: Leftovers
|-damage|p2a: GONE GONE|75/100 tox|[from] psn
|upkeep
|turn|12
|
|t:|1729393318
|-curestatus|p2a: GONE GONE|tox|[from] ability: Natural Cure
|switch|p2a: PUPPET|Suicune|100/100
|move|p1a: Jirachi|Calm Mind|p1a: Jirachi
|-boost|p1a: Jirachi|spa|1
|-boost|p1a: Jirachi|spd|1
|
|-weather|Sandstorm|[upkeep]
|-damage|p2a: PUPPET|94/100|[from] Sandstorm
|-heal|p1a: Jirachi|94/100|[from] item: Leftovers
|-damage|p1a: Jirachi|82/100|[from] Leech Seed|[of] p2a: PUPPET
|-heal|p2a: PUPPET|100/100|[silent]
|upkeep
|turn|13
|
|t:|1729393331
|move|p1a: Jirachi|Hidden Power|p2a: PUPPET
|-supereffective|p2a: PUPPET
|-damage|p2a: PUPPET|36/100
|move|p2a: PUPPET|Calm Mind|p2a: PUPPET
|-boost|p2a: PUPPET|spa|1
|-boost|p2a: PUPPET|spd|1
|
|-weather|Sandstorm|[upkeep]
|-damage|p2a: PUPPET|30/100|[from] Sandstorm
|-heal|p1a: Jirachi|88/100|[from] item: Leftovers
|-damage|p1a: Jirachi|76/100|[from] Leech Seed|[of] p2a: PUPPET
|-heal|p2a: PUPPET|42/100|[silent]
|-heal|p2a: PUPPET|49/100|[from] item: Leftovers
|upkeep
|turn|14
|
|t:|1729393347
|move|p1a: Jirachi|Hidden Power|p2a: PUPPET
|-supereffective|p2a: PUPPET
|-damage|p2a: PUPPET|7/100
|move|p2a: PUPPET|Rest|p2a: PUPPET
|-status|p2a: PUPPET|slp|[from] move: Rest
|-heal|p2a: PUPPET|100/100 slp|[silent]
|
|-weather|Sandstorm|[upkeep]
|-damage|p2a: PUPPET|94/100 slp|[from] Sandstorm
|-heal|p1a: Jirachi|82/100|[from] item: Leftovers
|-damage|p1a: Jirachi|69/100|[from] Leech Seed|[of] p2a: PUPPET
|-heal|p2a: PUPPET|100/100 slp|[silent]
|upkeep
|turn|15
|
|t:|1729393360
|move|p1a: Jirachi|Calm Mind|p1a: Jirachi
|-boost|p1a: Jirachi|spa|1
|-boost|p1a: Jirachi|spd|1
|cant|p2a: PUPPET|slp
|
|-weather|Sandstorm|[upkeep]
|-damage|p2a: PUPPET|94/100 slp|[from] Sandstorm
|-heal|p1a: Jirachi|76/100|[from] item: Leftovers
|-damage|p1a: Jirachi|63/100|[from] Leech Seed|[of] p2a: PUPPET
|-heal|p2a: PUPPET|100/100 slp|[silent]
|upkeep
|turn|16
|
|t:|1729393365
|move|p1a: Jirachi|Psychic|p2a: PUPPET
|-damage|p2a: PUPPET|55/100 slp
|cant|p2a: PUPPET|slp
|
|-weather|Sandstorm|[upkeep]
|-damage|p2a: PUPPET|49/100 slp|[from] Sandstorm
|-heal|p1a: Jirachi|69/100|[from] item: Leftovers
|-damage|p1a: Jirachi|57/100|[from] Leech Seed|[of] p2a: PUPPET
|-heal|p2a: PUPPET|62/100 slp|[silent]
|-heal|p2a: PUPPET|68/100 slp|[from] item: Leftovers
|upkeep
|turn|17
|
|t:|1729393371
|move|p1a: Jirachi|Psychic|p2a: PUPPET
|-damage|p2a: PUPPET|18/100 slp
|-curestatus|p2a: PUPPET|slp|[msg]
|move|p2a: PUPPET|Calm Mind|p2a: PUPPET
|-boost|p2a: PUPPET|spa|1
|-boost|p2a: PUPPET|spd|1
|
|-weather|Sandstorm|[upkeep]
|-damage|p2a: PUPPET|12/100|[from] Sandstorm
|-heal|p1a: Jirachi|63/100|[from] item: Leftovers
|-damage|p1a: Jirachi|51/100|[from] Leech Seed|[of] p2a: PUPPET
|-heal|p2a: PUPPET|24/100|[silent]
|-heal|p2a: PUPPET|30/100|[from] item: Leftovers
|upkeep
|turn|18
|
|t:|1729393381
|switch|p2a: GONE GONE|Celebi|75/100
|move|p1a: Jirachi|Psychic|p2a: GONE GONE
|-resisted|p2a: GONE GONE
|-damage|p2a: GONE GONE|33/100
|-unboost|p2a: GONE GONE|spd|1
|
|-weather|Sandstorm|[upkeep]
|-damage|p2a: GONE GONE|26/100|[from] Sandstorm
|-heal|p1a: Jirachi|57/100|[from] item: Leftovers
|-damage|p1a: Jirachi|44/100|[from] Leech Seed|[of] p2a: GONE GONE
|-heal|p2a: GONE GONE|39/100|[silent]
|-heal|p2a: GONE GONE|45/100|[from] item: Leftovers
|upkeep
|turn|19
|
|t:|1729393393
|switch|p2a: PUPPET|Suicune|30/100
|move|p1a: Jirachi|Psychic|p2a: PUPPET
|-damage|p2a: PUPPET|0 fnt
|faint|p2a: PUPPET
|
|t:|1729393397
|switch|p2a: I THINK|Crobat, M|100/100
|
|-weather|Sandstorm|[upkeep]
|-damage|p2a: I THINK|94/100|[from] Sandstorm
|-heal|p1a: Jirachi|51/100|[from] item: Leftovers
|-damage|p1a: Jirachi|38/100|[from] Leech Seed|[of] p2a: I THINK
|-heal|p2a: I THINK|100/100|[silent]
|upkeep
|turn|20
|
|t:|1729393406
|move|p2a: I THINK|Hidden Power|p1a: Jirachi
|-supereffective|p1a: Jirachi
|-crit|p1a: Jirachi
|-damage|p1a: Jirachi|0 fnt
|faint|p1a: Jirachi
|
|t:|1729393412
|switch|p1a: Dugtrio|Dugtrio, M|100/100
|
|-weather|Sandstorm|[upkeep]
|-damage|p2a: I THINK|94/100|[from] Sandstorm
|upkeep
|turn|21
|
|t:|1729393423
|move|p2a: I THINK|Hidden Power|p1a: Dugtrio
|-damage|p1a: Dugtrio|20/100
|move|p1a: Dugtrio|Aerial Ace|p2a: I THINK
|-damage|p2a: I THINK|69/100
|
|-weather|Sandstorm|[upkeep]
|-damage|p2a: I THINK|63/100|[from] Sandstorm
|upkeep
|turn|22
|
|t:|1729393428
|move|p2a: I THINK|Hidden Power|p1a: Dugtrio
|-damage|p1a: Dugtrio|0 fnt
|faint|p1a: Dugtrio
|
|win|5darkelves
|c|☆5darkelves|Gg
|player|p1|
|player|p1|Hydreigon > Latias|guitarist|
|player|p2|

</script>
<script type="application/json" class="data" id="replaydata-smogtours-gen3ou-800257">
{"id":"smogtours-gen3ou-800257","format":"[Gen 3] OU","players":["Hydreigon > Latias","5darkelves"],"uploadtime":1729393428,"views":129,"formatid":"gen3ou","rating":null,"private":0,"password":null}
</script>

<script defer src="js/replays.js?9d40a366"></script>
