<!DOCTYPE html>
<meta charset="utf-8" />
<meta name="viewport" content="width=device-width" />

<title>[Gen 3] OU: kingkpak vs. SmoGonagall - Replays - Pok&eacute;mon Showdown!</title>

<meta name="description" content="Watch a replay of a Pok&eacute;mon battle between kingkpak and SmoGonagall! Format: [Gen 3] OU; Date: Oct 8, 2024" />
<!--

Hey, you! Looking in the source for the replay log?

You can find them in JSON format, just add `.json` at the end of a replay URL.

https://replay.pokemonshowdown.com/gen7randomdoublesbattle-865046831.json

Or, if you only need the log itself, add `.log` instead:

https://replay.pokemonshowdown.com/gen7randomdoublesbattle-865046831.log

-->

<link rel="stylesheet" href="//pokemonshowdown.com/style/global.css?0.023195364461161105" />
<link rel="stylesheet" href="//play.pokemonshowdown.com/style/font-awesome.css?0.13261647063804238" />
<link rel="stylesheet" href="//play.pokemonshowdown.com/style/battle.css?0.8753245789963631" />
<link rel="stylesheet" href="//play.pokemonshowdown.com/style/utilichart.css?0.8627959624976733" />

<!-- Global site tag (gtag.js) - Google Analytics -->
<script async src="https://www.googletagmanager.com/gtag/js?id=UA-26211653-1"></script>
<script>
  window.dataLayer = window.dataLayer || [];
  function gtag(){dataLayer.push(arguments);}
  gtag('js', new Date());

  gtag('config', 'UA-26211653-1');
</script>
<!-- End Google Analytics -->
<!-- Venatus Ad Manager - Install in <HEAD> of page -->
	<script src="https://hb.vntsm.com/v3/live/ad-manager.min.js" type="text/javascript" data-site-id="642aba63ec9a7b11c3c9c1be" data-mode="scan" async></script>
<!-- / Venatus Ad Manager -->

<style>
	@media (max-width:820px) {
		.battle {
			margin: 0 auto;
		}
		.battle-log {
			margin: 7px auto 0;
			max-width: 640px;
			height: 300px;
			position: static;
		}
	}
	.optgroup {
		display: inline-block;
		line-height: 22px;
		font-size: 10pt;
	}
	.optgroup .button {
		height: 25px;
		padding-top: 0;
		padding-bottom: 0;
	}
	.optgroup button.button {
		padding-left: 12px;
		padding-right: 12px;
	}
	.linklist {
		list-style: none;
		margin: 0.5em 0;
		padding: 0;
	}
	.linklist li {
		padding: 2px 0;
	}
	.sidebar {
		float: left;
		width: 320px;
	}
	.bar-wrapper {
		max-width: 1100px;
		margin: 0 auto;
	}
	.bar-wrapper.has-sidebar {
		max-width: 1430px;
	}
	.mainbar {
		margin: 0;
		padding-right: 1px;
	}
	.mainbar.has-sidebar {
		margin-left: 330px;
	}
	@media (min-width: 1511px) {
		.sidebar {
			width: 400px;
		}
		.bar-wrapper.has-sidebar {
			max-width: 1510px;
		}
		.mainbar.has-sidebar {
			margin-left: 410px;
		}
	}
	.section.first-section {
		margin-top: 9px;
	}
	.blocklink small {
		white-space: normal;
	}
	.button {
		vertical-align: middle;
	}
	.replay-controls {
		padding-top: 10px;
	}
	.replay-controls h1 {
		font-size: 16pt;
		font-weight: normal;
		color: #CCC;
	}
	.pagelink {
		text-align: center;
	}
	.pagelink a {
		width: 150px;
	}
	.textbox, .button {
		font-size: 11pt;
		vertical-align: middle;
	}
	@media (max-width: 450px) {
		.button {
			font-size: 9pt;
		}
	}
</style>

<div>

	<header>
		<div class="nav-wrapper"><ul class="nav">
			<li><a class="button nav-first" href="//pokemonshowdown.com/"><img src="//pokemonshowdown.com/images/pokemonshowdownbeta.png" srcset="//pokemonshowdown.com/images/pokemonshowdownbeta.png 1x, //pokemonshowdown.com/images/pokemonshowdownbeta@2x.png 2x" alt="Pok&eacute;mon Showdown" width="146" height="44" /> Home</a></li>
			<li><a class="button" href="//pokemonshowdown.com/dex/">Pok&eacute;dex</a></li>
			<li><a class="button cur" href="/">Replays</a></li>
			<li><a class="button" href="//pokemonshowdown.com/ladder/">Ladder</a></li>
			<li><a class="button nav-last" href="//pokemonshowdown.com/forums/">Forum</a></li>
			<li><a class="button greenbutton nav-first nav-last" href="//play.pokemonshowdown.com/">Play</a></li>
		</ul></div>
	</header>

	<div class="main" id="main">

		<noscript><section class="section">You need to enable JavaScript to use this page; sorry!</section></noscript>

	</div>

</div>

<script defer nomodule src="//play.pokemonshowdown.com/js/lib/ps-polyfill.js"></script>
<script defer src="//play.pokemonshowdown.com/js/lib/preact.min.js"></script>

<script defer src="//play.pokemonshowdown.com/config/config.js?2bddbc15"></script>
<script defer src="//play.pokemonshowdown.com/js/lib/jquery-1.11.0.min.js"></script>
<script defer src="//play.pokemonshowdown.com/js/lib/html-sanitizer-minified.js"></script>
<script defer src="//play.pokemonshowdown.com/js/battle-sound.js"></script>
<script defer src="//play.pokemonshowdown.com/js/battledata.js?0.7209276989879541"></script>
<script defer src="//play.pokemonshowdown.com/data/pokedex-mini.js?0.6111056340867951"></script>
<script defer src="//play.pokemonshowdown.com/data/pokedex-mini-bw.js?0.3532142036491459"></script>
<script defer src="//play.pokemonshowdown.com/data/graphics.js?0.24223875632456182"></script>
<script defer src="//play.pokemonshowdown.com/data/pokedex.js?0.38839984266356864"></script>
<script defer src="//play.pokemonshowdown.com/data/moves.js?0.21866028504024015"></script>
<script defer src="//play.pokemonshowdown.com/data/abilities.js?0.2005157953846628"></script>
<script defer src="//play.pokemonshowdown.com/data/items.js?0.9894211263848525"></script>
<script defer src="//play.pokemonshowdown.com/data/teambuilder-tables.js?0.6008791140282215"></script>
<script defer src="//play.pokemonshowdown.com/js/battle-tooltips.js?0.7580118955022959"></script>
<script defer src="//play.pokemonshowdown.com/js/battle.js?0.6057722274234274"></script>

<script defer src="js/utils.js?e31f9a17"></script>
<script defer src="js/replays-battle.js?7008c182"></script>

<!-- don't scrape this data! just add .json or .log after the URL!
Full API docs: https://github.com/smogon/pokemon-showdown-client/blob/master/WEB-API.md -->
<script type="text/plain" class="log" id="replaylog-smogtours-gen3ou-796358">
|inactive|Battle timer is ON: inactive players will automatically lose when time's up.
|t:|1728399471
|gametype|singles
|player|p1|kingkpak|169|
|player|p2|SmoGonagall|265|
|teamsize|p1|6
|teamsize|p2|6
|gen|3
|tier|[Gen 3] OU
|rule|Sleep Clause Mod: Limit one foe put to sleep
|rule|Switch Priority Clause Mod: Faster Pokémon switch first
|rule|Species Clause: Limit one of each Pokémon
|rule|OHKO Clause: OHKO moves are banned
|rule|Evasion Items Clause: Evasion items are banned
|rule|Evasion Moves Clause: Evasion moves are banned
|rule|Endless Battle Clause: Forcing endless battles is banned
|rule|HP Percentage Mod: HP is shown in percentages
|rule|One Boost Passer Clause: Limit one Baton Passer that has a way to boost its stats
|rule|Freeze Clause Mod: Limit one foe frozen
|
|t:|1728399471
|start
|switch|p1a: smeargles|Jumpluff, F|100/100
|switch|p2a: Tyranitar|Tyranitar, M|100/100
|-weather|Sandstorm|[from] ability: Sand Stream|[of] p2a: Tyranitar
|turn|1
|c|☆kingkpak|it made me rename my jumpluff to smeargles instead of smeargle
|
|t:|1728399493
|move|p1a: smeargles|Sleep Powder|p2a: Tyranitar|[miss]
|-miss|p1a: smeargles|p2a: Tyranitar
|move|p2a: Tyranitar|Fire Blast|p1a: smeargles
|-supereffective|p1a: smeargles
|-damage|p1a: smeargles|19/100
|
|-weather|Sandstorm|[upkeep]
|-damage|p1a: smeargles|13/100|[from] Sandstorm
|-heal|p1a: smeargles|19/100|[from] item: Leftovers
|upkeep
|turn|2
|c|☆SmoGonagall|really? i didnt know it would do tat
|c|☆SmoGonagall|that*
|
|t:|1728399519
|move|p1a: smeargles|Reflect|p1a: smeargles
|-sidestart|p1: kingkpak|Reflect
|move|p2a: Tyranitar|Rock Slide|p1a: smeargles
|-supereffective|p1a: smeargles
|-damage|p1a: smeargles|0 fnt
|faint|p1a: smeargles
|c|☆kingkpak|apparently u cant name a mon after another mon XD
|
|t:|1728399537
|switch|p1a: Celebi|Celebi|100/100
|
|-weather|Sandstorm|[upkeep]
|-damage|p1a: Celebi|94/100|[from] Sandstorm
|-heal|p1a: Celebi|100/100|[from] item: Leftovers
|upkeep
|turn|3
|
|t:|1728399543
|move|p1a: Celebi|Swords Dance|p1a: Celebi
|-boost|p1a: Celebi|atk|2
|move|p2a: Tyranitar|Fire Blast|p1a: Celebi
|-supereffective|p1a: Celebi
|-crit|p1a: Celebi
|-damage|p1a: Celebi|0 fnt
|faint|p1a: Celebi
|c|☆kingkpak|OOf
|
|t:|1728399553
|switch|p1a: free octillery|Suicune|100/100
|
|-weather|Sandstorm|[upkeep]
|-damage|p1a: free octillery|94/100|[from] Sandstorm
|-heal|p1a: free octillery|100/100|[from] item: Leftovers
|upkeep
|turn|4
|c|☆SmoGonagall|damn rough crit
|
|t:|1728399560
|switch|p2a: Blissey|Blissey, F|100/100
|move|p1a: free octillery|Surf|p2a: Blissey
|-damage|p2a: Blissey|87/100
|
|-weather|Sandstorm|[upkeep]
|-damage|p1a: free octillery|94/100|[from] Sandstorm
|-damage|p2a: Blissey|81/100|[from] Sandstorm
|-heal|p1a: free octillery|100/100|[from] item: Leftovers
|-heal|p2a: Blissey|87/100|[from] item: Leftovers
|upkeep
|turn|5
|
|t:|1728399568
|switch|p1a: Jirachi|Jirachi|100/100
|move|p2a: Blissey|Toxic|p1a: Jirachi
|-immune|p1a: Jirachi
|
|-weather|Sandstorm|[upkeep]
|-damage|p2a: Blissey|81/100|[from] Sandstorm
|-heal|p2a: Blissey|87/100|[from] item: Leftovers
|upkeep
|turn|6
|
|t:|1728399579
|move|p1a: Jirachi|Hidden Power|p2a: Blissey
|-damage|p2a: Blissey|54/100
|move|p2a: Blissey|Thunderbolt|p1a: Jirachi
|-damage|p1a: Jirachi|74/100
|
|-sideend|p1: kingkpak|Reflect
|-weather|Sandstorm|[upkeep]
|-damage|p2a: Blissey|48/100|[from] Sandstorm
|-heal|p1a: Jirachi|80/100|[from] item: Leftovers
|-heal|p2a: Blissey|54/100|[from] item: Leftovers
|upkeep
|turn|7
|
|t:|1728399589
|move|p1a: Jirachi|Body Slam|p2a: Blissey
|-damage|p2a: Blissey|28/100
|move|p2a: Blissey|Soft-Boiled|p2a: Blissey
|-heal|p2a: Blissey|78/100
|
|-weather|Sandstorm|[upkeep]
|-damage|p2a: Blissey|72/100|[from] Sandstorm
|-heal|p1a: Jirachi|86/100|[from] item: Leftovers
|-heal|p2a: Blissey|78/100|[from] item: Leftovers
|upkeep
|turn|8
|
|t:|1728399599
|switch|p2a: Gengar|Gengar, M|100/100
|move|p1a: Jirachi|Body Slam|p2a: Gengar
|-immune|p2a: Gengar
|
|-weather|Sandstorm|[upkeep]
|-damage|p2a: Gengar|94/100|[from] Sandstorm
|-heal|p2a: Gengar|100/100|[from] item: Leftovers
|-heal|p1a: Jirachi|92/100|[from] item: Leftovers
|upkeep
|turn|9
|
|t:|1728399613
|move|p2a: Gengar|Thunderbolt|p1a: Jirachi
|-damage|p1a: Jirachi|59/100
|move|p1a: Jirachi|Light Screen|p1a: Jirachi
|-sidestart|p1: kingkpak|Light Screen
|
|-weather|Sandstorm|[upkeep]
|-damage|p2a: Gengar|94/100|[from] Sandstorm
|-heal|p2a: Gengar|100/100|[from] item: Leftovers
|-heal|p1a: Jirachi|65/100|[from] item: Leftovers
|upkeep
|turn|10
|
|t:|1728399620
|move|p2a: Gengar|Fire Punch|p1a: Jirachi
|-supereffective|p1a: Jirachi
|-damage|p1a: Jirachi|37/100
|-status|p1a: Jirachi|brn
|move|p1a: Jirachi|Hidden Power|p2a: Gengar
|-damage|p2a: Gengar|61/100
|
|-weather|Sandstorm|[upkeep]
|-damage|p2a: Gengar|55/100|[from] Sandstorm
|-heal|p2a: Gengar|61/100|[from] item: Leftovers
|-heal|p1a: Jirachi|43/100 brn|[from] item: Leftovers
|-damage|p1a: Jirachi|31/100 brn|[from] brn
|upkeep
|turn|11
|
|t:|1728399634
|move|p2a: Gengar|Fire Punch|p1a: Jirachi
|-supereffective|p1a: Jirachi
|-damage|p1a: Jirachi|3/100 brn
|move|p1a: Jirachi|Wish|p1a: Jirachi
|
|-weather|Sandstorm|[upkeep]
|-damage|p2a: Gengar|55/100|[from] Sandstorm
|-heal|p2a: Gengar|61/100|[from] item: Leftovers
|-heal|p1a: Jirachi|9/100 brn|[from] item: Leftovers
|-damage|p1a: Jirachi|0 fnt|[from] brn
|faint|p1a: Jirachi
|upkeep
|
|t:|1728399639
|switch|p1a: Aerodactyl|Aerodactyl, F|100/100
|turn|12
|
|t:|1728399647
|switch|p2a: Swampert|Swampert, M|100/100
|move|p1a: Aerodactyl|Rock Slide|p2a: Swampert
|-resisted|p2a: Swampert
|-damage|p2a: Swampert|88/100
|
|-weather|Sandstorm|[upkeep]
|-heal|p2a: Swampert|94/100|[from] item: Leftovers
|upkeep
|turn|13
|
|t:|1728399659
|switch|p1a: free octillery|Suicune|100/100
|move|p2a: Swampert|Earthquake|p1a: free octillery
|-damage|p1a: free octillery|74/100
|
|-sideend|p1: kingkpak|Light Screen
|-weather|Sandstorm|[upkeep]
|-damage|p1a: free octillery|68/100|[from] Sandstorm
|-heal|p1a: free octillery|74/100|[from] item: Leftovers
|-heal|p2a: Swampert|100/100|[from] item: Leftovers
|upkeep
|turn|14
|
|t:|1728399671
|switch|p2a: Blissey|Blissey, F|78/100
|move|p1a: free octillery|Calm Mind|p1a: free octillery
|-boost|p1a: free octillery|spa|1
|-boost|p1a: free octillery|spd|1
|
|-weather|Sandstorm|[upkeep]
|-damage|p1a: free octillery|68/100|[from] Sandstorm
|-damage|p2a: Blissey|72/100|[from] Sandstorm
|-heal|p1a: free octillery|74/100|[from] item: Leftovers
|-heal|p2a: Blissey|78/100|[from] item: Leftovers
|upkeep
|turn|15
|
|t:|1728399686
|move|p1a: free octillery|Calm Mind|p1a: free octillery
|-boost|p1a: free octillery|spa|1
|-boost|p1a: free octillery|spd|1
|move|p2a: Blissey|Toxic|p1a: free octillery
|-status|p1a: free octillery|tox
|
|-weather|Sandstorm|[upkeep]
|-damage|p1a: free octillery|68/100 tox|[from] Sandstorm
|-damage|p2a: Blissey|72/100|[from] Sandstorm
|-heal|p1a: free octillery|74/100 tox|[from] item: Leftovers
|-damage|p1a: free octillery|68/100 tox|[from] psn
|-heal|p2a: Blissey|78/100|[from] item: Leftovers
|upkeep
|turn|16
|
|t:|1728399697
|move|p1a: free octillery|Surf|p2a: Blissey
|-damage|p2a: Blissey|52/100
|move|p2a: Blissey|Thunderbolt|p1a: free octillery
|-supereffective|p1a: free octillery
|-damage|p1a: free octillery|48/100 tox
|
|-weather|Sandstorm|[upkeep]
|-damage|p1a: free octillery|42/100 tox|[from] Sandstorm
|-damage|p2a: Blissey|46/100|[from] Sandstorm
|-heal|p1a: free octillery|48/100 tox|[from] item: Leftovers
|-damage|p1a: free octillery|36/100 tox|[from] psn
|-heal|p2a: Blissey|52/100|[from] item: Leftovers
|upkeep
|turn|17
|
|t:|1728399708
|switch|p1a: Magneton|Magneton|100/100
|move|p2a: Blissey|Thunderbolt|p1a: Magneton
|-resisted|p1a: Magneton
|-damage|p1a: Magneton|78/100
|
|-weather|Sandstorm|[upkeep]
|-damage|p2a: Blissey|46/100|[from] Sandstorm
|-heal|p2a: Blissey|52/100|[from] item: Leftovers
|upkeep
|turn|18
|
|t:|1728399715
|move|p1a: Magneton|Thunderbolt|p2a: Blissey
|-damage|p2a: Blissey|33/100
|-status|p2a: Blissey|par
|move|p2a: Blissey|Soft-Boiled|p2a: Blissey
|-heal|p2a: Blissey|83/100 par
|
|-weather|Sandstorm|[upkeep]
|-damage|p2a: Blissey|76/100 par|[from] Sandstorm
|-heal|p2a: Blissey|83/100 par|[from] item: Leftovers
|upkeep
|turn|19
|
|t:|1728399728
|switch|p1a: Aerodactyl|Aerodactyl, F|100/100
|move|p2a: Blissey|Thunderbolt|p1a: Aerodactyl
|-supereffective|p1a: Aerodactyl
|-damage|p1a: Aerodactyl|25/100
|
|-weather|Sandstorm|[upkeep]
|-damage|p2a: Blissey|76/100 par|[from] Sandstorm
|-heal|p1a: Aerodactyl|31/100|[from] item: Leftovers
|-heal|p2a: Blissey|83/100 par|[from] item: Leftovers
|upkeep
|turn|20
|
|t:|1728399738
|-curestatus|p2a: Blissey|par|[from] ability: Natural Cure
|switch|p2a: Swampert|Swampert, M|100/100
|move|p1a: Aerodactyl|Double-Edge|p2a: Swampert
|-damage|p2a: Swampert|76/100
|
|-weather|Sandstorm|[upkeep]
|-heal|p1a: Aerodactyl|37/100|[from] item: Leftovers
|-heal|p2a: Swampert|83/100|[from] item: Leftovers
|upkeep
|turn|21
|
|t:|1728399753
|move|p1a: Aerodactyl|Double-Edge|p2a: Swampert
|-damage|p2a: Swampert|57/100
|move|p2a: Swampert|Hydro Pump|p1a: Aerodactyl
|-supereffective|p1a: Aerodactyl
|-damage|p1a: Aerodactyl|0 fnt
|faint|p1a: Aerodactyl
|
|t:|1728399757
|switch|p1a: free octillery|Suicune|36/100 tox
|
|-weather|Sandstorm|[upkeep]
|-damage|p1a: free octillery|30/100 tox|[from] Sandstorm
|-heal|p1a: free octillery|36/100 tox|[from] item: Leftovers
|-damage|p1a: free octillery|30/100 tox|[from] psn
|-heal|p2a: Swampert|63/100|[from] item: Leftovers
|upkeep
|turn|22
|
|t:|1728399772
|move|p1a: free octillery|Hidden Power|p2a: Swampert
|-supereffective|p2a: Swampert
|-damage|p2a: Swampert|0 fnt
|faint|p2a: Swampert
|
|t:|1728399782
|switch|p2a: Gengar|Gengar, M|61/100
|
|-weather|Sandstorm|[upkeep]
|-damage|p2a: Gengar|55/100|[from] Sandstorm
|-damage|p1a: free octillery|24/100 tox|[from] Sandstorm
|-heal|p2a: Gengar|61/100|[from] item: Leftovers
|-heal|p1a: free octillery|30/100 tox|[from] item: Leftovers
|-damage|p1a: free octillery|18/100 tox|[from] psn
|upkeep
|turn|23
|c|☆SmoGonagall|didnt expect hp grass there good move
|
|t:|1728399798
|move|p2a: Gengar|Thunderbolt|p1a: free octillery
|-supereffective|p1a: free octillery
|-damage|p1a: free octillery|0 fnt
|faint|p1a: free octillery
|c|☆kingkpak|ya im just trying to save my pride right now XD
|
|t:|1728399812
|switch|p1a: Magneton|Magneton|78/100
|
|-weather|Sandstorm|[upkeep]
|-damage|p2a: Gengar|55/100|[from] Sandstorm
|-heal|p2a: Gengar|61/100|[from] item: Leftovers
|upkeep
|turn|24
|c|☆SmoGonagall|lolol you had brutal rng in the beginning the crit into the burn was rough
|
|t:|1728399830
|move|p2a: Gengar|Fire Punch|p1a: Magneton
|-supereffective|p1a: Magneton
|-damage|p1a: Magneton|0 fnt
|faint|p1a: Magneton
|
|win|SmoGonagall
|c|☆kingkpak|yes i know jsut unfortunate for my aggro playstyle

</script>
<script type="application/json" class="data" id="replaydata-smogtours-gen3ou-796358">
{"id":"smogtours-gen3ou-796358","format":"[Gen 3] OU","players":["kingkpak","SmoGonagall"],"uploadtime":1728399830,"views":151,"formatid":"gen3ou","rating":null,"private":0,"password":null}
</script>

<script defer src="js/replays.js?9d40a366"></script>
