<!DOCTYPE html>
<meta charset="utf-8" />
<meta name="viewport" content="width=device-width" />

<title>[Gen 3] OU: plzzazz vs. pkleech - Replays - Pok&eacute;mon Showdown!</title>

<meta name="description" content="Watch a replay of a Pok&eacute;mon battle between plzzazz and pkleech! Format: [Gen 3] OU; Date: Oct 10, 2024" />
<!--

Hey, you! Looking in the source for the replay log?

You can find them in JSON format, just add `.json` at the end of a replay URL.

https://replay.pokemonshowdown.com/gen7randomdoublesbattle-865046831.json

Or, if you only need the log itself, add `.log` instead:

https://replay.pokemonshowdown.com/gen7randomdoublesbattle-865046831.log

-->

<link rel="stylesheet" href="//pokemonshowdown.com/style/global.css?0.023195364461161105" />
<link rel="stylesheet" href="//play.pokemonshowdown.com/style/font-awesome.css?0.13261647063804238" />
<link rel="stylesheet" href="//play.pokemonshowdown.com/style/battle.css?0.8753245789963631" />
<link rel="stylesheet" href="//play.pokemonshowdown.com/style/utilichart.css?0.8627959624976733" />

<!-- Global site tag (gtag.js) - Google Analytics -->
<script async src="https://www.googletagmanager.com/gtag/js?id=UA-26211653-1"></script>
<script>
  window.dataLayer = window.dataLayer || [];
  function gtag(){dataLayer.push(arguments);}
  gtag('js', new Date());

  gtag('config', 'UA-26211653-1');
</script>
<!-- End Google Analytics -->
<!-- Venatus Ad Manager - Install in <HEAD> of page -->
	<script src="https://hb.vntsm.com/v3/live/ad-manager.min.js" type="text/javascript" data-site-id="642aba63ec9a7b11c3c9c1be" data-mode="scan" async></script>
<!-- / Venatus Ad Manager -->

<style>
	@media (max-width:820px) {
		.battle {
			margin: 0 auto;
		}
		.battle-log {
			margin: 7px auto 0;
			max-width: 640px;
			height: 300px;
			position: static;
		}
	}
	.optgroup {
		display: inline-block;
		line-height: 22px;
		font-size: 10pt;
	}
	.optgroup .button {
		height: 25px;
		padding-top: 0;
		padding-bottom: 0;
	}
	.optgroup button.button {
		padding-left: 12px;
		padding-right: 12px;
	}
	.linklist {
		list-style: none;
		margin: 0.5em 0;
		padding: 0;
	}
	.linklist li {
		padding: 2px 0;
	}
	.sidebar {
		float: left;
		width: 320px;
	}
	.bar-wrapper {
		max-width: 1100px;
		margin: 0 auto;
	}
	.bar-wrapper.has-sidebar {
		max-width: 1430px;
	}
	.mainbar {
		margin: 0;
		padding-right: 1px;
	}
	.mainbar.has-sidebar {
		margin-left: 330px;
	}
	@media (min-width: 1511px) {
		.sidebar {
			width: 400px;
		}
		.bar-wrapper.has-sidebar {
			max-width: 1510px;
		}
		.mainbar.has-sidebar {
			margin-left: 410px;
		}
	}
	.section.first-section {
		margin-top: 9px;
	}
	.blocklink small {
		white-space: normal;
	}
	.button {
		vertical-align: middle;
	}
	.replay-controls {
		padding-top: 10px;
	}
	.replay-controls h1 {
		font-size: 16pt;
		font-weight: normal;
		color: #CCC;
	}
	.pagelink {
		text-align: center;
	}
	.pagelink a {
		width: 150px;
	}
	.textbox, .button {
		font-size: 11pt;
		vertical-align: middle;
	}
	@media (max-width: 450px) {
		.button {
			font-size: 9pt;
		}
	}
</style>

<div>

	<header>
		<div class="nav-wrapper"><ul class="nav">
			<li><a class="button nav-first" href="//pokemonshowdown.com/"><img src="//pokemonshowdown.com/images/pokemonshowdownbeta.png" srcset="//pokemonshowdown.com/images/pokemonshowdownbeta.png 1x, //pokemonshowdown.com/images/pokemonshowdownbeta@2x.png 2x" alt="Pok&eacute;mon Showdown" width="146" height="44" /> Home</a></li>
			<li><a class="button" href="//pokemonshowdown.com/dex/">Pok&eacute;dex</a></li>
			<li><a class="button cur" href="/">Replays</a></li>
			<li><a class="button" href="//pokemonshowdown.com/ladder/">Ladder</a></li>
			<li><a class="button nav-last" href="//pokemonshowdown.com/forums/">Forum</a></li>
			<li><a class="button greenbutton nav-first nav-last" href="//play.pokemonshowdown.com/">Play</a></li>
		</ul></div>
	</header>

	<div class="main" id="main">

		<noscript><section class="section">You need to enable JavaScript to use this page; sorry!</section></noscript>

	</div>

</div>

<script defer nomodule src="//play.pokemonshowdown.com/js/lib/ps-polyfill.js"></script>
<script defer src="//play.pokemonshowdown.com/js/lib/preact.min.js"></script>

<script defer src="//play.pokemonshowdown.com/config/config.js?2bddbc15"></script>
<script defer src="//play.pokemonshowdown.com/js/lib/jquery-1.11.0.min.js"></script>
<script defer src="//play.pokemonshowdown.com/js/lib/html-sanitizer-minified.js"></script>
<script defer src="//play.pokemonshowdown.com/js/battle-sound.js"></script>
<script defer src="//play.pokemonshowdown.com/js/battledata.js?0.7209276989879541"></script>
<script defer src="//play.pokemonshowdown.com/data/pokedex-mini.js?0.6111056340867951"></script>
<script defer src="//play.pokemonshowdown.com/data/pokedex-mini-bw.js?0.3532142036491459"></script>
<script defer src="//play.pokemonshowdown.com/data/graphics.js?0.24223875632456182"></script>
<script defer src="//play.pokemonshowdown.com/data/pokedex.js?0.38839984266356864"></script>
<script defer src="//play.pokemonshowdown.com/data/moves.js?0.21866028504024015"></script>
<script defer src="//play.pokemonshowdown.com/data/abilities.js?0.2005157953846628"></script>
<script defer src="//play.pokemonshowdown.com/data/items.js?0.9894211263848525"></script>
<script defer src="//play.pokemonshowdown.com/data/teambuilder-tables.js?0.6008791140282215"></script>
<script defer src="//play.pokemonshowdown.com/js/battle-tooltips.js?0.7580118955022959"></script>
<script defer src="//play.pokemonshowdown.com/js/battle.js?0.6057722274234274"></script>

<script defer src="js/utils.js?e31f9a17"></script>
<script defer src="js/replays-battle.js?7008c182"></script>

<!-- don't scrape this data! just add .json or .log after the URL!
Full API docs: https://github.com/smogon/pokemon-showdown-client/blob/master/WEB-API.md -->
<script type="text/plain" class="log" id="replaylog-smogtours-gen3ou-796936">
|inactive|Battle timer is ON: inactive players will automatically lose when time's up.
|t:|1728582398
|gametype|singles
|player|p1|plzzazz|pokemonbreederf-gen4|
|player|p2|pkleech|pokemonbreeder-gen4|
|teamsize|p1|6
|teamsize|p2|6
|gen|3
|tier|[Gen 3] OU
|rule|Sleep Clause Mod: Limit one foe put to sleep
|rule|Switch Priority Clause Mod: Faster Pokémon switch first
|rule|Species Clause: Limit one of each Pokémon
|rule|OHKO Clause: OHKO moves are banned
|rule|Evasion Items Clause: Evasion items are banned
|rule|Evasion Moves Clause: Evasion moves are banned
|rule|Endless Battle Clause: Forcing endless battles is banned
|rule|HP Percentage Mod: HP is shown in percentages
|rule|One Boost Passer Clause: Limit one Baton Passer that has a way to boost its stats
|rule|Freeze Clause Mod: Limit one foe frozen
|
|t:|1728582398
|start
|switch|p1a: Tyranitar|Tyranitar, M|100/100
|switch|p2a: Tyranitar|Tyranitar, M|100/100
|-weather|Sandstorm|[from] ability: Sand Stream|[of] p1a: Tyranitar
|turn|1
|c|☆pkleech|hf
|c|☆plzzazz|u2
|
|t:|1728582415
|switch|p1a: Swampert|Swampert, M|100/100
|switch|p2a: Forretress|Forretress, F|100/100
|
|-weather|Sandstorm|[upkeep]
|upkeep
|turn|2
|
|t:|1728582421
|move|p1a: Swampert|Hydro Pump|p2a: Forretress
|-damage|p2a: Forretress|62/100
|move|p2a: Forretress|Spikes|p1a: Swampert
|-sidestart|p1: plzzazz|Spikes
|
|-weather|Sandstorm|[upkeep]
|-heal|p2a: Forretress|68/100|[from] item: Leftovers
|upkeep
|turn|3
|
|t:|1728582438
|switch|p2a: Swampert|Swampert, M|100/100
|move|p1a: Swampert|Hydro Pump|p2a: Swampert
|-damage|p2a: Swampert|66/100
|
|-weather|Sandstorm|[upkeep]
|-heal|p2a: Swampert|72/100|[from] item: Leftovers
|upkeep
|turn|4
|
|t:|1728582443
|switch|p1a: Cloyster|Cloyster, F|100/100
|-damage|p1a: Cloyster|88/100|[from] Spikes
|move|p2a: Swampert|Toxic|p1a: Cloyster
|-status|p1a: Cloyster|tox
|
|-weather|Sandstorm|[upkeep]
|-damage|p1a: Cloyster|82/100 tox|[from] Sandstorm
|-heal|p1a: Cloyster|88/100 tox|[from] item: Leftovers
|-damage|p1a: Cloyster|82/100 tox|[from] psn
|-heal|p2a: Swampert|78/100|[from] item: Leftovers
|upkeep
|turn|5
|
|t:|1728582470
|switch|p2a: Forretress|Forretress, F|68/100
|move|p1a: Cloyster|Spikes|p2a: Forretress
|-sidestart|p2: pkleech|Spikes
|
|-weather|Sandstorm|[upkeep]
|-damage|p1a: Cloyster|76/100 tox|[from] Sandstorm
|-heal|p1a: Cloyster|82/100 tox|[from] item: Leftovers
|-damage|p1a: Cloyster|69/100 tox|[from] psn
|-heal|p2a: Forretress|75/100|[from] item: Leftovers
|upkeep
|turn|6
|
|t:|1728582486
|switch|p1a: Swampert|Swampert, M|100/100
|-damage|p1a: Swampert|88/100|[from] Spikes
|move|p2a: Forretress|Spikes|p1a: Swampert
|-sidestart|p1: plzzazz|Spikes
|
|-weather|Sandstorm|[upkeep]
|-heal|p1a: Swampert|94/100|[from] item: Leftovers
|-heal|p2a: Forretress|81/100|[from] item: Leftovers
|upkeep
|turn|7
|
|t:|1728582502
|switch|p2a: Salamence|Salamence, M|100/100
|-ability|p2a: Salamence|Intimidate|boost
|-unboost|p1a: Swampert|atk|1
|move|p1a: Swampert|Hydro Pump|p2a: Salamence
|-resisted|p2a: Salamence
|-damage|p2a: Salamence|75/100
|
|-weather|Sandstorm|[upkeep]
|-damage|p2a: Salamence|68/100|[from] Sandstorm
|-heal|p2a: Salamence|75/100|[from] item: Leftovers
|-heal|p1a: Swampert|100/100|[from] item: Leftovers
|upkeep
|turn|8
|
|t:|1728582516
|switch|p2a: Blissey|Blissey, F|100/100
|-damage|p2a: Blissey|88/100|[from] Spikes
|switch|p1a: Aerodactyl|Aerodactyl, F|100/100
|
|-weather|Sandstorm|[upkeep]
|-damage|p2a: Blissey|82/100|[from] Sandstorm
|-heal|p2a: Blissey|88/100|[from] item: Leftovers
|upkeep
|turn|9
|inactive|pkleech has 270 seconds left.
|
|t:|1728582549
|switch|p1a: Cloyster|Cloyster, F|69/100 tox
|-damage|p1a: Cloyster|53/100 tox|[from] Spikes
|move|p2a: Blissey|Ice Beam|p1a: Cloyster
|-resisted|p1a: Cloyster
|-damage|p1a: Cloyster|42/100 tox
|
|-weather|Sandstorm|[upkeep]
|-damage|p1a: Cloyster|36/100 tox|[from] Sandstorm
|-damage|p2a: Blissey|82/100|[from] Sandstorm
|-heal|p1a: Cloyster|42/100 tox|[from] item: Leftovers
|-damage|p1a: Cloyster|36/100 tox|[from] psn
|-heal|p2a: Blissey|88/100|[from] item: Leftovers
|upkeep
|turn|10
|
|t:|1728582560
|move|p1a: Cloyster|Rapid Spin|p2a: Blissey
|-crit|p2a: Blissey
|-damage|p2a: Blissey|79/100
|-sideend|p1: plzzazz|Spikes|[from] move: Rapid Spin|[of] p1a: Cloyster
|move|p2a: Blissey|Thunderbolt|p1a: Cloyster
|-supereffective|p1a: Cloyster
|-damage|p1a: Cloyster|0 fnt
|faint|p1a: Cloyster
|
|t:|1728582572
|switch|p1a: Tyranitar|Tyranitar, M|100/100
|
|-weather|Sandstorm|[upkeep]
|-damage|p2a: Blissey|73/100|[from] Sandstorm
|-heal|p2a: Blissey|79/100|[from] item: Leftovers
|upkeep
|turn|11
|inactive|pkleech has 240 seconds left.
|inactive|pkleech has 210 seconds left.
|inactive|pkleech has 180 seconds left.
|
|t:|1728582676
|switch|p2a: Salamence|Salamence, M|75/100
|-ability|p2a: Salamence|Intimidate|boost
|-unboost|p1a: Tyranitar|atk|1
|move|p1a: Tyranitar|Double-Edge|p2a: Salamence
|-damage|p2a: Salamence|40/100
|-damage|p1a: Tyranitar|91/100|[from] Recoil|[of] p2a: Salamence
|
|-weather|Sandstorm|[upkeep]
|-damage|p2a: Salamence|34/100|[from] Sandstorm
|-heal|p2a: Salamence|40/100|[from] item: Leftovers
|-heal|p1a: Tyranitar|97/100|[from] item: Leftovers
|upkeep
|turn|12
|inactive|plzzazz has 270 seconds left.
|inactive|plzzazz has 240 seconds left.
|
|t:|1728582733
|switch|p1a: Aerodactyl|Aerodactyl, F|100/100
|move|p2a: Salamence|Brick Break|p1a: Aerodactyl
|-damage|p1a: Aerodactyl|67/100
|
|-weather|Sandstorm|[upkeep]
|-damage|p2a: Salamence|34/100|[from] Sandstorm
|-heal|p2a: Salamence|40/100|[from] item: Leftovers
|upkeep
|turn|13
|inactive|plzzazz has 240 seconds left.
|inactive|pkleech has 150 seconds left.
|inactive|plzzazz has 210 seconds left.
|
|t:|1728582779
|switch|p2a: Tyranitar|Tyranitar, M|100/100
|-damage|p2a: Tyranitar|88/100|[from] Spikes
|move|p1a: Aerodactyl|Rock Slide|p2a: Tyranitar
|-damage|p2a: Tyranitar|51/100
|
|-weather|Sandstorm|[upkeep]
|-heal|p2a: Tyranitar|57/100|[from] item: Leftovers
|upkeep
|turn|14
|inactive|plzzazz has 210 seconds left.
|
|t:|1728582795
|switch|p1a: Metagross|Metagross|100/100
|move|p2a: Tyranitar|Crunch|p1a: Metagross
|-damage|p1a: Metagross|58/100
|
|-weather|Sandstorm|[upkeep]
|-heal|p1a: Metagross|64/100|[from] item: Leftovers
|-heal|p2a: Tyranitar|63/100|[from] item: Leftovers
|upkeep
|turn|15
|inactive|pkleech has 150 seconds left.
|
|t:|1728582808
|switch|p2a: Forretress|Forretress, F|81/100
|-damage|p2a: Forretress|68/100|[from] Spikes
|move|p1a: Metagross|Earthquake|p2a: Forretress
|-damage|p2a: Forretress|46/100
|
|-weather|Sandstorm|[upkeep]
|-heal|p1a: Metagross|70/100|[from] item: Leftovers
|-heal|p2a: Forretress|52/100|[from] item: Leftovers
|upkeep
|turn|16
|inactive|plzzazz has 210 seconds left.
|inactive|pkleech has 150 seconds left.
|
|t:|1728582817
|move|p1a: Metagross|Earthquake|p2a: Forretress
|-damage|p2a: Forretress|32/100
|move|p2a: Forretress|Spikes|p1a: Metagross
|-sidestart|p1: plzzazz|Spikes
|
|-weather|Sandstorm|[upkeep]
|-heal|p1a: Metagross|76/100|[from] item: Leftovers
|-heal|p2a: Forretress|38/100|[from] item: Leftovers
|upkeep
|turn|17
|inactive|pkleech has 150 seconds left.
|
|t:|1728582854
|move|p1a: Metagross|Earthquake|p2a: Forretress
|-damage|p2a: Forretress|15/100
|move|p2a: Forretress|Spikes|p1a: Metagross
|-sidestart|p1: plzzazz|Spikes
|
|-weather|Sandstorm|[upkeep]
|-heal|p1a: Metagross|82/100|[from] item: Leftovers
|-heal|p2a: Forretress|22/100|[from] item: Leftovers
|upkeep
|turn|18
|
|t:|1728582867
|move|p1a: Metagross|Earthquake|p2a: Forretress
|-damage|p2a: Forretress|0 fnt
|faint|p2a: Forretress
|inactive|pkleech has 120 seconds left.
|
|t:|1728582891
|switch|p2a: Salamence|Salamence, M|40/100
|-ability|p2a: Salamence|Intimidate|boost
|-fail|p1a: Metagross|unboost|[from] ability: Clear Body|[of] p1a: Metagross
|
|-weather|Sandstorm|[upkeep]
|-damage|p2a: Salamence|34/100|[from] Sandstorm
|-heal|p2a: Salamence|40/100|[from] item: Leftovers
|-heal|p1a: Metagross|89/100|[from] item: Leftovers
|upkeep
|turn|19
|
|t:|1728582896
|switch|p1a: Aerodactyl|Aerodactyl, F|67/100
|move|p2a: Salamence|Flamethrower|p1a: Aerodactyl
|-resisted|p1a: Aerodactyl
|-damage|p1a: Aerodactyl|46/100
|
|-weather|Sandstorm|[upkeep]
|-damage|p2a: Salamence|34/100|[from] Sandstorm
|-heal|p2a: Salamence|40/100|[from] item: Leftovers
|upkeep
|turn|20
|inactive|plzzazz has 240 seconds left.
|inactive|pkleech has 120 seconds left.
|
|t:|1728582934
|switch|p2a: Swampert|Swampert, M|78/100
|-damage|p2a: Swampert|66/100|[from] Spikes
|move|p1a: Aerodactyl|Rock Slide|p2a: Swampert
|-resisted|p2a: Swampert
|-damage|p2a: Swampert|47/100
|
|-weather|Sandstorm|[upkeep]
|-heal|p2a: Swampert|53/100|[from] item: Leftovers
|upkeep
|turn|21
|
|t:|1728582941
|switch|p1a: Metagross|Metagross|89/100
|-damage|p1a: Metagross|72/100|[from] Spikes
|move|p2a: Swampert|Surf|p1a: Metagross
|-damage|p1a: Metagross|37/100
|
|-weather|Sandstorm|[upkeep]
|-heal|p1a: Metagross|43/100|[from] item: Leftovers
|-heal|p2a: Swampert|59/100|[from] item: Leftovers
|upkeep
|turn|22
|inactive|pkleech has 90 seconds left.
|
|t:|1728582979
|move|p1a: Metagross|Earthquake|p2a: Swampert
|-damage|p2a: Swampert|38/100
|move|p2a: Swampert|Surf|p1a: Metagross
|-damage|p1a: Metagross|7/100
|
|-weather|Sandstorm|[upkeep]
|-heal|p1a: Metagross|13/100|[from] item: Leftovers
|-heal|p2a: Swampert|44/100|[from] item: Leftovers
|upkeep
|turn|23
|inactive|pkleech has 60 seconds left.
|
|t:|1728583021
|move|p2a: Swampert|Protect|p2a: Swampert
|-singleturn|p2a: Swampert|Protect
|move|p1a: Metagross|Hidden Power|p2a: Swampert
|-activate|p2a: Swampert|Protect
|
|-weather|Sandstorm|[upkeep]
|-heal|p1a: Metagross|19/100|[from] item: Leftovers
|-heal|p2a: Swampert|50/100|[from] item: Leftovers
|upkeep
|turn|24
|inactive|pkleech has 30 seconds left.
|inactive|plzzazz has 240 seconds left.
|
|t:|1728583062
|switch|p2a: Salamence|Salamence, M|40/100
|-ability|p2a: Salamence|Intimidate|boost
|-fail|p1a: Metagross|unboost|[from] ability: Clear Body|[of] p1a: Metagross
|move|p1a: Metagross|Thunder Punch|p2a: Salamence
|-damage|p2a: Salamence|10/100
|
|-weather|Sandstorm|[upkeep]
|-damage|p2a: Salamence|4/100|[from] Sandstorm
|-heal|p2a: Salamence|10/100|[from] item: Leftovers
|-heal|p1a: Metagross|25/100|[from] item: Leftovers
|upkeep
|turn|25
|inactive|pkleech has 30 seconds left.
|inactive|plzzazz has 240 seconds left.
|inactive|pkleech has 20 seconds left.
|
|t:|1728583079
|move|p2a: Salamence|Flamethrower|p1a: Metagross
|-supereffective|p1a: Metagross
|-damage|p1a: Metagross|0 fnt
|faint|p1a: Metagross
|inactive|pkleech has 25 seconds left this turn.
|
|t:|1728583082
|switch|p1a: Jolteon|Jolteon, M|100/100
|-damage|p1a: Jolteon|84/100|[from] Spikes
|
|-weather|Sandstorm|[upkeep]
|-damage|p1a: Jolteon|78/100|[from] Sandstorm
|-damage|p2a: Salamence|4/100|[from] Sandstorm
|-heal|p1a: Jolteon|84/100|[from] item: Leftovers
|-heal|p2a: Salamence|10/100|[from] item: Leftovers
|upkeep
|turn|26
|inactive|pkleech has 30 seconds left.
|inactive|plzzazz has 240 seconds left.
|
|t:|1728583095
|switch|p2a: Blissey|Blissey, F|79/100
|-damage|p2a: Blissey|67/100|[from] Spikes
|move|p1a: Jolteon|Roar|p2a: Blissey
|drag|p2a: Salamence|Salamence, M|10/100
|-ability|p2a: Salamence|Intimidate|boost
|-unboost|p1a: Jolteon|atk|1
|
|-weather|Sandstorm|[upkeep]
|-damage|p1a: Jolteon|78/100|[from] Sandstorm
|-damage|p2a: Salamence|4/100|[from] Sandstorm
|-heal|p1a: Jolteon|84/100|[from] item: Leftovers
|-heal|p2a: Salamence|10/100|[from] item: Leftovers
|upkeep
|turn|27
|inactive|pkleech has 30 seconds left.
|
|t:|1728583108
|switch|p2a: Blissey|Blissey, F|67/100
|-damage|p2a: Blissey|54/100|[from] Spikes
|move|p1a: Jolteon|Thunderbolt|p2a: Blissey
|-damage|p2a: Blissey|37/100
|
|-weather|Sandstorm|[upkeep]
|-damage|p1a: Jolteon|78/100|[from] Sandstorm
|-damage|p2a: Blissey|31/100|[from] Sandstorm
|-heal|p1a: Jolteon|84/100|[from] item: Leftovers
|-heal|p2a: Blissey|37/100|[from] item: Leftovers
|upkeep
|turn|28
|inactive|pkleech has 30 seconds left.
|inactive|pkleech has 20 seconds left.
|
|t:|1728583124
|move|p2a: Blissey|Ice Beam|p1a: Jolteon
|-damage|p1a: Jolteon|54/100
|move|p1a: Jolteon|Roar|p2a: Blissey
|drag|p2a: Swampert|Swampert, M|50/100
|-damage|p2a: Swampert|38/100|[from] Spikes
|
|-weather|Sandstorm|[upkeep]
|-damage|p1a: Jolteon|47/100|[from] Sandstorm
|-heal|p1a: Jolteon|54/100|[from] item: Leftovers
|-heal|p2a: Swampert|44/100|[from] item: Leftovers
|upkeep
|turn|29
|inactive|pkleech has 30 seconds left this turn.
|
|t:|1728583132
|move|p2a: Swampert|Protect|p2a: Swampert
|-singleturn|p2a: Swampert|Protect
|move|p1a: Jolteon|Hidden Power|p2a: Swampert
|-activate|p2a: Swampert|Protect
|
|-weather|Sandstorm|[upkeep]
|-damage|p1a: Jolteon|47/100|[from] Sandstorm
|-heal|p1a: Jolteon|54/100|[from] item: Leftovers
|-heal|p2a: Swampert|50/100|[from] item: Leftovers
|upkeep
|turn|30
|inactive|pkleech has 30 seconds left.
|inactive|pkleech has 20 seconds left.
|inactive|pkleech has 15 seconds left.
|
|t:|1728583152
|switch|p2a: Salamence|Salamence, M|10/100
|-ability|p2a: Salamence|Intimidate|boost
|-unboost|p1a: Jolteon|atk|1
|move|p1a: Jolteon|Hidden Power|p2a: Salamence
|-resisted|p2a: Salamence
|-damage|p2a: Salamence|3/100
|
|-weather|Sandstorm|[upkeep]
|-damage|p1a: Jolteon|47/100|[from] Sandstorm
|-damage|p2a: Salamence|0 fnt|[from] Sandstorm
|faint|p2a: Salamence
|-heal|p1a: Jolteon|54/100|[from] item: Leftovers
|upkeep
|inactive|pkleech has 20 seconds left this turn.
|inactive|pkleech has 15 seconds left.
|
|t:|1728583158
|switch|p2a: Blissey|Blissey, F|37/100
|-damage|p2a: Blissey|25/100|[from] Spikes
|turn|31
|inactive|pkleech has 25 seconds left this turn.
|inactive|plzzazz has 270 seconds left.
|
|t:|1728583169
|switch|p1a: Tyranitar|Tyranitar, M|97/100
|-damage|p1a: Tyranitar|80/100|[from] Spikes
|move|p2a: Blissey|Soft-Boiled|p2a: Blissey
|-heal|p2a: Blissey|75/100
|
|-weather|Sandstorm|[upkeep]
|-damage|p2a: Blissey|68/100|[from] Sandstorm
|-heal|p1a: Tyranitar|87/100|[from] item: Leftovers
|-heal|p2a: Blissey|75/100|[from] item: Leftovers
|upkeep
|turn|32
|inactive|pkleech has 30 seconds left.
|
|t:|1728583176
|switch|p2a: Swampert|Swampert, M|50/100
|-damage|p2a: Swampert|38/100|[from] Spikes
|move|p1a: Tyranitar|Dragon Dance|p1a: Tyranitar
|-boost|p1a: Tyranitar|atk|1
|-boost|p1a: Tyranitar|spe|1
|
|-weather|Sandstorm|[upkeep]
|-heal|p1a: Tyranitar|93/100|[from] item: Leftovers
|-heal|p2a: Swampert|44/100|[from] item: Leftovers
|upkeep
|turn|33
|inactive|pkleech has 30 seconds left.
|inactive|plzzazz has 270 seconds left.
|
|t:|1728583223
|move|p1a: Tyranitar|Dragon Dance|p1a: Tyranitar
|-boost|p1a: Tyranitar|atk|1
|-boost|p1a: Tyranitar|spe|1
|move|p2a: Swampert|Surf|p1a: Tyranitar
|-supereffective|p1a: Tyranitar
|-damage|p1a: Tyranitar|42/100
|
|-weather|Sandstorm|[upkeep]
|-heal|p1a: Tyranitar|48/100|[from] item: Leftovers
|-heal|p2a: Swampert|50/100|[from] item: Leftovers
|upkeep
|turn|34
|inactive|pkleech has 30 seconds left.
|inactive|pkleech has 20 seconds left.
|inactive|pkleech has 15 seconds left.
|
|t:|1728583250
|move|p2a: Swampert|Protect|p2a: Swampert
|-singleturn|p2a: Swampert|Protect
|move|p1a: Tyranitar|Double-Edge|p2a: Swampert
|-activate|p2a: Swampert|Protect
|
|-weather|Sandstorm|[upkeep]
|-heal|p1a: Tyranitar|54/100|[from] item: Leftovers
|-heal|p2a: Swampert|57/100|[from] item: Leftovers
|upkeep
|turn|35
|inactive|pkleech has 25 seconds left this turn.
|inactive|pkleech has 20 seconds left.
|
|t:|1728583256
|move|p1a: Tyranitar|Double-Edge|p2a: Swampert
|-damage|p2a: Swampert|2/100
|-damage|p1a: Tyranitar|35/100|[from] Recoil|[of] p2a: Swampert
|move|p2a: Swampert|Surf|p1a: Tyranitar
|-supereffective|p1a: Tyranitar
|-damage|p1a: Tyranitar|0 fnt
|faint|p1a: Tyranitar
|inactive|pkleech has 25 seconds left this turn.
|
|t:|1728583266
|switch|p1a: Jolteon|Jolteon, M|54/100
|-damage|p1a: Jolteon|37/100|[from] Spikes
|
|-weather|Sandstorm|[upkeep]
|-damage|p1a: Jolteon|31/100|[from] Sandstorm
|-heal|p1a: Jolteon|37/100|[from] item: Leftovers
|-heal|p2a: Swampert|8/100|[from] item: Leftovers
|upkeep
|turn|36
|inactive|pkleech has 30 seconds left.
|
|t:|1728583279
|switch|p2a: Blissey|Blissey, F|75/100
|-damage|p2a: Blissey|62/100|[from] Spikes
|move|p1a: Jolteon|Hidden Power|p2a: Blissey
|-damage|p2a: Blissey|53/100
|
|-weather|Sandstorm|[upkeep]
|-damage|p1a: Jolteon|31/100|[from] Sandstorm
|-damage|p2a: Blissey|47/100|[from] Sandstorm
|-heal|p1a: Jolteon|37/100|[from] item: Leftovers
|-heal|p2a: Blissey|53/100|[from] item: Leftovers
|upkeep
|turn|37
|inactive|pkleech has 30 seconds left.
|
|t:|1728583286
|move|p2a: Blissey|Ice Beam|p1a: Jolteon
|-damage|p1a: Jolteon|6/100
|move|p1a: Jolteon|Roar|p2a: Blissey
|drag|p2a: Aerodactyl|Aerodactyl, M|100/100
|
|-weather|Sandstorm|[upkeep]
|-damage|p1a: Jolteon|0 fnt|[from] Sandstorm
|faint|p1a: Jolteon
|upkeep
|
|t:|1728583289
|switch|p1a: Swampert|Swampert, M|100/100
|-damage|p1a: Swampert|84/100|[from] Spikes
|turn|38
|inactive|pkleech has 30 seconds left.
|
|t:|1728583313
|switch|p2a: Blissey|Blissey, F|53/100
|-damage|p2a: Blissey|41/100|[from] Spikes
|move|p1a: Swampert|Earthquake|p2a: Blissey
|-damage|p2a: Blissey|4/100
|
|-weather|Sandstorm|[upkeep]
|-damage|p2a: Blissey|0 fnt|[from] Sandstorm
|faint|p2a: Blissey
|-heal|p1a: Swampert|90/100|[from] item: Leftovers
|upkeep
|inactive|pkleech has 30 seconds left this turn.
|
|t:|1728583319
|switch|p2a: Tyranitar|Tyranitar, M|63/100
|-damage|p2a: Tyranitar|51/100|[from] Spikes
|turn|39
|inactive|pkleech has 30 seconds left.
|
|t:|1728583325
|move|p2a: Tyranitar|Hidden Power|p1a: Swampert
|-supereffective|p1a: Swampert
|-damage|p1a: Swampert|13/100
|move|p1a: Swampert|Earthquake|p2a: Tyranitar
|-supereffective|p2a: Tyranitar
|-damage|p2a: Tyranitar|0 fnt
|faint|p2a: Tyranitar
|inactive|pkleech has 30 seconds left.
|
|t:|1728583331
|switch|p2a: Aerodactyl|Aerodactyl, M|100/100
|
|-weather|Sandstorm|[upkeep]
|-heal|p1a: Swampert|20/100|[from] item: Leftovers
|upkeep
|turn|40
|c|☆plzzazz|and it comes down to the tie i think
|
|t:|1728583338
|move|p1a: Swampert|Protect|p1a: Swampert
|-singleturn|p1a: Swampert|Protect
|move|p2a: Aerodactyl|Double-Edge|p1a: Swampert
|-activate|p1a: Swampert|Protect
|
|-weather|Sandstorm|[upkeep]
|-heal|p1a: Swampert|26/100|[from] item: Leftovers
|upkeep
|turn|41
|c|☆pkleech|does indeed
|
|t:|1728583362
|move|p1a: Swampert|Protect|p1a: Swampert
|-singleturn|p1a: Swampert|Protect
|move|p2a: Aerodactyl|Double-Edge|p1a: Swampert
|-activate|p1a: Swampert|Protect
|
|-weather|Sandstorm|[upkeep]
|-heal|p1a: Swampert|32/100|[from] item: Leftovers
|upkeep
|turn|42
|
|t:|1728583369
|move|p1a: Swampert|Protect|p1a: Swampert
|-singleturn|p1a: Swampert|Protect
|move|p2a: Aerodactyl|Double-Edge|p1a: Swampert
|-activate|p1a: Swampert|Protect
|
|-weather|Sandstorm|[upkeep]
|-heal|p1a: Swampert|38/100|[from] item: Leftovers
|upkeep
|turn|43
|c|☆plzzazz|nm im the best
|c|☆pkleech|yikes
|
|t:|1728583373
|move|p2a: Aerodactyl|Double-Edge|p1a: Swampert
|-damage|p1a: Swampert|2/100
|move|p1a: Swampert|Hydro Pump|p2a: Aerodactyl|[miss]
|-miss|p1a: Swampert|p2a: Aerodactyl
|
|-weather|Sandstorm|[upkeep]
|-heal|p1a: Swampert|9/100|[from] item: Leftovers
|upkeep
|turn|44
|c|☆pkleech|lmao
|
|t:|1728583381
|move|p2a: Aerodactyl|Double-Edge|p1a: Swampert
|-damage|p1a: Swampert|0 fnt
|faint|p1a: Swampert
|
|t:|1728583383
|switch|p1a: Aerodactyl|Aerodactyl, F|46/100
|
|-weather|Sandstorm|[upkeep]
|upkeep
|turn|45
|c|☆plzzazz|im hacking your ivs rn
|
|t:|1728583397
|switch|p2a: Swampert|Swampert, M|8/100
|-damage|p2a: Swampert|0 fnt|[from] Spikes
|faint|p2a: Swampert
|
|t:|1728583400
|switch|p2a: Aerodactyl|Aerodactyl, M|100/100
|
|-weather|Sandstorm|[upkeep]
|upkeep
|turn|46
|c|☆plzzazz|ggs
|c|☆pkleech|checking ivs rq
|c|☆pkleech|gl
|
|t:|1728583418
|move|p1a: Aerodactyl|Rock Slide|p2a: Aerodactyl
|-supereffective|p2a: Aerodactyl
|-damage|p2a: Aerodactyl|0 fnt
|faint|p2a: Aerodactyl
|
|win|plzzazz
|c|☆plzzazz|lets go
|c|☆pkleech|gg
|c|☆plzzazz|but i think you get the win regardless
|c|☆plzzazz|let me check
|c|☆plzzazz|nice games :))
|c|☆pkleech|yeah

</script>
<script type="application/json" class="data" id="replaydata-smogtours-gen3ou-796936">
{"id":"smogtours-gen3ou-796936","format":"[Gen 3] OU","players":["plzzazz","pkleech"],"uploadtime":1728583418,"views":105,"formatid":"gen3ou","rating":null,"private":0,"password":null}
</script>

<script defer src="js/replays.js?9d40a366"></script>
