<!DOCTYPE html>
<meta charset="utf-8" />
<meta name="viewport" content="width=device-width" />

<title>[Gen 3] OU: krungo vs. Bhol - Replays - Pok&eacute;mon Showdown!</title>

<meta name="description" content="Watch a replay of a Pok&eacute;mon battle between krungo and Bhol! Format: [Gen 3] OU; Date: Oct 4, 2024" />
<!--

Hey, you! Looking in the source for the replay log?

You can find them in JSON format, just add `.json` at the end of a replay URL.

https://replay.pokemonshowdown.com/gen7randomdoublesbattle-865046831.json

Or, if you only need the log itself, add `.log` instead:

https://replay.pokemonshowdown.com/gen7randomdoublesbattle-865046831.log

-->

<link rel="stylesheet" href="//pokemonshowdown.com/style/global.css?0.023195364461161105" />
<link rel="stylesheet" href="//play.pokemonshowdown.com/style/font-awesome.css?0.13261647063804238" />
<link rel="stylesheet" href="//play.pokemonshowdown.com/style/battle.css?0.8753245789963631" />
<link rel="stylesheet" href="//play.pokemonshowdown.com/style/utilichart.css?0.8627959624976733" />

<!-- Global site tag (gtag.js) - Google Analytics -->
<script async src="https://www.googletagmanager.com/gtag/js?id=UA-26211653-1"></script>
<script>
  window.dataLayer = window.dataLayer || [];
  function gtag(){dataLayer.push(arguments);}
  gtag('js', new Date());

  gtag('config', 'UA-26211653-1');
</script>
<!-- End Google Analytics -->
<!-- Venatus Ad Manager - Install in <HEAD> of page -->
	<script src="https://hb.vntsm.com/v3/live/ad-manager.min.js" type="text/javascript" data-site-id="642aba63ec9a7b11c3c9c1be" data-mode="scan" async></script>
<!-- / Venatus Ad Manager -->

<style>
	@media (max-width:820px) {
		.battle {
			margin: 0 auto;
		}
		.battle-log {
			margin: 7px auto 0;
			max-width: 640px;
			height: 300px;
			position: static;
		}
	}
	.optgroup {
		display: inline-block;
		line-height: 22px;
		font-size: 10pt;
	}
	.optgroup .button {
		height: 25px;
		padding-top: 0;
		padding-bottom: 0;
	}
	.optgroup button.button {
		padding-left: 12px;
		padding-right: 12px;
	}
	.linklist {
		list-style: none;
		margin: 0.5em 0;
		padding: 0;
	}
	.linklist li {
		padding: 2px 0;
	}
	.sidebar {
		float: left;
		width: 320px;
	}
	.bar-wrapper {
		max-width: 1100px;
		margin: 0 auto;
	}
	.bar-wrapper.has-sidebar {
		max-width: 1430px;
	}
	.mainbar {
		margin: 0;
		padding-right: 1px;
	}
	.mainbar.has-sidebar {
		margin-left: 330px;
	}
	@media (min-width: 1511px) {
		.sidebar {
			width: 400px;
		}
		.bar-wrapper.has-sidebar {
			max-width: 1510px;
		}
		.mainbar.has-sidebar {
			margin-left: 410px;
		}
	}
	.section.first-section {
		margin-top: 9px;
	}
	.blocklink small {
		white-space: normal;
	}
	.button {
		vertical-align: middle;
	}
	.replay-controls {
		padding-top: 10px;
	}
	.replay-controls h1 {
		font-size: 16pt;
		font-weight: normal;
		color: #CCC;
	}
	.pagelink {
		text-align: center;
	}
	.pagelink a {
		width: 150px;
	}
	.textbox, .button {
		font-size: 11pt;
		vertical-align: middle;
	}
	@media (max-width: 450px) {
		.button {
			font-size: 9pt;
		}
	}
</style>

<div>

	<header>
		<div class="nav-wrapper"><ul class="nav">
			<li><a class="button nav-first" href="//pokemonshowdown.com/"><img src="//pokemonshowdown.com/images/pokemonshowdownbeta.png" srcset="//pokemonshowdown.com/images/pokemonshowdownbeta.png 1x, //pokemonshowdown.com/images/pokemonshowdownbeta@2x.png 2x" alt="Pok&eacute;mon Showdown" width="146" height="44" /> Home</a></li>
			<li><a class="button" href="//pokemonshowdown.com/dex/">Pok&eacute;dex</a></li>
			<li><a class="button cur" href="/">Replays</a></li>
			<li><a class="button" href="//pokemonshowdown.com/ladder/">Ladder</a></li>
			<li><a class="button nav-last" href="//pokemonshowdown.com/forums/">Forum</a></li>
			<li><a class="button greenbutton nav-first nav-last" href="//play.pokemonshowdown.com/">Play</a></li>
		</ul></div>
	</header>

	<div class="main" id="main">

		<noscript><section class="section">You need to enable JavaScript to use this page; sorry!</section></noscript>

	</div>

</div>

<script defer nomodule src="//play.pokemonshowdown.com/js/lib/ps-polyfill.js"></script>
<script defer src="//play.pokemonshowdown.com/js/lib/preact.min.js"></script>

<script defer src="//play.pokemonshowdown.com/config/config.js?2bddbc15"></script>
<script defer src="//play.pokemonshowdown.com/js/lib/jquery-1.11.0.min.js"></script>
<script defer src="//play.pokemonshowdown.com/js/lib/html-sanitizer-minified.js"></script>
<script defer src="//play.pokemonshowdown.com/js/battle-sound.js"></script>
<script defer src="//play.pokemonshowdown.com/js/battledata.js?0.7209276989879541"></script>
<script defer src="//play.pokemonshowdown.com/data/pokedex-mini.js?0.6111056340867951"></script>
<script defer src="//play.pokemonshowdown.com/data/pokedex-mini-bw.js?0.3532142036491459"></script>
<script defer src="//play.pokemonshowdown.com/data/graphics.js?0.24223875632456182"></script>
<script defer src="//play.pokemonshowdown.com/data/pokedex.js?0.38839984266356864"></script>
<script defer src="//play.pokemonshowdown.com/data/moves.js?0.21866028504024015"></script>
<script defer src="//play.pokemonshowdown.com/data/abilities.js?0.2005157953846628"></script>
<script defer src="//play.pokemonshowdown.com/data/items.js?0.9894211263848525"></script>
<script defer src="//play.pokemonshowdown.com/data/teambuilder-tables.js?0.6008791140282215"></script>
<script defer src="//play.pokemonshowdown.com/js/battle-tooltips.js?0.7580118955022959"></script>
<script defer src="//play.pokemonshowdown.com/js/battle.js?0.6057722274234274"></script>

<script defer src="js/utils.js?e31f9a17"></script>
<script defer src="js/replays-battle.js?7008c182"></script>

<!-- don't scrape this data! just add .json or .log after the URL!
Full API docs: https://github.com/smogon/pokemon-showdown-client/blob/master/WEB-API.md -->
<script type="text/plain" class="log" id="replaylog-gen3ou-2215437595">
|j|☆krungo
|j|☆Bhol
|t:|1728001786
|gametype|singles
|player|p1|krungo|1|
|player|p2|Bhol|sabrina|
|teamsize|p1|6
|teamsize|p2|6
|gen|3
|tier|[Gen 3] OU
|rule|Sleep Clause Mod: Limit one foe put to sleep
|rule|Switch Priority Clause Mod: Faster Pokémon switch first
|rule|Species Clause: Limit one of each Pokémon
|rule|OHKO Clause: OHKO moves are banned
|rule|Evasion Items Clause: Evasion items are banned
|rule|Evasion Moves Clause: Evasion moves are banned
|rule|Endless Battle Clause: Forcing endless battles is banned
|rule|HP Percentage Mod: HP is shown in percentages
|rule|One Boost Passer Clause: Limit one Baton Passer that has a way to boost its stats
|rule|Freeze Clause Mod: Limit one foe frozen
|
|t:|1728001786
|start
|switch|p1a: Hariyama|Hariyama, M|100/100
|switch|p2a: Zapdos|Zapdos|100/100
|turn|1
|
|t:|1728001803
|move|p2a: Zapdos|Baton Pass|p2a: Zapdos
|
|t:|1728001806
|switch|p2a: Flygon|Flygon, F|100/100|[from] Baton Pass
|move|p1a: Hariyama|Knock Off|p2a: Flygon
|-damage|p2a: Flygon|97/100
|-enditem|p2a: Flygon|Choice Band|[from] move: Knock Off|[of] p1a: Hariyama
|-hint|In Gens 3-4, Knock Off only makes the target's item unusable; it cannot obtain a new item.
|
|upkeep
|turn|2
|
|t:|1728001815
|switch|p1a: Skarmory|Skarmory, F|100/100
|move|p2a: Flygon|Earthquake|p1a: Skarmory
|-immune|p1a: Skarmory
|
|upkeep
|turn|3
|
|t:|1728001829
|move|p2a: Flygon|Fire Blast|p1a: Skarmory
|-supereffective|p1a: Skarmory
|-damage|p1a: Skarmory|41/100
|move|p1a: Skarmory|Toxic|p2a: Flygon
|-status|p2a: Flygon|tox
|
|-damage|p2a: Flygon|91/100 tox|[from] psn
|-heal|p1a: Skarmory|47/100|[from] item: Leftovers
|upkeep
|turn|4
|
|t:|1728001839
|switch|p2a: Zapdos|Zapdos|100/100
|move|p1a: Skarmory|Protect||[still]
|-fail|p1a: Skarmory
|
|-heal|p1a: Skarmory|53/100|[from] item: Leftovers
|upkeep
|turn|5
|
|t:|1728001847
|switch|p1a: Celebi|Celebi|100/100
|move|p2a: Zapdos|Thunderbolt|p1a: Celebi
|-resisted|p1a: Celebi
|-damage|p1a: Celebi|86/100
|
|-heal|p1a: Celebi|93/100|[from] item: Leftovers
|upkeep
|turn|6
|
|t:|1728001855
|move|p2a: Zapdos|Thunder Wave|p1a: Celebi
|-status|p1a: Celebi|par
|move|p1a: Celebi|Leech Seed|p2a: Zapdos
|-start|p2a: Zapdos|move: Leech Seed
|
|-damage|p2a: Zapdos|88/100|[from] Leech Seed|[of] p1a: Celebi
|-heal|p1a: Celebi|100/100 par|[silent]
|upkeep
|turn|7
|
|t:|1728001864
|switch|p2a: Armaldo|Armaldo, M|100/100
|move|p1a: Celebi|Perish Song|p1a: Celebi
|-start|p1a: Celebi|perish3|[silent]
|-start|p2a: Armaldo|perish3|[silent]
|-fieldactivate|move: Perish Song
|
|-start|p2a: Armaldo|perish3
|-start|p1a: Celebi|perish3
|upkeep
|turn|8
|
|t:|1728001877
|-curestatus|p1a: Celebi|par|[from] ability: Natural Cure
|switch|p1a: Skarmory|Skarmory, F|53/100
|move|p2a: Armaldo|Hidden Power|p1a: Skarmory
|-resisted|p1a: Skarmory
|-damage|p1a: Skarmory|45/100
|
|-heal|p1a: Skarmory|50/100|[from] item: Leftovers
|-start|p2a: Armaldo|perish2
|upkeep
|turn|9
|
|t:|1728001888
|switch|p2a: Zapdos|Zapdos|88/100
|move|p1a: Skarmory|Spikes|p2a: Zapdos
|-sidestart|p2: Bhol|Spikes
|
|-heal|p2a: Zapdos|94/100|[from] item: Leftovers
|-heal|p1a: Skarmory|56/100|[from] item: Leftovers
|upkeep
|turn|10
|
|t:|1728001895
|move|p1a: Skarmory|Protect|p1a: Skarmory
|-singleturn|p1a: Skarmory|Protect
|move|p2a: Zapdos|Thunder Wave|p1a: Skarmory
|-activate|p1a: Skarmory|Protect
|
|-heal|p2a: Zapdos|100/100|[from] item: Leftovers
|-heal|p1a: Skarmory|62/100|[from] item: Leftovers
|upkeep
|turn|11
|
|t:|1728001905
|switch|p1a: Celebi|Celebi|100/100
|move|p2a: Zapdos|Thunder Wave|p1a: Celebi
|-status|p1a: Celebi|par
|
|upkeep
|turn|12
|
|t:|1728001912
|move|p2a: Zapdos|Baton Pass|p2a: Zapdos
|
|t:|1728001916
|switch|p2a: Armaldo|Armaldo, M|100/100|[from] Baton Pass
|-damage|p2a: Armaldo|88/100|[from] Spikes
|move|p1a: Celebi|Leech Seed|p2a: Armaldo
|-start|p2a: Armaldo|move: Leech Seed
|
|-damage|p2a: Armaldo|76/100|[from] Leech Seed|[of] p1a: Celebi
|upkeep
|turn|13
|
|t:|1728001924
|switch|p2a: Zapdos|Zapdos|100/100
|-curestatus|p1a: Celebi|par|[from] ability: Natural Cure
|switch|p1a: Skarmory|Skarmory, F|62/100
|
|-heal|p1a: Skarmory|68/100|[from] item: Leftovers
|upkeep
|turn|14
|
|t:|1728001932
|switch|p1a: Celebi|Celebi|100/100
|move|p2a: Zapdos|Thunderbolt|p1a: Celebi
|-resisted|p1a: Celebi
|-damage|p1a: Celebi|84/100
|-status|p1a: Celebi|par
|
|-heal|p1a: Celebi|91/100 par|[from] item: Leftovers
|upkeep
|turn|15
|
|t:|1728001942
|move|p2a: Zapdos|Baton Pass|p2a: Zapdos
|
|t:|1728001949
|switch|p2a: Armaldo|Armaldo, M|76/100|[from] Baton Pass
|-damage|p2a: Armaldo|63/100|[from] Spikes
|move|p1a: Celebi|Leech Seed|p2a: Armaldo
|-start|p2a: Armaldo|move: Leech Seed
|
|-damage|p2a: Armaldo|51/100|[from] Leech Seed|[of] p1a: Celebi
|-heal|p1a: Celebi|100/100 par|[silent]
|upkeep
|turn|16
|
|t:|1728001959
|switch|p2a: Zapdos|Zapdos|100/100
|-curestatus|p1a: Celebi|par|[from] ability: Natural Cure
|switch|p1a: Hariyama|Hariyama, M|100/100
|
|upkeep
|turn|17
|
|t:|1728002000
|move|p2a: Zapdos|Baton Pass|p2a: Zapdos
|
|t:|1728002005
|switch|p2a: Flygon|Flygon, F|91/100 tox|[from] Baton Pass
|move|p1a: Hariyama|Knock Off|p2a: Flygon
|-damage|p2a: Flygon|87/100 tox
|
|-damage|p2a: Flygon|81/100 tox|[from] psn
|upkeep
|turn|18
|
|t:|1728002014
|move|p2a: Flygon|Fire Blast|p1a: Hariyama
|-damage|p1a: Hariyama|88/100
|move|p1a: Hariyama|Whirlwind|p2a: Flygon
|drag|p2a: Snorlax|Snorlax, M|100/100
|-damage|p2a: Snorlax|88/100|[from] Spikes
|
|-heal|p1a: Hariyama|94/100|[from] item: Leftovers
|-heal|p2a: Snorlax|94/100|[from] item: Leftovers
|upkeep
|turn|19
|
|t:|1728002025
|switch|p2a: Flygon|Flygon, F|81/100 tox
|move|p1a: Hariyama|Knock Off|p2a: Flygon
|-damage|p2a: Flygon|77/100 tox
|
|-damage|p2a: Flygon|71/100 tox|[from] psn
|-heal|p1a: Hariyama|99/100|[from] item: Leftovers
|upkeep
|turn|20
|
|t:|1728002033
|move|p2a: Flygon|Earthquake|p1a: Hariyama
|-damage|p1a: Hariyama|57/100
|move|p1a: Hariyama|Cross Chop|p2a: Flygon
|-damage|p2a: Flygon|0 fnt
|faint|p2a: Flygon
|
|t:|1728002051
|switch|p2a: Jirachi|Jirachi|100/100
|-damage|p2a: Jirachi|88/100|[from] Spikes
|
|-heal|p2a: Jirachi|94/100|[from] item: Leftovers
|-heal|p1a: Hariyama|63/100|[from] item: Leftovers
|upkeep
|turn|21
|
|t:|1728002071
|move|p2a: Jirachi|Calm Mind|p2a: Jirachi
|-boost|p2a: Jirachi|spa|1
|-boost|p2a: Jirachi|spd|1
|move|p1a: Hariyama|Knock Off|p2a: Jirachi
|-damage|p2a: Jirachi|93/100
|-enditem|p2a: Jirachi|Leftovers|[from] move: Knock Off|[of] p1a: Hariyama
|
|-heal|p1a: Hariyama|69/100|[from] item: Leftovers
|upkeep
|turn|22
|
|t:|1728002085
|move|p2a: Jirachi|Thunder|p1a: Hariyama
|-damage|p1a: Hariyama|16/100
|-status|p1a: Hariyama|par
|cant|p1a: Hariyama|par
|
|-heal|p1a: Hariyama|22/100 par|[from] item: Leftovers
|upkeep
|turn|23
|
|t:|1728002096
|move|p2a: Jirachi|Ice Punch|p1a: Hariyama
|-damage|p1a: Hariyama|7/100 par
|move|p1a: Hariyama|Whirlwind|p2a: Jirachi
|drag|p2a: Snorlax|Snorlax, M|94/100
|-damage|p2a: Snorlax|82/100|[from] Spikes
|
|-heal|p2a: Snorlax|88/100|[from] item: Leftovers
|-heal|p1a: Hariyama|13/100 par|[from] item: Leftovers
|upkeep
|turn|24
|
|t:|1728002108
|move|p2a: Snorlax|Body Slam|p1a: Hariyama
|-damage|p1a: Hariyama|0 fnt
|faint|p1a: Hariyama
|
|t:|1728002117
|switch|p1a: Celebi|Celebi|100/100
|
|-heal|p2a: Snorlax|94/100|[from] item: Leftovers
|upkeep
|turn|25
|
|t:|1728002129
|move|p1a: Celebi|Leech Seed|p2a: Snorlax
|-start|p2a: Snorlax|move: Leech Seed
|move|p2a: Snorlax|Shadow Ball|p1a: Celebi
|-supereffective|p1a: Celebi
|-damage|p1a: Celebi|66/100
|
|-heal|p1a: Celebi|72/100|[from] item: Leftovers
|-heal|p2a: Snorlax|99/100|[from] item: Leftovers
|-damage|p2a: Snorlax|88/100|[from] Leech Seed|[of] p1a: Celebi
|-heal|p1a: Celebi|88/100|[silent]
|upkeep
|turn|26
|
|t:|1728002144
|switch|p1a: Skarmory|Skarmory, F|68/100
|switch|p2a: Zapdos|Zapdos|100/100
|
|-heal|p1a: Skarmory|74/100|[from] item: Leftovers
|upkeep
|turn|27
|
|t:|1728002154
|move|p1a: Skarmory|Protect|p1a: Skarmory
|-singleturn|p1a: Skarmory|Protect
|move|p2a: Zapdos|Thunderbolt|p1a: Skarmory
|-activate|p1a: Skarmory|Protect
|
|-heal|p1a: Skarmory|80/100|[from] item: Leftovers
|upkeep
|turn|28
|
|t:|1728002161
|switch|p1a: Celebi|Celebi|88/100
|move|p2a: Zapdos|Thunder Wave|p1a: Celebi
|-status|p1a: Celebi|par
|
|-heal|p1a: Celebi|94/100 par|[from] item: Leftovers
|upkeep
|turn|29
|
|t:|1728002171
|move|p2a: Zapdos|Thunderbolt|p1a: Celebi
|-resisted|p1a: Celebi
|-damage|p1a: Celebi|79/100 par
|cant|p1a: Celebi|par
|
|-heal|p1a: Celebi|85/100 par|[from] item: Leftovers
|upkeep
|turn|30
|
|t:|1728002178
|move|p2a: Zapdos|Thunderbolt|p1a: Celebi
|-resisted|p1a: Celebi
|-damage|p1a: Celebi|70/100 par
|move|p1a: Celebi|Leech Seed|p2a: Zapdos
|-start|p2a: Zapdos|move: Leech Seed
|
|-damage|p2a: Zapdos|88/100|[from] Leech Seed|[of] p1a: Celebi
|-heal|p1a: Celebi|80/100 par|[silent]
|-heal|p1a: Celebi|86/100 par|[from] item: Leftovers
|upkeep
|turn|31
|
|t:|1728002193
|switch|p2a: Armaldo|Armaldo, M|51/100
|-damage|p2a: Armaldo|38/100|[from] Spikes
|cant|p1a: Celebi|par
|
|-heal|p1a: Celebi|93/100 par|[from] item: Leftovers
|upkeep
|turn|32
|
|t:|1728002201
|-curestatus|p1a: Celebi|par|[from] ability: Natural Cure
|switch|p1a: Skarmory|Skarmory, F|80/100
|move|p2a: Armaldo|Rock Slide|p1a: Skarmory
|-crit|p1a: Skarmory
|-damage|p1a: Skarmory|9/100
|
|-heal|p1a: Skarmory|15/100|[from] item: Leftovers
|upkeep
|turn|33
|
|t:|1728002211
|move|p1a: Skarmory|Protect|p1a: Skarmory
|-singleturn|p1a: Skarmory|Protect
|move|p2a: Armaldo|Rock Slide|p1a: Skarmory
|-activate|p1a: Skarmory|Protect
|
|-heal|p1a: Skarmory|21/100|[from] item: Leftovers
|upkeep
|turn|34
|
|t:|1728002220
|move|p1a: Skarmory|Toxic|p2a: Armaldo
|-status|p2a: Armaldo|tox
|move|p2a: Armaldo|Rock Slide|p1a: Skarmory|[miss]
|-miss|p2a: Armaldo|p1a: Skarmory
|
|-heal|p1a: Skarmory|27/100|[from] item: Leftovers
|-damage|p2a: Armaldo|32/100 tox|[from] psn
|upkeep
|turn|35
|
|t:|1728002228
|switch|p2a: Cloyster|Cloyster, F|100/100
|-damage|p2a: Cloyster|88/100|[from] Spikes
|move|p1a: Skarmory|Protect||[still]
|-fail|p1a: Skarmory
|
|-heal|p1a: Skarmory|33/100|[from] item: Leftovers
|-heal|p2a: Cloyster|94/100|[from] item: Leftovers
|upkeep
|turn|36
|
|t:|1728002238
|move|p1a: Skarmory|Protect|p1a: Skarmory
|-singleturn|p1a: Skarmory|Protect
|move|p2a: Cloyster|Spikes|p1a: Skarmory
|-sidestart|p1: krungo|Spikes
|
|-heal|p1a: Skarmory|39/100|[from] item: Leftovers
|-heal|p2a: Cloyster|100/100|[from] item: Leftovers
|upkeep
|turn|37
|
|t:|1728002252
|move|p1a: Skarmory|Toxic|p2a: Cloyster|[miss]
|-miss|p1a: Skarmory|p2a: Cloyster
|move|p2a: Cloyster|Surf|p1a: Skarmory
|-damage|p1a: Skarmory|0 fnt
|faint|p1a: Skarmory
|
|t:|1728002268
|switch|p1a: Starmie|Starmie|100/100
|-damage|p1a: Starmie|88/100|[from] Spikes
|
|-heal|p1a: Starmie|94/100|[from] item: Leftovers
|upkeep
|turn|38
|
|t:|1728002277
|switch|p2a: Snorlax|Snorlax, M|88/100
|-damage|p2a: Snorlax|75/100|[from] Spikes
|move|p1a: Starmie|Rain Dance|p1a: Starmie
|-weather|RainDance
|
|-weather|RainDance|[upkeep]
|-heal|p1a: Starmie|100/100|[from] item: Leftovers
|-heal|p2a: Snorlax|81/100|[from] item: Leftovers
|upkeep
|turn|39
|
|t:|1728002292
|move|p1a: Starmie|Thunder|p2a: Snorlax
|-damage|p2a: Snorlax|63/100
|move|p2a: Snorlax|Shadow Ball|p1a: Starmie
|-supereffective|p1a: Starmie
|-damage|p1a: Starmie|33/100
|
|-weather|RainDance|[upkeep]
|-heal|p1a: Starmie|39/100|[from] item: Leftovers
|-heal|p2a: Snorlax|69/100|[from] item: Leftovers
|upkeep
|turn|40
|
|t:|1728002318
|switch|p1a: Celebi|Celebi|93/100
|-damage|p1a: Celebi|80/100|[from] Spikes
|move|p2a: Snorlax|Shadow Ball|p1a: Celebi
|-supereffective|p1a: Celebi
|-damage|p1a: Celebi|48/100
|
|-weather|RainDance|[upkeep]
|-heal|p1a: Celebi|54/100|[from] item: Leftovers
|-heal|p2a: Snorlax|75/100|[from] item: Leftovers
|upkeep
|turn|41
|
|t:|1728002336
|move|p1a: Celebi|Leech Seed|p2a: Snorlax
|-start|p2a: Snorlax|move: Leech Seed
|move|p2a: Snorlax|Shadow Ball|p1a: Celebi
|-supereffective|p1a: Celebi
|-damage|p1a: Celebi|16/100
|
|-weather|RainDance|[upkeep]
|-heal|p1a: Celebi|22/100|[from] item: Leftovers
|-heal|p2a: Snorlax|81/100|[from] item: Leftovers
|-damage|p2a: Snorlax|69/100|[from] Leech Seed|[of] p1a: Celebi
|-heal|p1a: Celebi|38/100|[silent]
|upkeep
|turn|42
|
|t:|1728002353
|switch|p2a: Armaldo|Armaldo, M|32/100 tox
|-damage|p2a: Armaldo|20/100 tox|[from] Spikes
|move|p1a: Celebi|Giga Drain|p2a: Armaldo
|-damage|p2a: Armaldo|0 fnt
|-heal|p1a: Celebi|46/100|[from] drain|[of] p2a: Armaldo
|faint|p2a: Armaldo
|
|t:|1728002378
|switch|p2a: Jirachi|Jirachi|93/100
|-damage|p2a: Jirachi|80/100|[from] Spikes
|
|-weather|none
|-heal|p1a: Celebi|52/100|[from] item: Leftovers
|upkeep
|turn|43
|
|t:|1728002388
|move|p1a: Celebi|Leech Seed|p2a: Jirachi
|-start|p2a: Jirachi|move: Leech Seed
|move|p2a: Jirachi|Ice Punch|p1a: Celebi
|-supereffective|p1a: Celebi
|-damage|p1a: Celebi|27/100
|
|-heal|p1a: Celebi|33/100|[from] item: Leftovers
|-damage|p2a: Jirachi|68/100|[from] Leech Seed|[of] p1a: Celebi
|-heal|p1a: Celebi|45/100|[silent]
|upkeep
|turn|44
|
|t:|1728002408
|switch|p2a: Zapdos|Zapdos|88/100
|move|p1a: Celebi|Perish Song|p1a: Celebi
|-start|p1a: Celebi|perish3|[silent]
|-start|p2a: Zapdos|perish3|[silent]
|-fieldactivate|move: Perish Song
|
|-heal|p2a: Zapdos|94/100|[from] item: Leftovers
|-heal|p1a: Celebi|51/100|[from] item: Leftovers
|-start|p2a: Zapdos|perish3
|-start|p1a: Celebi|perish3
|upkeep
|turn|45
|
|t:|1728002420
|move|p2a: Zapdos|Thunder Wave|p1a: Celebi
|-status|p1a: Celebi|par
|move|p1a: Celebi|Leech Seed|p2a: Zapdos
|-start|p2a: Zapdos|move: Leech Seed
|
|-heal|p2a: Zapdos|100/100|[from] item: Leftovers
|-damage|p2a: Zapdos|88/100|[from] Leech Seed|[of] p1a: Celebi
|-heal|p1a: Celebi|61/100 par|[silent]
|-heal|p1a: Celebi|68/100 par|[from] item: Leftovers
|-start|p2a: Zapdos|perish2
|-start|p1a: Celebi|perish2
|upkeep
|turn|46
|
|t:|1728002441
|switch|p2a: Jirachi|Jirachi|68/100
|-damage|p2a: Jirachi|56/100|[from] Spikes
|-curestatus|p1a: Celebi|par|[from] ability: Natural Cure
|switch|p1a: Jirachi|Jirachi|100/100
|-damage|p1a: Jirachi|88/100|[from] Spikes
|
|-heal|p1a: Jirachi|94/100|[from] item: Leftovers
|upkeep
|turn|47
|
|t:|1728002452
|switch|p2a: Snorlax|Snorlax, M|69/100
|-damage|p2a: Snorlax|57/100|[from] Spikes
|move|p1a: Jirachi|Calm Mind|p1a: Jirachi
|-boost|p1a: Jirachi|spa|1
|-boost|p1a: Jirachi|spd|1
|
|-heal|p1a: Jirachi|100/100|[from] item: Leftovers
|-heal|p2a: Snorlax|63/100|[from] item: Leftovers
|upkeep
|turn|48
|
|t:|1728002461
|move|p1a: Jirachi|Thunderbolt|p2a: Snorlax
|-damage|p2a: Snorlax|45/100
|move|p2a: Snorlax|Earthquake|p1a: Jirachi
|-supereffective|p1a: Jirachi
|-damage|p1a: Jirachi|67/100
|
|-heal|p1a: Jirachi|73/100|[from] item: Leftovers
|-heal|p2a: Snorlax|51/100|[from] item: Leftovers
|upkeep
|turn|49
|
|t:|1728002469
|move|p1a: Jirachi|Thunderbolt|p2a: Snorlax
|-damage|p2a: Snorlax|36/100
|move|p2a: Snorlax|Earthquake|p1a: Jirachi
|-supereffective|p1a: Jirachi
|-damage|p1a: Jirachi|40/100
|
|-heal|p1a: Jirachi|46/100|[from] item: Leftovers
|-heal|p2a: Snorlax|42/100|[from] item: Leftovers
|upkeep
|turn|50
|
|t:|1728002479
|move|p1a: Jirachi|Thunderbolt|p2a: Snorlax
|-damage|p2a: Snorlax|25/100
|-status|p2a: Snorlax|par
|move|p2a: Snorlax|Earthquake|p1a: Jirachi
|-supereffective|p1a: Jirachi
|-damage|p1a: Jirachi|15/100
|
|-heal|p1a: Jirachi|21/100|[from] item: Leftovers
|-heal|p2a: Snorlax|31/100 par|[from] item: Leftovers
|upkeep
|turn|51
|
|t:|1728002488
|switch|p1a: Celebi|Celebi|68/100
|-damage|p1a: Celebi|55/100|[from] Spikes
|move|p2a: Snorlax|Earthquake|p1a: Celebi
|-resisted|p1a: Celebi
|-damage|p1a: Celebi|45/100
|
|-heal|p1a: Celebi|51/100|[from] item: Leftovers
|-heal|p2a: Snorlax|37/100 par|[from] item: Leftovers
|upkeep
|turn|52
|
|t:|1728002499
|move|p1a: Celebi|Leech Seed|p2a: Snorlax
|-start|p2a: Snorlax|move: Leech Seed
|move|p2a: Snorlax|Shadow Ball|p1a: Celebi
|-supereffective|p1a: Celebi
|-crit|p1a: Celebi
|-damage|p1a: Celebi|0 fnt
|faint|p1a: Celebi
|
|t:|1728002516
|switch|p1a: Suicune|Suicune|100/100
|-damage|p1a: Suicune|88/100|[from] Spikes
|
|-heal|p1a: Suicune|94/100|[from] item: Leftovers
|-heal|p2a: Snorlax|43/100 par|[from] item: Leftovers
|-damage|p2a: Snorlax|31/100 par|[from] Leech Seed|[of] p1a: Suicune
|-heal|p1a: Suicune|100/100|[silent]
|upkeep
|turn|53
|c|☆Bhol|Sorry about all these crits
|c|☆krungo|that's the game
|
|t:|1728002531
|move|p1a: Suicune|Calm Mind|p1a: Suicune
|-boost|p1a: Suicune|spa|1
|-boost|p1a: Suicune|spd|1
|move|p2a: Snorlax|Body Slam|p1a: Suicune
|-damage|p1a: Suicune|75/100
|
|-heal|p1a: Suicune|82/100|[from] item: Leftovers
|-heal|p2a: Snorlax|37/100 par|[from] item: Leftovers
|-damage|p2a: Snorlax|25/100 par|[from] Leech Seed|[of] p1a: Suicune
|-heal|p1a: Suicune|98/100|[silent]
|upkeep
|turn|54
|
|t:|1728002542
|switch|p2a: Cloyster|Cloyster, F|100/100
|-damage|p2a: Cloyster|88/100|[from] Spikes
|move|p1a: Suicune|Calm Mind|p1a: Suicune
|-boost|p1a: Suicune|spa|1
|-boost|p1a: Suicune|spd|1
|
|-heal|p1a: Suicune|100/100|[from] item: Leftovers
|-heal|p2a: Cloyster|94/100|[from] item: Leftovers
|upkeep
|turn|55
|
|t:|1728002553
|move|p1a: Suicune|Hydro Pump|p2a: Cloyster
|-resisted|p2a: Cloyster
|-damage|p2a: Cloyster|22/100
|move|p2a: Cloyster|Explosion|p1a: Suicune
|-damage|p1a: Suicune|14/100
|faint|p2a: Cloyster
|
|t:|1728002563
|switch|p2a: Zapdos|Zapdos|88/100
|
|-heal|p2a: Zapdos|94/100|[from] item: Leftovers
|-heal|p1a: Suicune|20/100|[from] item: Leftovers
|upkeep
|turn|56
|
|t:|1728002569
|move|p2a: Zapdos|Thunderbolt|p1a: Suicune
|-supereffective|p1a: Suicune
|-damage|p1a: Suicune|0 fnt
|faint|p1a: Suicune
|c|☆krungo|gg
|-message|krungo forfeited.
|
|win|Bhol
|l|☆krungo
|player|p1|
|c|☆Bhol|ggs

</script>
<script type="application/json" class="data" id="replaydata-gen3ou-2215437595">
{"id":"gen3ou-2215437595","format":"[Gen 3] OU","players":["krungo","Bhol"],"uploadtime":1728002597,"views":177,"formatid":"gen3ou","rating":null,"private":0,"password":null}
</script>

<script defer src="js/replays.js?9d40a366"></script>
