<!DOCTYPE html>
<meta charset="utf-8" />
<meta name="viewport" content="width=device-width" />

<title>[Gen 3] OU: 1p1o1s1h1e1 vs. BlackWhiteMagic - Replays - Pok&eacute;mon Showdown!</title>

<meta name="description" content="Watch a replay of a Pok&eacute;mon battle between 1p1o1s1h1e1 and BlackWhiteMagic! Format: [Gen 3] OU; Date: Oct 12, 2024" />
<!--

Hey, you! Looking in the source for the replay log?

You can find them in JSON format, just add `.json` at the end of a replay URL.

https://replay.pokemonshowdown.com/gen7randomdoublesbattle-865046831.json

Or, if you only need the log itself, add `.log` instead:

https://replay.pokemonshowdown.com/gen7randomdoublesbattle-865046831.log

-->

<link rel="stylesheet" href="//pokemonshowdown.com/style/global.css?0.023195364461161105" />
<link rel="stylesheet" href="//play.pokemonshowdown.com/style/font-awesome.css?0.13261647063804238" />
<link rel="stylesheet" href="//play.pokemonshowdown.com/style/battle.css?0.8753245789963631" />
<link rel="stylesheet" href="//play.pokemonshowdown.com/style/utilichart.css?0.8627959624976733" />

<!-- Global site tag (gtag.js) - Google Analytics -->
<script async src="https://www.googletagmanager.com/gtag/js?id=UA-26211653-1"></script>
<script>
  window.dataLayer = window.dataLayer || [];
  function gtag(){dataLayer.push(arguments);}
  gtag('js', new Date());

  gtag('config', 'UA-26211653-1');
</script>
<!-- End Google Analytics -->
<!-- Venatus Ad Manager - Install in <HEAD> of page -->
	<script src="https://hb.vntsm.com/v3/live/ad-manager.min.js" type="text/javascript" data-site-id="642aba63ec9a7b11c3c9c1be" data-mode="scan" async></script>
<!-- / Venatus Ad Manager -->

<style>
	@media (max-width:820px) {
		.battle {
			margin: 0 auto;
		}
		.battle-log {
			margin: 7px auto 0;
			max-width: 640px;
			height: 300px;
			position: static;
		}
	}
	.optgroup {
		display: inline-block;
		line-height: 22px;
		font-size: 10pt;
	}
	.optgroup .button {
		height: 25px;
		padding-top: 0;
		padding-bottom: 0;
	}
	.optgroup button.button {
		padding-left: 12px;
		padding-right: 12px;
	}
	.linklist {
		list-style: none;
		margin: 0.5em 0;
		padding: 0;
	}
	.linklist li {
		padding: 2px 0;
	}
	.sidebar {
		float: left;
		width: 320px;
	}
	.bar-wrapper {
		max-width: 1100px;
		margin: 0 auto;
	}
	.bar-wrapper.has-sidebar {
		max-width: 1430px;
	}
	.mainbar {
		margin: 0;
		padding-right: 1px;
	}
	.mainbar.has-sidebar {
		margin-left: 330px;
	}
	@media (min-width: 1511px) {
		.sidebar {
			width: 400px;
		}
		.bar-wrapper.has-sidebar {
			max-width: 1510px;
		}
		.mainbar.has-sidebar {
			margin-left: 410px;
		}
	}
	.section.first-section {
		margin-top: 9px;
	}
	.blocklink small {
		white-space: normal;
	}
	.button {
		vertical-align: middle;
	}
	.replay-controls {
		padding-top: 10px;
	}
	.replay-controls h1 {
		font-size: 16pt;
		font-weight: normal;
		color: #CCC;
	}
	.pagelink {
		text-align: center;
	}
	.pagelink a {
		width: 150px;
	}
	.textbox, .button {
		font-size: 11pt;
		vertical-align: middle;
	}
	@media (max-width: 450px) {
		.button {
			font-size: 9pt;
		}
	}
</style>

<div>

	<header>
		<div class="nav-wrapper"><ul class="nav">
			<li><a class="button nav-first" href="//pokemonshowdown.com/"><img src="//pokemonshowdown.com/images/pokemonshowdownbeta.png" srcset="//pokemonshowdown.com/images/pokemonshowdownbeta.png 1x, //pokemonshowdown.com/images/pokemonshowdownbeta@2x.png 2x" alt="Pok&eacute;mon Showdown" width="146" height="44" /> Home</a></li>
			<li><a class="button" href="//pokemonshowdown.com/dex/">Pok&eacute;dex</a></li>
			<li><a class="button cur" href="/">Replays</a></li>
			<li><a class="button" href="//pokemonshowdown.com/ladder/">Ladder</a></li>
			<li><a class="button nav-last" href="//pokemonshowdown.com/forums/">Forum</a></li>
			<li><a class="button greenbutton nav-first nav-last" href="//play.pokemonshowdown.com/">Play</a></li>
		</ul></div>
	</header>

	<div class="main" id="main">

		<noscript><section class="section">You need to enable JavaScript to use this page; sorry!</section></noscript>

	</div>

</div>

<script defer nomodule src="//play.pokemonshowdown.com/js/lib/ps-polyfill.js"></script>
<script defer src="//play.pokemonshowdown.com/js/lib/preact.min.js"></script>

<script defer src="//play.pokemonshowdown.com/config/config.js?2bddbc15"></script>
<script defer src="//play.pokemonshowdown.com/js/lib/jquery-1.11.0.min.js"></script>
<script defer src="//play.pokemonshowdown.com/js/lib/html-sanitizer-minified.js"></script>
<script defer src="//play.pokemonshowdown.com/js/battle-sound.js"></script>
<script defer src="//play.pokemonshowdown.com/js/battledata.js?0.7209276989879541"></script>
<script defer src="//play.pokemonshowdown.com/data/pokedex-mini.js?0.6111056340867951"></script>
<script defer src="//play.pokemonshowdown.com/data/pokedex-mini-bw.js?0.3532142036491459"></script>
<script defer src="//play.pokemonshowdown.com/data/graphics.js?0.24223875632456182"></script>
<script defer src="//play.pokemonshowdown.com/data/pokedex.js?0.38839984266356864"></script>
<script defer src="//play.pokemonshowdown.com/data/moves.js?0.21866028504024015"></script>
<script defer src="//play.pokemonshowdown.com/data/abilities.js?0.2005157953846628"></script>
<script defer src="//play.pokemonshowdown.com/data/items.js?0.9894211263848525"></script>
<script defer src="//play.pokemonshowdown.com/data/teambuilder-tables.js?0.6008791140282215"></script>
<script defer src="//play.pokemonshowdown.com/js/battle-tooltips.js?0.7580118955022959"></script>
<script defer src="//play.pokemonshowdown.com/js/battle.js?0.6057722274234274"></script>

<script defer src="js/utils.js?e31f9a17"></script>
<script defer src="js/replays-battle.js?7008c182"></script>

<!-- don't scrape this data! just add .json or .log after the URL!
Full API docs: https://github.com/smogon/pokemon-showdown-client/blob/master/WEB-API.md -->
<script type="text/plain" class="log" id="replaylog-smogtours-gen3ou-797815">
|inactive|Battle timer is ON: inactive players will automatically lose when time's up.
|t:|1728767340
|gametype|singles
|player|p1|1p1o1s1h1e1|266|
|player|p2|BlackWhiteMagic|102|
|teamsize|p1|6
|teamsize|p2|6
|gen|3
|tier|[Gen 3] OU
|rule|Sleep Clause Mod: Limit one foe put to sleep
|rule|Switch Priority Clause Mod: Faster Pokémon switch first
|rule|Species Clause: Limit one of each Pokémon
|rule|OHKO Clause: OHKO moves are banned
|rule|Evasion Items Clause: Evasion items are banned
|rule|Evasion Moves Clause: Evasion moves are banned
|rule|Endless Battle Clause: Forcing endless battles is banned
|rule|HP Percentage Mod: HP is shown in percentages
|rule|One Boost Passer Clause: Limit one Baton Passer that has a way to boost its stats
|rule|Freeze Clause Mod: Limit one foe frozen
|
|t:|1728767340
|start
|switch|p1a: :3|Smeargle, F|100/100
|switch|p2a: Tyranitar|Tyranitar, F|100/100
|-weather|Sandstorm|[from] ability: Sand Stream|[of] p2a: Tyranitar
|turn|1
|
|t:|1728767349
|move|p1a: :3|Spore|p2a: Tyranitar
|-status|p2a: Tyranitar|slp|[from] move: Spore
|cant|p2a: Tyranitar|slp
|
|-weather|Sandstorm|[upkeep]
|-damage|p1a: :3|95/100|[from] Sandstorm
|-heal|p1a: :3|100/100|[from] item: Leftovers
|upkeep
|turn|2
|
|t:|1728767356
|switch|p2a: Salamence|Salamence, M|100/100
|-ability|p2a: Salamence|Intimidate|boost
|-unboost|p1a: :3|atk|1
|move|p1a: :3|Dragon Dance|p1a: :3
|-boost|p1a: :3|atk|1
|-boost|p1a: :3|spe|1
|
|-weather|Sandstorm|[upkeep]
|-damage|p1a: :3|95/100|[from] Sandstorm
|-damage|p2a: Salamence|94/100|[from] Sandstorm
|-heal|p1a: :3|100/100|[from] item: Leftovers
|-heal|p2a: Salamence|100/100|[from] item: Leftovers
|upkeep
|turn|3
|
|t:|1728767384
|move|p1a: :3|Baton Pass|p1a: :3
|
|t:|1728767390
|switch|p1a: greg|Aerodactyl, F|100/100|[from] Baton Pass
|move|p2a: Salamence|Brick Break|p1a: greg
|-damage|p1a: greg|61/100
|
|-weather|Sandstorm|[upkeep]
|-damage|p2a: Salamence|94/100|[from] Sandstorm
|-heal|p2a: Salamence|100/100|[from] item: Leftovers
|upkeep
|turn|4
|
|t:|1728767407
|switch|p2a: Metagross|Metagross|100/100
|move|p1a: greg|Earthquake|p2a: Metagross
|-supereffective|p2a: Metagross
|-damage|p2a: Metagross|47/100
|
|-weather|Sandstorm|[upkeep]
|-heal|p2a: Metagross|54/100|[from] item: Leftovers
|upkeep
|turn|5
|
|t:|1728767418
|switch|p1a: :3333|Magneton|100/100
|switch|p2a: Milotic|Milotic, M|100/100
|
|-weather|Sandstorm|[upkeep]
|-damage|p2a: Milotic|94/100|[from] Sandstorm
|-heal|p2a: Milotic|100/100|[from] item: Leftovers
|upkeep
|turn|6
|
|t:|1728767426
|switch|p2a: Blissey|Blissey, F|100/100
|move|p1a: :3333|Toxic|p2a: Blissey
|-status|p2a: Blissey|tox
|
|-weather|Sandstorm|[upkeep]
|-damage|p2a: Blissey|94/100 tox|[from] Sandstorm
|-heal|p2a: Blissey|100/100 tox|[from] item: Leftovers
|-damage|p2a: Blissey|94/100 tox|[from] psn
|upkeep
|turn|7
|
|t:|1728767435
|switch|p1a: :3|Smeargle, F|100/100
|-curestatus|p2a: Blissey|tox|[from] ability: Natural Cure
|switch|p2a: Salamence|Salamence, M|100/100
|-ability|p2a: Salamence|Intimidate|boost
|-unboost|p1a: :3|atk|1
|
|-weather|Sandstorm|[upkeep]
|-damage|p2a: Salamence|94/100|[from] Sandstorm
|-damage|p1a: :3|95/100|[from] Sandstorm
|-heal|p2a: Salamence|100/100|[from] item: Leftovers
|-heal|p1a: :3|100/100|[from] item: Leftovers
|upkeep
|turn|8
|
|t:|1728767446
|switch|p1a: :33333|Starmie|100/100
|move|p2a: Salamence|Dragon Claw|p1a: :33333
|-damage|p1a: :33333|49/100
|
|-weather|Sandstorm|[upkeep]
|-damage|p1a: :33333|43/100|[from] Sandstorm
|-damage|p2a: Salamence|94/100|[from] Sandstorm
|-heal|p1a: :33333|49/100|[from] item: Leftovers
|-heal|p2a: Salamence|100/100|[from] item: Leftovers
|upkeep
|turn|9
|inactive|BlackWhiteMagic has 270 seconds left.
|
|t:|1728767494
|switch|p2a: Metagross|Metagross|54/100
|move|p1a: :33333|Recover|p1a: :33333
|-heal|p1a: :33333|99/100
|
|-weather|Sandstorm|[upkeep]
|-damage|p1a: :33333|93/100|[from] Sandstorm
|-heal|p1a: :33333|99/100|[from] item: Leftovers
|-heal|p2a: Metagross|60/100|[from] item: Leftovers
|upkeep
|turn|10
|
|t:|1728767513
|switch|p2a: Blissey|Blissey, F|94/100
|move|p1a: :33333|Surf|p2a: Blissey
|-damage|p2a: Blissey|78/100
|
|-weather|Sandstorm|[upkeep]
|-damage|p1a: :33333|93/100|[from] Sandstorm
|-damage|p2a: Blissey|72/100|[from] Sandstorm
|-heal|p1a: :33333|99/100|[from] item: Leftovers
|-heal|p2a: Blissey|78/100|[from] item: Leftovers
|upkeep
|turn|11
|
|t:|1728767528
|switch|p1a: :3333|Magneton|100/100
|switch|p2a: Milotic|Milotic, M|100/100
|
|-weather|Sandstorm|[upkeep]
|-damage|p2a: Milotic|94/100|[from] Sandstorm
|-heal|p2a: Milotic|100/100|[from] item: Leftovers
|upkeep
|turn|12
|
|t:|1728767536
|move|p1a: :3333|Thunderbolt|p2a: Milotic
|-supereffective|p2a: Milotic
|-damage|p2a: Milotic|39/100
|move|p2a: Milotic|Surf|p1a: :3333
|-damage|p1a: :3333|38/100
|
|-weather|Sandstorm|[upkeep]
|-damage|p2a: Milotic|32/100|[from] Sandstorm
|-heal|p2a: Milotic|39/100|[from] item: Leftovers
|upkeep
|turn|13
|inactive|BlackWhiteMagic has 240 seconds left.
|
|t:|1728767561
|switch|p2a: Blissey|Blissey, F|78/100
|move|p1a: :3333|Thunderbolt|p2a: Blissey
|-crit|p2a: Blissey
|-damage|p2a: Blissey|40/100
|
|-weather|Sandstorm|[upkeep]
|-damage|p2a: Blissey|34/100|[from] Sandstorm
|-heal|p2a: Blissey|40/100|[from] item: Leftovers
|upkeep
|turn|14
|inactive|BlackWhiteMagic has 240 seconds left.
|
|t:|1728767574
|move|p1a: :3333|Toxic|p2a: Blissey
|-status|p2a: Blissey|tox
|move|p2a: Blissey|Ice Beam|p1a: :3333
|-resisted|p1a: :3333
|-damage|p1a: :3333|13/100
|-status|p1a: :3333|frz
|
|-weather|Sandstorm|[upkeep]
|-damage|p2a: Blissey|34/100 tox|[from] Sandstorm
|-enditem|p1a: :3333|Salac Berry|[eat]
|-boost|p1a: :3333|spe|1|[from] item: Salac Berry
|-heal|p2a: Blissey|40/100 tox|[from] item: Leftovers
|-damage|p2a: Blissey|34/100 tox|[from] psn
|upkeep
|turn|15
|inactive|BlackWhiteMagic has 240 seconds left.
|
|t:|1728767581
|cant|p1a: :3333|frz
|move|p2a: Blissey|Soft-Boiled|p2a: Blissey
|-heal|p2a: Blissey|84/100 tox
|
|-weather|Sandstorm|[upkeep]
|-damage|p2a: Blissey|78/100 tox|[from] Sandstorm
|-heal|p2a: Blissey|84/100 tox|[from] item: Leftovers
|-damage|p2a: Blissey|71/100 tox|[from] psn
|upkeep
|turn|16
|
|t:|1728767586
|-curestatus|p2a: Blissey|tox|[from] ability: Natural Cure
|switch|p2a: Metagross|Metagross|60/100
|cant|p1a: :3333|frz
|
|-weather|Sandstorm|[upkeep]
|-heal|p2a: Metagross|66/100|[from] item: Leftovers
|upkeep
|turn|17
|
|t:|1728767590
|cant|p1a: :3333|frz
|move|p2a: Metagross|Earthquake|p1a: :3333
|-supereffective|p1a: :3333
|-damage|p1a: :3333|0 fnt
|faint|p1a: :3333
|
|t:|1728767599
|switch|p1a: greg|Aerodactyl, F|61/100
|
|-weather|Sandstorm|[upkeep]
|-heal|p2a: Metagross|72/100|[from] item: Leftovers
|upkeep
|turn|18
|
|t:|1728767609
|switch|p2a: Milotic|Milotic, M|39/100
|move|p1a: greg|Rock Slide|p2a: Milotic
|-damage|p2a: Milotic|2/100
|
|-weather|Sandstorm|[upkeep]
|-damage|p2a: Milotic|0 fnt|[from] Sandstorm
|faint|p2a: Milotic
|upkeep
|inactive|BlackWhiteMagic has 240 seconds left.
|
|t:|1728767650
|switch|p2a: Forretress|Forretress, M|100/100
|turn|19
|
|t:|1728767658
|switch|p1a: :33333|Starmie|99/100
|move|p2a: Forretress|Spikes|p1a: :33333
|-sidestart|p1: 1p1o1s1h1e1|Spikes
|
|-weather|Sandstorm|[upkeep]
|-damage|p1a: :33333|93/100|[from] Sandstorm
|-heal|p1a: :33333|99/100|[from] item: Leftovers
|upkeep
|turn|20
|
|t:|1728767672
|switch|p2a: Blissey|Blissey, F|71/100
|move|p1a: :33333|Rapid Spin|p2a: Blissey
|-damage|p2a: Blissey|69/100
|-sideend|p1: 1p1o1s1h1e1|Spikes|[from] move: Rapid Spin|[of] p1a: :33333
|
|-weather|Sandstorm|[upkeep]
|-damage|p1a: :33333|93/100|[from] Sandstorm
|-damage|p2a: Blissey|62/100|[from] Sandstorm
|-heal|p1a: :33333|99/100|[from] item: Leftovers
|-heal|p2a: Blissey|69/100|[from] item: Leftovers
|upkeep
|turn|21
|inactive|BlackWhiteMagic has 240 seconds left.
|
|t:|1728767690
|switch|p1a: :33|Marowak, F|100/100
|move|p2a: Blissey|Ice Beam|p1a: :33
|-supereffective|p1a: :33
|-damage|p1a: :33|15/100
|
|-weather|Sandstorm|[upkeep]
|-damage|p2a: Blissey|62/100|[from] Sandstorm
|-heal|p2a: Blissey|69/100|[from] item: Leftovers
|upkeep
|turn|22
|inactive|BlackWhiteMagic has 240 seconds left.
|
|t:|1728767728
|switch|p2a: Tyranitar|Tyranitar, F|100/100 slp
|move|p1a: :33|Rock Slide|p2a: Tyranitar
|-damage|p2a: Tyranitar|71/100 slp
|
|-weather|Sandstorm|[upkeep]
|-heal|p2a: Tyranitar|77/100 slp|[from] item: Leftovers
|upkeep
|turn|23
|
|t:|1728767734
|switch|p2a: Salamence|Salamence, M|100/100
|-ability|p2a: Salamence|Intimidate|boost
|-unboost|p1a: :33|atk|1
|move|p1a: :33|Earthquake|p2a: Salamence
|-immune|p2a: Salamence
|
|-weather|Sandstorm|[upkeep]
|-damage|p2a: Salamence|94/100|[from] Sandstorm
|-heal|p2a: Salamence|100/100|[from] item: Leftovers
|upkeep
|turn|24
|
|t:|1728767740
|switch|p1a: :33333|Starmie|99/100
|move|p2a: Salamence|Dragon Claw|p1a: :33333
|-damage|p1a: :33333|45/100
|
|-weather|Sandstorm|[upkeep]
|-damage|p1a: :33333|39/100|[from] Sandstorm
|-damage|p2a: Salamence|94/100|[from] Sandstorm
|-heal|p1a: :33333|45/100|[from] item: Leftovers
|-heal|p2a: Salamence|100/100|[from] item: Leftovers
|upkeep
|turn|25
|
|t:|1728767745
|move|p1a: :33333|Recover|p1a: :33333
|-heal|p1a: :33333|95/100
|move|p2a: Salamence|Dragon Claw|p1a: :33333
|-damage|p1a: :33333|36/100
|
|-weather|Sandstorm|[upkeep]
|-damage|p1a: :33333|30/100|[from] Sandstorm
|-damage|p2a: Salamence|94/100|[from] Sandstorm
|-heal|p1a: :33333|36/100|[from] item: Leftovers
|-heal|p2a: Salamence|100/100|[from] item: Leftovers
|upkeep
|turn|26
|inactive|BlackWhiteMagic has 240 seconds left.
|
|t:|1728767765
|switch|p2a: Blissey|Blissey, F|69/100
|move|p1a: :33333|Recover|p1a: :33333
|-heal|p1a: :33333|86/100
|
|-weather|Sandstorm|[upkeep]
|-damage|p1a: :33333|80/100|[from] Sandstorm
|-damage|p2a: Blissey|62/100|[from] Sandstorm
|-heal|p1a: :33333|86/100|[from] item: Leftovers
|-heal|p2a: Blissey|69/100|[from] item: Leftovers
|upkeep
|turn|27
|inactive|BlackWhiteMagic has 240 seconds left.
|
|t:|1728767771
|move|p1a: :33333|Surf|p2a: Blissey
|-damage|p2a: Blissey|52/100
|move|p2a: Blissey|Thunderbolt|p1a: :33333
|-supereffective|p1a: :33333
|-damage|p1a: :33333|8/100
|
|-weather|Sandstorm|[upkeep]
|-damage|p1a: :33333|2/100|[from] Sandstorm
|-damage|p2a: Blissey|46/100|[from] Sandstorm
|-heal|p1a: :33333|8/100|[from] item: Leftovers
|-heal|p2a: Blissey|52/100|[from] item: Leftovers
|upkeep
|turn|28
|
|t:|1728767778
|move|p1a: :33333|Recover|p1a: :33333
|-heal|p1a: :33333|58/100
|move|p2a: Blissey|Ice Beam|p1a: :33333
|-resisted|p1a: :33333
|-damage|p1a: :33333|38/100
|
|-weather|Sandstorm|[upkeep]
|-damage|p1a: :33333|32/100|[from] Sandstorm
|-damage|p2a: Blissey|46/100|[from] Sandstorm
|-heal|p1a: :33333|38/100|[from] item: Leftovers
|-heal|p2a: Blissey|52/100|[from] item: Leftovers
|upkeep
|turn|29
|
|t:|1728767783
|switch|p1a: :33|Marowak, F|15/100
|move|p2a: Blissey|Soft-Boiled|p2a: Blissey
|-heal|p2a: Blissey|100/100
|
|-weather|Sandstorm|[upkeep]
|-damage|p2a: Blissey|94/100|[from] Sandstorm
|-heal|p2a: Blissey|100/100|[from] item: Leftovers
|upkeep
|turn|30
|
|t:|1728767788
|switch|p2a: Forretress|Forretress, M|100/100
|move|p1a: :33|Earthquake|p2a: Forretress
|-damage|p2a: Forretress|44/100
|
|-weather|Sandstorm|[upkeep]
|-heal|p2a: Forretress|50/100|[from] item: Leftovers
|upkeep
|turn|31
|inactive|BlackWhiteMagic has 270 seconds left.
|
|t:|1728767808
|move|p1a: :33|Rock Slide|p2a: Forretress
|-damage|p2a: Forretress|23/100
|cant|p2a: Forretress|flinch
|
|-weather|Sandstorm|[upkeep]
|-heal|p2a: Forretress|29/100|[from] item: Leftovers
|upkeep
|turn|32
|
|t:|1728767814
|move|p1a: :33|Rock Slide|p2a: Forretress
|-damage|p2a: Forretress|0 fnt
|faint|p2a: Forretress
|
|t:|1728767820
|switch|p2a: Metagross|Metagross|72/100
|
|-weather|Sandstorm|[upkeep]
|-heal|p2a: Metagross|78/100|[from] item: Leftovers
|upkeep
|turn|33
|
|t:|1728767823
|switch|p2a: Salamence|Salamence, M|100/100
|-ability|p2a: Salamence|Intimidate|boost
|-unboost|p1a: :33|atk|1
|move|p1a: :33|Earthquake|p2a: Salamence
|-immune|p2a: Salamence
|
|-weather|Sandstorm|[upkeep]
|-damage|p2a: Salamence|94/100|[from] Sandstorm
|-heal|p2a: Salamence|100/100|[from] item: Leftovers
|upkeep
|turn|34
|
|t:|1728767830
|switch|p1a: :33333|Starmie|38/100
|move|p2a: Salamence|Dragon Claw|p1a: :33333
|-damage|p1a: :33333|0 fnt
|faint|p1a: :33333
|
|t:|1728767832
|switch|p1a: greg|Aerodactyl, F|61/100
|
|-weather|Sandstorm|[upkeep]
|-damage|p2a: Salamence|94/100|[from] Sandstorm
|-heal|p2a: Salamence|100/100|[from] item: Leftovers
|upkeep
|turn|35
|
|t:|1728767848
|switch|p2a: Tyranitar|Tyranitar, F|77/100 slp
|move|p1a: greg|Rock Slide|p2a: Tyranitar
|-damage|p2a: Tyranitar|36/100 slp
|
|-weather|Sandstorm|[upkeep]
|-heal|p2a: Tyranitar|43/100 slp|[from] item: Leftovers
|upkeep
|turn|36
|
|t:|1728767867
|move|p1a: greg|Rock Slide|p2a: Tyranitar
|-damage|p2a: Tyranitar|5/100 slp
|cant|p2a: Tyranitar|slp
|
|-weather|Sandstorm|[upkeep]
|-heal|p2a: Tyranitar|11/100 slp|[from] item: Leftovers
|upkeep
|turn|37
|
|t:|1728767871
|switch|p2a: Metagross|Metagross|78/100
|move|p1a: greg|Rock Slide|p2a: Metagross
|-resisted|p2a: Metagross
|-damage|p2a: Metagross|63/100
|
|-weather|Sandstorm|[upkeep]
|-heal|p2a: Metagross|69/100|[from] item: Leftovers
|upkeep
|turn|38
|
|t:|1728767888
|switch|p1a: :33|Marowak, F|15/100
|move|p2a: Metagross|Reflect|p2a: Metagross
|-sidestart|p2: BlackWhiteMagic|Reflect
|
|-weather|Sandstorm|[upkeep]
|-heal|p2a: Metagross|75/100|[from] item: Leftovers
|upkeep
|turn|39
|
|t:|1728767904
|move|p1a: :33|Earthquake|p2a: Metagross
|-supereffective|p2a: Metagross
|-damage|p2a: Metagross|34/100
|move|p2a: Metagross|Meteor Mash|p1a: :33
|-damage|p1a: :33|0 fnt
|-boost|p2a: Metagross|atk|1
|faint|p1a: :33
|
|t:|1728767921
|switch|p1a: :333|Heracross, F|100/100
|
|-weather|Sandstorm|[upkeep]
|-damage|p1a: :333|95/100|[from] Sandstorm
|-heal|p1a: :333|100/100|[from] item: Leftovers
|-heal|p2a: Metagross|40/100|[from] item: Leftovers
|upkeep
|turn|40
|
|t:|1728767938
|move|p1a: :333|Rock Slide|p2a: Metagross|[miss]
|-miss|p1a: :333|p2a: Metagross
|move|p2a: Metagross|Meteor Mash|p1a: :333
|-damage|p1a: :333|3/100
|-boost|p2a: Metagross|atk|1
|
|-weather|Sandstorm|[upkeep]
|-damage|p1a: :333|0 fnt|[from] Sandstorm
|faint|p1a: :333
|-heal|p2a: Metagross|46/100|[from] item: Leftovers
|upkeep
|
|t:|1728767947
|switch|p1a: :3|Smeargle, F|100/100
|turn|41
|
|t:|1728767954
|move|p1a: :3|Explosion|p2a: Metagross
|-resisted|p2a: Metagross
|-damage|p2a: Metagross|32/100
|faint|p1a: :3
|
|t:|1728767958
|switch|p1a: greg|Aerodactyl, F|61/100
|
|-weather|Sandstorm|[upkeep]
|-heal|p2a: Metagross|38/100|[from] item: Leftovers
|upkeep
|turn|42
|
|t:|1728767960
|switch|p2a: Tyranitar|Tyranitar, F|11/100 slp
|move|p1a: greg|Rock Slide|p2a: Tyranitar
|-damage|p2a: Tyranitar|0 fnt
|faint|p2a: Tyranitar
|
|t:|1728767962
|switch|p2a: Salamence|Salamence, M|100/100
|-ability|p2a: Salamence|Intimidate|boost
|-unboost|p1a: greg|atk|1
|
|-sideend|p2: BlackWhiteMagic|Reflect
|-weather|Sandstorm|[upkeep]
|-damage|p2a: Salamence|94/100|[from] Sandstorm
|-heal|p2a: Salamence|100/100|[from] item: Leftovers
|upkeep
|turn|43
|
|t:|1728767964
|switch|p2a: Blissey|Blissey, F|100/100
|move|p1a: greg|Rock Slide|p2a: Blissey
|-damage|p2a: Blissey|65/100
|
|-weather|Sandstorm|[upkeep]
|-damage|p2a: Blissey|58/100|[from] Sandstorm
|-heal|p2a: Blissey|65/100|[from] item: Leftovers
|upkeep
|turn|44
|
|t:|1728767966
|move|p1a: greg|Rock Slide|p2a: Blissey
|-damage|p2a: Blissey|26/100
|move|p2a: Blissey|Ice Beam|p1a: greg
|-supereffective|p1a: greg
|-damage|p1a: greg|0 fnt
|faint|p1a: greg
|
|win|BlackWhiteMagic
|c|☆BlackWhiteMagic|gg
|player|p2|

</script>
<script type="application/json" class="data" id="replaydata-smogtours-gen3ou-797815">
{"id":"smogtours-gen3ou-797815","format":"[Gen 3] OU","players":["1p1o1s1h1e1","BlackWhiteMagic"],"uploadtime":1728767966,"views":86,"formatid":"gen3ou","rating":null,"private":0,"password":null}
</script>

<script defer src="js/replays.js?9d40a366"></script>
