<!DOCTYPE html>
<meta charset="utf-8" />
<meta name="viewport" content="width=device-width" />

<title>[Gen 3] OU: Deezcastforms vs. Ivoire - Replays - Pok&eacute;mon Showdown!</title>

<meta name="description" content="Watch a replay of a Pok&eacute;mon battle between Deezcastforms and Ivoire! Format: [Gen 3] OU; Date: Nov 7, 2024" />
<!--

Hey, you! Looking in the source for the replay log?

You can find them in JSON format, just add `.json` at the end of a replay URL.

https://replay.pokemonshowdown.com/gen7randomdoublesbattle-865046831.json

Or, if you only need the log itself, add `.log` instead:

https://replay.pokemonshowdown.com/gen7randomdoublesbattle-865046831.log

-->

<link rel="stylesheet" href="//pokemonshowdown.com/style/global.css?0.023195364461161105" />
<link rel="stylesheet" href="//play.pokemonshowdown.com/style/font-awesome.css?0.13261647063804238" />
<link rel="stylesheet" href="//play.pokemonshowdown.com/style/battle.css?0.8753245789963631" />
<link rel="stylesheet" href="//play.pokemonshowdown.com/style/utilichart.css?0.8627959624976733" />

<!-- Global site tag (gtag.js) - Google Analytics -->
<script async src="https://www.googletagmanager.com/gtag/js?id=UA-26211653-1"></script>
<script>
  window.dataLayer = window.dataLayer || [];
  function gtag(){dataLayer.push(arguments);}
  gtag('js', new Date());

  gtag('config', 'UA-26211653-1');
</script>
<!-- End Google Analytics -->
<!-- Venatus Ad Manager - Install in <HEAD> of page -->
	<script src="https://hb.vntsm.com/v3/live/ad-manager.min.js" type="text/javascript" data-site-id="642aba63ec9a7b11c3c9c1be" data-mode="scan" async></script>
<!-- / Venatus Ad Manager -->

<style>
	@media (max-width:820px) {
		.battle {
			margin: 0 auto;
		}
		.battle-log {
			margin: 7px auto 0;
			max-width: 640px;
			height: 300px;
			position: static;
		}
	}
	.optgroup {
		display: inline-block;
		line-height: 22px;
		font-size: 10pt;
	}
	.optgroup .button {
		height: 25px;
		padding-top: 0;
		padding-bottom: 0;
	}
	.optgroup button.button {
		padding-left: 12px;
		padding-right: 12px;
	}
	.linklist {
		list-style: none;
		margin: 0.5em 0;
		padding: 0;
	}
	.linklist li {
		padding: 2px 0;
	}
	.sidebar {
		float: left;
		width: 320px;
	}
	.bar-wrapper {
		max-width: 1100px;
		margin: 0 auto;
	}
	.bar-wrapper.has-sidebar {
		max-width: 1430px;
	}
	.mainbar {
		margin: 0;
		padding-right: 1px;
	}
	.mainbar.has-sidebar {
		margin-left: 330px;
	}
	@media (min-width: 1511px) {
		.sidebar {
			width: 400px;
		}
		.bar-wrapper.has-sidebar {
			max-width: 1510px;
		}
		.mainbar.has-sidebar {
			margin-left: 410px;
		}
	}
	.section.first-section {
		margin-top: 9px;
	}
	.blocklink small {
		white-space: normal;
	}
	.button {
		vertical-align: middle;
	}
	.replay-controls {
		padding-top: 10px;
	}
	.replay-controls h1 {
		font-size: 16pt;
		font-weight: normal;
		color: #CCC;
	}
	.pagelink {
		text-align: center;
	}
	.pagelink a {
		width: 150px;
	}
	.textbox, .button {
		font-size: 11pt;
		vertical-align: middle;
	}
	@media (max-width: 450px) {
		.button {
			font-size: 9pt;
		}
	}
</style>

<div>

	<header>
		<div class="nav-wrapper"><ul class="nav">
			<li><a class="button nav-first" href="//pokemonshowdown.com/"><img src="//pokemonshowdown.com/images/pokemonshowdownbeta.png" srcset="//pokemonshowdown.com/images/pokemonshowdownbeta.png 1x, //pokemonshowdown.com/images/pokemonshowdownbeta@2x.png 2x" alt="Pok&eacute;mon Showdown" width="146" height="44" /> Home</a></li>
			<li><a class="button" href="//pokemonshowdown.com/dex/">Pok&eacute;dex</a></li>
			<li><a class="button cur" href="/">Replays</a></li>
			<li><a class="button" href="//pokemonshowdown.com/ladder/">Ladder</a></li>
			<li><a class="button nav-last" href="//pokemonshowdown.com/forums/">Forum</a></li>
			<li><a class="button greenbutton nav-first nav-last" href="//play.pokemonshowdown.com/">Play</a></li>
		</ul></div>
	</header>

	<div class="main" id="main">

		<noscript><section class="section">You need to enable JavaScript to use this page; sorry!</section></noscript>

	</div>

</div>

<script defer nomodule src="//play.pokemonshowdown.com/js/lib/ps-polyfill.js"></script>
<script defer src="//play.pokemonshowdown.com/js/lib/preact.min.js"></script>

<script defer src="//play.pokemonshowdown.com/config/config.js?2bddbc15"></script>
<script defer src="//play.pokemonshowdown.com/js/lib/jquery-1.11.0.min.js"></script>
<script defer src="//play.pokemonshowdown.com/js/lib/html-sanitizer-minified.js"></script>
<script defer src="//play.pokemonshowdown.com/js/battle-sound.js"></script>
<script defer src="//play.pokemonshowdown.com/js/battledata.js?0.7209276989879541"></script>
<script defer src="//play.pokemonshowdown.com/data/pokedex-mini.js?0.6111056340867951"></script>
<script defer src="//play.pokemonshowdown.com/data/pokedex-mini-bw.js?0.3532142036491459"></script>
<script defer src="//play.pokemonshowdown.com/data/graphics.js?0.24223875632456182"></script>
<script defer src="//play.pokemonshowdown.com/data/pokedex.js?0.38839984266356864"></script>
<script defer src="//play.pokemonshowdown.com/data/moves.js?0.21866028504024015"></script>
<script defer src="//play.pokemonshowdown.com/data/abilities.js?0.2005157953846628"></script>
<script defer src="//play.pokemonshowdown.com/data/items.js?0.9894211263848525"></script>
<script defer src="//play.pokemonshowdown.com/data/teambuilder-tables.js?0.6008791140282215"></script>
<script defer src="//play.pokemonshowdown.com/js/battle-tooltips.js?0.7580118955022959"></script>
<script defer src="//play.pokemonshowdown.com/js/battle.js?0.6057722274234274"></script>

<script defer src="js/utils.js?e31f9a17"></script>
<script defer src="js/replays-battle.js?7008c182"></script>

<!-- don't scrape this data! just add .json or .log after the URL!
Full API docs: https://github.com/smogon/pokemon-showdown-client/blob/master/WEB-API.md -->
<script type="text/plain" class="log" id="replaylog-smogtours-gen3ou-805165">
|inactive|Battle timer is ON: inactive players will automatically lose when time's up.
|t:|1731016992
|gametype|singles
|player|p1|Deezcastforms|veteran-gen4|
|player|p2|Ivoire|volkner-masters|
|teamsize|p1|6
|teamsize|p2|6
|gen|3
|tier|[Gen 3] OU
|rule|Sleep Clause Mod: Limit one foe put to sleep
|rule|Switch Priority Clause Mod: Faster Pokémon switch first
|rule|Species Clause: Limit one of each Pokémon
|rule|OHKO Clause: OHKO moves are banned
|rule|Evasion Items Clause: Evasion items are banned
|rule|Evasion Moves Clause: Evasion moves are banned
|rule|Endless Battle Clause: Forcing endless battles is banned
|rule|HP Percentage Mod: HP is shown in percentages
|rule|One Boost Passer Clause: Limit one Baton Passer that has a way to boost its stats
|rule|Freeze Clause Mod: Limit one foe frozen
|
|t:|1731016992
|start
|switch|p1a: Skarmory|Skarmory, M|100/100
|switch|p2a: Metagross|Metagross|100/100
|turn|1
|c|☆Deezcastforms|hf
|
|t:|1731017013
|switch|p2a: Magneton|Magneton|100/100
|switch|p1a: Dugtrio|Dugtrio, M|100/100
|
|upkeep
|turn|2
|
|t:|1731017018
|move|p1a: Dugtrio|Earthquake|p2a: Magneton
|-supereffective|p2a: Magneton
|-damage|p2a: Magneton|0 fnt
|faint|p2a: Magneton
|
|t:|1731017037
|switch|p2a: Blissey|Blissey, F|100/100
|
|upkeep
|turn|3
|inactive|Ivoire has 270 seconds left.
|inactive|Deezcastforms has 270 seconds left.
|
|t:|1731017067
|switch|p1a: Dusclops|Dusclops, M|100/100
|move|p2a: Blissey|Sing|p1a: Dusclops|[miss]
|-miss|p2a: Blissey|p1a: Dusclops
|
|upkeep
|turn|4
|
|t:|1731017076
|move|p2a: Blissey|Sing|p1a: Dusclops
|-status|p1a: Dusclops|slp|[from] move: Sing
|cant|p1a: Dusclops|slp
|
|upkeep
|turn|5
|
|t:|1731017086
|switch|p2a: Metagross|Metagross|100/100
|cant|p1a: Dusclops|slp
|
|upkeep
|turn|6
|
|t:|1731017090
|switch|p1a: Skarmory|Skarmory, M|100/100
|move|p2a: Metagross|Meteor Mash|p1a: Skarmory|[miss]
|-miss|p2a: Metagross|p1a: Skarmory
|
|upkeep
|turn|7
|
|t:|1731017093
|move|p2a: Metagross|Meteor Mash|p1a: Skarmory
|-resisted|p1a: Skarmory
|-damage|p1a: Skarmory|76/100
|-boost|p2a: Metagross|atk|1
|move|p1a: Skarmory|Spikes|p2a: Metagross
|-sidestart|p2: Ivoire|Spikes
|
|-heal|p1a: Skarmory|82/100|[from] item: Leftovers
|upkeep
|turn|8
|
|t:|1731017099
|move|p1a: Skarmory|Protect|p1a: Skarmory
|-singleturn|p1a: Skarmory|Protect
|move|p2a: Metagross|Explosion|p1a: Skarmory
|-activate|p1a: Skarmory|Protect
|faint|p2a: Metagross
|c|☆Ivoire|rip
|c|☆Ivoire|it appears i have lost 
|
|t:|1731017113
|switch|p2a: Blissey|Blissey, F|100/100
|-damage|p2a: Blissey|88/100|[from] Spikes
|
|-heal|p1a: Skarmory|88/100|[from] item: Leftovers
|-heal|p2a: Blissey|94/100|[from] item: Leftovers
|upkeep
|turn|9
|
|t:|1731017131
|move|p1a: Skarmory|Spikes|p2a: Blissey
|-sidestart|p2: Ivoire|Spikes
|move|p2a: Blissey|Seismic Toss|p1a: Skarmory
|-damage|p1a: Skarmory|58/100
|
|-heal|p1a: Skarmory|64/100|[from] item: Leftovers
|-heal|p2a: Blissey|99/100|[from] item: Leftovers
|upkeep
|turn|10
|
|t:|1731017138
|move|p1a: Skarmory|Protect|p1a: Skarmory
|-singleturn|p1a: Skarmory|Protect
|move|p2a: Blissey|Seismic Toss|p1a: Skarmory
|-activate|p1a: Skarmory|Protect
|
|-heal|p1a: Skarmory|70/100|[from] item: Leftovers
|-heal|p2a: Blissey|100/100|[from] item: Leftovers
|upkeep
|turn|11
|
|t:|1731017143
|move|p1a: Skarmory|Spikes|p2a: Blissey
|-sidestart|p2: Ivoire|Spikes
|move|p2a: Blissey|Seismic Toss|p1a: Skarmory
|-damage|p1a: Skarmory|40/100
|
|-heal|p1a: Skarmory|46/100|[from] item: Leftovers
|upkeep
|turn|12
|
|t:|1731017150
|switch|p1a: Dusclops|Dusclops, M|100/100 slp
|move|p2a: Blissey|Seismic Toss|p1a: Dusclops
|-immune|p1a: Dusclops
|
|upkeep
|turn|13
|
|t:|1731017158
|switch|p2a: Gyarados|Gyarados, F|100/100
|-ability|p2a: Gyarados|Intimidate|boost
|-unboost|p1a: Dusclops|atk|1
|cant|p1a: Dusclops|slp
|
|upkeep
|turn|14
|
|t:|1731017170
|switch|p1a: Skarmory|Skarmory, M|46/100
|move|p2a: Gyarados|Dragon Dance|p2a: Gyarados
|-boost|p2a: Gyarados|atk|1
|-boost|p2a: Gyarados|spe|1
|
|-heal|p1a: Skarmory|52/100|[from] item: Leftovers
|upkeep
|turn|15
|
|t:|1731017178
|move|p2a: Gyarados|Double-Edge|p1a: Skarmory
|-resisted|p1a: Skarmory
|-crit|p1a: Skarmory
|-damage|p1a: Skarmory|3/100
|-damage|p2a: Gyarados|84/100|[from] Recoil|[of] p1a: Skarmory
|move|p1a: Skarmory|Roar|p2a: Gyarados
|drag|p2a: Flygon|Flygon, M|100/100
|
|-heal|p1a: Skarmory|9/100|[from] item: Leftovers
|upkeep
|turn|16
|
|t:|1731017193
|switch|p1a: Vaporeon|Vaporeon, F|100/100
|move|p2a: Flygon|Substitute|p2a: Flygon
|-start|p2a: Flygon|Substitute
|-damage|p2a: Flygon|76/100
|
|upkeep
|turn|17
|
|t:|1731017200
|move|p2a: Flygon|Earthquake|p1a: Vaporeon
|-damage|p1a: Vaporeon|71/100
|move|p1a: Vaporeon|Roar|p2a: Flygon
|drag|p2a: Tyranitar|Tyranitar, F|100/100
|-damage|p2a: Tyranitar|76/100|[from] Spikes
|-weather|Sandstorm|[from] ability: Sand Stream|[of] p2a: Tyranitar
|
|-weather|Sandstorm|[upkeep]
|-damage|p1a: Vaporeon|64/100|[from] Sandstorm
|-heal|p1a: Vaporeon|71/100|[from] item: Leftovers
|upkeep
|turn|18
|
|t:|1731017211
|move|p2a: Tyranitar|Rock Slide|p1a: Vaporeon|[miss]
|-miss|p2a: Tyranitar|p1a: Vaporeon
|move|p1a: Vaporeon|Roar|p2a: Tyranitar
|drag|p2a: Blissey|Blissey, F|100/100
|-damage|p2a: Blissey|76/100|[from] Spikes
|
|-weather|Sandstorm|[upkeep]
|-damage|p1a: Vaporeon|64/100|[from] Sandstorm
|-damage|p2a: Blissey|69/100|[from] Sandstorm
|-heal|p1a: Vaporeon|71/100|[from] item: Leftovers
|-heal|p2a: Blissey|76/100|[from] item: Leftovers
|upkeep
|turn|19
|inactive|Deezcastforms has 270 seconds left.
|
|t:|1731017242
|move|p1a: Vaporeon|Wish|p1a: Vaporeon
|move|p2a: Blissey|Seismic Toss|p1a: Vaporeon
|-damage|p1a: Vaporeon|49/100
|
|-weather|Sandstorm|[upkeep]
|-damage|p1a: Vaporeon|43/100|[from] Sandstorm
|-damage|p2a: Blissey|69/100|[from] Sandstorm
|-heal|p1a: Vaporeon|49/100|[from] item: Leftovers
|-heal|p2a: Blissey|76/100|[from] item: Leftovers
|upkeep
|turn|20
|
|t:|1731017255
|move|p1a: Vaporeon|Protect|p1a: Vaporeon
|-singleturn|p1a: Vaporeon|Protect
|move|p2a: Blissey|Seismic Toss|p1a: Vaporeon
|-activate|p1a: Vaporeon|Protect
|
|-heal|p1a: Vaporeon|99/100|[from] move: Wish|[wisher] Vaporeon
|-weather|Sandstorm|[upkeep]
|-damage|p1a: Vaporeon|93/100|[from] Sandstorm
|-damage|p2a: Blissey|69/100|[from] Sandstorm
|-heal|p1a: Vaporeon|99/100|[from] item: Leftovers
|-heal|p2a: Blissey|76/100|[from] item: Leftovers
|upkeep
|turn|21
|
|t:|1731017261
|move|p2a: Blissey|Ice Beam|p1a: Vaporeon
|-resisted|p1a: Vaporeon
|-crit|p1a: Vaporeon
|-damage|p1a: Vaporeon|82/100
|move|p1a: Vaporeon|Roar|p2a: Blissey
|drag|p2a: Tyranitar|Tyranitar, F|76/100
|-damage|p2a: Tyranitar|51/100|[from] Spikes
|
|-weather|Sandstorm|[upkeep]
|-damage|p1a: Vaporeon|75/100|[from] Sandstorm
|-heal|p1a: Vaporeon|82/100|[from] item: Leftovers
|upkeep
|turn|22
|
|t:|1731017265
|move|p2a: Tyranitar|Rock Slide|p1a: Vaporeon|[miss]
|-miss|p2a: Tyranitar|p1a: Vaporeon
|move|p1a: Vaporeon|Surf|p2a: Tyranitar
|-supereffective|p2a: Tyranitar
|-crit|p2a: Tyranitar
|-damage|p2a: Tyranitar|0 fnt
|faint|p2a: Tyranitar
|
|t:|1731017275
|switch|p2a: Blissey|Blissey, F|76/100
|-damage|p2a: Blissey|51/100|[from] Spikes
|
|-weather|Sandstorm|[upkeep]
|-damage|p1a: Vaporeon|75/100|[from] Sandstorm
|-damage|p2a: Blissey|45/100|[from] Sandstorm
|-heal|p1a: Vaporeon|82/100|[from] item: Leftovers
|-heal|p2a: Blissey|51/100|[from] item: Leftovers
|upkeep
|turn|23
|
|t:|1731017297
|switch|p1a: Claydol|Claydol|100/100
|move|p2a: Blissey|Ice Beam|p1a: Claydol
|-supereffective|p1a: Claydol
|-damage|p1a: Claydol|66/100
|
|-weather|Sandstorm|[upkeep]
|-damage|p2a: Blissey|45/100|[from] Sandstorm
|-heal|p1a: Claydol|72/100|[from] item: Leftovers
|-heal|p2a: Blissey|51/100|[from] item: Leftovers
|upkeep
|turn|24
|
|t:|1731017312
|move|p1a: Claydol|Explosion|p2a: Blissey
|-crit|p2a: Blissey
|-damage|p2a: Blissey|0 fnt
|faint|p1a: Claydol
|faint|p2a: Blissey
|inactive|Deezcastforms has 270 seconds left.
|
|t:|1731017337
|switch|p1a: Blissey|Blissey, F|100/100
|switch|p2a: Flygon|Flygon, M|76/100
|
|-weather|Sandstorm|[upkeep]
|-damage|p1a: Blissey|94/100|[from] Sandstorm
|-heal|p1a: Blissey|100/100|[from] item: Leftovers
|upkeep
|turn|25
|
|t:|1731017342
|move|p2a: Flygon|Substitute|p2a: Flygon
|-start|p2a: Flygon|Substitute
|-damage|p2a: Flygon|51/100
|move|p1a: Blissey|Ice Beam|p2a: Flygon
|-supereffective|p2a: Flygon
|-end|p2a: Flygon|Substitute
|
|-weather|Sandstorm|[upkeep]
|-damage|p1a: Blissey|94/100|[from] Sandstorm
|-heal|p1a: Blissey|100/100|[from] item: Leftovers
|upkeep
|turn|26
|
|t:|1731017351
|move|p2a: Flygon|Substitute|p2a: Flygon
|-start|p2a: Flygon|Substitute
|-damage|p2a: Flygon|26/100
|move|p1a: Blissey|Ice Beam|p2a: Flygon
|-supereffective|p2a: Flygon
|-end|p2a: Flygon|Substitute
|
|-weather|Sandstorm|[upkeep]
|-damage|p1a: Blissey|94/100|[from] Sandstorm
|-heal|p1a: Blissey|100/100|[from] item: Leftovers
|upkeep
|turn|27
|
|t:|1731017360
|move|p2a: Flygon|Substitute|p2a: Flygon
|-start|p2a: Flygon|Substitute
|-damage|p2a: Flygon|1/100
|move|p1a: Blissey|Ice Beam|p2a: Flygon
|-supereffective|p2a: Flygon
|-end|p2a: Flygon|Substitute
|
|-weather|Sandstorm|[upkeep]
|-damage|p1a: Blissey|94/100|[from] Sandstorm
|-enditem|p2a: Flygon|Liechi Berry|[eat]
|-boost|p2a: Flygon|atk|1|[from] item: Liechi Berry
|-heal|p1a: Blissey|100/100|[from] item: Leftovers
|upkeep
|turn|28
|
|t:|1731017368
|move|p2a: Flygon|Earthquake|p1a: Blissey
|-damage|p1a: Blissey|40/100
|move|p1a: Blissey|Ice Beam|p2a: Flygon
|-supereffective|p2a: Flygon
|-damage|p2a: Flygon|0 fnt
|faint|p2a: Flygon
|
|t:|1731017371
|switch|p2a: Gyarados|Gyarados, F|84/100
|-ability|p2a: Gyarados|Intimidate|boost
|-unboost|p1a: Blissey|atk|1
|
|-weather|Sandstorm|[upkeep]
|-damage|p2a: Gyarados|78/100|[from] Sandstorm
|-damage|p1a: Blissey|33/100|[from] Sandstorm
|-heal|p2a: Gyarados|84/100|[from] item: Leftovers
|-heal|p1a: Blissey|40/100|[from] item: Leftovers
|upkeep
|turn|29
|
|t:|1731017398
|move|p2a: Gyarados|Hidden Power|p1a: Blissey
|-damage|p1a: Blissey|6/100
|move|p1a: Blissey|Aromatherapy|p1a: Blissey
|-cureteam|p1a: Blissey|[from] move: Aromatherapy
|
|-weather|Sandstorm|[upkeep]
|-damage|p2a: Gyarados|78/100|[from] Sandstorm
|-damage|p1a: Blissey|0 fnt|[from] Sandstorm
|faint|p1a: Blissey
|-heal|p2a: Gyarados|84/100|[from] item: Leftovers
|upkeep
|
|t:|1731017401
|switch|p1a: Dusclops|Dusclops, M|100/100
|turn|30
|
|t:|1731017405
|move|p2a: Gyarados|Dragon Dance|p2a: Gyarados
|-boost|p2a: Gyarados|atk|1
|-boost|p2a: Gyarados|spe|1
|move|p1a: Dusclops|Will-O-Wisp|p2a: Gyarados|[miss]
|-miss|p1a: Dusclops|p2a: Gyarados
|
|-weather|Sandstorm|[upkeep]
|-damage|p2a: Gyarados|78/100|[from] Sandstorm
|-damage|p1a: Dusclops|95/100|[from] Sandstorm
|-heal|p2a: Gyarados|84/100|[from] item: Leftovers
|-heal|p1a: Dusclops|100/100|[from] item: Leftovers
|upkeep
|turn|31
|inactive|Ivoire has 270 seconds left.
|
|t:|1731017455
|move|p2a: Gyarados|Hidden Power|p1a: Dusclops
|-damage|p1a: Dusclops|52/100
|move|p1a: Dusclops|Will-O-Wisp|p2a: Gyarados
|-status|p2a: Gyarados|brn
|
|-weather|Sandstorm|[upkeep]
|-damage|p2a: Gyarados|78/100 brn|[from] Sandstorm
|-damage|p1a: Dusclops|46/100|[from] Sandstorm
|-heal|p2a: Gyarados|84/100 brn|[from] item: Leftovers
|-damage|p2a: Gyarados|72/100 brn|[from] brn
|-heal|p1a: Dusclops|52/100|[from] item: Leftovers
|upkeep
|turn|32
|
|t:|1731017462
|move|p2a: Gyarados|Dragon Dance|p2a: Gyarados
|-boost|p2a: Gyarados|atk|1
|-boost|p2a: Gyarados|spe|1
|move|p1a: Dusclops|Seismic Toss|p2a: Gyarados
|-damage|p2a: Gyarados|43/100 brn
|
|-weather|Sandstorm|[upkeep]
|-damage|p2a: Gyarados|36/100 brn|[from] Sandstorm
|-damage|p1a: Dusclops|46/100|[from] Sandstorm
|-heal|p2a: Gyarados|43/100 brn|[from] item: Leftovers
|-damage|p2a: Gyarados|30/100 brn|[from] brn
|-heal|p1a: Dusclops|52/100|[from] item: Leftovers
|upkeep
|turn|33
|
|t:|1731017467
|move|p2a: Gyarados|Hidden Power|p1a: Dusclops
|-damage|p1a: Dusclops|20/100
|move|p1a: Dusclops|Seismic Toss|p2a: Gyarados
|-damage|p2a: Gyarados|1/100 brn
|
|-weather|Sandstorm|[upkeep]
|-damage|p2a: Gyarados|0 fnt|[from] Sandstorm
|-damage|p1a: Dusclops|14/100|[from] Sandstorm
|faint|p2a: Gyarados
|
|win|Deezcastforms
|upkeep

</script>
<script type="application/json" class="data" id="replaydata-smogtours-gen3ou-805165">
{"id":"smogtours-gen3ou-805165","format":"[Gen 3] OU","players":["Deezcastforms","Ivoire"],"uploadtime":1731017467,"views":21,"formatid":"gen3ou","rating":null,"private":0,"password":null}
</script>

<script defer src="js/replays.js?9d40a366"></script>
