<!DOCTYPE html>
<meta charset="utf-8" />
<meta name="viewport" content="width=device-width" />

<title>[Gen 3] OU: CodeRedSP vs. PuruglyIsUgly - Replays - Pok&eacute;mon Showdown!</title>

<meta name="description" content="Watch a replay of a Pok&eacute;mon battle between CodeRedSP and PuruglyIsUgly! Format: [Gen 3] OU; Date: Oct 2, 2024" />
<!--

Hey, you! Looking in the source for the replay log?

You can find them in JSON format, just add `.json` at the end of a replay URL.

https://replay.pokemonshowdown.com/gen7randomdoublesbattle-865046831.json

Or, if you only need the log itself, add `.log` instead:

https://replay.pokemonshowdown.com/gen7randomdoublesbattle-865046831.log

-->

<link rel="stylesheet" href="//pokemonshowdown.com/style/global.css?0.023195364461161105" />
<link rel="stylesheet" href="//play.pokemonshowdown.com/style/font-awesome.css?0.13261647063804238" />
<link rel="stylesheet" href="//play.pokemonshowdown.com/style/battle.css?0.8753245789963631" />
<link rel="stylesheet" href="//play.pokemonshowdown.com/style/utilichart.css?0.8627959624976733" />

<!-- Global site tag (gtag.js) - Google Analytics -->
<script async src="https://www.googletagmanager.com/gtag/js?id=UA-26211653-1"></script>
<script>
  window.dataLayer = window.dataLayer || [];
  function gtag(){dataLayer.push(arguments);}
  gtag('js', new Date());

  gtag('config', 'UA-26211653-1');
</script>
<!-- End Google Analytics -->
<!-- Venatus Ad Manager - Install in <HEAD> of page -->
	<script src="https://hb.vntsm.com/v3/live/ad-manager.min.js" type="text/javascript" data-site-id="642aba63ec9a7b11c3c9c1be" data-mode="scan" async></script>
<!-- / Venatus Ad Manager -->

<style>
	@media (max-width:820px) {
		.battle {
			margin: 0 auto;
		}
		.battle-log {
			margin: 7px auto 0;
			max-width: 640px;
			height: 300px;
			position: static;
		}
	}
	.optgroup {
		display: inline-block;
		line-height: 22px;
		font-size: 10pt;
	}
	.optgroup .button {
		height: 25px;
		padding-top: 0;
		padding-bottom: 0;
	}
	.optgroup button.button {
		padding-left: 12px;
		padding-right: 12px;
	}
	.linklist {
		list-style: none;
		margin: 0.5em 0;
		padding: 0;
	}
	.linklist li {
		padding: 2px 0;
	}
	.sidebar {
		float: left;
		width: 320px;
	}
	.bar-wrapper {
		max-width: 1100px;
		margin: 0 auto;
	}
	.bar-wrapper.has-sidebar {
		max-width: 1430px;
	}
	.mainbar {
		margin: 0;
		padding-right: 1px;
	}
	.mainbar.has-sidebar {
		margin-left: 330px;
	}
	@media (min-width: 1511px) {
		.sidebar {
			width: 400px;
		}
		.bar-wrapper.has-sidebar {
			max-width: 1510px;
		}
		.mainbar.has-sidebar {
			margin-left: 410px;
		}
	}
	.section.first-section {
		margin-top: 9px;
	}
	.blocklink small {
		white-space: normal;
	}
	.button {
		vertical-align: middle;
	}
	.replay-controls {
		padding-top: 10px;
	}
	.replay-controls h1 {
		font-size: 16pt;
		font-weight: normal;
		color: #CCC;
	}
	.pagelink {
		text-align: center;
	}
	.pagelink a {
		width: 150px;
	}
	.textbox, .button {
		font-size: 11pt;
		vertical-align: middle;
	}
	@media (max-width: 450px) {
		.button {
			font-size: 9pt;
		}
	}
</style>

<div>

	<header>
		<div class="nav-wrapper"><ul class="nav">
			<li><a class="button nav-first" href="//pokemonshowdown.com/"><img src="//pokemonshowdown.com/images/pokemonshowdownbeta.png" srcset="//pokemonshowdown.com/images/pokemonshowdownbeta.png 1x, //pokemonshowdown.com/images/pokemonshowdownbeta@2x.png 2x" alt="Pok&eacute;mon Showdown" width="146" height="44" /> Home</a></li>
			<li><a class="button" href="//pokemonshowdown.com/dex/">Pok&eacute;dex</a></li>
			<li><a class="button cur" href="/">Replays</a></li>
			<li><a class="button" href="//pokemonshowdown.com/ladder/">Ladder</a></li>
			<li><a class="button nav-last" href="//pokemonshowdown.com/forums/">Forum</a></li>
			<li><a class="button greenbutton nav-first nav-last" href="//play.pokemonshowdown.com/">Play</a></li>
		</ul></div>
	</header>

	<div class="main" id="main">

		<noscript><section class="section">You need to enable JavaScript to use this page; sorry!</section></noscript>

	</div>

</div>

<script defer nomodule src="//play.pokemonshowdown.com/js/lib/ps-polyfill.js"></script>
<script defer src="//play.pokemonshowdown.com/js/lib/preact.min.js"></script>

<script defer src="//play.pokemonshowdown.com/config/config.js?2bddbc15"></script>
<script defer src="//play.pokemonshowdown.com/js/lib/jquery-1.11.0.min.js"></script>
<script defer src="//play.pokemonshowdown.com/js/lib/html-sanitizer-minified.js"></script>
<script defer src="//play.pokemonshowdown.com/js/battle-sound.js"></script>
<script defer src="//play.pokemonshowdown.com/js/battledata.js?0.7209276989879541"></script>
<script defer src="//play.pokemonshowdown.com/data/pokedex-mini.js?0.6111056340867951"></script>
<script defer src="//play.pokemonshowdown.com/data/pokedex-mini-bw.js?0.3532142036491459"></script>
<script defer src="//play.pokemonshowdown.com/data/graphics.js?0.24223875632456182"></script>
<script defer src="//play.pokemonshowdown.com/data/pokedex.js?0.38839984266356864"></script>
<script defer src="//play.pokemonshowdown.com/data/moves.js?0.21866028504024015"></script>
<script defer src="//play.pokemonshowdown.com/data/abilities.js?0.2005157953846628"></script>
<script defer src="//play.pokemonshowdown.com/data/items.js?0.9894211263848525"></script>
<script defer src="//play.pokemonshowdown.com/data/teambuilder-tables.js?0.6008791140282215"></script>
<script defer src="//play.pokemonshowdown.com/js/battle-tooltips.js?0.7580118955022959"></script>
<script defer src="//play.pokemonshowdown.com/js/battle.js?0.6057722274234274"></script>

<script defer src="js/utils.js?e31f9a17"></script>
<script defer src="js/replays-battle.js?7008c182"></script>

<!-- don't scrape this data! just add .json or .log after the URL!
Full API docs: https://github.com/smogon/pokemon-showdown-client/blob/master/WEB-API.md -->
<script type="text/plain" class="log" id="replaylog-smogtours-gen3ou-793874">
|inactive|Battle timer is ON: inactive players will automatically lose when time's up.
|t:|1727828914
|gametype|singles
|player|p1|CodeRedSP|2|
|player|p2|PuruglyIsUgly|266|
|teamsize|p1|6
|teamsize|p2|6
|gen|3
|tier|[Gen 3] OU
|rule|Sleep Clause Mod: Limit one foe put to sleep
|rule|Switch Priority Clause Mod: Faster Pokémon switch first
|rule|Species Clause: Limit one of each Pokémon
|rule|OHKO Clause: OHKO moves are banned
|rule|Evasion Items Clause: Evasion items are banned
|rule|Evasion Moves Clause: Evasion moves are banned
|rule|Endless Battle Clause: Forcing endless battles is banned
|rule|HP Percentage Mod: HP is shown in percentages
|rule|One Boost Passer Clause: Limit one Baton Passer that has a way to boost its stats
|rule|Freeze Clause Mod: Limit one foe frozen
|
|t:|1727828914
|start
|switch|p1a: Blaziken|Blaziken, F|100/100
|switch|p2a: Metagross|Metagross|100/100
|turn|1
|c|☆PuruglyIsUgly|hf
|c|☆CodeRedSP|Glhf
|inactive|CodeRedSP has 270 seconds left.
|
|t:|1727828947
|switch|p2a: Claydol|Claydol|100/100
|move|p1a: Blaziken|Substitute|p1a: Blaziken
|-start|p1a: Blaziken|Substitute
|-damage|p1a: Blaziken|75/100
|
|upkeep
|turn|2
|
|t:|1727828953
|move|p1a: Blaziken|Overheat|p2a: Claydol
|-damage|p2a: Claydol|61/100
|-unboost|p1a: Blaziken|spa|2
|move|p2a: Claydol|Psychic|p1a: Blaziken
|-supereffective|p1a: Blaziken
|-end|p1a: Blaziken|Substitute
|
|-heal|p2a: Claydol|67/100|[from] item: Leftovers
|upkeep
|turn|3
|
|t:|1727828957
|move|p1a: Blaziken|Toxic|p2a: Claydol
|-status|p2a: Claydol|tox
|move|p2a: Claydol|Toxic|p1a: Blaziken
|-status|p1a: Blaziken|tox
|
|-damage|p1a: Blaziken|69/100 tox|[from] psn
|-heal|p2a: Claydol|74/100 tox|[from] item: Leftovers
|-damage|p2a: Claydol|67/100 tox|[from] psn
|upkeep
|turn|4
|
|t:|1727828965
|switch|p1a: Skarmory|Skarmory, M|100/100
|move|p2a: Claydol|Refresh|p2a: Claydol
|-curestatus|p2a: Claydol|tox|[msg]
|
|-heal|p2a: Claydol|74/100|[from] item: Leftovers
|upkeep
|turn|5
|
|t:|1727828971
|switch|p2a: Gengar|Gengar, F|100/100
|move|p1a: Skarmory|Spikes|p2a: Gengar
|-sidestart|p2: PuruglyIsUgly|Spikes
|
|upkeep
|turn|6
|
|t:|1727828977
|switch|p1a: Swampert|Swampert, M|100/100
|move|p2a: Gengar|Will-O-Wisp|p1a: Swampert
|-status|p1a: Swampert|brn
|
|-damage|p1a: Swampert|88/100 brn|[from] brn
|upkeep
|turn|7
|
|t:|1727828984
|switch|p2a: Blissey|Blissey, F|100/100
|-damage|p2a: Blissey|88/100|[from] Spikes
|move|p1a: Swampert|Ice Beam|p2a: Blissey
|-damage|p2a: Blissey|81/100
|
|-heal|p2a: Blissey|87/100|[from] item: Leftovers
|-heal|p1a: Swampert|94/100 brn|[from] item: Leftovers
|-damage|p1a: Swampert|82/100 brn|[from] brn
|upkeep
|turn|8
|
|t:|1727828988
|move|p2a: Blissey|Wish|p2a: Blissey
|move|p1a: Swampert|Earthquake|p2a: Blissey
|-damage|p2a: Blissey|71/100
|
|-heal|p2a: Blissey|77/100|[from] item: Leftovers
|-heal|p1a: Swampert|88/100 brn|[from] item: Leftovers
|-damage|p1a: Swampert|76/100 brn|[from] brn
|upkeep
|turn|9
|
|t:|1727828994
|switch|p2a: Claydol|Claydol|74/100
|switch|p1a: Blaziken|Blaziken, F|69/100 tox
|
|-heal|p2a: Claydol|100/100|[from] move: Wish|[wisher] Blissey
|-damage|p1a: Blaziken|63/100 tox|[from] psn
|upkeep
|turn|10
|
|t:|1727829003
|switch|p1a: Starmie|Starmie|100/100
|switch|p2a: Gengar|Gengar, F|100/100
|
|upkeep
|turn|11
|
|t:|1727829017
|switch|p2a: Blissey|Blissey, F|77/100
|-damage|p2a: Blissey|65/100|[from] Spikes
|switch|p1a: Skarmory|Skarmory, M|100/100
|
|-heal|p2a: Blissey|71/100|[from] item: Leftovers
|upkeep
|turn|12
|
|t:|1727829023
|move|p1a: Skarmory|Spikes|p2a: Blissey
|-sidestart|p2: PuruglyIsUgly|Spikes
|move|p2a: Blissey|Wish|p2a: Blissey
|
|-heal|p2a: Blissey|77/100|[from] item: Leftovers
|upkeep
|turn|13
|
|t:|1727829031
|move|p1a: Skarmory|Spikes|p2a: Blissey
|-sidestart|p2: PuruglyIsUgly|Spikes
|move|p2a: Blissey|Seismic Toss|p1a: Skarmory
|-damage|p1a: Skarmory|71/100
|
|-heal|p2a: Blissey|100/100|[from] move: Wish|[wisher] Blissey
|-heal|p1a: Skarmory|77/100|[from] item: Leftovers
|upkeep
|turn|14
|
|t:|1727829039
|switch|p1a: Starmie|Starmie|100/100
|move|p2a: Blissey|Seismic Toss|p1a: Starmie
|-damage|p1a: Starmie|70/100
|
|-heal|p1a: Starmie|76/100|[from] item: Leftovers
|upkeep
|turn|15
|
|t:|1727829049
|move|p1a: Starmie|Thunderbolt|p2a: Blissey
|-damage|p2a: Blissey|91/100
|move|p2a: Blissey|Seismic Toss|p1a: Starmie
|-damage|p1a: Starmie|45/100
|
|-heal|p1a: Starmie|51/100|[from] item: Leftovers
|-heal|p2a: Blissey|97/100|[from] item: Leftovers
|upkeep
|turn|16
|
|t:|1727829056
|move|p1a: Starmie|Recover|p1a: Starmie
|-heal|p1a: Starmie|100/100
|move|p2a: Blissey|Toxic|p1a: Starmie
|-status|p1a: Starmie|tox
|
|-damage|p1a: Starmie|94/100 tox|[from] psn
|-heal|p2a: Blissey|100/100|[from] item: Leftovers
|upkeep
|turn|17
|
|t:|1727829059
|move|p1a: Starmie|Thunderbolt|p2a: Blissey
|-damage|p2a: Blissey|90/100
|move|p2a: Blissey|Wish|p2a: Blissey
|
|-heal|p1a: Starmie|100/100 tox|[from] item: Leftovers
|-damage|p1a: Starmie|88/100 tox|[from] psn
|-heal|p2a: Blissey|97/100|[from] item: Leftovers
|upkeep
|turn|18
|
|t:|1727829063
|move|p1a: Starmie|Thunderbolt|p2a: Blissey
|-damage|p2a: Blissey|87/100
|move|p2a: Blissey|Seismic Toss|p1a: Starmie
|-damage|p1a: Starmie|57/100 tox
|
|-heal|p2a: Blissey|100/100|[from] move: Wish|[wisher] Blissey
|-heal|p1a: Starmie|63/100 tox|[from] item: Leftovers
|-damage|p1a: Starmie|45/100 tox|[from] psn
|upkeep
|turn|19
|
|t:|1727829069
|move|p1a: Starmie|Recover|p1a: Starmie
|-heal|p1a: Starmie|95/100 tox
|move|p2a: Blissey|Seismic Toss|p1a: Starmie
|-damage|p1a: Starmie|64/100 tox
|
|-heal|p1a: Starmie|70/100 tox|[from] item: Leftovers
|-damage|p1a: Starmie|46/100 tox|[from] psn
|upkeep
|turn|20
|
|t:|1727829074
|switch|p1a: Blaziken|Blaziken, F|63/100 tox
|move|p2a: Blissey|Wish|p2a: Blissey
|
|-damage|p1a: Blaziken|57/100 tox|[from] psn
|upkeep
|turn|21
|
|t:|1727829077
|switch|p2a: Claydol|Claydol|100/100
|move|p1a: Blaziken|Brick Break|p2a: Claydol
|-resisted|p2a: Claydol
|-damage|p2a: Claydol|88/100
|
|-heal|p2a: Claydol|100/100|[from] move: Wish|[wisher] Blissey
|-damage|p1a: Blaziken|45/100 tox|[from] psn
|upkeep
|turn|22
|
|t:|1727829083
|move|p1a: Blaziken|Overheat|p2a: Claydol
|-damage|p2a: Claydol|65/100
|-unboost|p1a: Blaziken|spa|2
|move|p2a: Claydol|Rapid Spin|p1a: Blaziken
|-damage|p1a: Blaziken|42/100 tox
|-sideend|p2: PuruglyIsUgly|Spikes|[from] move: Rapid Spin|[of] p2a: Claydol
|
|-damage|p1a: Blaziken|24/100 tox|[from] psn
|-heal|p2a: Claydol|71/100|[from] item: Leftovers
|upkeep
|turn|23
|
|t:|1727829088
|switch|p1a: Snorlax|Snorlax, M|100/100
|move|p2a: Claydol|Psychic|p1a: Snorlax
|-damage|p1a: Snorlax|86/100
|
|-heal|p2a: Claydol|78/100|[from] item: Leftovers
|-heal|p1a: Snorlax|92/100|[from] item: Leftovers
|upkeep
|turn|24
|
|t:|1727829091
|switch|p2a: Skarmory|Skarmory, M|100/100
|move|p1a: Snorlax|Curse|p1a: Snorlax
|-unboost|p1a: Snorlax|spe|1
|-boost|p1a: Snorlax|atk|1
|-boost|p1a: Snorlax|def|1
|
|-heal|p1a: Snorlax|98/100|[from] item: Leftovers
|upkeep
|turn|25
|
|t:|1727829095
|move|p1a: Snorlax|Body Slam|p2a: Skarmory
|-resisted|p2a: Skarmory
|-damage|p2a: Skarmory|76/100
|move|p2a: Skarmory|Roar|p1a: Snorlax
|drag|p1a: Swampert|Swampert, M|76/100 brn
|
|-heal|p2a: Skarmory|82/100|[from] item: Leftovers
|-heal|p1a: Swampert|82/100 brn|[from] item: Leftovers
|-damage|p1a: Swampert|70/100 brn|[from] brn
|upkeep
|turn|26
|
|t:|1727829124
|move|p2a: Skarmory|Spikes|p1a: Swampert
|-sidestart|p1: CodeRedSP|Spikes
|move|p1a: Swampert|Ice Beam|p2a: Skarmory
|-damage|p2a: Skarmory|65/100
|
|-heal|p2a: Skarmory|71/100|[from] item: Leftovers
|-heal|p1a: Swampert|76/100 brn|[from] item: Leftovers
|-damage|p1a: Swampert|63/100 brn|[from] brn
|upkeep
|turn|27
|
|t:|1727829132
|switch|p2a: Blissey|Blissey, F|100/100
|switch|p1a: Blaziken|Blaziken, F|24/100 tox
|-damage|p1a: Blaziken|11/100 tox|[from] Spikes
|
|-enditem|p1a: Blaziken|Salac Berry|[eat]
|-boost|p1a: Blaziken|spe|1|[from] item: Salac Berry
|-damage|p1a: Blaziken|5/100 tox|[from] psn
|upkeep
|turn|28
|
|t:|1727829136
|switch|p2a: Claydol|Claydol|78/100
|move|p1a: Blaziken|Brick Break|p2a: Claydol
|-resisted|p2a: Claydol
|-damage|p2a: Claydol|63/100
|
|-damage|p1a: Blaziken|0 fnt|[from] psn
|faint|p1a: Blaziken
|-heal|p2a: Claydol|70/100|[from] item: Leftovers
|upkeep
|
|t:|1727829141
|switch|p1a: Starmie|Starmie|46/100 tox
|-damage|p1a: Starmie|33/100 tox|[from] Spikes
|turn|29
|
|t:|1727829150
|switch|p2a: Gengar|Gengar, F|100/100
|move|p1a: Starmie|Recover|p1a: Starmie
|-heal|p1a: Starmie|83/100 tox
|
|-heal|p1a: Starmie|89/100 tox|[from] item: Leftovers
|-damage|p1a: Starmie|83/100 tox|[from] psn
|upkeep
|turn|30
|
|t:|1727829161
|switch|p2a: Blissey|Blissey, F|100/100
|move|p1a: Starmie|Surf|p2a: Blissey
|-damage|p2a: Blissey|84/100
|
|-heal|p1a: Starmie|89/100 tox|[from] item: Leftovers
|-damage|p1a: Starmie|77/100 tox|[from] psn
|-heal|p2a: Blissey|91/100|[from] item: Leftovers
|upkeep
|turn|31
|
|t:|1727829173
|switch|p1a: Skarmory|Skarmory, M|77/100
|switch|p2a: Gengar|Gengar, F|100/100
|
|-heal|p1a: Skarmory|83/100|[from] item: Leftovers
|upkeep
|turn|32
|
|t:|1727829178
|switch|p1a: Blissey|Blissey, F|100/100
|-damage|p1a: Blissey|88/100|[from] Spikes
|move|p2a: Gengar|Will-O-Wisp|p1a: Blissey
|-status|p1a: Blissey|brn
|
|-heal|p1a: Blissey|94/100 brn|[from] item: Leftovers
|-damage|p1a: Blissey|82/100 brn|[from] brn
|upkeep
|turn|33
|
|t:|1727829182
|switch|p2a: Metagross|Metagross|100/100
|move|p1a: Blissey|Wish|p1a: Blissey
|
|-heal|p1a: Blissey|88/100 brn|[from] item: Leftovers
|-damage|p1a: Blissey|75/100 brn|[from] brn
|upkeep
|turn|34
|
|t:|1727829192
|switch|p2a: Breloom|Breloom, M|100/100
|-curestatus|p1a: Blissey|brn|[from] ability: Natural Cure
|switch|p1a: Swampert|Swampert, M|63/100 brn
|-damage|p1a: Swampert|51/100 brn|[from] Spikes
|
|-heal|p1a: Swampert|100/100 brn|[from] move: Wish|[wisher] Blissey
|-damage|p1a: Swampert|88/100 brn|[from] brn
|upkeep
|turn|35
|
|t:|1727829202
|switch|p2a: Blissey|Blissey, F|91/100
|move|p1a: Swampert|Ice Beam|p2a: Blissey
|-damage|p2a: Blissey|84/100
|
|-heal|p2a: Blissey|90/100|[from] item: Leftovers
|-heal|p1a: Swampert|94/100 brn|[from] item: Leftovers
|-damage|p1a: Swampert|82/100 brn|[from] brn
|upkeep
|turn|36
|
|t:|1727829208
|switch|p1a: Snorlax|Snorlax, M|98/100
|-damage|p1a: Snorlax|86/100|[from] Spikes
|move|p2a: Blissey|Wish|p2a: Blissey
|
|-heal|p2a: Blissey|96/100|[from] item: Leftovers
|-heal|p1a: Snorlax|92/100|[from] item: Leftovers
|upkeep
|turn|37
|
|t:|1727829213
|switch|p2a: Skarmory|Skarmory, M|71/100
|move|p1a: Snorlax|Curse|p1a: Snorlax
|-unboost|p1a: Snorlax|spe|1
|-boost|p1a: Snorlax|atk|1
|-boost|p1a: Snorlax|def|1
|
|-heal|p2a: Skarmory|100/100|[from] move: Wish|[wisher] Blissey
|-heal|p1a: Snorlax|98/100|[from] item: Leftovers
|upkeep
|turn|38
|
|t:|1727829218
|move|p2a: Skarmory|Spikes|p1a: Snorlax
|-sidestart|p1: CodeRedSP|Spikes
|move|p1a: Snorlax|Hyper Beam|p2a: Skarmory|[miss]
|-miss|p1a: Snorlax|p2a: Skarmory
|
|-heal|p1a: Snorlax|100/100|[from] item: Leftovers
|upkeep
|turn|39
|
|t:|1727829222
|move|p2a: Skarmory|Spikes|p1a: Snorlax
|-sidestart|p1: CodeRedSP|Spikes
|move|p1a: Snorlax|Curse|p1a: Snorlax
|-unboost|p1a: Snorlax|spe|1
|-boost|p1a: Snorlax|atk|1
|-boost|p1a: Snorlax|def|1
|
|upkeep
|turn|40
|
|t:|1727829228
|move|p1a: Snorlax|Hyper Beam|p2a: Skarmory
|-resisted|p2a: Skarmory
|-damage|p2a: Skarmory|40/100
|-mustrecharge|p1a: Snorlax
|move|p2a: Skarmory|Roar|p1a: Snorlax
|drag|p1a: Starmie|Starmie|77/100 tox
|-damage|p1a: Starmie|52/100 tox|[from] Spikes
|
|-heal|p1a: Starmie|58/100 tox|[from] item: Leftovers
|-damage|p1a: Starmie|52/100 tox|[from] psn
|-heal|p2a: Skarmory|46/100|[from] item: Leftovers
|upkeep
|turn|41
|
|t:|1727829234
|move|p2a: Skarmory|Protect|p2a: Skarmory
|-singleturn|p2a: Skarmory|Protect
|move|p1a: Starmie|Surf|p2a: Skarmory
|-activate|p2a: Skarmory|Protect
|
|-heal|p1a: Starmie|58/100 tox|[from] item: Leftovers
|-damage|p1a: Starmie|46/100 tox|[from] psn
|-heal|p2a: Skarmory|52/100|[from] item: Leftovers
|upkeep
|turn|42
|
|t:|1727829239
|switch|p2a: Gengar|Gengar, F|100/100
|move|p1a: Starmie|Recover|p1a: Starmie
|-heal|p1a: Starmie|96/100 tox
|
|-heal|p1a: Starmie|100/100 tox|[from] item: Leftovers
|-damage|p1a: Starmie|82/100 tox|[from] psn
|upkeep
|turn|43
|
|t:|1727829244
|switch|p1a: Snorlax|Snorlax, M|100/100
|-damage|p1a: Snorlax|75/100|[from] Spikes
|move|p2a: Gengar|Thunderbolt|p1a: Snorlax
|-damage|p1a: Snorlax|59/100
|
|-heal|p1a: Snorlax|66/100|[from] item: Leftovers
|upkeep
|turn|44
|
|t:|1727829251
|move|p2a: Gengar|Will-O-Wisp|p1a: Snorlax
|-status|p1a: Snorlax|brn
|move|p1a: Snorlax|Curse|p1a: Snorlax
|-unboost|p1a: Snorlax|spe|1
|-boost|p1a: Snorlax|atk|1
|-boost|p1a: Snorlax|def|1
|
|-heal|p1a: Snorlax|72/100 brn|[from] item: Leftovers
|-damage|p1a: Snorlax|59/100 brn|[from] brn
|upkeep
|turn|45
|
|t:|1727829259
|switch|p2a: Skarmory|Skarmory, M|52/100
|move|p1a: Snorlax|Shadow Ball|p2a: Skarmory
|-resisted|p2a: Skarmory
|-damage|p2a: Skarmory|45/100
|
|-heal|p2a: Skarmory|51/100|[from] item: Leftovers
|-heal|p1a: Snorlax|65/100 brn|[from] item: Leftovers
|-damage|p1a: Snorlax|53/100 brn|[from] brn
|upkeep
|turn|46
|
|t:|1727829268
|move|p2a: Skarmory|Toxic||[still]
|-fail|p2a: Skarmory
|move|p1a: Snorlax|Body Slam|p2a: Skarmory
|-resisted|p2a: Skarmory
|-damage|p2a: Skarmory|39/100
|
|-heal|p2a: Skarmory|45/100|[from] item: Leftovers
|-heal|p1a: Snorlax|59/100 brn|[from] item: Leftovers
|-damage|p1a: Snorlax|47/100 brn|[from] brn
|upkeep
|turn|47
|
|t:|1727829276
|move|p2a: Skarmory|Protect|p2a: Skarmory
|-singleturn|p2a: Skarmory|Protect
|move|p1a: Snorlax|Hyper Beam|p2a: Skarmory
|-activate|p2a: Skarmory|Protect
|
|-heal|p2a: Skarmory|51/100|[from] item: Leftovers
|-heal|p1a: Snorlax|53/100 brn|[from] item: Leftovers
|-damage|p1a: Snorlax|40/100 brn|[from] brn
|upkeep
|turn|48
|
|t:|1727829282
|switch|p2a: Gengar|Gengar, F|100/100
|move|p1a: Snorlax|Hyper Beam|p2a: Gengar
|-immune|p2a: Gengar
|
|-heal|p1a: Snorlax|46/100 brn|[from] item: Leftovers
|-damage|p1a: Snorlax|34/100 brn|[from] brn
|upkeep
|turn|49
|
|t:|1727829288
|switch|p2a: Skarmory|Skarmory, M|51/100
|move|p1a: Snorlax|Curse|p1a: Snorlax
|-unboost|p1a: Snorlax|spe|1
|-boost|p1a: Snorlax|atk|1
|-boost|p1a: Snorlax|def|1
|
|-heal|p2a: Skarmory|57/100|[from] item: Leftovers
|-heal|p1a: Snorlax|40/100 brn|[from] item: Leftovers
|-damage|p1a: Snorlax|28/100 brn|[from] brn
|upkeep
|turn|50
|
|t:|1727829293
|move|p2a: Skarmory|Protect|p2a: Skarmory
|-singleturn|p2a: Skarmory|Protect
|move|p1a: Snorlax|Curse|p1a: Snorlax
|-unboost|p1a: Snorlax|spe|1
|-boost|p1a: Snorlax|atk|1
|-boost|p1a: Snorlax|def|1
|
|-heal|p2a: Skarmory|63/100|[from] item: Leftovers
|-heal|p1a: Snorlax|34/100 brn|[from] item: Leftovers
|-damage|p1a: Snorlax|21/100 brn|[from] brn
|upkeep
|turn|51
|
|t:|1727829301
|move|p1a: Snorlax|Hyper Beam|p2a: Skarmory
|-resisted|p2a: Skarmory
|-damage|p2a: Skarmory|30/100
|-mustrecharge|p1a: Snorlax
|move|p2a: Skarmory|Roar|p1a: Snorlax
|drag|p1a: Starmie|Starmie|82/100 tox
|-damage|p1a: Starmie|57/100 tox|[from] Spikes
|
|-heal|p1a: Starmie|63/100 tox|[from] item: Leftovers
|-damage|p1a: Starmie|57/100 tox|[from] psn
|-heal|p2a: Skarmory|36/100|[from] item: Leftovers
|upkeep
|turn|52
|
|t:|1727829309
|move|p2a: Skarmory|Protect|p2a: Skarmory
|-singleturn|p2a: Skarmory|Protect
|move|p1a: Starmie|Thunderbolt|p2a: Skarmory
|-activate|p2a: Skarmory|Protect
|
|-heal|p1a: Starmie|63/100 tox|[from] item: Leftovers
|-damage|p1a: Starmie|51/100 tox|[from] psn
|-heal|p2a: Skarmory|42/100|[from] item: Leftovers
|upkeep
|turn|53
|
|t:|1727829315
|switch|p2a: Claydol|Claydol|70/100
|move|p1a: Starmie|Recover|p1a: Starmie
|-heal|p1a: Starmie|100/100 tox
|
|-damage|p1a: Starmie|82/100 tox|[from] psn
|-heal|p2a: Claydol|76/100|[from] item: Leftovers
|upkeep
|turn|54
|
|t:|1727829319
|switch|p2a: Gengar|Gengar, F|100/100
|move|p1a: Starmie|Surf|p2a: Gengar
|-damage|p2a: Gengar|47/100
|
|-heal|p2a: Gengar|53/100|[from] item: Leftovers
|-heal|p1a: Starmie|88/100 tox|[from] item: Leftovers
|-damage|p1a: Starmie|63/100 tox|[from] psn
|upkeep
|turn|55
|
|t:|1727829327
|switch|p2a: Blissey|Blissey, F|96/100
|switch|p1a: Blissey|Blissey, F|75/100
|-damage|p1a: Blissey|50/100|[from] Spikes
|
|-heal|p2a: Blissey|100/100|[from] item: Leftovers
|-heal|p1a: Blissey|57/100|[from] item: Leftovers
|upkeep
|turn|56
|
|t:|1727829332
|move|p2a: Blissey|Wish|p2a: Blissey
|move|p1a: Blissey|Wish|p1a: Blissey
|
|-heal|p1a: Blissey|63/100|[from] item: Leftovers
|upkeep
|turn|57
|
|t:|1727829339
|switch|p2a: Skarmory|Skarmory, M|42/100
|switch|p1a: Snorlax|Snorlax, M|21/100 brn
|-damage|p1a: Snorlax|0 fnt|[from] Spikes
|faint|p1a: Snorlax
|
|t:|1727829344
|switch|p1a: Starmie|Starmie|63/100 tox
|-damage|p1a: Starmie|38/100 tox|[from] Spikes
|
|-heal|p2a: Skarmory|92/100|[from] move: Wish|[wisher] Blissey
|-heal|p1a: Starmie|88/100 tox|[from] move: Wish|[wisher] Blissey
|-heal|p1a: Starmie|95/100 tox|[from] item: Leftovers
|-damage|p1a: Starmie|88/100 tox|[from] psn
|-heal|p2a: Skarmory|98/100|[from] item: Leftovers
|upkeep
|turn|58
|
|t:|1727829350
|move|p1a: Starmie|Surf|p2a: Skarmory
|-damage|p2a: Skarmory|56/100
|move|p2a: Skarmory|Roar|p1a: Starmie
|drag|p1a: Swampert|Swampert, M|82/100 brn
|-damage|p1a: Swampert|57/100 brn|[from] Spikes
|
|-heal|p2a: Skarmory|62/100|[from] item: Leftovers
|-heal|p1a: Swampert|63/100 brn|[from] item: Leftovers
|-damage|p1a: Swampert|51/100 brn|[from] brn
|upkeep
|turn|59
|
|t:|1727829361
|move|p1a: Swampert|Ice Beam|p2a: Skarmory
|-damage|p2a: Skarmory|44/100
|move|p2a: Skarmory|Roar|p1a: Swampert
|drag|p1a: Starmie|Starmie|88/100 tox
|-damage|p1a: Starmie|63/100 tox|[from] Spikes
|
|-heal|p1a: Starmie|70/100 tox|[from] item: Leftovers
|-damage|p1a: Starmie|63/100 tox|[from] psn
|-heal|p2a: Skarmory|50/100|[from] item: Leftovers
|upkeep
|turn|60
|
|t:|1727829364
|move|p2a: Skarmory|Protect|p2a: Skarmory
|-singleturn|p2a: Skarmory|Protect
|move|p1a: Starmie|Surf|p2a: Skarmory
|-activate|p2a: Skarmory|Protect
|
|-heal|p1a: Starmie|70/100 tox|[from] item: Leftovers
|-damage|p1a: Starmie|57/100 tox|[from] psn
|-heal|p2a: Skarmory|56/100|[from] item: Leftovers
|upkeep
|turn|61
|
|t:|1727829370
|switch|p2a: Blissey|Blissey, F|100/100
|move|p1a: Starmie|Recover|p1a: Starmie
|-heal|p1a: Starmie|100/100 tox
|
|-damage|p1a: Starmie|82/100 tox|[from] psn
|upkeep
|turn|62
|
|t:|1727829372
|switch|p1a: Swampert|Swampert, M|51/100 brn
|-damage|p1a: Swampert|26/100 brn|[from] Spikes
|switch|p2a: Gengar|Gengar, F|53/100
|
|-heal|p2a: Gengar|59/100|[from] item: Leftovers
|-heal|p1a: Swampert|32/100 brn|[from] item: Leftovers
|-damage|p1a: Swampert|20/100 brn|[from] brn
|upkeep
|turn|63
|
|t:|1727829376
|switch|p2a: Blissey|Blissey, F|100/100
|switch|p1a: Blissey|Blissey, F|63/100
|-damage|p1a: Blissey|38/100|[from] Spikes
|
|-heal|p1a: Blissey|44/100|[from] item: Leftovers
|upkeep
|turn|64
|
|t:|1727829379
|move|p2a: Blissey|Wish|p2a: Blissey
|move|p1a: Blissey|Wish|p1a: Blissey
|
|-heal|p1a: Blissey|50/100|[from] item: Leftovers
|upkeep
|turn|65
|
|t:|1727829382
|switch|p2a: Skarmory|Skarmory, M|56/100
|move|p1a: Blissey|Thunder Wave|p2a: Skarmory
|-status|p2a: Skarmory|par
|
|-heal|p2a: Skarmory|100/100 par|[from] move: Wish|[wisher] Blissey
|-heal|p1a: Blissey|99/100|[from] move: Wish|[wisher] Blissey
|-heal|p1a: Blissey|100/100|[from] item: Leftovers
|upkeep
|turn|66
|
|t:|1727829387
|switch|p2a: Metagross|Metagross|100/100
|move|p1a: Blissey|Ice Beam|p2a: Metagross
|-resisted|p2a: Metagross
|-damage|p2a: Metagross|91/100
|
|upkeep
|turn|67
|
|t:|1727829395
|move|p2a: Metagross|Meteor Mash|p1a: Blissey|[miss]
|-miss|p2a: Metagross|p1a: Blissey
|move|p1a: Blissey|Thunder Wave|p2a: Metagross
|-status|p2a: Metagross|par
|
|upkeep
|turn|68
|
|t:|1727829398
|move|p1a: Blissey|Wish|p1a: Blissey
|move|p2a: Metagross|Meteor Mash|p1a: Blissey|[miss]
|-miss|p2a: Metagross|p1a: Blissey
|
|upkeep
|turn|69
|
|t:|1727829403
|switch|p1a: Swampert|Swampert, M|20/100 brn
|-damage|p1a: Swampert|0 fnt|[from] Spikes
|faint|p1a: Swampert
|
|t:|1727829409
|switch|p1a: Skarmory|Skarmory, M|83/100
|
|-heal|p1a: Skarmory|100/100|[from] move: Wish|[wisher] Blissey
|upkeep
|turn|70
|
|t:|1727829415
|switch|p2a: Breloom|Breloom, M|100/100
|move|p1a: Skarmory|Spikes|p2a: Breloom
|-sidestart|p2: PuruglyIsUgly|Spikes
|
|upkeep
|turn|71
|
|t:|1727829418
|move|p2a: Breloom|Spore|p1a: Skarmory
|-status|p1a: Skarmory|slp|[from] move: Spore
|cant|p1a: Skarmory|slp
|
|upkeep
|turn|72
|
|t:|1727829421
|move|p2a: Breloom|Substitute|p2a: Breloom
|-start|p2a: Breloom|Substitute
|-damage|p2a: Breloom|76/100
|cant|p1a: Skarmory|slp
|
|-heal|p2a: Breloom|82/100|[from] item: Leftovers
|upkeep
|turn|73
|
|t:|1727829423
|-singleturn|p2a: Breloom|move: Focus Punch
|-curestatus|p1a: Skarmory|slp|[msg]
|move|p1a: Skarmory|Drill Peck|p2a: Breloom
|-supereffective|p2a: Breloom
|-crit|p2a: Breloom
|-end|p2a: Breloom|Substitute
|move|p2a: Breloom|Focus Punch|p1a: Skarmory
|-damage|p1a: Skarmory|54/100
|
|-heal|p2a: Breloom|88/100|[from] item: Leftovers
|-heal|p1a: Skarmory|60/100|[from] item: Leftovers
|upkeep
|turn|74
|
|t:|1727829426
|move|p2a: Breloom|Substitute|p2a: Breloom
|-start|p2a: Breloom|Substitute
|-damage|p2a: Breloom|63/100
|move|p1a: Skarmory|Drill Peck|p2a: Breloom
|-supereffective|p2a: Breloom
|-end|p2a: Breloom|Substitute
|
|-heal|p2a: Breloom|69/100|[from] item: Leftovers
|-heal|p1a: Skarmory|66/100|[from] item: Leftovers
|upkeep
|turn|75
|
|t:|1727829433
|move|p2a: Breloom|Spore|p1a: Skarmory
|-status|p1a: Skarmory|slp|[from] move: Spore
|cant|p1a: Skarmory|slp
|
|-heal|p2a: Breloom|75/100|[from] item: Leftovers
|-heal|p1a: Skarmory|72/100 slp|[from] item: Leftovers
|upkeep
|turn|76
|
|t:|1727829436
|move|p2a: Breloom|Leech Seed|p1a: Skarmory
|-start|p1a: Skarmory|move: Leech Seed
|cant|p1a: Skarmory|slp
|
|-heal|p2a: Breloom|81/100|[from] item: Leftovers
|-heal|p1a: Skarmory|78/100 slp|[from] item: Leftovers
|-damage|p1a: Skarmory|65/100 slp|[from] Leech Seed|[of] p2a: Breloom
|-heal|p2a: Breloom|97/100|[silent]
|upkeep
|turn|77
|
|t:|1727829438
|move|p2a: Breloom|Substitute|p2a: Breloom
|-start|p2a: Breloom|Substitute
|-damage|p2a: Breloom|72/100
|-curestatus|p1a: Skarmory|slp|[msg]
|move|p1a: Skarmory|Drill Peck|p2a: Breloom
|-supereffective|p2a: Breloom
|-end|p2a: Breloom|Substitute
|
|-heal|p2a: Breloom|78/100|[from] item: Leftovers
|-heal|p1a: Skarmory|71/100|[from] item: Leftovers
|-damage|p1a: Skarmory|59/100|[from] Leech Seed|[of] p2a: Breloom
|-heal|p2a: Breloom|94/100|[silent]
|upkeep
|turn|78
|
|t:|1727829440
|move|p2a: Breloom|Spore|p1a: Skarmory
|-status|p1a: Skarmory|slp|[from] move: Spore
|cant|p1a: Skarmory|slp
|
|-heal|p2a: Breloom|99/100|[from] item: Leftovers
|-heal|p1a: Skarmory|65/100 slp|[from] item: Leftovers
|-damage|p1a: Skarmory|53/100 slp|[from] Leech Seed|[of] p2a: Breloom
|-heal|p2a: Breloom|100/100|[silent]
|upkeep
|turn|79
|
|t:|1727829442
|move|p2a: Breloom|Substitute|p2a: Breloom
|-start|p2a: Breloom|Substitute
|-damage|p2a: Breloom|76/100
|cant|p1a: Skarmory|slp
|
|-heal|p2a: Breloom|82/100|[from] item: Leftovers
|-heal|p1a: Skarmory|59/100 slp|[from] item: Leftovers
|-damage|p1a: Skarmory|47/100 slp|[from] Leech Seed|[of] p2a: Breloom
|-heal|p2a: Breloom|97/100|[silent]
|upkeep
|turn|80
|
|t:|1727829445
|-singleturn|p2a: Breloom|move: Focus Punch
|cant|p1a: Skarmory|slp
|move|p2a: Breloom|Focus Punch|p1a: Skarmory
|-damage|p1a: Skarmory|0 fnt
|faint|p1a: Skarmory
|
|t:|1727829447
|switch|p1a: Starmie|Starmie|82/100 tox
|-damage|p1a: Starmie|57/100 tox|[from] Spikes
|
|-heal|p1a: Starmie|63/100 tox|[from] item: Leftovers
|-damage|p1a: Starmie|57/100 tox|[from] psn
|-heal|p2a: Breloom|100/100|[from] item: Leftovers
|upkeep
|turn|81
|
|t:|1727829453
|-singleturn|p2a: Breloom|move: Focus Punch
|move|p1a: Starmie|Thunderbolt|p2a: Breloom
|-resisted|p2a: Breloom
|-end|p2a: Breloom|Substitute
|move|p2a: Breloom|Focus Punch|p1a: Starmie
|-resisted|p1a: Starmie
|-damage|p1a: Starmie|10/100 tox
|
|-heal|p1a: Starmie|16/100 tox|[from] item: Leftovers
|-damage|p1a: Starmie|4/100 tox|[from] psn
|upkeep
|turn|82
|-message|CodeRedSP forfeited.
|
|win|PuruglyIsUgly
|c|☆CodeRedSP|Gg
|c|☆PuruglyIsUgly|gl
|player|p1|
|c|☆PuruglyIsUgly|In the tourney
|player|p2|
|player|p1|CodeRedSP|2|

</script>
<script type="application/json" class="data" id="replaydata-smogtours-gen3ou-793874">
{"id":"smogtours-gen3ou-793874","format":"[Gen 3] OU","players":["CodeRedSP","PuruglyIsUgly"],"uploadtime":1727829461,"views":101,"formatid":"gen3ou","rating":null,"private":0,"password":null}
</script>

<script defer src="js/replays.js?9d40a366"></script>
