<!DOCTYPE html>
<meta charset="utf-8" />
<meta name="viewport" content="width=device-width" />

<title>[Gen 3] OU: CharBoy3000 vs. Milkshook♡ - Replays - Pok&eacute;mon Showdown!</title>

<meta name="description" content="Watch a replay of a Pok&eacute;mon battle between CharBoy3000 and Milkshook♡! Format: [Gen 3] OU; Date: Oct 12, 2024" />
<!--

Hey, you! Looking in the source for the replay log?

You can find them in JSON format, just add `.json` at the end of a replay URL.

https://replay.pokemonshowdown.com/gen7randomdoublesbattle-865046831.json

Or, if you only need the log itself, add `.log` instead:

https://replay.pokemonshowdown.com/gen7randomdoublesbattle-865046831.log

-->

<link rel="stylesheet" href="//pokemonshowdown.com/style/global.css?0.767286132409787" />
<link rel="stylesheet" href="//play.pokemonshowdown.com/style/font-awesome.css?0.9266228007934947" />
<link rel="stylesheet" href="//play.pokemonshowdown.com/style/battle.css?0.7924700842790926" />
<link rel="stylesheet" href="//play.pokemonshowdown.com/style/utilichart.css?0.8777417872839479" />

<!-- Global site tag (gtag.js) - Google Analytics -->
<script async src="https://www.googletagmanager.com/gtag/js?id=UA-26211653-1"></script>
<script>
  window.dataLayer = window.dataLayer || [];
  function gtag(){dataLayer.push(arguments);}
  gtag('js', new Date());

  gtag('config', 'UA-26211653-1');
</script>
<!-- End Google Analytics -->
<!-- Venatus Ad Manager - Install in <HEAD> of page -->
	<script src="https://hb.vntsm.com/v3/live/ad-manager.min.js" type="text/javascript" data-site-id="642aba63ec9a7b11c3c9c1be" data-mode="scan" async></script>
<!-- / Venatus Ad Manager -->

<style>
	@media (max-width:820px) {
		.battle {
			margin: 0 auto;
		}
		.battle-log {
			margin: 7px auto 0;
			max-width: 640px;
			height: 300px;
			position: static;
		}
	}
	.optgroup {
		display: inline-block;
		line-height: 22px;
		font-size: 10pt;
	}
	.optgroup .button {
		height: 25px;
		padding-top: 0;
		padding-bottom: 0;
	}
	.optgroup button.button {
		padding-left: 12px;
		padding-right: 12px;
	}
	.linklist {
		list-style: none;
		margin: 0.5em 0;
		padding: 0;
	}
	.linklist li {
		padding: 2px 0;
	}
	.sidebar {
		float: left;
		width: 320px;
	}
	.bar-wrapper {
		max-width: 1100px;
		margin: 0 auto;
	}
	.bar-wrapper.has-sidebar {
		max-width: 1430px;
	}
	.mainbar {
		margin: 0;
		padding-right: 1px;
	}
	.mainbar.has-sidebar {
		margin-left: 330px;
	}
	@media (min-width: 1511px) {
		.sidebar {
			width: 400px;
		}
		.bar-wrapper.has-sidebar {
			max-width: 1510px;
		}
		.mainbar.has-sidebar {
			margin-left: 410px;
		}
	}
	.section.first-section {
		margin-top: 9px;
	}
	.blocklink small {
		white-space: normal;
	}
	.button {
		vertical-align: middle;
	}
	.replay-controls {
		padding-top: 10px;
	}
	.replay-controls h1 {
		font-size: 16pt;
		font-weight: normal;
		color: #CCC;
	}
	.pagelink {
		text-align: center;
	}
	.pagelink a {
		width: 150px;
	}
	.textbox, .button {
		font-size: 11pt;
		vertical-align: middle;
	}
	@media (max-width: 450px) {
		.button {
			font-size: 9pt;
		}
	}
</style>

<div>

	<header>
		<div class="nav-wrapper"><ul class="nav">
			<li><a class="button nav-first" href="//pokemonshowdown.com/"><img src="//pokemonshowdown.com/images/pokemonshowdownbeta.png" srcset="//pokemonshowdown.com/images/pokemonshowdownbeta.png 1x, //pokemonshowdown.com/images/pokemonshowdownbeta@2x.png 2x" alt="Pok&eacute;mon Showdown" width="146" height="44" /> Home</a></li>
			<li><a class="button" href="//pokemonshowdown.com/dex/">Pok&eacute;dex</a></li>
			<li><a class="button cur" href="/">Replays</a></li>
			<li><a class="button" href="//pokemonshowdown.com/ladder/">Ladder</a></li>
			<li><a class="button nav-last" href="//pokemonshowdown.com/forums/">Forum</a></li>
			<li><a class="button greenbutton nav-first nav-last" href="//play.pokemonshowdown.com/">Play</a></li>
		</ul></div>
	</header>

	<div class="main" id="main">

		<noscript><section class="section">You need to enable JavaScript to use this page; sorry!</section></noscript>

	</div>

</div>

<script defer nomodule src="//play.pokemonshowdown.com/js/lib/ps-polyfill.js"></script>
<script defer src="//play.pokemonshowdown.com/js/lib/preact.min.js"></script>

<script defer src="//play.pokemonshowdown.com/config/config.js?6dec07f6"></script>
<script defer src="//play.pokemonshowdown.com/js/lib/jquery-1.11.0.min.js"></script>
<script defer src="//play.pokemonshowdown.com/js/lib/html-sanitizer-minified.js"></script>
<script defer src="//play.pokemonshowdown.com/js/battle-sound.js"></script>
<script defer src="//play.pokemonshowdown.com/js/battledata.js?0.6315294753075389"></script>
<script defer src="//play.pokemonshowdown.com/data/pokedex-mini.js?0.7603743185311358"></script>
<script defer src="//play.pokemonshowdown.com/data/pokedex-mini-bw.js?0.030888842834281283"></script>
<script defer src="//play.pokemonshowdown.com/data/graphics.js?0.05593094747507488"></script>
<script defer src="//play.pokemonshowdown.com/data/pokedex.js?0.47064822249611904"></script>
<script defer src="//play.pokemonshowdown.com/data/moves.js?0.8583693120512459"></script>
<script defer src="//play.pokemonshowdown.com/data/abilities.js?0.16017181182386842"></script>
<script defer src="//play.pokemonshowdown.com/data/items.js?0.4163379185673943"></script>
<script defer src="//play.pokemonshowdown.com/data/teambuilder-tables.js?0.31075597372830477"></script>
<script defer src="//play.pokemonshowdown.com/js/battle-tooltips.js?0.6536193500708172"></script>
<script defer src="//play.pokemonshowdown.com/js/battle.js?0.1916591943277901"></script>

<script defer src="js/utils.js?e31f9a17"></script>
<script defer src="js/replays-battle.js?7008c182"></script>

<!-- don't scrape this data! just add .json or .log after the URL!
Full API docs: https://github.com/smogon/pokemon-showdown-client/blob/master/WEB-API.md -->
<script type="text/plain" class="log" id="replaylog-smogtours-gen3ou-797863">
|inactive|Battle timer is ON: inactive players will automatically lose when time's up.
|t:|1728773650
|gametype|singles
|player|p1|CharBoy3000|blaine|
|player|p2|Milkshook♡|iris-gen5bw2|
|teamsize|p1|6
|teamsize|p2|6
|gen|3
|tier|[Gen 3] OU
|rule|Sleep Clause Mod: Limit one foe put to sleep
|rule|Switch Priority Clause Mod: Faster Pokémon switch first
|rule|Species Clause: Limit one of each Pokémon
|rule|OHKO Clause: OHKO moves are banned
|rule|Evasion Items Clause: Evasion items are banned
|rule|Evasion Moves Clause: Evasion moves are banned
|rule|Endless Battle Clause: Forcing endless battles is banned
|rule|HP Percentage Mod: HP is shown in percentages
|rule|One Boost Passer Clause: Limit one Baton Passer that has a way to boost its stats
|rule|Freeze Clause Mod: Limit one foe frozen
|
|t:|1728773650
|start
|switch|p1a: Tyranitar|Tyranitar, M, shiny|100/100
|switch|p2a: Tyranitar|Tyranitar, M|100/100
|-weather|Sandstorm|[from] ability: Sand Stream|[of] p2a: Tyranitar
|turn|1
|inactive|Milkshook♡ also wants the timer to be on.
|c|☆Milkshook♡|gl hf
|
|t:|1728773663
|switch|p1a: Gyarados|Gyarados, M, shiny|100/100
|-ability|p1a: Gyarados|Intimidate|boost
|-unboost|p2a: Tyranitar|atk|1
|move|p2a: Tyranitar|Brick Break|p1a: Gyarados
|-resisted|p1a: Gyarados
|-crit|p1a: Gyarados
|-damage|p1a: Gyarados|78/100
|
|-weather|Sandstorm|[upkeep]
|-damage|p1a: Gyarados|72/100|[from] Sandstorm
|-heal|p1a: Gyarados|78/100|[from] item: Leftovers
|upkeep
|turn|2
|
|t:|1728773689
|switch|p2a: Skarmory|Skarmory, M|100/100
|move|p1a: Gyarados|Earthquake|p2a: Skarmory
|-immune|p2a: Skarmory
|
|-weather|Sandstorm|[upkeep]
|-damage|p1a: Gyarados|72/100|[from] Sandstorm
|-heal|p1a: Gyarados|78/100|[from] item: Leftovers
|upkeep
|turn|3
|
|t:|1728773693
|move|p1a: Gyarados|Dragon Dance|p1a: Gyarados
|-boost|p1a: Gyarados|atk|1
|-boost|p1a: Gyarados|spe|1
|move|p2a: Skarmory|Spikes|p1a: Gyarados
|-sidestart|p1: CharBoy3000|Spikes
|
|-weather|Sandstorm|[upkeep]
|-damage|p1a: Gyarados|72/100|[from] Sandstorm
|-heal|p1a: Gyarados|78/100|[from] item: Leftovers
|upkeep
|turn|4
|
|t:|1728773698
|switch|p1a: Magneton|Magneton, shiny|100/100
|-damage|p1a: Magneton|88/100|[from] Spikes
|move|p2a: Skarmory|Roar|p1a: Magneton
|drag|p1a: Gyarados|Gyarados, M, shiny|78/100
|-ability|p1a: Gyarados|Intimidate|boost
|-unboost|p2a: Skarmory|atk|1
|
|-weather|Sandstorm|[upkeep]
|-damage|p1a: Gyarados|72/100|[from] Sandstorm
|-heal|p1a: Gyarados|78/100|[from] item: Leftovers
|upkeep
|turn|5
|
|t:|1728773706
|switch|p1a: Magneton|Magneton, shiny|88/100
|-damage|p1a: Magneton|76/100|[from] Spikes
|move|p2a: Skarmory|Spikes|p1a: Magneton
|-sidestart|p1: CharBoy3000|Spikes
|
|-weather|Sandstorm|[upkeep]
|upkeep
|turn|6
|
|t:|1728773713
|move|p1a: Magneton|Thunderbolt|p2a: Skarmory
|-supereffective|p2a: Skarmory
|-damage|p2a: Skarmory|10/100
|move|p2a: Skarmory|Roar|p1a: Magneton
|drag|p1a: Steelix|Steelix, F, shiny|100/100
|-damage|p1a: Steelix|84/100|[from] Spikes
|
|-weather|Sandstorm|[upkeep]
|-heal|p2a: Skarmory|16/100|[from] item: Leftovers
|-heal|p1a: Steelix|90/100|[from] item: Leftovers
|upkeep
|turn|7
|
|t:|1728773729
|move|p2a: Skarmory|Spikes|p1a: Steelix
|-sidestart|p1: CharBoy3000|Spikes
|move|p1a: Steelix|Hidden Power|p2a: Skarmory
|-damage|p2a: Skarmory|2/100
|
|-weather|Sandstorm|[upkeep]
|-heal|p2a: Skarmory|8/100|[from] item: Leftovers
|-heal|p1a: Steelix|96/100|[from] item: Leftovers
|upkeep
|turn|8
|c|☆CharBoy3000|Hf as well
|inactive|Milkshook♡ has 270 seconds left.
|inactive|Milkshook♡ has 240 seconds left.
|
|t:|1728773800
|switch|p2a: Salamence|Salamence, M|100/100
|-ability|p2a: Salamence|Intimidate|boost
|-unboost|p1a: Steelix|atk|1
|move|p1a: Steelix|Hidden Power|p2a: Salamence
|-supereffective|p2a: Salamence
|-damage|p2a: Salamence|68/100
|
|-weather|Sandstorm|[upkeep]
|-damage|p2a: Salamence|62/100|[from] Sandstorm
|-heal|p2a: Salamence|68/100|[from] item: Leftovers
|-heal|p1a: Steelix|100/100|[from] item: Leftovers
|upkeep
|turn|9
|
|t:|1728773813
|switch|p2a: Skarmory|Skarmory, M|8/100
|switch|p1a: Gyarados|Gyarados, M, shiny|78/100
|-ability|p1a: Gyarados|Intimidate|boost
|-unboost|p2a: Skarmory|atk|1
|
|-weather|Sandstorm|[upkeep]
|-damage|p1a: Gyarados|72/100|[from] Sandstorm
|-heal|p1a: Gyarados|78/100|[from] item: Leftovers
|-heal|p2a: Skarmory|14/100|[from] item: Leftovers
|upkeep
|turn|10
|
|t:|1728773827
|move|p2a: Skarmory|Protect|p2a: Skarmory
|-singleturn|p2a: Skarmory|Protect
|move|p1a: Gyarados|Hidden Power|p2a: Skarmory
|-activate|p2a: Skarmory|Protect
|
|-weather|Sandstorm|[upkeep]
|-damage|p1a: Gyarados|72/100|[from] Sandstorm
|-heal|p1a: Gyarados|78/100|[from] item: Leftovers
|-heal|p2a: Skarmory|20/100|[from] item: Leftovers
|upkeep
|turn|11
|
|t:|1728773832
|move|p1a: Gyarados|Hidden Power|p2a: Skarmory
|-resisted|p2a: Skarmory
|-damage|p2a: Skarmory|8/100
|move|p2a: Skarmory|Roar|p1a: Gyarados
|drag|p1a: Magneton|Magneton, shiny|76/100
|-damage|p1a: Magneton|51/100|[from] Spikes
|
|-weather|Sandstorm|[upkeep]
|-heal|p2a: Skarmory|14/100|[from] item: Leftovers
|upkeep
|turn|12
|
|t:|1728773839
|move|p1a: Magneton|Thunderbolt|p2a: Skarmory
|-supereffective|p2a: Skarmory
|-damage|p2a: Skarmory|0 fnt
|faint|p2a: Skarmory
|inactive|Milkshook♡ has 240 seconds left.
|
|t:|1728773866
|switch|p2a: Salamence|Salamence, M|68/100
|-ability|p2a: Salamence|Intimidate|boost
|-unboost|p1a: Magneton|atk|1
|
|-weather|Sandstorm|[upkeep]
|-damage|p2a: Salamence|62/100|[from] Sandstorm
|-heal|p2a: Salamence|68/100|[from] item: Leftovers
|upkeep
|turn|13
|
|t:|1728773882
|move|p1a: Magneton|Endure|p1a: Magneton
|-singleturn|p1a: Magneton|move: Endure
|move|p2a: Salamence|Brick Break|p1a: Magneton
|-supereffective|p1a: Magneton
|-activate|p1a: Magneton|move: Endure
|-damage|p1a: Magneton|1/100
|
|-weather|Sandstorm|[upkeep]
|-damage|p2a: Salamence|62/100|[from] Sandstorm
|-heal|p2a: Salamence|68/100|[from] item: Leftovers
|-enditem|p1a: Magneton|Salac Berry|[eat]
|-boost|p1a: Magneton|spe|1|[from] item: Salac Berry
|upkeep
|turn|14
|inactive|Milkshook♡ has 240 seconds left.
|
|t:|1728773901
|switch|p2a: Celebi|Celebi|100/100
|move|p1a: Magneton|Thunderbolt|p2a: Celebi
|-resisted|p2a: Celebi
|-damage|p2a: Celebi|78/100
|
|-weather|Sandstorm|[upkeep]
|-damage|p2a: Celebi|72/100|[from] Sandstorm
|-heal|p2a: Celebi|78/100|[from] item: Leftovers
|upkeep
|turn|15
|inactive|Milkshook♡ has 240 seconds left.
|
|t:|1728773915
|move|p1a: Magneton|Thunder Wave|p2a: Celebi
|-status|p2a: Celebi|par
|move|p2a: Celebi|Calm Mind|p2a: Celebi
|-boost|p2a: Celebi|spa|1
|-boost|p2a: Celebi|spd|1
|
|-weather|Sandstorm|[upkeep]
|-damage|p2a: Celebi|72/100 par|[from] Sandstorm
|-heal|p2a: Celebi|78/100 par|[from] item: Leftovers
|upkeep
|turn|16
|
|t:|1728773923
|switch|p1a: Snorlax|Snorlax, M|100/100
|-damage|p1a: Snorlax|75/100|[from] Spikes
|move|p2a: Celebi|Giga Drain|p1a: Snorlax
|-damage|p1a: Snorlax|51/100
|-heal|p2a: Celebi|94/100 par|[from] drain|[of] p1a: Snorlax
|
|-weather|Sandstorm|[upkeep]
|-damage|p1a: Snorlax|44/100|[from] Sandstorm
|-damage|p2a: Celebi|87/100 par|[from] Sandstorm
|-heal|p1a: Snorlax|51/100|[from] item: Leftovers
|-heal|p2a: Celebi|94/100 par|[from] item: Leftovers
|upkeep
|turn|17
|
|t:|1728773932
|move|p1a: Snorlax|Shadow Ball|p2a: Celebi
|-supereffective|p2a: Celebi
|-damage|p2a: Celebi|45/100 par
|move|p2a: Celebi|Psychic|p1a: Snorlax
|-damage|p1a: Snorlax|17/100
|-unboost|p1a: Snorlax|spd|1
|
|-weather|Sandstorm|[upkeep]
|-damage|p1a: Snorlax|11/100|[from] Sandstorm
|-damage|p2a: Celebi|38/100 par|[from] Sandstorm
|-heal|p1a: Snorlax|17/100|[from] item: Leftovers
|-heal|p2a: Celebi|45/100 par|[from] item: Leftovers
|upkeep
|turn|18
|inactive|Milkshook♡ has 240 seconds left.
|inactive|Milkshook♡ has 210 seconds left.
|inactive|Milkshook♡ has 180 seconds left.
|
|t:|1728774034
|-curestatus|p2a: Celebi|par|[from] ability: Natural Cure
|switch|p2a: Aerodactyl|Aerodactyl, F|100/100
|move|p1a: Snorlax|Self-Destruct|p2a: Aerodactyl
|-resisted|p2a: Aerodactyl
|-damage|p2a: Aerodactyl|0 fnt
|faint|p1a: Snorlax
|faint|p2a: Aerodactyl
|inactive|Milkshook♡ has 150 seconds left.
|
|t:|1728774071
|switch|p2a: Tyranitar|Tyranitar, M|100/100
|switch|p1a: Gyarados|Gyarados, M, shiny|78/100
|-ability|p1a: Gyarados|Intimidate|boost
|-unboost|p2a: Tyranitar|atk|1
|
|-weather|Sandstorm|[upkeep]
|-damage|p1a: Gyarados|72/100|[from] Sandstorm
|-heal|p1a: Gyarados|78/100|[from] item: Leftovers
|upkeep
|turn|19
|
|t:|1728774080
|switch|p2a: Salamence|Salamence, M|68/100
|-ability|p2a: Salamence|Intimidate|boost
|-unboost|p1a: Gyarados|atk|1
|move|p1a: Gyarados|Dragon Dance|p1a: Gyarados
|-boost|p1a: Gyarados|atk|1
|-boost|p1a: Gyarados|spe|1
|
|-weather|Sandstorm|[upkeep]
|-damage|p1a: Gyarados|72/100|[from] Sandstorm
|-damage|p2a: Salamence|62/100|[from] Sandstorm
|-heal|p1a: Gyarados|78/100|[from] item: Leftovers
|-heal|p2a: Salamence|68/100|[from] item: Leftovers
|upkeep
|turn|20
|
|t:|1728774096
|move|p1a: Gyarados|Hidden Power|p2a: Salamence
|-damage|p2a: Salamence|22/100
|move|p2a: Salamence|Dragon Claw|p1a: Gyarados
|-damage|p1a: Gyarados|45/100
|
|-weather|Sandstorm|[upkeep]
|-damage|p1a: Gyarados|39/100|[from] Sandstorm
|-damage|p2a: Salamence|16/100|[from] Sandstorm
|-heal|p1a: Gyarados|45/100|[from] item: Leftovers
|-heal|p2a: Salamence|22/100|[from] item: Leftovers
|upkeep
|turn|21
|
|t:|1728774108
|switch|p2a: Tyranitar|Tyranitar, M|100/100
|move|p1a: Gyarados|Hidden Power|p2a: Tyranitar
|-resisted|p2a: Tyranitar
|-damage|p2a: Tyranitar|85/100
|
|-weather|Sandstorm|[upkeep]
|-damage|p1a: Gyarados|39/100|[from] Sandstorm
|-heal|p1a: Gyarados|45/100|[from] item: Leftovers
|upkeep
|turn|22
|
|t:|1728774117
|switch|p1a: Magneton|Magneton, shiny|1/100
|-damage|p1a: Magneton|0 fnt|[from] Spikes
|faint|p1a: Magneton
|
|t:|1728774119
|switch|p1a: Salamence|Salamence, M|100/100
|-ability|p1a: Salamence|Intimidate|boost
|-unboost|p2a: Tyranitar|atk|1
|
|-weather|Sandstorm|[upkeep]
|-damage|p1a: Salamence|94/100|[from] Sandstorm
|-heal|p1a: Salamence|100/100|[from] item: Leftovers
|upkeep
|turn|23
|
|t:|1728774128
|switch|p1a: Gyarados|Gyarados, M, shiny|45/100
|-ability|p1a: Gyarados|Intimidate|boost
|-unboost|p2a: Tyranitar|atk|1
|move|p2a: Tyranitar|Ice Beam|p1a: Gyarados
|-damage|p1a: Gyarados|24/100
|
|-weather|Sandstorm|[upkeep]
|-damage|p1a: Gyarados|18/100|[from] Sandstorm
|-heal|p1a: Gyarados|24/100|[from] item: Leftovers
|upkeep
|turn|24
|
|t:|1728774139
|switch|p2a: Salamence|Salamence, M|22/100
|-ability|p2a: Salamence|Intimidate|boost
|-unboost|p1a: Gyarados|atk|1
|move|p1a: Gyarados|Earthquake|p2a: Salamence
|-immune|p2a: Salamence
|
|-weather|Sandstorm|[upkeep]
|-damage|p2a: Salamence|16/100|[from] Sandstorm
|-damage|p1a: Gyarados|18/100|[from] Sandstorm
|-heal|p2a: Salamence|22/100|[from] item: Leftovers
|-heal|p1a: Gyarados|24/100|[from] item: Leftovers
|upkeep
|turn|25
|
|t:|1728774145
|move|p2a: Salamence|Dragon Claw|p1a: Gyarados
|-damage|p1a: Gyarados|0 fnt
|faint|p1a: Gyarados
|
|t:|1728774155
|switch|p1a: Salamence|Salamence, M|100/100
|-ability|p1a: Salamence|Intimidate|boost
|-unboost|p2a: Salamence|atk|1
|
|-weather|Sandstorm|[upkeep]
|-damage|p2a: Salamence|16/100|[from] Sandstorm
|-damage|p1a: Salamence|94/100|[from] Sandstorm
|-heal|p2a: Salamence|22/100|[from] item: Leftovers
|-heal|p1a: Salamence|100/100|[from] item: Leftovers
|upkeep
|turn|26
|inactive|Milkshook♡ has 180 seconds left.
|
|t:|1728774165
|move|p2a: Salamence|Dragon Claw|p1a: Salamence
|-supereffective|p1a: Salamence
|-damage|p1a: Salamence|6/100
|move|p1a: Salamence|Dragon Dance|p1a: Salamence
|-boost|p1a: Salamence|atk|1
|-boost|p1a: Salamence|spe|1
|
|-weather|Sandstorm|[upkeep]
|-damage|p1a: Salamence|0 fnt|[from] Sandstorm
|-damage|p2a: Salamence|16/100|[from] Sandstorm
|faint|p1a: Salamence
|-heal|p2a: Salamence|22/100|[from] item: Leftovers
|upkeep
|
|t:|1728774176
|switch|p1a: Steelix|Steelix, F, shiny|100/100
|-damage|p1a: Steelix|76/100|[from] Spikes
|turn|27
|
|t:|1728774180
|move|p1a: Steelix|Protect|p1a: Steelix
|-singleturn|p1a: Steelix|Protect
|move|p2a: Salamence|Fire Blast|p1a: Steelix
|-activate|p1a: Steelix|Protect
|
|-weather|Sandstorm|[upkeep]
|-damage|p2a: Salamence|16/100|[from] Sandstorm
|-heal|p2a: Salamence|22/100|[from] item: Leftovers
|-heal|p1a: Steelix|82/100|[from] item: Leftovers
|upkeep
|turn|28
|
|t:|1728774183
|move|p2a: Salamence|Fire Blast|p1a: Steelix
|-supereffective|p1a: Steelix
|-damage|p1a: Steelix|0 fnt
|faint|p1a: Steelix
|
|t:|1728774185
|switch|p1a: Tyranitar|Tyranitar, M, shiny|100/100
|-damage|p1a: Tyranitar|76/100|[from] Spikes
|
|-weather|Sandstorm|[upkeep]
|-damage|p2a: Salamence|16/100|[from] Sandstorm
|-heal|p2a: Salamence|22/100|[from] item: Leftovers
|-heal|p1a: Tyranitar|82/100|[from] item: Leftovers
|upkeep
|turn|29
|
|t:|1728774190
|switch|p2a: Swampert|Swampert, F|100/100
|move|p1a: Tyranitar|Crunch|p2a: Swampert
|-damage|p2a: Swampert|69/100
|
|-weather|Sandstorm|[upkeep]
|-heal|p1a: Tyranitar|88/100|[from] item: Leftovers
|-heal|p2a: Swampert|75/100|[from] item: Leftovers
|upkeep
|turn|30
|c|☆CharBoy3000|A well deserved win
|c|☆CharBoy3000|Gg <3
|
|t:|1728774201
|move|p1a: Tyranitar|Crunch|p2a: Swampert
|-damage|p2a: Swampert|42/100
|-unboost|p2a: Swampert|spd|1
|move|p2a: Swampert|Earthquake|p1a: Tyranitar
|-supereffective|p1a: Tyranitar
|-damage|p1a: Tyranitar|27/100
|
|-weather|Sandstorm|[upkeep]
|-heal|p1a: Tyranitar|34/100|[from] item: Leftovers
|-heal|p2a: Swampert|49/100|[from] item: Leftovers
|upkeep
|turn|31
|c|☆Milkshook♡|gg it was rly close
|c|☆Milkshook♡|fun games
|
|t:|1728774208
|move|p1a: Tyranitar|Crunch|p2a: Swampert
|-damage|p2a: Swampert|2/100
|move|p2a: Swampert|Earthquake|p1a: Tyranitar
|-supereffective|p1a: Tyranitar
|-damage|p1a: Tyranitar|0 fnt
|faint|p1a: Tyranitar
|
|win|Milkshook♡

</script>
<script type="application/json" class="data" id="replaydata-smogtours-gen3ou-797863">
{"id":"smogtours-gen3ou-797863","format":"[Gen 3] OU","players":["CharBoy3000","Milkshook\u2661"],"uploadtime":1728774208,"views":89,"formatid":"gen3ou","rating":null,"private":0,"password":null}
</script>

<script defer src="js/replays.js?9d40a366"></script>
