<!DOCTYPE html>
<meta charset="utf-8" />
<meta name="viewport" content="width=device-width" />

<title>[Gen 3] OU: earl gr3y vs. strictsceptile1 - Replays - Pok&eacute;mon Showdown!</title>

<meta name="description" content="Watch a replay of a Pok&eacute;mon battle between earl gr3y and strictsceptile1! Format: [Gen 3] OU; Date: Oct 22, 2024" />
<!--

Hey, you! Looking in the source for the replay log?

You can find them in JSON format, just add `.json` at the end of a replay URL.

https://replay.pokemonshowdown.com/gen7randomdoublesbattle-865046831.json

Or, if you only need the log itself, add `.log` instead:

https://replay.pokemonshowdown.com/gen7randomdoublesbattle-865046831.log

-->

<link rel="stylesheet" href="//pokemonshowdown.com/style/global.css?0.767286132409787" />
<link rel="stylesheet" href="//play.pokemonshowdown.com/style/font-awesome.css?0.9266228007934947" />
<link rel="stylesheet" href="//play.pokemonshowdown.com/style/battle.css?0.7924700842790926" />
<link rel="stylesheet" href="//play.pokemonshowdown.com/style/utilichart.css?0.8777417872839479" />

<!-- Global site tag (gtag.js) - Google Analytics -->
<script async src="https://www.googletagmanager.com/gtag/js?id=UA-26211653-1"></script>
<script>
  window.dataLayer = window.dataLayer || [];
  function gtag(){dataLayer.push(arguments);}
  gtag('js', new Date());

  gtag('config', 'UA-26211653-1');
</script>
<!-- End Google Analytics -->
<!-- Venatus Ad Manager - Install in <HEAD> of page -->
	<script src="https://hb.vntsm.com/v3/live/ad-manager.min.js" type="text/javascript" data-site-id="642aba63ec9a7b11c3c9c1be" data-mode="scan" async></script>
<!-- / Venatus Ad Manager -->

<style>
	@media (max-width:820px) {
		.battle {
			margin: 0 auto;
		}
		.battle-log {
			margin: 7px auto 0;
			max-width: 640px;
			height: 300px;
			position: static;
		}
	}
	.optgroup {
		display: inline-block;
		line-height: 22px;
		font-size: 10pt;
	}
	.optgroup .button {
		height: 25px;
		padding-top: 0;
		padding-bottom: 0;
	}
	.optgroup button.button {
		padding-left: 12px;
		padding-right: 12px;
	}
	.linklist {
		list-style: none;
		margin: 0.5em 0;
		padding: 0;
	}
	.linklist li {
		padding: 2px 0;
	}
	.sidebar {
		float: left;
		width: 320px;
	}
	.bar-wrapper {
		max-width: 1100px;
		margin: 0 auto;
	}
	.bar-wrapper.has-sidebar {
		max-width: 1430px;
	}
	.mainbar {
		margin: 0;
		padding-right: 1px;
	}
	.mainbar.has-sidebar {
		margin-left: 330px;
	}
	@media (min-width: 1511px) {
		.sidebar {
			width: 400px;
		}
		.bar-wrapper.has-sidebar {
			max-width: 1510px;
		}
		.mainbar.has-sidebar {
			margin-left: 410px;
		}
	}
	.section.first-section {
		margin-top: 9px;
	}
	.blocklink small {
		white-space: normal;
	}
	.button {
		vertical-align: middle;
	}
	.replay-controls {
		padding-top: 10px;
	}
	.replay-controls h1 {
		font-size: 16pt;
		font-weight: normal;
		color: #CCC;
	}
	.pagelink {
		text-align: center;
	}
	.pagelink a {
		width: 150px;
	}
	.textbox, .button {
		font-size: 11pt;
		vertical-align: middle;
	}
	@media (max-width: 450px) {
		.button {
			font-size: 9pt;
		}
	}
</style>

<div>

	<header>
		<div class="nav-wrapper"><ul class="nav">
			<li><a class="button nav-first" href="//pokemonshowdown.com/"><img src="//pokemonshowdown.com/images/pokemonshowdownbeta.png" srcset="//pokemonshowdown.com/images/pokemonshowdownbeta.png 1x, //pokemonshowdown.com/images/pokemonshowdownbeta@2x.png 2x" alt="Pok&eacute;mon Showdown" width="146" height="44" /> Home</a></li>
			<li><a class="button" href="//pokemonshowdown.com/dex/">Pok&eacute;dex</a></li>
			<li><a class="button cur" href="/">Replays</a></li>
			<li><a class="button" href="//pokemonshowdown.com/ladder/">Ladder</a></li>
			<li><a class="button nav-last" href="//pokemonshowdown.com/forums/">Forum</a></li>
			<li><a class="button greenbutton nav-first nav-last" href="//play.pokemonshowdown.com/">Play</a></li>
		</ul></div>
	</header>

	<div class="main" id="main">

		<noscript><section class="section">You need to enable JavaScript to use this page; sorry!</section></noscript>

	</div>

</div>

<script defer nomodule src="//play.pokemonshowdown.com/js/lib/ps-polyfill.js"></script>
<script defer src="//play.pokemonshowdown.com/js/lib/preact.min.js"></script>

<script defer src="//play.pokemonshowdown.com/config/config.js?6dec07f6"></script>
<script defer src="//play.pokemonshowdown.com/js/lib/jquery-1.11.0.min.js"></script>
<script defer src="//play.pokemonshowdown.com/js/lib/html-sanitizer-minified.js"></script>
<script defer src="//play.pokemonshowdown.com/js/battle-sound.js"></script>
<script defer src="//play.pokemonshowdown.com/js/battledata.js?0.6315294753075389"></script>
<script defer src="//play.pokemonshowdown.com/data/pokedex-mini.js?0.7603743185311358"></script>
<script defer src="//play.pokemonshowdown.com/data/pokedex-mini-bw.js?0.030888842834281283"></script>
<script defer src="//play.pokemonshowdown.com/data/graphics.js?0.05593094747507488"></script>
<script defer src="//play.pokemonshowdown.com/data/pokedex.js?0.47064822249611904"></script>
<script defer src="//play.pokemonshowdown.com/data/moves.js?0.8583693120512459"></script>
<script defer src="//play.pokemonshowdown.com/data/abilities.js?0.16017181182386842"></script>
<script defer src="//play.pokemonshowdown.com/data/items.js?0.4163379185673943"></script>
<script defer src="//play.pokemonshowdown.com/data/teambuilder-tables.js?0.31075597372830477"></script>
<script defer src="//play.pokemonshowdown.com/js/battle-tooltips.js?0.6536193500708172"></script>
<script defer src="//play.pokemonshowdown.com/js/battle.js?0.1916591943277901"></script>

<script defer src="js/utils.js?e31f9a17"></script>
<script defer src="js/replays-battle.js?7008c182"></script>

<!-- don't scrape this data! just add .json or .log after the URL!
Full API docs: https://github.com/smogon/pokemon-showdown-client/blob/master/WEB-API.md -->
<script type="text/plain" class="log" id="replaylog-smogtours-gen3ou-801183">
|inactive|Battle timer is ON: inactive players will automatically lose when time's up.
|t:|1729605981
|gametype|singles
|player|p1|earl gr3y|#roaplxyorknewyanma|
|player|p2|strictsceptile1|lucas|
|teamsize|p1|6
|teamsize|p2|6
|gen|3
|tier|[Gen 3] OU
|rule|Sleep Clause Mod: Limit one foe put to sleep
|rule|Switch Priority Clause Mod: Faster Pokémon switch first
|rule|Species Clause: Limit one of each Pokémon
|rule|OHKO Clause: OHKO moves are banned
|rule|Evasion Items Clause: Evasion items are banned
|rule|Evasion Moves Clause: Evasion moves are banned
|rule|Endless Battle Clause: Forcing endless battles is banned
|rule|HP Percentage Mod: HP is shown in percentages
|rule|One Boost Passer Clause: Limit one Baton Passer that has a way to boost its stats
|rule|Freeze Clause Mod: Limit one foe frozen
|
|t:|1729605981
|start
|switch|p1a: AAAAAAAA|Tyranitar, F, shiny|100/100
|switch|p2a: Tyranitar|Tyranitar, M|100/100
|-weather|Sandstorm|[from] ability: Sand Stream|[of] p2a: Tyranitar
|turn|1
|inactive|earl gr3y also wants the timer to be on.
|c|☆earl gr3y|glhf
|c|☆strictsceptile1|u2
|inactive|earl gr3y has 270 seconds left.
|
|t:|1729606020
|switch|p2a: Skarmory|Skarmory, M|100/100
|switch|p1a: Claydol|Claydol|100/100
|
|-weather|Sandstorm|[upkeep]
|upkeep
|turn|2
|
|t:|1729606028
|switch|p1a: Skarmory|Skarmory, M|100/100
|move|p2a: Skarmory|Toxic|p1a: Skarmory
|-immune|p1a: Skarmory
|
|-weather|Sandstorm|[upkeep]
|upkeep
|turn|3
|
|t:|1729606032
|move|p1a: Skarmory|Spikes|p2a: Skarmory
|-sidestart|p2: strictsceptile1|Spikes
|move|p2a: Skarmory|Spikes|p1a: Skarmory
|-sidestart|p1: earl gr3y|Spikes
|
|-weather|Sandstorm|[upkeep]
|upkeep
|turn|4
|
|t:|1729606035
|move|p1a: Skarmory|Spikes|p2a: Skarmory
|-sidestart|p2: strictsceptile1|Spikes
|move|p2a: Skarmory|Spikes|p1a: Skarmory
|-sidestart|p1: earl gr3y|Spikes
|
|-weather|Sandstorm|[upkeep]
|upkeep
|turn|5
|
|t:|1729606039
|move|p1a: Skarmory|Spikes|p2a: Skarmory
|-sidestart|p2: strictsceptile1|Spikes
|move|p2a: Skarmory|Roar|p1a: Skarmory
|drag|p1a: O LORD GIVE FREEZE|Jirachi|100/100
|-damage|p1a: O LORD GIVE FREEZE|84/100|[from] Spikes
|
|-weather|Sandstorm|[upkeep]
|-heal|p1a: O LORD GIVE FREEZE|90/100|[from] item: Leftovers
|upkeep
|turn|6
|
|t:|1729606042
|move|p1a: O LORD GIVE FREEZE|Fire Punch|p2a: Skarmory
|-supereffective|p2a: Skarmory
|-damage|p2a: Skarmory|68/100
|move|p2a: Skarmory|Spikes|p1a: O LORD GIVE FREEZE
|-sidestart|p1: earl gr3y|Spikes
|
|-weather|Sandstorm|[upkeep]
|-heal|p1a: O LORD GIVE FREEZE|97/100|[from] item: Leftovers
|-heal|p2a: Skarmory|74/100|[from] item: Leftovers
|upkeep
|turn|7
|
|t:|1729606052
|move|p2a: Skarmory|Protect|p2a: Skarmory
|-singleturn|p2a: Skarmory|Protect
|move|p1a: O LORD GIVE FREEZE|Fire Punch|p2a: Skarmory
|-activate|p2a: Skarmory|Protect
|
|-weather|Sandstorm|[upkeep]
|-heal|p1a: O LORD GIVE FREEZE|100/100|[from] item: Leftovers
|-heal|p2a: Skarmory|80/100|[from] item: Leftovers
|upkeep
|turn|8
|
|t:|1729606056
|move|p1a: O LORD GIVE FREEZE|Fire Punch|p2a: Skarmory
|-supereffective|p2a: Skarmory
|-crit|p2a: Skarmory
|-damage|p2a: Skarmory|15/100
|-status|p2a: Skarmory|brn
|move|p2a: Skarmory|Roar|p1a: O LORD GIVE FREEZE
|drag|p1a: Breloom|Breloom, M, shiny|100/100
|-damage|p1a: Breloom|76/100|[from] Spikes
|
|-weather|Sandstorm|[upkeep]
|-damage|p1a: Breloom|70/100|[from] Sandstorm
|-heal|p1a: Breloom|76/100|[from] item: Leftovers
|-heal|p2a: Skarmory|21/100 brn|[from] item: Leftovers
|-damage|p2a: Skarmory|8/100 brn|[from] brn
|upkeep
|turn|9
|
|t:|1729606065
|move|p1a: Breloom|Mach Punch|p2a: Skarmory
|-damage|p2a: Skarmory|0 fnt
|faint|p2a: Skarmory
|
|t:|1729606068
|switch|p2a: Starmie|Starmie|100/100
|-damage|p2a: Starmie|76/100|[from] Spikes
|
|-weather|Sandstorm|[upkeep]
|-damage|p2a: Starmie|70/100|[from] Sandstorm
|-damage|p1a: Breloom|70/100|[from] Sandstorm
|-heal|p2a: Starmie|76/100|[from] item: Leftovers
|-heal|p1a: Breloom|76/100|[from] item: Leftovers
|upkeep
|turn|10
|
|t:|1729606082
|switch|p1a: O LORD GIVE FREEZE|Jirachi|100/100
|-damage|p1a: O LORD GIVE FREEZE|76/100|[from] Spikes
|move|p2a: Starmie|Ice Beam|p1a: O LORD GIVE FREEZE
|-resisted|p1a: O LORD GIVE FREEZE
|-damage|p1a: O LORD GIVE FREEZE|66/100
|
|-weather|Sandstorm|[upkeep]
|-damage|p2a: Starmie|70/100|[from] Sandstorm
|-heal|p2a: Starmie|76/100|[from] item: Leftovers
|-heal|p1a: O LORD GIVE FREEZE|73/100|[from] item: Leftovers
|upkeep
|turn|11
|
|t:|1729606090
|move|p2a: Starmie|Rapid Spin|p1a: O LORD GIVE FREEZE
|-resisted|p1a: O LORD GIVE FREEZE
|-damage|p1a: O LORD GIVE FREEZE|71/100
|-sideend|p2: strictsceptile1|Spikes|[from] move: Rapid Spin|[of] p2a: Starmie
|move|p1a: O LORD GIVE FREEZE|Body Slam|p2a: Starmie
|-damage|p2a: Starmie|48/100
|
|-weather|Sandstorm|[upkeep]
|-damage|p2a: Starmie|42/100|[from] Sandstorm
|-heal|p2a: Starmie|48/100|[from] item: Leftovers
|-heal|p1a: O LORD GIVE FREEZE|78/100|[from] item: Leftovers
|upkeep
|turn|12
|
|t:|1729606099
|switch|p2a: Swampert|Swampert, F|100/100
|move|p1a: O LORD GIVE FREEZE|Wish|p1a: O LORD GIVE FREEZE
|
|-weather|Sandstorm|[upkeep]
|-heal|p1a: O LORD GIVE FREEZE|84/100|[from] item: Leftovers
|upkeep
|turn|13
|inactive|earl gr3y has 270 seconds left.
|
|t:|1729606132
|switch|p1a: Zapdos|Zapdos|100/100
|move|p2a: Swampert|Ice Beam|p1a: Zapdos
|-supereffective|p1a: Zapdos
|-damage|p1a: Zapdos|38/100
|
|-heal|p1a: Zapdos|88/100|[from] move: Wish|[wisher] O LORD GIVE FREEZE
|-weather|Sandstorm|[upkeep]
|-damage|p1a: Zapdos|82/100|[from] Sandstorm
|-heal|p1a: Zapdos|88/100|[from] item: Leftovers
|upkeep
|turn|14
|
|t:|1729606150
|move|p1a: Zapdos|Hidden Power|p2a: Swampert
|-supereffective|p2a: Swampert
|-damage|p2a: Swampert|0 fnt
|faint|p2a: Swampert
|
|t:|1729606155
|switch|p2a: Aerodactyl|Aerodactyl, F|100/100
|
|-weather|Sandstorm|[upkeep]
|-damage|p1a: Zapdos|82/100|[from] Sandstorm
|-heal|p1a: Zapdos|88/100|[from] item: Leftovers
|upkeep
|turn|15
|
|t:|1729606162
|switch|p1a: Claydol|Claydol|100/100
|move|p2a: Aerodactyl|Rock Slide|p1a: Claydol|[miss]
|-miss|p2a: Aerodactyl|p1a: Claydol
|
|-weather|Sandstorm|[upkeep]
|upkeep
|turn|16
|
|t:|1729606168
|move|p2a: Aerodactyl|Rock Slide|p1a: Claydol
|-resisted|p1a: Claydol
|-damage|p1a: Claydol|75/100
|move|p1a: Claydol|Rapid Spin|p2a: Aerodactyl
|-resisted|p2a: Aerodactyl
|-damage|p2a: Aerodactyl|97/100
|-sideend|p1: earl gr3y|Spikes|[from] move: Rapid Spin|[of] p1a: Claydol
|
|-weather|Sandstorm|[upkeep]
|-heal|p1a: Claydol|82/100|[from] item: Leftovers
|upkeep
|turn|17
|
|t:|1729606174
|move|p2a: Aerodactyl|Rock Slide|p1a: Claydol
|-resisted|p1a: Claydol
|-damage|p1a: Claydol|58/100
|move|p1a: Claydol|Rock Slide|p2a: Aerodactyl
|-supereffective|p2a: Aerodactyl
|-damage|p2a: Aerodactyl|35/100
|
|-weather|Sandstorm|[upkeep]
|-heal|p1a: Claydol|64/100|[from] item: Leftovers
|upkeep
|turn|18
|
|t:|1729606179
|move|p2a: Aerodactyl|Rock Slide|p1a: Claydol
|-resisted|p1a: Claydol
|-damage|p1a: Claydol|37/100
|move|p1a: Claydol|Rock Slide|p2a: Aerodactyl
|-supereffective|p2a: Aerodactyl
|-crit|p2a: Aerodactyl
|-damage|p2a: Aerodactyl|0 fnt
|faint|p2a: Aerodactyl
|
|t:|1729606185
|switch|p2a: Starmie|Starmie|48/100
|
|-weather|Sandstorm|[upkeep]
|-damage|p2a: Starmie|42/100|[from] Sandstorm
|-heal|p2a: Starmie|48/100|[from] item: Leftovers
|-heal|p1a: Claydol|43/100|[from] item: Leftovers
|upkeep
|turn|19
|
|t:|1729606196
|switch|p1a: O LORD GIVE FREEZE|Jirachi|84/100
|move|p2a: Starmie|Hydro Pump|p1a: O LORD GIVE FREEZE
|-damage|p1a: O LORD GIVE FREEZE|47/100
|
|-weather|Sandstorm|[upkeep]
|-damage|p2a: Starmie|42/100|[from] Sandstorm
|-heal|p2a: Starmie|48/100|[from] item: Leftovers
|-heal|p1a: O LORD GIVE FREEZE|54/100|[from] item: Leftovers
|upkeep
|turn|20
|
|t:|1729606202
|move|p2a: Starmie|Hydro Pump|p1a: O LORD GIVE FREEZE
|-damage|p1a: O LORD GIVE FREEZE|18/100
|move|p1a: O LORD GIVE FREEZE|Wish|p1a: O LORD GIVE FREEZE
|
|-weather|Sandstorm|[upkeep]
|-damage|p2a: Starmie|42/100|[from] Sandstorm
|-heal|p2a: Starmie|48/100|[from] item: Leftovers
|-heal|p1a: O LORD GIVE FREEZE|24/100|[from] item: Leftovers
|upkeep
|turn|21
|
|t:|1729606208
|switch|p2a: Metagross|Metagross|100/100
|move|p1a: O LORD GIVE FREEZE|Protect||[still]
|-fail|p1a: O LORD GIVE FREEZE
|
|-heal|p1a: O LORD GIVE FREEZE|74/100|[from] move: Wish|[wisher] O LORD GIVE FREEZE
|-weather|Sandstorm|[upkeep]
|-heal|p1a: O LORD GIVE FREEZE|80/100|[from] item: Leftovers
|upkeep
|turn|22
|
|t:|1729606222
|move|p1a: O LORD GIVE FREEZE|Protect|p1a: O LORD GIVE FREEZE
|-singleturn|p1a: O LORD GIVE FREEZE|Protect
|move|p2a: Metagross|Agility|p2a: Metagross
|-boost|p2a: Metagross|spe|2
|
|-weather|Sandstorm|[upkeep]
|-heal|p1a: O LORD GIVE FREEZE|86/100|[from] item: Leftovers
|upkeep
|turn|23
|
|t:|1729606238
|switch|p1a: Skarmory|Skarmory, M|100/100
|move|p2a: Metagross|Earthquake|p1a: Skarmory
|-immune|p1a: Skarmory
|
|-weather|Sandstorm|[upkeep]
|upkeep
|turn|24
|
|t:|1729606243
|move|p2a: Metagross|Meteor Mash|p1a: Skarmory
|-resisted|p1a: Skarmory
|-damage|p1a: Skarmory|79/100
|-boost|p2a: Metagross|atk|1
|move|p1a: Skarmory|Roar|p2a: Metagross
|drag|p2a: Starmie|Starmie|48/100
|
|-weather|Sandstorm|[upkeep]
|-damage|p2a: Starmie|42/100|[from] Sandstorm
|-heal|p2a: Starmie|48/100|[from] item: Leftovers
|-heal|p1a: Skarmory|85/100|[from] item: Leftovers
|upkeep
|turn|25
|
|t:|1729606256
|switch|p1a: O LORD GIVE FREEZE|Jirachi|86/100
|move|p2a: Starmie|Thunderbolt|p1a: O LORD GIVE FREEZE
|-damage|p1a: O LORD GIVE FREEZE|68/100
|
|-weather|Sandstorm|[upkeep]
|-damage|p2a: Starmie|42/100|[from] Sandstorm
|-heal|p2a: Starmie|48/100|[from] item: Leftovers
|-heal|p1a: O LORD GIVE FREEZE|74/100|[from] item: Leftovers
|upkeep
|turn|26
|
|t:|1729606262
|move|p2a: Starmie|Hydro Pump|p1a: O LORD GIVE FREEZE
|-damage|p1a: O LORD GIVE FREEZE|35/100
|move|p1a: O LORD GIVE FREEZE|Body Slam|p2a: Starmie
|-damage|p2a: Starmie|24/100
|
|-weather|Sandstorm|[upkeep]
|-damage|p2a: Starmie|18/100|[from] Sandstorm
|-heal|p2a: Starmie|24/100|[from] item: Leftovers
|-heal|p1a: O LORD GIVE FREEZE|41/100|[from] item: Leftovers
|upkeep
|turn|27
|
|t:|1729606270
|move|p2a: Starmie|Hydro Pump|p1a: O LORD GIVE FREEZE
|-damage|p1a: O LORD GIVE FREEZE|4/100
|move|p1a: O LORD GIVE FREEZE|Wish|p1a: O LORD GIVE FREEZE
|
|-weather|Sandstorm|[upkeep]
|-damage|p2a: Starmie|18/100|[from] Sandstorm
|-heal|p2a: Starmie|24/100|[from] item: Leftovers
|-heal|p1a: O LORD GIVE FREEZE|10/100|[from] item: Leftovers
|upkeep
|turn|28
|
|t:|1729606275
|move|p1a: O LORD GIVE FREEZE|Protect|p1a: O LORD GIVE FREEZE
|-singleturn|p1a: O LORD GIVE FREEZE|Protect
|move|p2a: Starmie|Ice Beam|p1a: O LORD GIVE FREEZE
|-activate|p1a: O LORD GIVE FREEZE|Protect
|
|-heal|p1a: O LORD GIVE FREEZE|60/100|[from] move: Wish|[wisher] O LORD GIVE FREEZE
|-weather|Sandstorm|[upkeep]
|-damage|p2a: Starmie|18/100|[from] Sandstorm
|-heal|p2a: Starmie|24/100|[from] item: Leftovers
|-heal|p1a: O LORD GIVE FREEZE|66/100|[from] item: Leftovers
|upkeep
|turn|29
|
|t:|1729606286
|switch|p2a: Metagross|Metagross|100/100
|move|p1a: O LORD GIVE FREEZE|Wish|p1a: O LORD GIVE FREEZE
|
|-weather|Sandstorm|[upkeep]
|-heal|p1a: O LORD GIVE FREEZE|73/100|[from] item: Leftovers
|upkeep
|turn|30
|
|t:|1729606293
|move|p1a: O LORD GIVE FREEZE|Fire Punch|p2a: Metagross
|-supereffective|p2a: Metagross
|-damage|p2a: Metagross|60/100
|move|p2a: Metagross|Earthquake|p1a: O LORD GIVE FREEZE
|-supereffective|p1a: O LORD GIVE FREEZE
|-damage|p1a: O LORD GIVE FREEZE|16/100
|
|-heal|p1a: O LORD GIVE FREEZE|66/100|[from] move: Wish|[wisher] O LORD GIVE FREEZE
|-weather|Sandstorm|[upkeep]
|-heal|p1a: O LORD GIVE FREEZE|72/100|[from] item: Leftovers
|upkeep
|turn|31
|
|t:|1729606303
|switch|p1a: Skarmory|Skarmory, M|85/100
|move|p2a: Metagross|Earthquake|p1a: Skarmory
|-immune|p1a: Skarmory
|
|-weather|Sandstorm|[upkeep]
|-heal|p1a: Skarmory|91/100|[from] item: Leftovers
|upkeep
|turn|32
|
|t:|1729606307
|move|p2a: Metagross|Meteor Mash|p1a: Skarmory
|-resisted|p1a: Skarmory
|-damage|p1a: Skarmory|70/100
|move|p1a: Skarmory|Spikes|p2a: Metagross
|-sidestart|p2: strictsceptile1|Spikes
|
|-weather|Sandstorm|[upkeep]
|-heal|p1a: Skarmory|76/100|[from] item: Leftovers
|upkeep
|turn|33
|
|t:|1729606315
|move|p2a: Metagross|Meteor Mash|p1a: Skarmory
|-resisted|p1a: Skarmory
|-damage|p1a: Skarmory|51/100
|move|p1a: Skarmory|Roar|p2a: Metagross
|drag|p2a: Tyranitar|Tyranitar, M|100/100
|-damage|p2a: Tyranitar|88/100|[from] Spikes
|
|-weather|Sandstorm|[upkeep]
|-heal|p1a: Skarmory|57/100|[from] item: Leftovers
|upkeep
|turn|34
|
|t:|1729606336
|move|p2a: Tyranitar|Dragon Dance|p2a: Tyranitar
|-boost|p2a: Tyranitar|atk|1
|-boost|p2a: Tyranitar|spe|1
|move|p1a: Skarmory|Toxic|p2a: Tyranitar
|-status|p2a: Tyranitar|tox
|-enditem|p2a: Tyranitar|Lum Berry|[eat]
|-curestatus|p2a: Tyranitar|tox|[msg]
|
|-weather|Sandstorm|[upkeep]
|-heal|p1a: Skarmory|63/100|[from] item: Leftovers
|upkeep
|turn|35
|
|t:|1729606341
|move|p2a: Tyranitar|Rock Slide|p1a: Skarmory
|-damage|p1a: Skarmory|20/100
|move|p1a: Skarmory|Roar|p2a: Tyranitar
|drag|p2a: Metagross|Metagross|60/100
|-damage|p2a: Metagross|48/100|[from] Spikes
|
|-weather|Sandstorm|[upkeep]
|-heal|p1a: Skarmory|26/100|[from] item: Leftovers
|upkeep
|turn|36
|
|t:|1729606347
|move|p2a: Metagross|Meteor Mash|p1a: Skarmory|[miss]
|-miss|p2a: Metagross|p1a: Skarmory
|move|p1a: Skarmory|Roar|p2a: Metagross
|drag|p2a: Tyranitar|Tyranitar, M|88/100
|-damage|p2a: Tyranitar|76/100|[from] Spikes
|
|-weather|Sandstorm|[upkeep]
|-heal|p1a: Skarmory|33/100|[from] item: Leftovers
|upkeep
|turn|37
|
|t:|1729606352
|move|p2a: Tyranitar|Rock Slide|p1a: Skarmory
|-damage|p1a: Skarmory|3/100
|move|p1a: Skarmory|Toxic|p2a: Tyranitar
|-status|p2a: Tyranitar|tox
|
|-weather|Sandstorm|[upkeep]
|-damage|p2a: Tyranitar|70/100 tox|[from] psn
|-heal|p1a: Skarmory|9/100|[from] item: Leftovers
|upkeep
|turn|38
|
|t:|1729606360
|move|p2a: Tyranitar|Dragon Dance|p2a: Tyranitar
|-boost|p2a: Tyranitar|atk|1
|-boost|p2a: Tyranitar|spe|1
|move|p1a: Skarmory|Roar|p2a: Tyranitar
|drag|p2a: Metagross|Metagross|48/100
|-damage|p2a: Metagross|36/100|[from] Spikes
|
|-weather|Sandstorm|[upkeep]
|-heal|p1a: Skarmory|15/100|[from] item: Leftovers
|upkeep
|turn|39
|
|t:|1729606368
|move|p2a: Metagross|Meteor Mash|p1a: Skarmory
|-resisted|p1a: Skarmory
|-damage|p1a: Skarmory|0 fnt
|faint|p1a: Skarmory
|
|t:|1729606370
|switch|p1a: Zapdos|Zapdos|88/100
|
|-weather|Sandstorm|[upkeep]
|-damage|p1a: Zapdos|82/100|[from] Sandstorm
|-heal|p1a: Zapdos|88/100|[from] item: Leftovers
|upkeep
|turn|40
|
|t:|1729606375
|move|p1a: Zapdos|Thunderbolt|p2a: Metagross
|-damage|p2a: Metagross|0 fnt
|faint|p2a: Metagross
|
|t:|1729606379
|switch|p2a: Starmie|Starmie|24/100
|-damage|p2a: Starmie|12/100|[from] Spikes
|
|-weather|Sandstorm|[upkeep]
|-damage|p2a: Starmie|6/100|[from] Sandstorm
|-damage|p1a: Zapdos|82/100|[from] Sandstorm
|-heal|p2a: Starmie|12/100|[from] item: Leftovers
|-heal|p1a: Zapdos|88/100|[from] item: Leftovers
|upkeep
|turn|41
|
|t:|1729606385
|move|p2a: Starmie|Ice Beam|p1a: Zapdos
|-supereffective|p1a: Zapdos
|-damage|p1a: Zapdos|29/100
|move|p1a: Zapdos|Thunderbolt|p2a: Starmie
|-supereffective|p2a: Starmie
|-damage|p2a: Starmie|0 fnt
|faint|p2a: Starmie
|
|t:|1729606390
|switch|p2a: Tyranitar|Tyranitar, M|70/100 tox
|-damage|p2a: Tyranitar|58/100 tox|[from] Spikes
|
|-weather|Sandstorm|[upkeep]
|-damage|p1a: Zapdos|23/100|[from] Sandstorm
|-heal|p1a: Zapdos|29/100|[from] item: Leftovers
|-damage|p2a: Tyranitar|51/100 tox|[from] psn
|upkeep
|turn|42
|
|t:|1729606394
|move|p1a: Zapdos|Thunderbolt|p2a: Tyranitar
|-damage|p2a: Tyranitar|1/100 tox
|move|p2a: Tyranitar|Dragon Dance|p2a: Tyranitar
|-boost|p2a: Tyranitar|atk|1
|-boost|p2a: Tyranitar|spe|1
|
|-weather|Sandstorm|[upkeep]
|-damage|p1a: Zapdos|23/100|[from] Sandstorm
|-damage|p2a: Tyranitar|0 fnt|[from] psn
|faint|p2a: Tyranitar
|
|win|earl gr3y
|upkeep
|c|☆earl gr3y|gg
|c|☆strictsceptile1|ggs
|c|☆earl gr3y|/log earl gr3y made the replay of this battle unlisted.

</script>
<script type="application/json" class="data" id="replaydata-smogtours-gen3ou-801183">
{"id":"smogtours-gen3ou-801183","format":"[Gen 3] OU","players":["earl gr3y","strictsceptile1"],"uploadtime":1729606394,"views":111,"formatid":"gen3ou","rating":null,"private":1,"password":null}
</script>

<script defer src="js/replays.js?9d40a366"></script>
