<!DOCTYPE html>
<meta charset="utf-8" />
<meta name="viewport" content="width=device-width" />

<title>[Gen 3] OU: witgiz vs. Ivoire - Replays - Pok&eacute;mon Showdown!</title>

<meta name="description" content="Watch a replay of a Pok&eacute;mon battle between witgiz and Ivoire! Format: [Gen 3] OU; Date: Oct 10, 2024" />
<!--

Hey, you! Looking in the source for the replay log?

You can find them in JSON format, just add `.json` at the end of a replay URL.

https://replay.pokemonshowdown.com/gen7randomdoublesbattle-865046831.json

Or, if you only need the log itself, add `.log` instead:

https://replay.pokemonshowdown.com/gen7randomdoublesbattle-865046831.log

-->

<link rel="stylesheet" href="//pokemonshowdown.com/style/global.css?0.023195364461161105" />
<link rel="stylesheet" href="//play.pokemonshowdown.com/style/font-awesome.css?0.13261647063804238" />
<link rel="stylesheet" href="//play.pokemonshowdown.com/style/battle.css?0.8753245789963631" />
<link rel="stylesheet" href="//play.pokemonshowdown.com/style/utilichart.css?0.8627959624976733" />

<!-- Global site tag (gtag.js) - Google Analytics -->
<script async src="https://www.googletagmanager.com/gtag/js?id=UA-26211653-1"></script>
<script>
  window.dataLayer = window.dataLayer || [];
  function gtag(){dataLayer.push(arguments);}
  gtag('js', new Date());

  gtag('config', 'UA-26211653-1');
</script>
<!-- End Google Analytics -->
<!-- Venatus Ad Manager - Install in <HEAD> of page -->
	<script src="https://hb.vntsm.com/v3/live/ad-manager.min.js" type="text/javascript" data-site-id="642aba63ec9a7b11c3c9c1be" data-mode="scan" async></script>
<!-- / Venatus Ad Manager -->

<style>
	@media (max-width:820px) {
		.battle {
			margin: 0 auto;
		}
		.battle-log {
			margin: 7px auto 0;
			max-width: 640px;
			height: 300px;
			position: static;
		}
	}
	.optgroup {
		display: inline-block;
		line-height: 22px;
		font-size: 10pt;
	}
	.optgroup .button {
		height: 25px;
		padding-top: 0;
		padding-bottom: 0;
	}
	.optgroup button.button {
		padding-left: 12px;
		padding-right: 12px;
	}
	.linklist {
		list-style: none;
		margin: 0.5em 0;
		padding: 0;
	}
	.linklist li {
		padding: 2px 0;
	}
	.sidebar {
		float: left;
		width: 320px;
	}
	.bar-wrapper {
		max-width: 1100px;
		margin: 0 auto;
	}
	.bar-wrapper.has-sidebar {
		max-width: 1430px;
	}
	.mainbar {
		margin: 0;
		padding-right: 1px;
	}
	.mainbar.has-sidebar {
		margin-left: 330px;
	}
	@media (min-width: 1511px) {
		.sidebar {
			width: 400px;
		}
		.bar-wrapper.has-sidebar {
			max-width: 1510px;
		}
		.mainbar.has-sidebar {
			margin-left: 410px;
		}
	}
	.section.first-section {
		margin-top: 9px;
	}
	.blocklink small {
		white-space: normal;
	}
	.button {
		vertical-align: middle;
	}
	.replay-controls {
		padding-top: 10px;
	}
	.replay-controls h1 {
		font-size: 16pt;
		font-weight: normal;
		color: #CCC;
	}
	.pagelink {
		text-align: center;
	}
	.pagelink a {
		width: 150px;
	}
	.textbox, .button {
		font-size: 11pt;
		vertical-align: middle;
	}
	@media (max-width: 450px) {
		.button {
			font-size: 9pt;
		}
	}
</style>

<div>

	<header>
		<div class="nav-wrapper"><ul class="nav">
			<li><a class="button nav-first" href="//pokemonshowdown.com/"><img src="//pokemonshowdown.com/images/pokemonshowdownbeta.png" srcset="//pokemonshowdown.com/images/pokemonshowdownbeta.png 1x, //pokemonshowdown.com/images/pokemonshowdownbeta@2x.png 2x" alt="Pok&eacute;mon Showdown" width="146" height="44" /> Home</a></li>
			<li><a class="button" href="//pokemonshowdown.com/dex/">Pok&eacute;dex</a></li>
			<li><a class="button cur" href="/">Replays</a></li>
			<li><a class="button" href="//pokemonshowdown.com/ladder/">Ladder</a></li>
			<li><a class="button nav-last" href="//pokemonshowdown.com/forums/">Forum</a></li>
			<li><a class="button greenbutton nav-first nav-last" href="//play.pokemonshowdown.com/">Play</a></li>
		</ul></div>
	</header>

	<div class="main" id="main">

		<noscript><section class="section">You need to enable JavaScript to use this page; sorry!</section></noscript>

	</div>

</div>

<script defer nomodule src="//play.pokemonshowdown.com/js/lib/ps-polyfill.js"></script>
<script defer src="//play.pokemonshowdown.com/js/lib/preact.min.js"></script>

<script defer src="//play.pokemonshowdown.com/config/config.js?2bddbc15"></script>
<script defer src="//play.pokemonshowdown.com/js/lib/jquery-1.11.0.min.js"></script>
<script defer src="//play.pokemonshowdown.com/js/lib/html-sanitizer-minified.js"></script>
<script defer src="//play.pokemonshowdown.com/js/battle-sound.js"></script>
<script defer src="//play.pokemonshowdown.com/js/battledata.js?0.7209276989879541"></script>
<script defer src="//play.pokemonshowdown.com/data/pokedex-mini.js?0.6111056340867951"></script>
<script defer src="//play.pokemonshowdown.com/data/pokedex-mini-bw.js?0.3532142036491459"></script>
<script defer src="//play.pokemonshowdown.com/data/graphics.js?0.24223875632456182"></script>
<script defer src="//play.pokemonshowdown.com/data/pokedex.js?0.38839984266356864"></script>
<script defer src="//play.pokemonshowdown.com/data/moves.js?0.21866028504024015"></script>
<script defer src="//play.pokemonshowdown.com/data/abilities.js?0.2005157953846628"></script>
<script defer src="//play.pokemonshowdown.com/data/items.js?0.9894211263848525"></script>
<script defer src="//play.pokemonshowdown.com/data/teambuilder-tables.js?0.6008791140282215"></script>
<script defer src="//play.pokemonshowdown.com/js/battle-tooltips.js?0.7580118955022959"></script>
<script defer src="//play.pokemonshowdown.com/js/battle.js?0.6057722274234274"></script>

<script defer src="js/utils.js?e31f9a17"></script>
<script defer src="js/replays-battle.js?7008c182"></script>

<!-- don't scrape this data! just add .json or .log after the URL!
Full API docs: https://github.com/smogon/pokemon-showdown-client/blob/master/WEB-API.md -->
<script type="text/plain" class="log" id="replaylog-smogtours-gen3ou-796975">
|inactive|Battle timer is ON: inactive players will automatically lose when time's up.
|t:|1728587345
|gametype|singles
|player|p1|witgiz|linebacker|
|player|p2|Ivoire|volkner-masters|
|teamsize|p1|6
|teamsize|p2|6
|gen|3
|tier|[Gen 3] OU
|rule|Sleep Clause Mod: Limit one foe put to sleep
|rule|Switch Priority Clause Mod: Faster Pokémon switch first
|rule|Species Clause: Limit one of each Pokémon
|rule|OHKO Clause: OHKO moves are banned
|rule|Evasion Items Clause: Evasion items are banned
|rule|Evasion Moves Clause: Evasion moves are banned
|rule|Endless Battle Clause: Forcing endless battles is banned
|rule|HP Percentage Mod: HP is shown in percentages
|rule|One Boost Passer Clause: Limit one Baton Passer that has a way to boost its stats
|rule|Freeze Clause Mod: Limit one foe frozen
|
|t:|1728587345
|start
|switch|p1a: chocster|Skarmory, M|100/100
|switch|p2a: Skarmory|Skarmory, M|100/100
|turn|1
|c|☆Ivoire|hf
|c|☆witgiz|hf
|
|t:|1728587358
|move|p2a: Skarmory|Spikes|p1a: chocster
|-sidestart|p1: witgiz|Spikes
|move|p1a: chocster|Spikes|p2a: Skarmory
|-sidestart|p2: Ivoire|Spikes
|
|upkeep
|turn|2
|
|t:|1728587362
|move|p2a: Skarmory|Spikes|p1a: chocster
|-sidestart|p1: witgiz|Spikes
|move|p1a: chocster|Spikes|p2a: Skarmory
|-sidestart|p2: Ivoire|Spikes
|
|upkeep
|turn|3
|
|t:|1728587370
|switch|p2a: Claydol|Claydol|100/100
|move|p1a: chocster|Roar|p2a: Claydol
|drag|p2a: Blissey|Blissey, F|100/100
|-damage|p2a: Blissey|84/100|[from] Spikes
|
|-heal|p2a: Blissey|90/100|[from] item: Leftovers
|upkeep
|turn|4
|
|t:|1728587374
|switch|p2a: Claydol|Claydol|100/100
|move|p1a: chocster|Spikes|p2a: Claydol
|-sidestart|p2: Ivoire|Spikes
|
|upkeep
|turn|5
|
|t:|1728587379
|move|p1a: chocster|Toxic|p2a: Claydol
|-status|p2a: Claydol|tox
|move|p2a: Claydol|Psychic|p1a: chocster
|-resisted|p1a: chocster
|-damage|p1a: chocster|90/100
|
|-heal|p1a: chocster|96/100|[from] item: Leftovers
|-damage|p2a: Claydol|94/100 tox|[from] psn
|upkeep
|turn|6
|
|t:|1728587384
|move|p1a: chocster|Protect|p1a: chocster
|-singleturn|p1a: chocster|Protect
|move|p2a: Claydol|Rapid Spin|p1a: chocster
|-activate|p1a: chocster|Protect
|
|-heal|p1a: chocster|100/100|[from] item: Leftovers
|-heal|p2a: Claydol|100/100 tox|[from] item: Leftovers
|-damage|p2a: Claydol|88/100 tox|[from] psn
|upkeep
|turn|7
|
|t:|1728587391
|move|p2a: Claydol|Rapid Spin|p1a: chocster
|-resisted|p1a: chocster
|-damage|p1a: chocster|99/100
|-sideend|p2: Ivoire|Spikes|[from] move: Rapid Spin|[of] p2a: Claydol
|move|p1a: chocster|Roar|p2a: Claydol
|drag|p2a: Milotic|Milotic, M|100/100
|
|-heal|p1a: chocster|100/100|[from] item: Leftovers
|upkeep
|turn|8
|
|t:|1728587396
|switch|p2a: Skarmory|Skarmory, M|100/100
|move|p1a: chocster|Spikes|p2a: Skarmory
|-sidestart|p2: Ivoire|Spikes
|
|upkeep
|turn|9
|
|t:|1728587398
|switch|p1a: Dubkie|Jolteon, F|100/100
|-damage|p1a: Dubkie|84/100|[from] Spikes
|move|p2a: Skarmory|Drill Peck|p1a: Dubkie
|-resisted|p1a: Dubkie
|-damage|p1a: Dubkie|62/100
|
|-heal|p1a: Dubkie|69/100|[from] item: Leftovers
|upkeep
|turn|10
|
|t:|1728587405
|switch|p2a: Claydol|Claydol|88/100 tox
|move|p1a: Dubkie|Baton Pass|p1a: Dubkie
|inactive|witgiz has 270 seconds left.
|
|t:|1728587446
|switch|p1a: zoazo|Tyranitar, F|100/100|[from] Baton Pass
|-damage|p1a: zoazo|84/100|[from] Spikes
|-weather|Sandstorm|[from] ability: Sand Stream|[of] p1a: zoazo
|
|-weather|Sandstorm|[upkeep]
|-heal|p2a: Claydol|94/100 tox|[from] item: Leftovers
|-damage|p2a: Claydol|88/100 tox|[from] psn
|-heal|p1a: zoazo|90/100|[from] item: Leftovers
|upkeep
|turn|11
|
|t:|1728587452
|switch|p2a: Milotic|Milotic, M|100/100
|-damage|p2a: Milotic|88/100|[from] Spikes
|move|p1a: zoazo|Hidden Power|p2a: Milotic
|-damage|p2a: Milotic|68/100
|
|-weather|Sandstorm|[upkeep]
|-damage|p2a: Milotic|62/100|[from] Sandstorm
|-heal|p2a: Milotic|68/100|[from] item: Leftovers
|-heal|p1a: zoazo|96/100|[from] item: Leftovers
|upkeep
|turn|12
|
|t:|1728587461
|-singleturn|p1a: zoazo|move: Focus Punch
|move|p2a: Milotic|Recover|p2a: Milotic
|-heal|p2a: Milotic|100/100
|move|p1a: zoazo|Focus Punch|p2a: Milotic
|-damage|p2a: Milotic|57/100
|
|-weather|Sandstorm|[upkeep]
|-damage|p2a: Milotic|51/100|[from] Sandstorm
|-heal|p2a: Milotic|57/100|[from] item: Leftovers
|-heal|p1a: zoazo|100/100|[from] item: Leftovers
|upkeep
|turn|13
|
|t:|1728587474
|move|p2a: Milotic|Recover|p2a: Milotic
|-heal|p2a: Milotic|100/100
|move|p1a: zoazo|Rock Slide|p2a: Milotic
|-damage|p2a: Milotic|67/100
|
|-weather|Sandstorm|[upkeep]
|-damage|p2a: Milotic|61/100|[from] Sandstorm
|-heal|p2a: Milotic|67/100|[from] item: Leftovers
|upkeep
|turn|14
|inactive|witgiz has 270 seconds left.
|
|t:|1728587490
|switch|p1a: chocster|Skarmory, M|100/100
|move|p2a: Milotic|Recover|p2a: Milotic
|-heal|p2a: Milotic|100/100
|
|-weather|Sandstorm|[upkeep]
|-damage|p2a: Milotic|94/100|[from] Sandstorm
|-heal|p2a: Milotic|100/100|[from] item: Leftovers
|upkeep
|turn|15
|
|t:|1728587495
|switch|p2a: Skarmory|Skarmory, M|100/100
|move|p1a: chocster|Spikes|p2a: Skarmory
|-sidestart|p2: Ivoire|Spikes
|
|-weather|Sandstorm|[upkeep]
|upkeep
|turn|16
|
|t:|1728587498
|move|p2a: Skarmory|Spikes|p1a: chocster
|-sidestart|p1: witgiz|Spikes
|move|p1a: chocster|Spikes|p2a: Skarmory
|-sidestart|p2: Ivoire|Spikes
|
|-weather|Sandstorm|[upkeep]
|upkeep
|turn|17
|
|t:|1728587504
|move|p2a: Skarmory|Roar|p1a: chocster
|drag|p1a: tmr6|Metagross|100/100
|-damage|p1a: tmr6|76/100|[from] Spikes
|
|-weather|Sandstorm|[upkeep]
|upkeep
|turn|18
|
|t:|1728587529
|switch|p1a: mahnemsjef|Gengar, M|100/100
|move|p2a: Skarmory|Protect||[still]
|-fail|p2a: Skarmory
|
|-weather|Sandstorm|[upkeep]
|-damage|p1a: mahnemsjef|95/100|[from] Sandstorm
|-heal|p1a: mahnemsjef|100/100|[from] item: Leftovers
|upkeep
|turn|19
|
|t:|1728587540
|move|p2a: Skarmory|Protect|p2a: Skarmory
|-singleturn|p2a: Skarmory|Protect
|move|p1a: mahnemsjef|Fire Punch|p2a: Skarmory
|-activate|p2a: Skarmory|Protect
|
|-weather|Sandstorm|[upkeep]
|-damage|p1a: mahnemsjef|95/100|[from] Sandstorm
|-heal|p1a: mahnemsjef|100/100|[from] item: Leftovers
|upkeep
|turn|20
|
|t:|1728587545
|move|p1a: mahnemsjef|Fire Punch|p2a: Skarmory
|-supereffective|p2a: Skarmory
|-damage|p2a: Skarmory|52/100
|move|p2a: Skarmory|Drill Peck|p1a: mahnemsjef
|-damage|p1a: mahnemsjef|51/100
|
|-weather|Sandstorm|[upkeep]
|-damage|p1a: mahnemsjef|46/100|[from] Sandstorm
|-heal|p1a: mahnemsjef|51/100|[from] item: Leftovers
|-heal|p2a: Skarmory|58/100|[from] item: Leftovers
|upkeep
|turn|21
|
|t:|1728587559
|switch|p1a: Dubkie|Jolteon, F|69/100
|-damage|p1a: Dubkie|44/100|[from] Spikes
|move|p2a: Skarmory|Protect||[still]
|-fail|p2a: Skarmory
|
|-weather|Sandstorm|[upkeep]
|-damage|p1a: Dubkie|37/100|[from] Sandstorm
|-heal|p1a: Dubkie|44/100|[from] item: Leftovers
|-heal|p2a: Skarmory|64/100|[from] item: Leftovers
|upkeep
|turn|22
|
|t:|1728587563
|move|p2a: Skarmory|Protect|p2a: Skarmory
|-singleturn|p2a: Skarmory|Protect
|move|p1a: Dubkie|Thunderbolt|p2a: Skarmory
|-activate|p2a: Skarmory|Protect
|
|-weather|Sandstorm|[upkeep]
|-damage|p1a: Dubkie|37/100|[from] Sandstorm
|-heal|p1a: Dubkie|44/100|[from] item: Leftovers
|-heal|p2a: Skarmory|70/100|[from] item: Leftovers
|upkeep
|turn|23
|
|t:|1728587566
|switch|p2a: Blissey|Blissey, F|90/100
|-damage|p2a: Blissey|65/100|[from] Spikes
|move|p1a: Dubkie|Thunderbolt|p2a: Blissey
|-damage|p2a: Blissey|47/100
|
|-weather|Sandstorm|[upkeep]
|-damage|p1a: Dubkie|37/100|[from] Sandstorm
|-damage|p2a: Blissey|41/100|[from] Sandstorm
|-heal|p1a: Dubkie|44/100|[from] item: Leftovers
|-heal|p2a: Blissey|47/100|[from] item: Leftovers
|upkeep
|turn|24
|
|t:|1728587569
|move|p1a: Dubkie|Baton Pass|p1a: Dubkie
|
|t:|1728587572
|switch|p1a: zoazo|Tyranitar, F|100/100|[from] Baton Pass
|-damage|p1a: zoazo|75/100|[from] Spikes
|move|p2a: Blissey|Soft-Boiled|p2a: Blissey
|-heal|p2a: Blissey|97/100
|
|-weather|Sandstorm|[upkeep]
|-damage|p2a: Blissey|91/100|[from] Sandstorm
|-heal|p1a: zoazo|82/100|[from] item: Leftovers
|-heal|p2a: Blissey|97/100|[from] item: Leftovers
|upkeep
|turn|25
|
|t:|1728587581
|switch|p2a: Milotic|Milotic, M|100/100
|-damage|p2a: Milotic|76/100|[from] Spikes
|move|p1a: zoazo|Rock Slide|p2a: Milotic
|-damage|p2a: Milotic|43/100
|
|-weather|Sandstorm|[upkeep]
|-damage|p2a: Milotic|37/100|[from] Sandstorm
|-heal|p2a: Milotic|43/100|[from] item: Leftovers
|-heal|p1a: zoazo|88/100|[from] item: Leftovers
|upkeep
|turn|26
|
|t:|1728587589
|-singleturn|p1a: zoazo|move: Focus Punch
|move|p2a: Milotic|Recover|p2a: Milotic
|-heal|p2a: Milotic|93/100
|move|p1a: zoazo|Focus Punch|p2a: Milotic
|-damage|p2a: Milotic|50/100
|
|-weather|Sandstorm|[upkeep]
|-damage|p2a: Milotic|44/100|[from] Sandstorm
|-heal|p2a: Milotic|50/100|[from] item: Leftovers
|-heal|p1a: zoazo|94/100|[from] item: Leftovers
|upkeep
|turn|27
|
|t:|1728587607
|move|p2a: Milotic|Recover|p2a: Milotic
|-heal|p2a: Milotic|99/100
|move|p1a: zoazo|Rock Slide|p2a: Milotic
|-damage|p2a: Milotic|69/100
|
|-weather|Sandstorm|[upkeep]
|-damage|p2a: Milotic|63/100|[from] Sandstorm
|-heal|p2a: Milotic|69/100|[from] item: Leftovers
|-heal|p1a: zoazo|99/100|[from] item: Leftovers
|upkeep
|turn|28
|
|t:|1728587617
|switch|p1a: Baz_0|Starmie|100/100
|-damage|p1a: Baz_0|76/100|[from] Spikes
|move|p2a: Milotic|Surf|p1a: Baz_0
|-resisted|p1a: Baz_0
|-damage|p1a: Baz_0|52/100
|
|-weather|Sandstorm|[upkeep]
|-damage|p1a: Baz_0|46/100|[from] Sandstorm
|-damage|p2a: Milotic|63/100|[from] Sandstorm
|-heal|p1a: Baz_0|52/100|[from] item: Leftovers
|-heal|p2a: Milotic|69/100|[from] item: Leftovers
|upkeep
|turn|29
|inactive|Ivoire has 270 seconds left.
|inactive|Ivoire has 240 seconds left.
|
|t:|1728587681
|switch|p1a: zoazo|Tyranitar, F|99/100
|-damage|p1a: zoazo|75/100|[from] Spikes
|move|p2a: Milotic|Recover|p2a: Milotic
|-heal|p2a: Milotic|100/100
|
|-weather|Sandstorm|[upkeep]
|-damage|p2a: Milotic|94/100|[from] Sandstorm
|-heal|p2a: Milotic|100/100|[from] item: Leftovers
|-heal|p1a: zoazo|81/100|[from] item: Leftovers
|upkeep
|turn|30
|
|t:|1728587686
|-singleturn|p1a: zoazo|move: Focus Punch
|move|p2a: Milotic|Surf|p1a: zoazo
|-supereffective|p1a: zoazo
|-damage|p1a: zoazo|24/100
|move|p1a: zoazo|Focus Punch||[still]
|cant|p1a: zoazo|Focus Punch|Focus Punch
|
|-weather|Sandstorm|[upkeep]
|-damage|p2a: Milotic|94/100|[from] Sandstorm
|-heal|p2a: Milotic|100/100|[from] item: Leftovers
|-heal|p1a: zoazo|30/100|[from] item: Leftovers
|upkeep
|turn|31
|
|t:|1728587696
|switch|p1a: tmr6|Metagross|76/100
|-damage|p1a: tmr6|51/100|[from] Spikes
|move|p2a: Milotic|Surf|p1a: tmr6
|-damage|p1a: tmr6|12/100
|
|-weather|Sandstorm|[upkeep]
|-damage|p2a: Milotic|94/100|[from] Sandstorm
|-heal|p2a: Milotic|100/100|[from] item: Leftovers
|upkeep
|turn|32
|
|t:|1728587720
|switch|p2a: Skarmory|Skarmory, M|70/100
|move|p1a: tmr6|Explosion|p2a: Skarmory
|-resisted|p2a: Skarmory
|-damage|p2a: Skarmory|0 fnt
|faint|p1a: tmr6
|faint|p2a: Skarmory
|
|t:|1728587728
|switch|p1a: chocster|Skarmory, M|100/100
|switch|p2a: Claydol|Claydol|88/100 tox
|
|-weather|Sandstorm|[upkeep]
|-heal|p2a: Claydol|94/100 tox|[from] item: Leftovers
|-damage|p2a: Claydol|88/100 tox|[from] psn
|upkeep
|turn|33
|
|t:|1728587731
|move|p1a: chocster|Protect|p1a: chocster
|-singleturn|p1a: chocster|Protect
|move|p2a: Claydol|Rapid Spin|p1a: chocster
|-activate|p1a: chocster|Protect
|
|-weather|Sandstorm|[upkeep]
|-heal|p2a: Claydol|94/100 tox|[from] item: Leftovers
|-damage|p2a: Claydol|82/100 tox|[from] psn
|upkeep
|turn|34
|inactive|witgiz has 270 seconds left.
|
|t:|1728587768
|move|p2a: Claydol|Rapid Spin|p1a: chocster
|-resisted|p1a: chocster
|-damage|p1a: chocster|99/100
|-sideend|p2: Ivoire|Spikes|[from] move: Rapid Spin|[of] p2a: Claydol
|move|p1a: chocster|Roar|p2a: Claydol
|drag|p2a: Dugtrio|Dugtrio, M|100/100
|
|-weather|Sandstorm|[upkeep]
|-heal|p1a: chocster|100/100|[from] item: Leftovers
|upkeep
|turn|35
|
|t:|1728587775
|switch|p2a: Suicune|Suicune|100/100
|move|p1a: chocster|Spikes|p2a: Suicune
|-sidestart|p2: Ivoire|Spikes
|
|-weather|Sandstorm|[upkeep]
|-damage|p2a: Suicune|94/100|[from] Sandstorm
|-heal|p2a: Suicune|100/100|[from] item: Leftovers
|upkeep
|turn|36
|
|t:|1728587786
|move|p1a: chocster|Toxic|p2a: Suicune
|-status|p2a: Suicune|tox
|move|p2a: Suicune|Roar|p1a: chocster
|drag|p1a: Baz_0|Starmie|52/100
|-damage|p1a: Baz_0|27/100|[from] Spikes
|
|-weather|Sandstorm|[upkeep]
|-damage|p1a: Baz_0|21/100|[from] Sandstorm
|-damage|p2a: Suicune|94/100 tox|[from] Sandstorm
|-heal|p1a: Baz_0|27/100|[from] item: Leftovers
|-heal|p2a: Suicune|100/100 tox|[from] item: Leftovers
|-damage|p2a: Suicune|94/100 tox|[from] psn
|upkeep
|turn|37
|inactive|witgiz has 270 seconds left.
|
|t:|1728587801
|switch|p2a: Blissey|Blissey, F|97/100
|-damage|p2a: Blissey|85/100|[from] Spikes
|move|p1a: Baz_0|Thunderbolt|p2a: Blissey
|-damage|p2a: Blissey|74/100
|-status|p2a: Blissey|par
|
|-weather|Sandstorm|[upkeep]
|-damage|p1a: Baz_0|21/100|[from] Sandstorm
|-damage|p2a: Blissey|67/100 par|[from] Sandstorm
|-heal|p1a: Baz_0|27/100|[from] item: Leftovers
|-heal|p2a: Blissey|74/100 par|[from] item: Leftovers
|upkeep
|turn|38
|
|t:|1728587806
|move|p1a: Baz_0|Hydro Pump|p2a: Blissey
|-damage|p2a: Blissey|52/100 par
|move|p2a: Blissey|Heal Bell|p2a: Blissey
|-activate|p2a: Blissey|move: Heal Bell
|-curestatus|p2a: Blissey|par|[silent]
|-curestatus|p2: Suicune|tox|[silent]
|-curestatus|p2: Claydol|tox|[silent]
|
|-weather|Sandstorm|[upkeep]
|-damage|p1a: Baz_0|21/100|[from] Sandstorm
|-damage|p2a: Blissey|46/100|[from] Sandstorm
|-heal|p1a: Baz_0|27/100|[from] item: Leftovers
|-heal|p2a: Blissey|52/100|[from] item: Leftovers
|upkeep
|turn|39
|
|t:|1728587812
|move|p1a: Baz_0|Hydro Pump|p2a: Blissey
|-damage|p2a: Blissey|31/100
|move|p2a: Blissey|Soft-Boiled|p2a: Blissey
|-heal|p2a: Blissey|81/100
|
|-weather|Sandstorm|[upkeep]
|-damage|p1a: Baz_0|21/100|[from] Sandstorm
|-damage|p2a: Blissey|75/100|[from] Sandstorm
|-heal|p1a: Baz_0|27/100|[from] item: Leftovers
|-heal|p2a: Blissey|81/100|[from] item: Leftovers
|upkeep
|turn|40
|
|t:|1728587816
|switch|p1a: chocster|Skarmory, M|100/100
|move|p2a: Blissey|Soft-Boiled|p2a: Blissey
|-heal|p2a: Blissey|100/100
|
|-weather|Sandstorm|[upkeep]
|-damage|p2a: Blissey|94/100|[from] Sandstorm
|-heal|p2a: Blissey|100/100|[from] item: Leftovers
|upkeep
|turn|41
|
|t:|1728587820
|switch|p2a: Suicune|Suicune|94/100
|-damage|p2a: Suicune|82/100|[from] Spikes
|move|p1a: chocster|Spikes|p2a: Suicune
|-sidestart|p2: Ivoire|Spikes
|
|-weather|Sandstorm|[upkeep]
|-damage|p2a: Suicune|76/100|[from] Sandstorm
|-heal|p2a: Suicune|82/100|[from] item: Leftovers
|upkeep
|turn|42
|
|t:|1728587831
|move|p1a: chocster|Toxic|p2a: Suicune|[miss]
|-miss|p1a: chocster|p2a: Suicune
|move|p2a: Suicune|Roar|p1a: chocster
|drag|p1a: Baz_0|Starmie|27/100
|-damage|p1a: Baz_0|2/100|[from] Spikes
|
|-weather|Sandstorm|[upkeep]
|-damage|p1a: Baz_0|0 fnt|[from] Sandstorm
|-damage|p2a: Suicune|76/100|[from] Sandstorm
|faint|p1a: Baz_0
|-heal|p2a: Suicune|82/100|[from] item: Leftovers
|upkeep
|
|t:|1728587836
|switch|p1a: mahnemsjef|Gengar, M|51/100
|turn|43
|
|t:|1728587843
|move|p1a: mahnemsjef|Explosion|p2a: Suicune
|-damage|p2a: Suicune|35/100
|faint|p1a: mahnemsjef
|
|t:|1728587849
|switch|p1a: Dubkie|Jolteon, F|44/100
|-damage|p1a: Dubkie|19/100|[from] Spikes
|
|-weather|Sandstorm|[upkeep]
|-damage|p1a: Dubkie|12/100|[from] Sandstorm
|-damage|p2a: Suicune|28/100|[from] Sandstorm
|-heal|p1a: Dubkie|19/100|[from] item: Leftovers
|-heal|p2a: Suicune|35/100|[from] item: Leftovers
|upkeep
|turn|44
|
|t:|1728587856
|switch|p2a: Blissey|Blissey, F|100/100
|-damage|p2a: Blissey|84/100|[from] Spikes
|move|p1a: Dubkie|Thunderbolt|p2a: Blissey
|-damage|p2a: Blissey|65/100
|
|-weather|Sandstorm|[upkeep]
|-damage|p1a: Dubkie|12/100|[from] Sandstorm
|-damage|p2a: Blissey|58/100|[from] Sandstorm
|-heal|p1a: Dubkie|19/100|[from] item: Leftovers
|-heal|p2a: Blissey|65/100|[from] item: Leftovers
|upkeep
|turn|45
|
|t:|1728587861
|move|p1a: Dubkie|Thunder Wave|p2a: Blissey
|-status|p2a: Blissey|par
|move|p2a: Blissey|Soft-Boiled|p2a: Blissey
|-heal|p2a: Blissey|100/100 par
|
|-weather|Sandstorm|[upkeep]
|-damage|p1a: Dubkie|12/100|[from] Sandstorm
|-damage|p2a: Blissey|94/100 par|[from] Sandstorm
|-heal|p1a: Dubkie|19/100|[from] item: Leftovers
|-heal|p2a: Blissey|100/100 par|[from] item: Leftovers
|upkeep
|turn|46
|
|t:|1728587865
|move|p1a: Dubkie|Thunderbolt|p2a: Blissey
|-damage|p2a: Blissey|82/100 par
|move|p2a: Blissey|Seismic Toss|p1a: Dubkie
|-damage|p1a: Dubkie|0 fnt
|faint|p1a: Dubkie
|
|t:|1728587867
|switch|p1a: zoazo|Tyranitar, F|30/100
|-damage|p1a: zoazo|5/100|[from] Spikes
|
|-weather|Sandstorm|[upkeep]
|-damage|p2a: Blissey|76/100 par|[from] Sandstorm
|-heal|p1a: zoazo|12/100|[from] item: Leftovers
|-heal|p2a: Blissey|82/100 par|[from] item: Leftovers
|upkeep
|turn|47
|
|t:|1728587874
|-singleturn|p1a: zoazo|move: Focus Punch
|-curestatus|p2a: Blissey|par|[from] ability: Natural Cure
|switch|p2a: Milotic|Milotic, M|100/100
|-damage|p2a: Milotic|84/100|[from] Spikes
|move|p1a: zoazo|Focus Punch|p2a: Milotic
|-damage|p2a: Milotic|43/100
|
|-weather|Sandstorm|[upkeep]
|-damage|p2a: Milotic|37/100|[from] Sandstorm
|-heal|p2a: Milotic|43/100|[from] item: Leftovers
|-heal|p1a: zoazo|18/100|[from] item: Leftovers
|upkeep
|turn|48
|
|t:|1728587883
|move|p2a: Milotic|Surf|p1a: zoazo
|-supereffective|p1a: zoazo
|-damage|p1a: zoazo|0 fnt
|faint|p1a: zoazo
|
|t:|1728587885
|switch|p1a: chocster|Skarmory, M|100/100
|
|-weather|Sandstorm|[upkeep]
|-damage|p2a: Milotic|37/100|[from] Sandstorm
|-heal|p2a: Milotic|43/100|[from] item: Leftovers
|upkeep
|turn|49
|
|t:|1728587891
|move|p2a: Milotic|Recover|p2a: Milotic
|-heal|p2a: Milotic|93/100
|move|p1a: chocster|Spikes|p2a: Milotic
|-sidestart|p2: Ivoire|Spikes
|
|-weather|Sandstorm|[upkeep]
|-damage|p2a: Milotic|87/100|[from] Sandstorm
|-heal|p2a: Milotic|93/100|[from] item: Leftovers
|upkeep
|turn|50
|
|t:|1728587894
|move|p2a: Milotic|Surf|p1a: chocster
|-damage|p1a: chocster|70/100
|move|p1a: chocster|Toxic|p2a: Milotic
|-status|p2a: Milotic|tox
|
|-weather|Sandstorm|[upkeep]
|-damage|p2a: Milotic|87/100 tox|[from] Sandstorm
|-heal|p2a: Milotic|93/100 tox|[from] item: Leftovers
|-damage|p2a: Milotic|87/100 tox|[from] psn
|-heal|p1a: chocster|76/100|[from] item: Leftovers
|upkeep
|turn|51
|
|t:|1728587898
|move|p2a: Milotic|Refresh|p2a: Milotic
|-curestatus|p2a: Milotic|tox|[msg]
|move|p1a: chocster|Roar|p2a: Milotic
|drag|p2a: Dugtrio|Dugtrio, M|100/100
|-damage|p2a: Dugtrio|76/100|[from] Spikes
|
|-weather|Sandstorm|[upkeep]
|-heal|p1a: chocster|82/100|[from] item: Leftovers
|upkeep
|turn|52
|
|t:|1728587904
|move|p2a: Dugtrio|Screech|p1a: chocster
|-unboost|p1a: chocster|def|2
|move|p1a: chocster|Toxic|p2a: Dugtrio|[miss]
|-miss|p1a: chocster|p2a: Dugtrio
|
|-weather|Sandstorm|[upkeep]
|-heal|p1a: chocster|88/100|[from] item: Leftovers
|upkeep
|turn|53
|c|☆witgiz|that might do it
|
|t:|1728587919
|switch|p2a: Claydol|Claydol|82/100
|move|p1a: chocster|Roar|p2a: Claydol
|drag|p2a: Suicune|Suicune|35/100
|-damage|p2a: Suicune|10/100|[from] Spikes
|
|-weather|Sandstorm|[upkeep]
|-damage|p2a: Suicune|3/100|[from] Sandstorm
|-heal|p2a: Suicune|10/100|[from] item: Leftovers
|-heal|p1a: chocster|94/100|[from] item: Leftovers
|upkeep
|turn|54
|
|t:|1728587922
|move|p2a: Suicune|Rest|p2a: Suicune
|-status|p2a: Suicune|slp|[from] move: Rest
|-heal|p2a: Suicune|100/100 slp|[silent]
|move|p1a: chocster|Toxic||[still]
|-fail|p1a: chocster
|
|-weather|Sandstorm|[upkeep]
|-damage|p2a: Suicune|94/100 slp|[from] Sandstorm
|-heal|p2a: Suicune|100/100 slp|[from] item: Leftovers
|-heal|p1a: chocster|99/100|[from] item: Leftovers
|upkeep
|turn|55
|
|t:|1728587925
|cant|p2a: Suicune|slp
|move|p1a: chocster|Roar|p2a: Suicune
|drag|p2a: Claydol|Claydol|82/100
|
|-weather|Sandstorm|[upkeep]
|-heal|p1a: chocster|100/100|[from] item: Leftovers
|-heal|p2a: Claydol|88/100|[from] item: Leftovers
|upkeep
|turn|56
|
|t:|1728587928
|move|p1a: chocster|Toxic|p2a: Claydol
|-status|p2a: Claydol|tox
|move|p2a: Claydol|Rapid Spin|p1a: chocster
|-resisted|p1a: chocster
|-damage|p1a: chocster|98/100
|-sideend|p2: Ivoire|Spikes|[from] move: Rapid Spin|[of] p2a: Claydol
|
|-weather|Sandstorm|[upkeep]
|-heal|p1a: chocster|100/100|[from] item: Leftovers
|-heal|p2a: Claydol|94/100 tox|[from] item: Leftovers
|-damage|p2a: Claydol|88/100 tox|[from] psn
|upkeep
|turn|57
|
|t:|1728587934
|switch|p2a: Suicune|Suicune|100/100 slp
|move|p1a: chocster|Protect||[still]
|-fail|p1a: chocster
|
|-weather|Sandstorm|[upkeep]
|-damage|p2a: Suicune|94/100 slp|[from] Sandstorm
|-heal|p2a: Suicune|100/100 slp|[from] item: Leftovers
|upkeep
|turn|58
|
|t:|1728587936
|cant|p2a: Suicune|slp
|move|p1a: chocster|Spikes|p2a: Suicune
|-sidestart|p2: Ivoire|Spikes
|
|-weather|Sandstorm|[upkeep]
|-damage|p2a: Suicune|94/100 slp|[from] Sandstorm
|-heal|p2a: Suicune|100/100 slp|[from] item: Leftovers
|upkeep
|turn|59
|
|t:|1728587941
|-curestatus|p2a: Suicune|slp|[msg]
|move|p2a: Suicune|Calm Mind|p2a: Suicune
|-boost|p2a: Suicune|spa|1
|-boost|p2a: Suicune|spd|1
|move|p1a: chocster|Spikes|p2a: Suicune
|-sidestart|p2: Ivoire|Spikes
|
|-weather|Sandstorm|[upkeep]
|-damage|p2a: Suicune|94/100|[from] Sandstorm
|-heal|p2a: Suicune|100/100|[from] item: Leftovers
|upkeep
|turn|60
|
|t:|1728587945
|move|p2a: Suicune|Surf|p1a: chocster
|-damage|p1a: chocster|58/100
|move|p1a: chocster|Roar|p2a: Suicune
|drag|p2a: Milotic|Milotic, M|87/100
|-damage|p2a: Milotic|70/100|[from] Spikes
|
|-weather|Sandstorm|[upkeep]
|-damage|p2a: Milotic|64/100|[from] Sandstorm
|-heal|p2a: Milotic|70/100|[from] item: Leftovers
|-heal|p1a: chocster|64/100|[from] item: Leftovers
|upkeep
|turn|61
|
|t:|1728587951
|move|p2a: Milotic|Surf|p1a: chocster
|-damage|p1a: chocster|33/100
|move|p1a: chocster|Spikes|p2a: Milotic
|-sidestart|p2: Ivoire|Spikes
|
|-weather|Sandstorm|[upkeep]
|-damage|p2a: Milotic|64/100|[from] Sandstorm
|-heal|p2a: Milotic|70/100|[from] item: Leftovers
|-heal|p1a: chocster|39/100|[from] item: Leftovers
|upkeep
|turn|62
|
|t:|1728587954
|move|p1a: chocster|Protect|p1a: chocster
|-singleturn|p1a: chocster|Protect
|move|p2a: Milotic|Surf|p1a: chocster
|-activate|p1a: chocster|Protect
|
|-weather|Sandstorm|[upkeep]
|-damage|p2a: Milotic|64/100|[from] Sandstorm
|-heal|p2a: Milotic|70/100|[from] item: Leftovers
|-heal|p1a: chocster|45/100|[from] item: Leftovers
|upkeep
|turn|63
|
|t:|1728587959
|move|p2a: Milotic|Surf|p1a: chocster
|-damage|p1a: chocster|15/100
|move|p1a: chocster|Toxic|p2a: Milotic
|-status|p2a: Milotic|tox
|
|-weather|Sandstorm|[upkeep]
|-damage|p2a: Milotic|64/100 tox|[from] Sandstorm
|-heal|p2a: Milotic|70/100 tox|[from] item: Leftovers
|-damage|p2a: Milotic|64/100 tox|[from] psn
|-heal|p1a: chocster|21/100|[from] item: Leftovers
|upkeep
|turn|64
|
|t:|1728587963
|move|p1a: chocster|Protect|p1a: chocster
|-singleturn|p1a: chocster|Protect
|move|p2a: Milotic|Surf|p1a: chocster
|-activate|p1a: chocster|Protect
|
|-weather|Sandstorm|[upkeep]
|-damage|p2a: Milotic|58/100 tox|[from] Sandstorm
|-heal|p2a: Milotic|64/100 tox|[from] item: Leftovers
|-damage|p2a: Milotic|52/100 tox|[from] psn
|-heal|p1a: chocster|27/100|[from] item: Leftovers
|upkeep
|turn|65
|
|t:|1728587965
|move|p1a: chocster|Protect||[still]
|-fail|p1a: chocster
|move|p2a: Milotic|Surf|p1a: chocster
|-damage|p1a: chocster|0 fnt
|faint|p1a: chocster
|
|win|Ivoire
|c|☆witgiz|ggwp
|c|☆Ivoire|ggs
|player|p1|

</script>
<script type="application/json" class="data" id="replaydata-smogtours-gen3ou-796975">
{"id":"smogtours-gen3ou-796975","format":"[Gen 3] OU","players":["witgiz","Ivoire"],"uploadtime":1728587965,"views":155,"formatid":"gen3ou","rating":null,"private":1,"password":null}
</script>

<script defer src="js/replays.js?9d40a366"></script>
