<!DOCTYPE html>
<meta charset="utf-8" />
<meta name="viewport" content="width=device-width" />

<title>[Gen 3] OU: tahat squared vs. Ooziegib - Replays - Pok&eacute;mon Showdown!</title>

<meta name="description" content="Watch a replay of a Pok&eacute;mon battle between tahat squared and Ooziegib! Format: [Gen 3] OU; Date: Oct 4, 2024" />
<!--

Hey, you! Looking in the source for the replay log?

You can find them in JSON format, just add `.json` at the end of a replay URL.

https://replay.pokemonshowdown.com/gen7randomdoublesbattle-865046831.json

Or, if you only need the log itself, add `.log` instead:

https://replay.pokemonshowdown.com/gen7randomdoublesbattle-865046831.log

-->

<link rel="stylesheet" href="//pokemonshowdown.com/style/global.css?0.767286132409787" />
<link rel="stylesheet" href="//play.pokemonshowdown.com/style/font-awesome.css?0.9266228007934947" />
<link rel="stylesheet" href="//play.pokemonshowdown.com/style/battle.css?0.7924700842790926" />
<link rel="stylesheet" href="//play.pokemonshowdown.com/style/utilichart.css?0.8777417872839479" />

<!-- Global site tag (gtag.js) - Google Analytics -->
<script async src="https://www.googletagmanager.com/gtag/js?id=UA-26211653-1"></script>
<script>
  window.dataLayer = window.dataLayer || [];
  function gtag(){dataLayer.push(arguments);}
  gtag('js', new Date());

  gtag('config', 'UA-26211653-1');
</script>
<!-- End Google Analytics -->
<!-- Venatus Ad Manager - Install in <HEAD> of page -->
	<script src="https://hb.vntsm.com/v3/live/ad-manager.min.js" type="text/javascript" data-site-id="642aba63ec9a7b11c3c9c1be" data-mode="scan" async></script>
<!-- / Venatus Ad Manager -->

<style>
	@media (max-width:820px) {
		.battle {
			margin: 0 auto;
		}
		.battle-log {
			margin: 7px auto 0;
			max-width: 640px;
			height: 300px;
			position: static;
		}
	}
	.optgroup {
		display: inline-block;
		line-height: 22px;
		font-size: 10pt;
	}
	.optgroup .button {
		height: 25px;
		padding-top: 0;
		padding-bottom: 0;
	}
	.optgroup button.button {
		padding-left: 12px;
		padding-right: 12px;
	}
	.linklist {
		list-style: none;
		margin: 0.5em 0;
		padding: 0;
	}
	.linklist li {
		padding: 2px 0;
	}
	.sidebar {
		float: left;
		width: 320px;
	}
	.bar-wrapper {
		max-width: 1100px;
		margin: 0 auto;
	}
	.bar-wrapper.has-sidebar {
		max-width: 1430px;
	}
	.mainbar {
		margin: 0;
		padding-right: 1px;
	}
	.mainbar.has-sidebar {
		margin-left: 330px;
	}
	@media (min-width: 1511px) {
		.sidebar {
			width: 400px;
		}
		.bar-wrapper.has-sidebar {
			max-width: 1510px;
		}
		.mainbar.has-sidebar {
			margin-left: 410px;
		}
	}
	.section.first-section {
		margin-top: 9px;
	}
	.blocklink small {
		white-space: normal;
	}
	.button {
		vertical-align: middle;
	}
	.replay-controls {
		padding-top: 10px;
	}
	.replay-controls h1 {
		font-size: 16pt;
		font-weight: normal;
		color: #CCC;
	}
	.pagelink {
		text-align: center;
	}
	.pagelink a {
		width: 150px;
	}
	.textbox, .button {
		font-size: 11pt;
		vertical-align: middle;
	}
	@media (max-width: 450px) {
		.button {
			font-size: 9pt;
		}
	}
</style>

<div>

	<header>
		<div class="nav-wrapper"><ul class="nav">
			<li><a class="button nav-first" href="//pokemonshowdown.com/"><img src="//pokemonshowdown.com/images/pokemonshowdownbeta.png" srcset="//pokemonshowdown.com/images/pokemonshowdownbeta.png 1x, //pokemonshowdown.com/images/pokemonshowdownbeta@2x.png 2x" alt="Pok&eacute;mon Showdown" width="146" height="44" /> Home</a></li>
			<li><a class="button" href="//pokemonshowdown.com/dex/">Pok&eacute;dex</a></li>
			<li><a class="button cur" href="/">Replays</a></li>
			<li><a class="button" href="//pokemonshowdown.com/ladder/">Ladder</a></li>
			<li><a class="button nav-last" href="//pokemonshowdown.com/forums/">Forum</a></li>
			<li><a class="button greenbutton nav-first nav-last" href="//play.pokemonshowdown.com/">Play</a></li>
		</ul></div>
	</header>

	<div class="main" id="main">

		<noscript><section class="section">You need to enable JavaScript to use this page; sorry!</section></noscript>

	</div>

</div>

<script defer nomodule src="//play.pokemonshowdown.com/js/lib/ps-polyfill.js"></script>
<script defer src="//play.pokemonshowdown.com/js/lib/preact.min.js"></script>

<script defer src="//play.pokemonshowdown.com/config/config.js?6dec07f6"></script>
<script defer src="//play.pokemonshowdown.com/js/lib/jquery-1.11.0.min.js"></script>
<script defer src="//play.pokemonshowdown.com/js/lib/html-sanitizer-minified.js"></script>
<script defer src="//play.pokemonshowdown.com/js/battle-sound.js"></script>
<script defer src="//play.pokemonshowdown.com/js/battledata.js?0.6315294753075389"></script>
<script defer src="//play.pokemonshowdown.com/data/pokedex-mini.js?0.7603743185311358"></script>
<script defer src="//play.pokemonshowdown.com/data/pokedex-mini-bw.js?0.030888842834281283"></script>
<script defer src="//play.pokemonshowdown.com/data/graphics.js?0.05593094747507488"></script>
<script defer src="//play.pokemonshowdown.com/data/pokedex.js?0.47064822249611904"></script>
<script defer src="//play.pokemonshowdown.com/data/moves.js?0.8583693120512459"></script>
<script defer src="//play.pokemonshowdown.com/data/abilities.js?0.16017181182386842"></script>
<script defer src="//play.pokemonshowdown.com/data/items.js?0.4163379185673943"></script>
<script defer src="//play.pokemonshowdown.com/data/teambuilder-tables.js?0.31075597372830477"></script>
<script defer src="//play.pokemonshowdown.com/js/battle-tooltips.js?0.6536193500708172"></script>
<script defer src="//play.pokemonshowdown.com/js/battle.js?0.1916591943277901"></script>

<script defer src="js/utils.js?e31f9a17"></script>
<script defer src="js/replays-battle.js?7008c182"></script>

<!-- don't scrape this data! just add .json or .log after the URL!
Full API docs: https://github.com/smogon/pokemon-showdown-client/blob/master/WEB-API.md -->
<script type="text/plain" class="log" id="replaylog-gen3ou-2215451430-jtfgmk1ew1d09g59x3mn3qj8geoua3kpw">
|j|☆tahat squared
|j|☆Ooziegib
|t:|1728003510
|gametype|singles
|player|p1|tahat squared|skyla-masters|
|player|p2|Ooziegib|lucas|
|teamsize|p1|6
|teamsize|p2|6
|gen|3
|tier|[Gen 3] OU
|rule|Sleep Clause Mod: Limit one foe put to sleep
|rule|Switch Priority Clause Mod: Faster Pokémon switch first
|rule|Species Clause: Limit one of each Pokémon
|rule|OHKO Clause: OHKO moves are banned
|rule|Evasion Items Clause: Evasion items are banned
|rule|Evasion Moves Clause: Evasion moves are banned
|rule|Endless Battle Clause: Forcing endless battles is banned
|rule|HP Percentage Mod: HP is shown in percentages
|rule|One Boost Passer Clause: Limit one Baton Passer that has a way to boost its stats
|rule|Freeze Clause Mod: Limit one foe frozen
|
|t:|1728003510
|start
|switch|p1a: Blissey|Blissey, F|100/100
|switch|p2a: Tyranitar|Tyranitar, F|100/100
|-weather|Sandstorm|[from] ability: Sand Stream|[of] p2a: Tyranitar
|turn|1
|c|☆Ooziegib|hf
|j| GreenCatKid
|j| DarthTyros
|j| Kollin7
|j| 3 blades
|
|t:|1728003548
|-singleturn|p2a: Tyranitar|move: Focus Punch
|switch|p1a: Jirachi|Jirachi|100/100
|move|p2a: Tyranitar|Focus Punch|p1a: Jirachi
|-damage|p1a: Jirachi|53/100
|
|-weather|Sandstorm|[upkeep]
|-heal|p1a: Jirachi|59/100|[from] item: Leftovers
|upkeep
|turn|2
|j| urdkaiser
|j| ADV Andy
|l| DarthTyros
|j| RodentCollector
|
|t:|1728003574
|move|p1a: Jirachi|Protect|p1a: Jirachi
|-singleturn|p1a: Jirachi|Protect
|move|p2a: Tyranitar|Earthquake|p1a: Jirachi
|-activate|p1a: Jirachi|Protect
|
|-weather|Sandstorm|[upkeep]
|-heal|p1a: Jirachi|65/100|[from] item: Leftovers
|upkeep
|turn|3
|
|t:|1728003585
|move|p1a: Jirachi|Body Slam|p2a: Tyranitar
|-resisted|p2a: Tyranitar
|-damage|p2a: Tyranitar|92/100
|move|p2a: Tyranitar|Earthquake|p1a: Jirachi
|-supereffective|p1a: Jirachi
|-damage|p1a: Jirachi|0 fnt
|faint|p1a: Jirachi
|
|t:|1728003590
|switch|p1a: Blastoise|Blastoise, M|100/100
|
|-weather|Sandstorm|[upkeep]
|-damage|p1a: Blastoise|94/100|[from] Sandstorm
|-heal|p1a: Blastoise|100/100|[from] item: Leftovers
|-heal|p2a: Tyranitar|99/100|[from] item: Leftovers
|upkeep
|turn|4
|
|t:|1728003602
|switch|p2a: Blissey|Blissey, F|100/100
|move|p1a: Blastoise|Surf|p2a: Blissey
|-damage|p2a: Blissey|89/100
|
|-weather|Sandstorm|[upkeep]
|-damage|p1a: Blastoise|94/100|[from] Sandstorm
|-damage|p2a: Blissey|83/100|[from] Sandstorm
|-heal|p1a: Blastoise|100/100|[from] item: Leftovers
|-heal|p2a: Blissey|89/100|[from] item: Leftovers
|upkeep
|turn|5
|j| KhalniLiger
|
|t:|1728003647
|switch|p1a: Blissey|Blissey, F|100/100
|move|p2a: Blissey|Toxic|p1a: Blissey
|-status|p1a: Blissey|tox
|
|-weather|Sandstorm|[upkeep]
|-damage|p2a: Blissey|83/100|[from] Sandstorm
|-damage|p1a: Blissey|94/100 tox|[from] Sandstorm
|-heal|p2a: Blissey|89/100|[from] item: Leftovers
|-heal|p1a: Blissey|100/100 tox|[from] item: Leftovers
|-damage|p1a: Blissey|94/100 tox|[from] psn
|upkeep
|turn|6
|l| KhalniLiger
|
|t:|1728003664
|-curestatus|p1a: Blissey|tox|[from] ability: Natural Cure
|switch|p1a: Forretress|Forretress, M|100/100
|move|p2a: Blissey|Toxic|p1a: Forretress
|-immune|p1a: Forretress
|
|-weather|Sandstorm|[upkeep]
|-damage|p2a: Blissey|83/100|[from] Sandstorm
|-heal|p2a: Blissey|89/100|[from] item: Leftovers
|upkeep
|turn|7
|
|t:|1728003667
|switch|p1a: Blissey|Blissey, F|94/100
|move|p2a: Blissey|Fire Blast|p1a: Blissey
|-damage|p1a: Blissey|81/100
|
|-weather|Sandstorm|[upkeep]
|-damage|p2a: Blissey|83/100|[from] Sandstorm
|-damage|p1a: Blissey|75/100|[from] Sandstorm
|-heal|p2a: Blissey|89/100|[from] item: Leftovers
|-heal|p1a: Blissey|81/100|[from] item: Leftovers
|upkeep
|turn|8
|
|t:|1728003683
|move|p1a: Blissey|Seismic Toss|p2a: Blissey
|-damage|p2a: Blissey|74/100
|move|p2a: Blissey|Toxic|p1a: Blissey|[miss]
|-miss|p2a: Blissey|p1a: Blissey
|
|-weather|Sandstorm|[upkeep]
|-damage|p1a: Blissey|75/100|[from] Sandstorm
|-damage|p2a: Blissey|68/100|[from] Sandstorm
|-heal|p2a: Blissey|74/100|[from] item: Leftovers
|-heal|p1a: Blissey|81/100|[from] item: Leftovers
|upkeep
|turn|9
|
|t:|1728003691
|move|p2a: Blissey|Toxic|p1a: Blissey
|-status|p1a: Blissey|tox
|move|p1a: Blissey|Seismic Toss|p2a: Blissey
|-damage|p2a: Blissey|59/100
|
|-weather|Sandstorm|[upkeep]
|-damage|p1a: Blissey|75/100 tox|[from] Sandstorm
|-damage|p2a: Blissey|52/100|[from] Sandstorm
|-heal|p2a: Blissey|59/100|[from] item: Leftovers
|-heal|p1a: Blissey|81/100 tox|[from] item: Leftovers
|-damage|p1a: Blissey|75/100 tox|[from] psn
|upkeep
|turn|10
|j| DMONDThrice
|
|t:|1728003697
|-curestatus|p1a: Blissey|tox|[from] ability: Natural Cure
|switch|p1a: Blastoise|Blastoise, M|100/100
|move|p2a: Blissey|Soft-Boiled|p2a: Blissey
|-heal|p2a: Blissey|100/100
|
|-weather|Sandstorm|[upkeep]
|-damage|p1a: Blastoise|94/100|[from] Sandstorm
|-damage|p2a: Blissey|94/100|[from] Sandstorm
|-heal|p1a: Blastoise|100/100|[from] item: Leftovers
|-heal|p2a: Blissey|100/100|[from] item: Leftovers
|upkeep
|turn|11
|
|t:|1728003704
|move|p1a: Blastoise|Rapid Spin|p2a: Blissey
|-damage|p2a: Blissey|97/100
|move|p2a: Blissey|Toxic|p1a: Blastoise
|-status|p1a: Blastoise|tox
|
|-weather|Sandstorm|[upkeep]
|-damage|p1a: Blastoise|94/100 tox|[from] Sandstorm
|-damage|p2a: Blissey|91/100|[from] Sandstorm
|-heal|p1a: Blastoise|100/100 tox|[from] item: Leftovers
|-damage|p1a: Blastoise|94/100 tox|[from] psn
|-heal|p2a: Blissey|97/100|[from] item: Leftovers
|upkeep
|turn|12
|
|t:|1728003713
|switch|p2a: Tyranitar|Tyranitar, F|99/100
|move|p1a: Blastoise|Rest|p1a: Blastoise
|-status|p1a: Blastoise|slp|[from] move: Rest
|-heal|p1a: Blastoise|100/100 slp|[silent]
|
|-weather|Sandstorm|[upkeep]
|-damage|p1a: Blastoise|94/100 slp|[from] Sandstorm
|-heal|p1a: Blastoise|100/100 slp|[from] item: Leftovers
|-heal|p2a: Tyranitar|100/100|[from] item: Leftovers
|upkeep
|turn|13
|
|t:|1728003721
|-singleturn|p2a: Tyranitar|move: Focus Punch
|switch|p1a: Forretress|Forretress, M|100/100
|move|p2a: Tyranitar|Focus Punch|p1a: Forretress
|-damage|p1a: Forretress|70/100
|
|-weather|Sandstorm|[upkeep]
|-heal|p1a: Forretress|76/100|[from] item: Leftovers
|upkeep
|turn|14
|j| KhalniLiger
|
|t:|1728003737
|move|p2a: Tyranitar|Rock Slide|p1a: Forretress
|-damage|p1a: Forretress|54/100
|move|p1a: Forretress|Spikes|p2a: Tyranitar
|-sidestart|p2: Ooziegib|Spikes
|
|-weather|Sandstorm|[upkeep]
|-heal|p1a: Forretress|60/100|[from] item: Leftovers
|upkeep
|turn|15
|j| WraxiusGaming
|l| KhalniLiger
|
|t:|1728003751
|move|p2a: Tyranitar|Rock Slide|p1a: Forretress
|-damage|p1a: Forretress|37/100
|move|p1a: Forretress|Rest|p1a: Forretress
|-status|p1a: Forretress|slp|[from] move: Rest
|-heal|p1a: Forretress|100/100 slp|[silent]
|
|-weather|Sandstorm|[upkeep]
|upkeep
|turn|16
|
|t:|1728003758
|-singleturn|p2a: Tyranitar|move: Focus Punch
|cant|p1a: Forretress|slp
|move|p2a: Tyranitar|Focus Punch|p1a: Forretress
|-damage|p1a: Forretress|71/100 slp
|
|-weather|Sandstorm|[upkeep]
|-heal|p1a: Forretress|77/100 slp|[from] item: Leftovers
|upkeep
|turn|17
|
|t:|1728003763
|-singleturn|p2a: Tyranitar|move: Focus Punch
|cant|p1a: Forretress|slp
|move|p2a: Tyranitar|Focus Punch|p1a: Forretress
|-damage|p1a: Forretress|44/100 slp
|
|-weather|Sandstorm|[upkeep]
|-heal|p1a: Forretress|50/100 slp|[from] item: Leftovers
|upkeep
|turn|18
|
|t:|1728003770
|move|p2a: Tyranitar|Rock Slide|p1a: Forretress
|-damage|p1a: Forretress|28/100 slp
|-curestatus|p1a: Forretress|slp|[msg]
|move|p1a: Forretress|Rest|p1a: Forretress
|-status|p1a: Forretress|slp|[from] move: Rest
|-heal|p1a: Forretress|100/100 slp|[silent]
|
|-weather|Sandstorm|[upkeep]
|upkeep
|turn|19
|
|t:|1728003777
|-singleturn|p2a: Tyranitar|move: Focus Punch
|cant|p1a: Forretress|slp
|move|p2a: Tyranitar|Focus Punch|p1a: Forretress
|-damage|p1a: Forretress|66/100 slp
|
|-weather|Sandstorm|[upkeep]
|-heal|p1a: Forretress|72/100 slp|[from] item: Leftovers
|upkeep
|turn|20
|
|t:|1728003783
|-singleturn|p2a: Tyranitar|move: Focus Punch
|cant|p1a: Forretress|slp
|move|p2a: Tyranitar|Focus Punch|p1a: Forretress
|-damage|p1a: Forretress|41/100 slp
|
|-weather|Sandstorm|[upkeep]
|-heal|p1a: Forretress|47/100 slp|[from] item: Leftovers
|upkeep
|turn|21
|
|t:|1728003789
|move|p2a: Tyranitar|Rock Slide|p1a: Forretress
|-damage|p1a: Forretress|21/100 slp
|-curestatus|p1a: Forretress|slp|[msg]
|cant|p1a: Forretress|flinch
|
|-weather|Sandstorm|[upkeep]
|-heal|p1a: Forretress|27/100|[from] item: Leftovers
|upkeep
|turn|22
|
|t:|1728003796
|move|p2a: Tyranitar|Rock Slide|p1a: Forretress
|-damage|p1a: Forretress|4/100
|move|p1a: Forretress|Rest|p1a: Forretress
|-status|p1a: Forretress|slp|[from] move: Rest
|-heal|p1a: Forretress|100/100 slp|[silent]
|
|-weather|Sandstorm|[upkeep]
|upkeep
|turn|23
|
|t:|1728003800
|-singleturn|p2a: Tyranitar|move: Focus Punch
|cant|p1a: Forretress|slp
|move|p2a: Tyranitar|Focus Punch|p1a: Forretress
|-damage|p1a: Forretress|69/100 slp
|
|-weather|Sandstorm|[upkeep]
|-heal|p1a: Forretress|75/100 slp|[from] item: Leftovers
|upkeep
|turn|24
|
|t:|1728003806
|-singleturn|p2a: Tyranitar|move: Focus Punch
|cant|p1a: Forretress|slp
|move|p2a: Tyranitar|Focus Punch|p1a: Forretress
|-damage|p1a: Forretress|41/100 slp
|
|-weather|Sandstorm|[upkeep]
|-heal|p1a: Forretress|48/100 slp|[from] item: Leftovers
|upkeep
|turn|25
|
|t:|1728003813
|-singleturn|p2a: Tyranitar|move: Focus Punch
|-curestatus|p1a: Forretress|slp|[msg]
|move|p1a: Forretress|Rest|p1a: Forretress
|-status|p1a: Forretress|slp|[from] move: Rest
|-heal|p1a: Forretress|100/100 slp|[silent]
|move|p2a: Tyranitar|Focus Punch|p1a: Forretress
|-damage|p1a: Forretress|70/100 slp
|
|-weather|Sandstorm|[upkeep]
|-heal|p1a: Forretress|76/100 slp|[from] item: Leftovers
|upkeep
|turn|26
|
|t:|1728003818
|-singleturn|p2a: Tyranitar|move: Focus Punch
|cant|p1a: Forretress|slp
|move|p2a: Tyranitar|Focus Punch|p1a: Forretress
|-damage|p1a: Forretress|46/100 slp
|
|-weather|Sandstorm|[upkeep]
|-heal|p1a: Forretress|52/100 slp|[from] item: Leftovers
|upkeep
|turn|27
|
|t:|1728003823
|-singleturn|p2a: Tyranitar|move: Focus Punch
|cant|p1a: Forretress|slp
|move|p2a: Tyranitar|Focus Punch|p1a: Forretress
|-crit|p1a: Forretress
|-damage|p1a: Forretress|0 fnt
|faint|p1a: Forretress
|
|t:|1728003828
|switch|p1a: Blastoise|Blastoise, M|100/100 slp
|
|-weather|Sandstorm|[upkeep]
|-damage|p1a: Blastoise|94/100 slp|[from] Sandstorm
|-heal|p1a: Blastoise|100/100 slp|[from] item: Leftovers
|upkeep
|turn|28
|
|t:|1728003835
|-singleturn|p2a: Tyranitar|move: Focus Punch
|switch|p1a: Aerodactyl|Aerodactyl, F|100/100
|move|p2a: Tyranitar|Focus Punch|p1a: Aerodactyl
|-damage|p1a: Aerodactyl|0 fnt
|faint|p1a: Aerodactyl
|
|t:|1728003840
|switch|p1a: Blastoise|Blastoise, M|100/100 slp
|
|-weather|Sandstorm|[upkeep]
|-damage|p1a: Blastoise|94/100 slp|[from] Sandstorm
|-heal|p1a: Blastoise|100/100 slp|[from] item: Leftovers
|upkeep
|turn|29
|
|t:|1728003845
|-singleturn|p2a: Tyranitar|move: Focus Punch
|cant|p1a: Blastoise|slp
|move|p2a: Tyranitar|Focus Punch|p1a: Blastoise
|-damage|p1a: Blastoise|58/100 slp
|
|-weather|Sandstorm|[upkeep]
|-damage|p1a: Blastoise|52/100 slp|[from] Sandstorm
|-heal|p1a: Blastoise|58/100 slp|[from] item: Leftovers
|upkeep
|turn|30
|
|t:|1728003852
|-singleturn|p2a: Tyranitar|move: Focus Punch
|cant|p1a: Blastoise|slp
|move|p2a: Tyranitar|Focus Punch|p1a: Blastoise
|-damage|p1a: Blastoise|17/100 slp
|
|-weather|Sandstorm|[upkeep]
|-damage|p1a: Blastoise|10/100 slp|[from] Sandstorm
|-heal|p1a: Blastoise|17/100 slp|[from] item: Leftovers
|upkeep
|turn|31
|-message|tahat squared forfeited.
|
|win|Ooziegib
|c|☆Ooziegib|gg
|c|☆tahat squared|lets just uh
|c|☆tahat squared|forget that one
|c|☆tahat squared|I loaded the mono fighting unresist team
|c|☆Ooziegib|lets try smogtours
|l| ADV Andy
|l|☆tahat squared
|player|p1|
|j|☆tahat squared
|player|p1|tahat squared|skyla-masters|
|l| DMONDThrice
|l| urdkaiser
|l|☆tahat squared
|player|p1|
|l| Kollin7
|j|☆tahat squared
|player|p1|tahat squared|skyla-masters|
|l| GreenCatKid
|l| WraxiusGaming
|j| Xurkiyee
|l| Xurkiyee
|j| srtjhgr
|l| RodentCollector
|l| srtjhgr
|j| OOF_MAXIMA
|l| OOF_MAXIMA
|l| 3 blades
|l|☆tahat squared
|player|p1|
|j| RodentCollector

</script>
<script type="application/json" class="data" id="replaydata-gen3ou-2215451430-jtfgmk1ew1d09g59x3mn3qj8geoua3kpw">
{"id":"gen3ou-2215451430","format":"[Gen 3] OU","players":["tahat squared","Ooziegib"],"uploadtime":1728003918,"views":187,"formatid":"gen3ou","rating":null,"private":1,"password":"jtfgmk1ew1d09g59x3mn3qj8geoua3k"}
</script>

<script defer src="js/replays.js?9d40a366"></script>
