<!DOCTYPE html>
<meta charset="utf-8" />
<meta name="viewport" content="width=device-width" />

<title>[Gen 3] OU: Mister Tim vs. Amir - Replays - Pok&eacute;mon Showdown!</title>

<meta name="description" content="Watch a replay of a Pok&eacute;mon battle between Mister Tim and Amir! Format: [Gen 3] OU; Date: Oct 13, 2024" />
<!--

Hey, you! Looking in the source for the replay log?

You can find them in JSON format, just add `.json` at the end of a replay URL.

https://replay.pokemonshowdown.com/gen7randomdoublesbattle-865046831.json

Or, if you only need the log itself, add `.log` instead:

https://replay.pokemonshowdown.com/gen7randomdoublesbattle-865046831.log

-->

<link rel="stylesheet" href="//pokemonshowdown.com/style/global.css?0.767286132409787" />
<link rel="stylesheet" href="//play.pokemonshowdown.com/style/font-awesome.css?0.9266228007934947" />
<link rel="stylesheet" href="//play.pokemonshowdown.com/style/battle.css?0.7924700842790926" />
<link rel="stylesheet" href="//play.pokemonshowdown.com/style/utilichart.css?0.8777417872839479" />

<!-- Global site tag (gtag.js) - Google Analytics -->
<script async src="https://www.googletagmanager.com/gtag/js?id=UA-26211653-1"></script>
<script>
  window.dataLayer = window.dataLayer || [];
  function gtag(){dataLayer.push(arguments);}
  gtag('js', new Date());

  gtag('config', 'UA-26211653-1');
</script>
<!-- End Google Analytics -->
<!-- Venatus Ad Manager - Install in <HEAD> of page -->
	<script src="https://hb.vntsm.com/v3/live/ad-manager.min.js" type="text/javascript" data-site-id="642aba63ec9a7b11c3c9c1be" data-mode="scan" async></script>
<!-- / Venatus Ad Manager -->

<style>
	@media (max-width:820px) {
		.battle {
			margin: 0 auto;
		}
		.battle-log {
			margin: 7px auto 0;
			max-width: 640px;
			height: 300px;
			position: static;
		}
	}
	.optgroup {
		display: inline-block;
		line-height: 22px;
		font-size: 10pt;
	}
	.optgroup .button {
		height: 25px;
		padding-top: 0;
		padding-bottom: 0;
	}
	.optgroup button.button {
		padding-left: 12px;
		padding-right: 12px;
	}
	.linklist {
		list-style: none;
		margin: 0.5em 0;
		padding: 0;
	}
	.linklist li {
		padding: 2px 0;
	}
	.sidebar {
		float: left;
		width: 320px;
	}
	.bar-wrapper {
		max-width: 1100px;
		margin: 0 auto;
	}
	.bar-wrapper.has-sidebar {
		max-width: 1430px;
	}
	.mainbar {
		margin: 0;
		padding-right: 1px;
	}
	.mainbar.has-sidebar {
		margin-left: 330px;
	}
	@media (min-width: 1511px) {
		.sidebar {
			width: 400px;
		}
		.bar-wrapper.has-sidebar {
			max-width: 1510px;
		}
		.mainbar.has-sidebar {
			margin-left: 410px;
		}
	}
	.section.first-section {
		margin-top: 9px;
	}
	.blocklink small {
		white-space: normal;
	}
	.button {
		vertical-align: middle;
	}
	.replay-controls {
		padding-top: 10px;
	}
	.replay-controls h1 {
		font-size: 16pt;
		font-weight: normal;
		color: #CCC;
	}
	.pagelink {
		text-align: center;
	}
	.pagelink a {
		width: 150px;
	}
	.textbox, .button {
		font-size: 11pt;
		vertical-align: middle;
	}
	@media (max-width: 450px) {
		.button {
			font-size: 9pt;
		}
	}
</style>

<div>

	<header>
		<div class="nav-wrapper"><ul class="nav">
			<li><a class="button nav-first" href="//pokemonshowdown.com/"><img src="//pokemonshowdown.com/images/pokemonshowdownbeta.png" srcset="//pokemonshowdown.com/images/pokemonshowdownbeta.png 1x, //pokemonshowdown.com/images/pokemonshowdownbeta@2x.png 2x" alt="Pok&eacute;mon Showdown" width="146" height="44" /> Home</a></li>
			<li><a class="button" href="//pokemonshowdown.com/dex/">Pok&eacute;dex</a></li>
			<li><a class="button cur" href="/">Replays</a></li>
			<li><a class="button" href="//pokemonshowdown.com/ladder/">Ladder</a></li>
			<li><a class="button nav-last" href="//pokemonshowdown.com/forums/">Forum</a></li>
			<li><a class="button greenbutton nav-first nav-last" href="//play.pokemonshowdown.com/">Play</a></li>
		</ul></div>
	</header>

	<div class="main" id="main">

		<noscript><section class="section">You need to enable JavaScript to use this page; sorry!</section></noscript>

	</div>

</div>

<script defer nomodule src="//play.pokemonshowdown.com/js/lib/ps-polyfill.js"></script>
<script defer src="//play.pokemonshowdown.com/js/lib/preact.min.js"></script>

<script defer src="//play.pokemonshowdown.com/config/config.js?6dec07f6"></script>
<script defer src="//play.pokemonshowdown.com/js/lib/jquery-1.11.0.min.js"></script>
<script defer src="//play.pokemonshowdown.com/js/lib/html-sanitizer-minified.js"></script>
<script defer src="//play.pokemonshowdown.com/js/battle-sound.js"></script>
<script defer src="//play.pokemonshowdown.com/js/battledata.js?0.6315294753075389"></script>
<script defer src="//play.pokemonshowdown.com/data/pokedex-mini.js?0.7603743185311358"></script>
<script defer src="//play.pokemonshowdown.com/data/pokedex-mini-bw.js?0.030888842834281283"></script>
<script defer src="//play.pokemonshowdown.com/data/graphics.js?0.05593094747507488"></script>
<script defer src="//play.pokemonshowdown.com/data/pokedex.js?0.47064822249611904"></script>
<script defer src="//play.pokemonshowdown.com/data/moves.js?0.8583693120512459"></script>
<script defer src="//play.pokemonshowdown.com/data/abilities.js?0.16017181182386842"></script>
<script defer src="//play.pokemonshowdown.com/data/items.js?0.4163379185673943"></script>
<script defer src="//play.pokemonshowdown.com/data/teambuilder-tables.js?0.31075597372830477"></script>
<script defer src="//play.pokemonshowdown.com/js/battle-tooltips.js?0.6536193500708172"></script>
<script defer src="//play.pokemonshowdown.com/js/battle.js?0.1916591943277901"></script>

<script defer src="js/utils.js?e31f9a17"></script>
<script defer src="js/replays-battle.js?7008c182"></script>

<!-- don't scrape this data! just add .json or .log after the URL!
Full API docs: https://github.com/smogon/pokemon-showdown-client/blob/master/WEB-API.md -->
<script type="text/plain" class="log" id="replaylog-smogtours-gen3ou-798333">
|inactive|Battle timer is ON: inactive players will automatically lose when time's up.
|t:|1728849368
|gametype|singles
|player|p1|Mister Tim|101|
|player|p2|Amir|acetrainerf-gen4dp|
|teamsize|p1|6
|teamsize|p2|6
|gen|3
|tier|[Gen 3] OU
|rule|Sleep Clause Mod: Limit one foe put to sleep
|rule|Switch Priority Clause Mod: Faster Pokémon switch first
|rule|Species Clause: Limit one of each Pokémon
|rule|OHKO Clause: OHKO moves are banned
|rule|Evasion Items Clause: Evasion items are banned
|rule|Evasion Moves Clause: Evasion moves are banned
|rule|Endless Battle Clause: Forcing endless battles is banned
|rule|HP Percentage Mod: HP is shown in percentages
|rule|One Boost Passer Clause: Limit one Baton Passer that has a way to boost its stats
|rule|Freeze Clause Mod: Limit one foe frozen
|
|t:|1728849368
|start
|switch|p1a: Tyranitar|Tyranitar, F|100/100
|switch|p2a: Zapdos|Zapdos|100/100
|-weather|Sandstorm|[from] ability: Sand Stream|[of] p1a: Tyranitar
|turn|1
|inactive|Amir has 270 seconds left.
|inactive|Amir has 240 seconds left.
|
|t:|1728849442
|switch|p2a: Skarmory|Skarmory, M|100/100
|switch|p1a: Blissey|Blissey, F|100/100
|
|-weather|Sandstorm|[upkeep]
|-damage|p1a: Blissey|94/100|[from] Sandstorm
|-heal|p1a: Blissey|100/100|[from] item: Leftovers
|upkeep
|turn|2
|
|t:|1728849466
|move|p2a: Skarmory|Spikes|p1a: Blissey
|-sidestart|p1: Mister Tim|Spikes
|move|p1a: Blissey|Thunder Wave|p2a: Skarmory
|-status|p2a: Skarmory|par
|
|-weather|Sandstorm|[upkeep]
|-damage|p1a: Blissey|94/100|[from] Sandstorm
|-heal|p1a: Blissey|100/100|[from] item: Leftovers
|upkeep
|turn|3
|inactive|Amir has 270 seconds left.
|
|t:|1728849490
|switch|p2a: Blissey|Blissey, F|100/100
|move|p1a: Blissey|Thunderbolt|p2a: Blissey
|-damage|p2a: Blissey|90/100
|
|-weather|Sandstorm|[upkeep]
|-damage|p2a: Blissey|84/100|[from] Sandstorm
|-damage|p1a: Blissey|94/100|[from] Sandstorm
|-heal|p1a: Blissey|100/100|[from] item: Leftovers
|-heal|p2a: Blissey|90/100|[from] item: Leftovers
|upkeep
|turn|4
|inactive|Amir has 270 seconds left.
|
|t:|1728849513
|move|p2a: Blissey|Calm Mind|p2a: Blissey
|-boost|p2a: Blissey|spa|1
|-boost|p2a: Blissey|spd|1
|move|p1a: Blissey|Thunder Wave|p2a: Blissey
|-status|p2a: Blissey|par
|
|-weather|Sandstorm|[upkeep]
|-damage|p1a: Blissey|94/100|[from] Sandstorm
|-damage|p2a: Blissey|84/100 par|[from] Sandstorm
|-heal|p1a: Blissey|100/100|[from] item: Leftovers
|-heal|p2a: Blissey|90/100 par|[from] item: Leftovers
|upkeep
|turn|5
|
|t:|1728849540
|switch|p1a: Metagross|Metagross|100/100
|-damage|p1a: Metagross|88/100|[from] Spikes
|cant|p2a: Blissey|par
|
|-weather|Sandstorm|[upkeep]
|-damage|p2a: Blissey|84/100 par|[from] Sandstorm
|-heal|p1a: Metagross|94/100|[from] item: Leftovers
|-heal|p2a: Blissey|90/100 par|[from] item: Leftovers
|upkeep
|turn|6
|inactive|Amir has 270 seconds left.
|inactive|Amir has 240 seconds left.
|
|t:|1728849599
|move|p1a: Metagross|Meteor Mash|p2a: Blissey
|-damage|p2a: Blissey|41/100 par
|move|p2a: Blissey|Thunderbolt|p1a: Metagross
|-damage|p1a: Metagross|57/100
|
|-weather|Sandstorm|[upkeep]
|-damage|p2a: Blissey|35/100 par|[from] Sandstorm
|-heal|p1a: Metagross|63/100|[from] item: Leftovers
|-heal|p2a: Blissey|41/100 par|[from] item: Leftovers
|upkeep
|turn|7
|
|t:|1728849606
|-curestatus|p2a: Blissey|par|[from] ability: Natural Cure
|switch|p2a: Skarmory|Skarmory, M|100/100 par
|move|p1a: Metagross|Meteor Mash|p2a: Skarmory
|-resisted|p2a: Skarmory
|-damage|p2a: Skarmory|81/100 par
|
|-weather|Sandstorm|[upkeep]
|-heal|p1a: Metagross|69/100|[from] item: Leftovers
|-heal|p2a: Skarmory|87/100 par|[from] item: Leftovers
|upkeep
|turn|8
|
|t:|1728849627
|switch|p1a: Charizard|Charizard, M|100/100
|move|p2a: Skarmory|Spikes|p1a: Charizard
|-sidestart|p1: Mister Tim|Spikes
|
|-weather|Sandstorm|[upkeep]
|-damage|p1a: Charizard|94/100|[from] Sandstorm
|-heal|p1a: Charizard|100/100|[from] item: Leftovers
|-heal|p2a: Skarmory|93/100 par|[from] item: Leftovers
|upkeep
|turn|9
|
|t:|1728849637
|move|p1a: Charizard|Substitute|p1a: Charizard
|-start|p1a: Charizard|Substitute
|-damage|p1a: Charizard|76/100
|cant|p2a: Skarmory|par
|
|-weather|Sandstorm|[upkeep]
|-damage|p1a: Charizard|70/100|[from] Sandstorm
|-heal|p1a: Charizard|76/100|[from] item: Leftovers
|-heal|p2a: Skarmory|99/100 par|[from] item: Leftovers
|upkeep
|turn|10
|
|t:|1728849647
|switch|p2a: Milotic|Milotic, M|100/100
|move|p1a: Charizard|Flamethrower|p2a: Milotic
|-resisted|p2a: Milotic
|-damage|p2a: Milotic|83/100
|
|-weather|Sandstorm|[upkeep]
|-damage|p1a: Charizard|70/100|[from] Sandstorm
|-damage|p2a: Milotic|77/100|[from] Sandstorm
|-heal|p1a: Charizard|76/100|[from] item: Leftovers
|-heal|p2a: Milotic|83/100|[from] item: Leftovers
|upkeep
|turn|11
|
|t:|1728849655
|move|p1a: Charizard|Hidden Power|p2a: Milotic
|-supereffective|p2a: Milotic
|-damage|p2a: Milotic|47/100
|move|p2a: Milotic|Recover|p2a: Milotic
|-heal|p2a: Milotic|97/100
|
|-weather|Sandstorm|[upkeep]
|-damage|p1a: Charizard|70/100|[from] Sandstorm
|-damage|p2a: Milotic|91/100|[from] Sandstorm
|-heal|p1a: Charizard|76/100|[from] item: Leftovers
|-heal|p2a: Milotic|97/100|[from] item: Leftovers
|upkeep
|turn|12
|inactive|Amir has 240 seconds left.
|
|t:|1728849662
|move|p1a: Charizard|Hidden Power|p2a: Milotic
|-supereffective|p2a: Milotic
|-damage|p2a: Milotic|61/100
|move|p2a: Milotic|Surf|p1a: Charizard
|-supereffective|p1a: Charizard
|-end|p1a: Charizard|Substitute
|
|-weather|Sandstorm|[upkeep]
|-damage|p1a: Charizard|70/100|[from] Sandstorm
|-damage|p2a: Milotic|55/100|[from] Sandstorm
|-heal|p1a: Charizard|76/100|[from] item: Leftovers
|-heal|p2a: Milotic|61/100|[from] item: Leftovers
|upkeep
|turn|13
|
|t:|1728849670
|switch|p1a: Blissey|Blissey, F|100/100
|-damage|p1a: Blissey|84/100|[from] Spikes
|move|p2a: Milotic|Recover|p2a: Milotic
|-heal|p2a: Milotic|100/100
|
|-weather|Sandstorm|[upkeep]
|-damage|p2a: Milotic|94/100|[from] Sandstorm
|-damage|p1a: Blissey|78/100|[from] Sandstorm
|-heal|p2a: Milotic|100/100|[from] item: Leftovers
|-heal|p1a: Blissey|84/100|[from] item: Leftovers
|upkeep
|turn|14
|
|t:|1728849685
|switch|p2a: Blissey|Blissey, F|41/100
|move|p1a: Blissey|Thunder Wave|p2a: Blissey
|-status|p2a: Blissey|par
|
|-weather|Sandstorm|[upkeep]
|-damage|p1a: Blissey|78/100|[from] Sandstorm
|-damage|p2a: Blissey|35/100 par|[from] Sandstorm
|-heal|p1a: Blissey|84/100|[from] item: Leftovers
|-heal|p2a: Blissey|41/100 par|[from] item: Leftovers
|upkeep
|turn|15
|
|t:|1728849690
|switch|p1a: Metagross|Metagross|69/100
|-damage|p1a: Metagross|52/100|[from] Spikes
|move|p2a: Blissey|Soft-Boiled|p2a: Blissey
|-heal|p2a: Blissey|91/100 par
|
|-weather|Sandstorm|[upkeep]
|-damage|p2a: Blissey|85/100 par|[from] Sandstorm
|-heal|p1a: Metagross|58/100|[from] item: Leftovers
|-heal|p2a: Blissey|91/100 par|[from] item: Leftovers
|upkeep
|turn|16
|
|t:|1728849696
|-curestatus|p2a: Blissey|par|[from] ability: Natural Cure
|switch|p2a: Skarmory|Skarmory, M|99/100 par
|move|p1a: Metagross|Meteor Mash|p2a: Skarmory
|-resisted|p2a: Skarmory
|-damage|p2a: Skarmory|81/100 par
|
|-weather|Sandstorm|[upkeep]
|-heal|p1a: Metagross|64/100|[from] item: Leftovers
|-heal|p2a: Skarmory|87/100 par|[from] item: Leftovers
|upkeep
|turn|17
|
|t:|1728849701
|switch|p1a: Skarmory|Skarmory, F|100/100
|move|p2a: Skarmory|Roar|p1a: Skarmory
|drag|p1a: Charizard|Charizard, M|76/100
|
|-weather|Sandstorm|[upkeep]
|-damage|p1a: Charizard|70/100|[from] Sandstorm
|-heal|p1a: Charizard|76/100|[from] item: Leftovers
|-heal|p2a: Skarmory|93/100 par|[from] item: Leftovers
|upkeep
|turn|18
|inactive|Amir has 270 seconds left.
|
|t:|1728849715
|switch|p2a: Zapdos|Zapdos|100/100
|move|p1a: Charizard|Flamethrower|p2a: Zapdos
|-damage|p2a: Zapdos|64/100
|-status|p2a: Zapdos|brn
|
|-weather|Sandstorm|[upkeep]
|-damage|p1a: Charizard|70/100|[from] Sandstorm
|-damage|p2a: Zapdos|58/100 brn|[from] Sandstorm
|-heal|p1a: Charizard|76/100|[from] item: Leftovers
|-heal|p2a: Zapdos|64/100 brn|[from] item: Leftovers
|-damage|p2a: Zapdos|52/100 brn|[from] brn
|upkeep
|turn|19
|
|t:|1728849735
|switch|p1a: Blissey|Blissey, F|84/100
|-damage|p1a: Blissey|67/100|[from] Spikes
|move|p2a: Zapdos|Rest|p2a: Zapdos
|-status|p2a: Zapdos|slp|[from] move: Rest
|-heal|p2a: Zapdos|100/100 slp|[silent]
|
|-weather|Sandstorm|[upkeep]
|-damage|p2a: Zapdos|94/100 slp|[from] Sandstorm
|-damage|p1a: Blissey|61/100|[from] Sandstorm
|-heal|p2a: Zapdos|100/100 slp|[from] item: Leftovers
|-heal|p1a: Blissey|67/100|[from] item: Leftovers
|upkeep
|turn|20
|inactive|Amir has 270 seconds left.
|
|t:|1728849763
|switch|p2a: Blissey|Blissey, F|91/100
|move|p1a: Blissey|Ice Beam|p2a: Blissey
|-damage|p2a: Blissey|81/100
|-status|p2a: Blissey|frz
|
|-weather|Sandstorm|[upkeep]
|-damage|p1a: Blissey|61/100|[from] Sandstorm
|-damage|p2a: Blissey|75/100 frz|[from] Sandstorm
|-heal|p2a: Blissey|81/100 frz|[from] item: Leftovers
|-heal|p1a: Blissey|67/100|[from] item: Leftovers
|upkeep
|turn|21
|
|t:|1728849773
|-curestatus|p2a: Blissey|frz|[from] ability: Natural Cure
|switch|p2a: Zapdos|Zapdos|100/100 slp
|switch|p1a: Skarmory|Skarmory, F|100/100
|
|-weather|Sandstorm|[upkeep]
|-damage|p2a: Zapdos|94/100 slp|[from] Sandstorm
|-heal|p2a: Zapdos|100/100 slp|[from] item: Leftovers
|upkeep
|turn|22
|inactive|Amir has 270 seconds left.
|
|t:|1728849779
|cant|p2a: Zapdos|slp
|move|p2a: Zapdos|Sleep Talk|p2a: Zapdos
|move|p2a: Zapdos|Rest|p2a: Zapdos|[from]Sleep Talk
|move|p1a: Skarmory|Spikes|p2a: Zapdos
|-sidestart|p2: Amir|Spikes
|
|-weather|Sandstorm|[upkeep]
|-damage|p2a: Zapdos|94/100 slp|[from] Sandstorm
|-heal|p2a: Zapdos|100/100 slp|[from] item: Leftovers
|upkeep
|turn|23
|
|t:|1728849783
|cant|p2a: Zapdos|slp
|move|p2a: Zapdos|Sleep Talk|p2a: Zapdos
|move|p2a: Zapdos|Rest|p2a: Zapdos|[from]Sleep Talk
|move|p1a: Skarmory|Roar|p2a: Zapdos
|drag|p2a: Dugtrio|Dugtrio, M|100/100
|-damage|p2a: Dugtrio|88/100|[from] Spikes
|
|-weather|Sandstorm|[upkeep]
|upkeep
|turn|24
|
|t:|1728849790
|move|p2a: Dugtrio|Rock Slide|p1a: Skarmory
|-damage|p1a: Skarmory|78/100
|move|p1a: Skarmory|Spikes|p2a: Dugtrio
|-sidestart|p2: Amir|Spikes
|
|-weather|Sandstorm|[upkeep]
|-heal|p1a: Skarmory|84/100|[from] item: Leftovers
|upkeep
|turn|25
|
|t:|1728849798
|switch|p2a: Skarmory|Skarmory, M|93/100 par
|move|p1a: Skarmory|Spikes|p2a: Skarmory
|-sidestart|p2: Amir|Spikes
|
|-weather|Sandstorm|[upkeep]
|-heal|p1a: Skarmory|90/100|[from] item: Leftovers
|-heal|p2a: Skarmory|99/100 par|[from] item: Leftovers
|upkeep
|turn|26
|
|t:|1728849801
|cant|p2a: Skarmory|par
|move|p1a: Skarmory|Roar|p2a: Skarmory
|drag|p2a: Claydol|Claydol|100/100
|
|-weather|Sandstorm|[upkeep]
|-heal|p1a: Skarmory|96/100|[from] item: Leftovers
|upkeep
|turn|27
|
|t:|1728849805
|move|p1a: Skarmory|Toxic|p2a: Claydol
|-status|p2a: Claydol|tox
|move|p2a: Claydol|Rapid Spin|p1a: Skarmory
|-resisted|p1a: Skarmory
|-damage|p1a: Skarmory|94/100
|-sideend|p2: Amir|Spikes|[from] move: Rapid Spin|[of] p2a: Claydol
|
|-weather|Sandstorm|[upkeep]
|-heal|p1a: Skarmory|99/100|[from] item: Leftovers
|-damage|p2a: Claydol|94/100 tox|[from] psn
|upkeep
|turn|28
|
|t:|1728849811
|switch|p2a: Skarmory|Skarmory, M|99/100 par
|move|p1a: Skarmory|Protect||[still]
|-fail|p1a: Skarmory
|
|-weather|Sandstorm|[upkeep]
|-heal|p1a: Skarmory|100/100|[from] item: Leftovers
|-heal|p2a: Skarmory|100/100 par|[from] item: Leftovers
|upkeep
|turn|29
|
|t:|1728849816
|move|p1a: Skarmory|Spikes|p2a: Skarmory
|-sidestart|p2: Amir|Spikes
|move|p2a: Skarmory|Spikes|p1a: Skarmory
|-sidestart|p1: Mister Tim|Spikes
|
|-weather|Sandstorm|[upkeep]
|upkeep
|turn|30
|
|t:|1728849819
|move|p1a: Skarmory|Spikes|p2a: Skarmory
|-sidestart|p2: Amir|Spikes
|move|p2a: Skarmory|Roar|p1a: Skarmory
|drag|p1a: Charizard|Charizard, M|76/100
|
|-weather|Sandstorm|[upkeep]
|-damage|p1a: Charizard|70/100|[from] Sandstorm
|-heal|p1a: Charizard|76/100|[from] item: Leftovers
|upkeep
|turn|31
|
|t:|1728849827
|switch|p2a: Zapdos|Zapdos|100/100 slp
|move|p1a: Charizard|Hidden Power|p2a: Zapdos
|-resisted|p2a: Zapdos
|-damage|p2a: Zapdos|92/100 slp
|
|-weather|Sandstorm|[upkeep]
|-damage|p1a: Charizard|70/100|[from] Sandstorm
|-damage|p2a: Zapdos|86/100 slp|[from] Sandstorm
|-heal|p1a: Charizard|76/100|[from] item: Leftovers
|-heal|p2a: Zapdos|92/100 slp|[from] item: Leftovers
|upkeep
|turn|32
|
|t:|1728849833
|move|p1a: Charizard|Flamethrower|p2a: Zapdos
|-damage|p2a: Zapdos|56/100 slp
|cant|p2a: Zapdos|slp
|
|-weather|Sandstorm|[upkeep]
|-damage|p1a: Charizard|70/100|[from] Sandstorm
|-damage|p2a: Zapdos|50/100 slp|[from] Sandstorm
|-heal|p1a: Charizard|76/100|[from] item: Leftovers
|-heal|p2a: Zapdos|56/100 slp|[from] item: Leftovers
|upkeep
|turn|33
|
|t:|1728849838
|move|p1a: Charizard|Flamethrower|p2a: Zapdos
|-damage|p2a: Zapdos|23/100 slp
|cant|p2a: Zapdos|slp
|move|p2a: Zapdos|Sleep Talk|p2a: Zapdos
|move|p2a: Zapdos|Rest|p2a: Zapdos|[from]Sleep Talk
|
|-weather|Sandstorm|[upkeep]
|-damage|p1a: Charizard|70/100|[from] Sandstorm
|-damage|p2a: Zapdos|17/100 slp|[from] Sandstorm
|-heal|p1a: Charizard|76/100|[from] item: Leftovers
|-heal|p2a: Zapdos|23/100 slp|[from] item: Leftovers
|upkeep
|turn|34
|
|t:|1728849849
|move|p1a: Charizard|Flamethrower|p2a: Zapdos
|-damage|p2a: Zapdos|0 fnt
|faint|p2a: Zapdos
|
|t:|1728849856
|switch|p2a: Milotic|Milotic, M|100/100
|-damage|p2a: Milotic|84/100|[from] Spikes
|
|-weather|Sandstorm|[upkeep]
|-damage|p1a: Charizard|70/100|[from] Sandstorm
|-damage|p2a: Milotic|78/100|[from] Sandstorm
|-heal|p1a: Charizard|76/100|[from] item: Leftovers
|-heal|p2a: Milotic|84/100|[from] item: Leftovers
|upkeep
|turn|35
|
|t:|1728849863
|switch|p1a: Blissey|Blissey, F|67/100
|-damage|p1a: Blissey|42/100|[from] Spikes
|move|p2a: Milotic|Surf|p1a: Blissey
|-damage|p1a: Blissey|30/100
|
|-weather|Sandstorm|[upkeep]
|-damage|p2a: Milotic|78/100|[from] Sandstorm
|-damage|p1a: Blissey|24/100|[from] Sandstorm
|-heal|p2a: Milotic|84/100|[from] item: Leftovers
|-heal|p1a: Blissey|30/100|[from] item: Leftovers
|upkeep
|turn|36
|
|t:|1728849866
|move|p2a: Milotic|Toxic|p1a: Blissey
|-status|p1a: Blissey|tox
|move|p1a: Blissey|Soft-Boiled|p1a: Blissey
|-heal|p1a: Blissey|80/100 tox
|
|-weather|Sandstorm|[upkeep]
|-damage|p2a: Milotic|78/100|[from] Sandstorm
|-damage|p1a: Blissey|74/100 tox|[from] Sandstorm
|-heal|p2a: Milotic|84/100|[from] item: Leftovers
|-heal|p1a: Blissey|80/100 tox|[from] item: Leftovers
|-damage|p1a: Blissey|74/100 tox|[from] psn
|upkeep
|turn|37
|
|t:|1728849882
|switch|p2a: Dugtrio|Dugtrio, M|88/100
|-damage|p2a: Dugtrio|72/100|[from] Spikes
|move|p1a: Blissey|Ice Beam|p2a: Dugtrio
|-supereffective|p2a: Dugtrio
|-damage|p2a: Dugtrio|0 fnt
|faint|p2a: Dugtrio
|
|t:|1728849888
|switch|p2a: Claydol|Claydol|94/100 tox
|
|-weather|Sandstorm|[upkeep]
|-damage|p1a: Blissey|68/100 tox|[from] Sandstorm
|-heal|p2a: Claydol|100/100 tox|[from] item: Leftovers
|-damage|p2a: Claydol|94/100 tox|[from] psn
|-heal|p1a: Blissey|74/100 tox|[from] item: Leftovers
|-damage|p1a: Blissey|62/100 tox|[from] psn
|upkeep
|turn|38
|
|t:|1728849893
|move|p2a: Claydol|Rapid Spin|p1a: Blissey
|-damage|p1a: Blissey|58/100 tox
|-sideend|p2: Amir|Spikes|[from] move: Rapid Spin|[of] p2a: Claydol
|move|p1a: Blissey|Ice Beam|p2a: Claydol
|-supereffective|p2a: Claydol
|-damage|p2a: Claydol|52/100 tox
|
|-weather|Sandstorm|[upkeep]
|-damage|p1a: Blissey|52/100 tox|[from] Sandstorm
|-heal|p2a: Claydol|58/100 tox|[from] item: Leftovers
|-damage|p2a: Claydol|46/100 tox|[from] psn
|-heal|p1a: Blissey|58/100 tox|[from] item: Leftovers
|-damage|p1a: Blissey|39/100 tox|[from] psn
|upkeep
|turn|39
|
|t:|1728849906
|move|p2a: Claydol|Explosion|p1a: Blissey
|-damage|p1a: Blissey|0 fnt
|faint|p2a: Claydol
|faint|p1a: Blissey
|
|t:|1728849924
|switch|p2a: Blissey|Blissey, F|81/100
|switch|p1a: Charizard|Charizard, M|76/100
|
|-weather|Sandstorm|[upkeep]
|-damage|p1a: Charizard|70/100|[from] Sandstorm
|-damage|p2a: Blissey|75/100|[from] Sandstorm
|-heal|p1a: Charizard|76/100|[from] item: Leftovers
|-heal|p2a: Blissey|81/100|[from] item: Leftovers
|upkeep
|turn|40
|
|t:|1728849932
|switch|p1a: Metagross|Metagross|64/100
|-damage|p1a: Metagross|39/100|[from] Spikes
|move|p2a: Blissey|Thunderbolt|p1a: Metagross
|-damage|p1a: Metagross|12/100
|
|-weather|Sandstorm|[upkeep]
|-damage|p2a: Blissey|75/100|[from] Sandstorm
|-heal|p1a: Metagross|18/100|[from] item: Leftovers
|-heal|p2a: Blissey|81/100|[from] item: Leftovers
|upkeep
|turn|41
|
|t:|1728849942
|switch|p2a: Skarmory|Skarmory, M|100/100 par
|move|p1a: Metagross|Explosion|p2a: Skarmory
|-resisted|p2a: Skarmory
|-damage|p2a: Skarmory|36/100 par
|faint|p1a: Metagross
|
|t:|1728849948
|switch|p1a: Charizard|Charizard, M|76/100
|
|-weather|Sandstorm|[upkeep]
|-damage|p1a: Charizard|70/100|[from] Sandstorm
|-heal|p1a: Charizard|76/100|[from] item: Leftovers
|-heal|p2a: Skarmory|42/100 par|[from] item: Leftovers
|upkeep
|turn|42
|
|t:|1728849954
|-singleturn|p1a: Charizard|move: Focus Punch
|move|p1a: Charizard|Focus Punch|p2a: Skarmory
|-damage|p2a: Skarmory|19/100 par
|move|p2a: Skarmory|Roar|p1a: Charizard
|drag|p1a: Aerodactyl|Aerodactyl, F|100/100
|
|-weather|Sandstorm|[upkeep]
|-heal|p2a: Skarmory|25/100 par|[from] item: Leftovers
|upkeep
|turn|43
|
|t:|1728849974
|move|p1a: Aerodactyl|Rock Slide|p2a: Skarmory
|-damage|p2a: Skarmory|0 fnt
|faint|p2a: Skarmory
|
|t:|1728849975
|switch|p2a: Milotic|Milotic, M|84/100
|
|-weather|Sandstorm|[upkeep]
|-damage|p2a: Milotic|78/100|[from] Sandstorm
|-heal|p2a: Milotic|84/100|[from] item: Leftovers
|upkeep
|turn|44
|
|t:|1728849987
|switch|p1a: Charizard|Charizard, M|76/100
|move|p2a: Milotic|Surf|p1a: Charizard
|-supereffective|p1a: Charizard
|-damage|p1a: Charizard|0 fnt
|faint|p1a: Charizard
|
|t:|1728849990
|switch|p1a: Skarmory|Skarmory, F|100/100
|
|-weather|Sandstorm|[upkeep]
|-damage|p2a: Milotic|78/100|[from] Sandstorm
|-heal|p2a: Milotic|84/100|[from] item: Leftovers
|upkeep
|turn|45
|
|t:|1728849994
|move|p2a: Milotic|Surf|p1a: Skarmory
|-damage|p1a: Skarmory|70/100
|move|p1a: Skarmory|Toxic|p2a: Milotic
|-status|p2a: Milotic|tox
|
|-weather|Sandstorm|[upkeep]
|-damage|p2a: Milotic|78/100 tox|[from] Sandstorm
|-heal|p2a: Milotic|84/100 tox|[from] item: Leftovers
|-damage|p2a: Milotic|78/100 tox|[from] psn
|-heal|p1a: Skarmory|76/100|[from] item: Leftovers
|upkeep
|turn|46
|
|t:|1728850001
|move|p2a: Milotic|Refresh|p2a: Milotic
|-curestatus|p2a: Milotic|tox|[msg]
|move|p1a: Skarmory|Spikes|p2a: Milotic
|-sidestart|p2: Amir|Spikes
|
|-weather|Sandstorm|[upkeep]
|-damage|p2a: Milotic|72/100|[from] Sandstorm
|-heal|p2a: Milotic|78/100|[from] item: Leftovers
|-heal|p1a: Skarmory|82/100|[from] item: Leftovers
|upkeep
|turn|47
|
|t:|1728850010
|move|p1a: Skarmory|Protect|p1a: Skarmory
|-singleturn|p1a: Skarmory|Protect
|move|p2a: Milotic|Surf|p1a: Skarmory
|-activate|p1a: Skarmory|Protect
|
|-weather|Sandstorm|[upkeep]
|-damage|p2a: Milotic|72/100|[from] Sandstorm
|-heal|p2a: Milotic|78/100|[from] item: Leftovers
|-heal|p1a: Skarmory|88/100|[from] item: Leftovers
|upkeep
|turn|48
|
|t:|1728850012
|move|p2a: Milotic|Surf|p1a: Skarmory
|-damage|p1a: Skarmory|58/100
|move|p1a: Skarmory|Spikes|p2a: Milotic
|-sidestart|p2: Amir|Spikes
|
|-weather|Sandstorm|[upkeep]
|-damage|p2a: Milotic|72/100|[from] Sandstorm
|-heal|p2a: Milotic|78/100|[from] item: Leftovers
|-heal|p1a: Skarmory|64/100|[from] item: Leftovers
|upkeep
|turn|49
|
|t:|1728850017
|move|p1a: Skarmory|Protect|p1a: Skarmory
|-singleturn|p1a: Skarmory|Protect
|move|p2a: Milotic|Surf|p1a: Skarmory
|-activate|p1a: Skarmory|Protect
|
|-weather|Sandstorm|[upkeep]
|-damage|p2a: Milotic|72/100|[from] Sandstorm
|-heal|p2a: Milotic|78/100|[from] item: Leftovers
|-heal|p1a: Skarmory|70/100|[from] item: Leftovers
|upkeep
|turn|50
|
|t:|1728850024
|move|p2a: Milotic|Surf|p1a: Skarmory
|-damage|p1a: Skarmory|40/100
|move|p1a: Skarmory|Toxic|p2a: Milotic
|-status|p2a: Milotic|tox
|
|-weather|Sandstorm|[upkeep]
|-damage|p2a: Milotic|72/100 tox|[from] Sandstorm
|-heal|p2a: Milotic|78/100 tox|[from] item: Leftovers
|-damage|p2a: Milotic|72/100 tox|[from] psn
|-heal|p1a: Skarmory|46/100|[from] item: Leftovers
|upkeep
|turn|51
|
|t:|1728850029
|move|p2a: Milotic|Recover|p2a: Milotic
|-heal|p2a: Milotic|100/100 tox
|move|p1a: Skarmory|Spikes|p2a: Milotic
|-sidestart|p2: Amir|Spikes
|
|-weather|Sandstorm|[upkeep]
|-damage|p2a: Milotic|94/100 tox|[from] Sandstorm
|-heal|p2a: Milotic|100/100 tox|[from] item: Leftovers
|-damage|p2a: Milotic|88/100 tox|[from] psn
|-heal|p1a: Skarmory|52/100|[from] item: Leftovers
|upkeep
|turn|52
|
|t:|1728850038
|move|p2a: Milotic|Refresh|p2a: Milotic
|-curestatus|p2a: Milotic|tox|[msg]
|move|p1a: Skarmory|Toxic|p2a: Milotic
|-status|p2a: Milotic|tox
|
|-weather|Sandstorm|[upkeep]
|-damage|p2a: Milotic|82/100 tox|[from] Sandstorm
|-heal|p2a: Milotic|88/100 tox|[from] item: Leftovers
|-damage|p2a: Milotic|82/100 tox|[from] psn
|-heal|p1a: Skarmory|58/100|[from] item: Leftovers
|upkeep
|turn|53
|
|t:|1728850045
|move|p2a: Milotic|Refresh|p2a: Milotic
|-curestatus|p2a: Milotic|tox|[msg]
|move|p1a: Skarmory|Roar|p2a: Milotic
|drag|p2a: Blissey|Blissey, F|81/100
|-damage|p2a: Blissey|56/100|[from] Spikes
|
|-weather|Sandstorm|[upkeep]
|-damage|p2a: Blissey|50/100|[from] Sandstorm
|-heal|p1a: Skarmory|64/100|[from] item: Leftovers
|-heal|p2a: Blissey|56/100|[from] item: Leftovers
|upkeep
|turn|54
|
|t:|1728850055
|move|p2a: Blissey|Thunderbolt|p1a: Skarmory
|-supereffective|p1a: Skarmory
|-damage|p1a: Skarmory|16/100
|move|p1a: Skarmory|Roar|p2a: Blissey
|drag|p2a: Milotic|Milotic, M|82/100
|-damage|p2a: Milotic|57/100|[from] Spikes
|
|-weather|Sandstorm|[upkeep]
|-damage|p2a: Milotic|51/100|[from] Sandstorm
|-heal|p2a: Milotic|57/100|[from] item: Leftovers
|-heal|p1a: Skarmory|22/100|[from] item: Leftovers
|upkeep
|turn|55
|
|t:|1728850059
|move|p2a: Milotic|Recover|p2a: Milotic
|-heal|p2a: Milotic|100/100
|move|p1a: Skarmory|Toxic|p2a: Milotic
|-status|p2a: Milotic|tox
|
|-weather|Sandstorm|[upkeep]
|-damage|p2a: Milotic|94/100 tox|[from] Sandstorm
|-heal|p2a: Milotic|100/100 tox|[from] item: Leftovers
|-damage|p2a: Milotic|94/100 tox|[from] psn
|-heal|p1a: Skarmory|28/100|[from] item: Leftovers
|upkeep
|turn|56
|
|t:|1728850064
|move|p2a: Milotic|Refresh|p2a: Milotic
|-curestatus|p2a: Milotic|tox|[msg]
|move|p1a: Skarmory|Roar|p2a: Milotic
|drag|p2a: Blissey|Blissey, F|56/100
|-damage|p2a: Blissey|31/100|[from] Spikes
|
|-weather|Sandstorm|[upkeep]
|-damage|p2a: Blissey|25/100|[from] Sandstorm
|-heal|p1a: Skarmory|34/100|[from] item: Leftovers
|-heal|p2a: Blissey|31/100|[from] item: Leftovers
|upkeep
|turn|57
|
|t:|1728850074
|switch|p1a: Tyranitar|Tyranitar, F|100/100
|-damage|p1a: Tyranitar|76/100|[from] Spikes
|move|p2a: Blissey|Ice Beam|p1a: Tyranitar
|-damage|p1a: Tyranitar|52/100
|
|-weather|Sandstorm|[upkeep]
|-damage|p2a: Blissey|25/100|[from] Sandstorm
|-heal|p2a: Blissey|31/100|[from] item: Leftovers
|upkeep
|turn|58
|
|t:|1728850085
|switch|p2a: Milotic|Milotic, M|94/100
|-damage|p2a: Milotic|70/100|[from] Spikes
|move|p1a: Tyranitar|Dragon Dance|p1a: Tyranitar
|-boost|p1a: Tyranitar|atk|1
|-boost|p1a: Tyranitar|spe|1
|
|-weather|Sandstorm|[upkeep]
|-damage|p2a: Milotic|63/100|[from] Sandstorm
|-heal|p2a: Milotic|70/100|[from] item: Leftovers
|upkeep
|turn|59
|
|t:|1728850098
|move|p1a: Tyranitar|Double-Edge|p2a: Milotic
|-crit|p2a: Milotic
|-damage|p2a: Milotic|0 fnt
|-damage|p1a: Tyranitar|30/100|[from] Recoil|[of] p2a: Milotic
|faint|p2a: Milotic
|-message|Amir forfeited.
|
|win|Mister Tim

</script>
<script type="application/json" class="data" id="replaydata-smogtours-gen3ou-798333">
{"id":"smogtours-gen3ou-798333","format":"[Gen 3] OU","players":["Mister Tim","Amir"],"uploadtime":1728850105,"views":109,"formatid":"gen3ou","rating":null,"private":1,"password":null}
</script>

<script defer src="js/replays.js?9d40a366"></script>
