<!DOCTYPE html>
<meta charset="utf-8" />
<meta name="viewport" content="width=device-width" />

<title>[Gen 3] OU: euph0riADV vs. Dimiswooner - Replays - Pok&eacute;mon Showdown!</title>

<meta name="description" content="Watch a replay of a Pok&eacute;mon battle between euph0riADV and Dimiswooner! Format: [Gen 3] OU; Date: Oct 24, 2024" />
<!--

Hey, you! Looking in the source for the replay log?

You can find them in JSON format, just add `.json` at the end of a replay URL.

https://replay.pokemonshowdown.com/gen7randomdoublesbattle-865046831.json

Or, if you only need the log itself, add `.log` instead:

https://replay.pokemonshowdown.com/gen7randomdoublesbattle-865046831.log

-->

<link rel="stylesheet" href="//pokemonshowdown.com/style/global.css?0.023195364461161105" />
<link rel="stylesheet" href="//play.pokemonshowdown.com/style/font-awesome.css?0.13261647063804238" />
<link rel="stylesheet" href="//play.pokemonshowdown.com/style/battle.css?0.8753245789963631" />
<link rel="stylesheet" href="//play.pokemonshowdown.com/style/utilichart.css?0.8627959624976733" />

<!-- Global site tag (gtag.js) - Google Analytics -->
<script async src="https://www.googletagmanager.com/gtag/js?id=UA-26211653-1"></script>
<script>
  window.dataLayer = window.dataLayer || [];
  function gtag(){dataLayer.push(arguments);}
  gtag('js', new Date());

  gtag('config', 'UA-26211653-1');
</script>
<!-- End Google Analytics -->
<!-- Venatus Ad Manager - Install in <HEAD> of page -->
	<script src="https://hb.vntsm.com/v3/live/ad-manager.min.js" type="text/javascript" data-site-id="642aba63ec9a7b11c3c9c1be" data-mode="scan" async></script>
<!-- / Venatus Ad Manager -->

<style>
	@media (max-width:820px) {
		.battle {
			margin: 0 auto;
		}
		.battle-log {
			margin: 7px auto 0;
			max-width: 640px;
			height: 300px;
			position: static;
		}
	}
	.optgroup {
		display: inline-block;
		line-height: 22px;
		font-size: 10pt;
	}
	.optgroup .button {
		height: 25px;
		padding-top: 0;
		padding-bottom: 0;
	}
	.optgroup button.button {
		padding-left: 12px;
		padding-right: 12px;
	}
	.linklist {
		list-style: none;
		margin: 0.5em 0;
		padding: 0;
	}
	.linklist li {
		padding: 2px 0;
	}
	.sidebar {
		float: left;
		width: 320px;
	}
	.bar-wrapper {
		max-width: 1100px;
		margin: 0 auto;
	}
	.bar-wrapper.has-sidebar {
		max-width: 1430px;
	}
	.mainbar {
		margin: 0;
		padding-right: 1px;
	}
	.mainbar.has-sidebar {
		margin-left: 330px;
	}
	@media (min-width: 1511px) {
		.sidebar {
			width: 400px;
		}
		.bar-wrapper.has-sidebar {
			max-width: 1510px;
		}
		.mainbar.has-sidebar {
			margin-left: 410px;
		}
	}
	.section.first-section {
		margin-top: 9px;
	}
	.blocklink small {
		white-space: normal;
	}
	.button {
		vertical-align: middle;
	}
	.replay-controls {
		padding-top: 10px;
	}
	.replay-controls h1 {
		font-size: 16pt;
		font-weight: normal;
		color: #CCC;
	}
	.pagelink {
		text-align: center;
	}
	.pagelink a {
		width: 150px;
	}
	.textbox, .button {
		font-size: 11pt;
		vertical-align: middle;
	}
	@media (max-width: 450px) {
		.button {
			font-size: 9pt;
		}
	}
</style>

<div>

	<header>
		<div class="nav-wrapper"><ul class="nav">
			<li><a class="button nav-first" href="//pokemonshowdown.com/"><img src="//pokemonshowdown.com/images/pokemonshowdownbeta.png" srcset="//pokemonshowdown.com/images/pokemonshowdownbeta.png 1x, //pokemonshowdown.com/images/pokemonshowdownbeta@2x.png 2x" alt="Pok&eacute;mon Showdown" width="146" height="44" /> Home</a></li>
			<li><a class="button" href="//pokemonshowdown.com/dex/">Pok&eacute;dex</a></li>
			<li><a class="button cur" href="/">Replays</a></li>
			<li><a class="button" href="//pokemonshowdown.com/ladder/">Ladder</a></li>
			<li><a class="button nav-last" href="//pokemonshowdown.com/forums/">Forum</a></li>
			<li><a class="button greenbutton nav-first nav-last" href="//play.pokemonshowdown.com/">Play</a></li>
		</ul></div>
	</header>

	<div class="main" id="main">

		<noscript><section class="section">You need to enable JavaScript to use this page; sorry!</section></noscript>

	</div>

</div>

<script defer nomodule src="//play.pokemonshowdown.com/js/lib/ps-polyfill.js"></script>
<script defer src="//play.pokemonshowdown.com/js/lib/preact.min.js"></script>

<script defer src="//play.pokemonshowdown.com/config/config.js?2bddbc15"></script>
<script defer src="//play.pokemonshowdown.com/js/lib/jquery-1.11.0.min.js"></script>
<script defer src="//play.pokemonshowdown.com/js/lib/html-sanitizer-minified.js"></script>
<script defer src="//play.pokemonshowdown.com/js/battle-sound.js"></script>
<script defer src="//play.pokemonshowdown.com/js/battledata.js?0.7209276989879541"></script>
<script defer src="//play.pokemonshowdown.com/data/pokedex-mini.js?0.6111056340867951"></script>
<script defer src="//play.pokemonshowdown.com/data/pokedex-mini-bw.js?0.3532142036491459"></script>
<script defer src="//play.pokemonshowdown.com/data/graphics.js?0.24223875632456182"></script>
<script defer src="//play.pokemonshowdown.com/data/pokedex.js?0.38839984266356864"></script>
<script defer src="//play.pokemonshowdown.com/data/moves.js?0.21866028504024015"></script>
<script defer src="//play.pokemonshowdown.com/data/abilities.js?0.2005157953846628"></script>
<script defer src="//play.pokemonshowdown.com/data/items.js?0.9894211263848525"></script>
<script defer src="//play.pokemonshowdown.com/data/teambuilder-tables.js?0.6008791140282215"></script>
<script defer src="//play.pokemonshowdown.com/js/battle-tooltips.js?0.7580118955022959"></script>
<script defer src="//play.pokemonshowdown.com/js/battle.js?0.6057722274234274"></script>

<script defer src="js/utils.js?e31f9a17"></script>
<script defer src="js/replays-battle.js?7008c182"></script>

<!-- don't scrape this data! just add .json or .log after the URL!
Full API docs: https://github.com/smogon/pokemon-showdown-client/blob/master/WEB-API.md -->
<script type="text/plain" class="log" id="replaylog-smogtours-gen3ou-801495">
|inactive|Battle timer is ON: inactive players will automatically lose when time's up.
|t:|1729734433
|gametype|singles
|player|p1|euph0riADV|1|
|player|p2|Dimiswooner|ghetsis-gen5bw|
|teamsize|p1|6
|teamsize|p2|6
|gen|3
|tier|[Gen 3] OU
|rule|Sleep Clause Mod: Limit one foe put to sleep
|rule|Switch Priority Clause Mod: Faster Pokémon switch first
|rule|Species Clause: Limit one of each Pokémon
|rule|OHKO Clause: OHKO moves are banned
|rule|Evasion Items Clause: Evasion items are banned
|rule|Evasion Moves Clause: Evasion moves are banned
|rule|Endless Battle Clause: Forcing endless battles is banned
|rule|HP Percentage Mod: HP is shown in percentages
|rule|One Boost Passer Clause: Limit one Baton Passer that has a way to boost its stats
|rule|Freeze Clause Mod: Limit one foe frozen
|
|t:|1729734433
|start
|switch|p1a: Limelight|Tyranitar, M|100/100
|switch|p2a: ZAP|Zapdos|100/100
|-weather|Sandstorm|[from] ability: Sand Stream|[of] p1a: Limelight
|turn|1
|c|☆Dimiswooner|gl hf!
|c|☆euph0riADV|gl hf
|
|t:|1729734455
|-singleturn|p1a: Limelight|move: Focus Punch
|move|p2a: ZAP|Baton Pass|p2a: ZAP
|inactive|Dimiswooner has 270 seconds left.
|
|t:|1729734501
|switch|p2a: BOOM|Metagross|100/100|[from] Baton Pass
|move|p1a: Limelight|Focus Punch|p2a: BOOM
|-damage|p2a: BOOM|56/100
|
|-weather|Sandstorm|[upkeep]
|upkeep
|turn|2
|
|t:|1729734524
|switch|p1a: Fly By Night|Skarmory, M|100/100
|move|p2a: BOOM|Meteor Mash|p1a: Fly By Night
|-resisted|p1a: Fly By Night
|-damage|p1a: Fly By Night|64/100
|
|-weather|Sandstorm|[upkeep]
|-heal|p1a: Fly By Night|70/100|[from] item: Leftovers
|upkeep
|turn|3
|inactive|Dimiswooner has 240 seconds left.
|
|t:|1729734546
|switch|p2a: ZAP|Zapdos|100/100
|move|p1a: Fly By Night|Protect||[still]
|-fail|p1a: Fly By Night
|
|-weather|Sandstorm|[upkeep]
|-damage|p2a: ZAP|94/100|[from] Sandstorm
|-heal|p2a: ZAP|100/100|[from] item: Leftovers
|-heal|p1a: Fly By Night|76/100|[from] item: Leftovers
|upkeep
|turn|4
|inactive|Dimiswooner has 240 seconds left.
|
|t:|1729734567
|move|p1a: Fly By Night|Protect|p1a: Fly By Night
|-singleturn|p1a: Fly By Night|Protect
|move|p2a: ZAP|Thunder Wave|p1a: Fly By Night
|-activate|p1a: Fly By Night|Protect
|
|-weather|Sandstorm|[upkeep]
|-damage|p2a: ZAP|94/100|[from] Sandstorm
|-heal|p2a: ZAP|100/100|[from] item: Leftovers
|-heal|p1a: Fly By Night|82/100|[from] item: Leftovers
|upkeep
|turn|5
|inactive|euph0riADV has 270 seconds left.
|
|t:|1729734600
|move|p2a: ZAP|Hidden Power|p1a: Fly By Night
|-damage|p1a: Fly By Night|64/100
|move|p1a: Fly By Night|Spikes|p2a: ZAP
|-sidestart|p2: Dimiswooner|Spikes
|
|-weather|Sandstorm|[upkeep]
|-damage|p2a: ZAP|94/100|[from] Sandstorm
|-heal|p2a: ZAP|100/100|[from] item: Leftovers
|-heal|p1a: Fly By Night|70/100|[from] item: Leftovers
|upkeep
|turn|6
|
|t:|1729734605
|move|p1a: Fly By Night|Protect|p1a: Fly By Night
|-singleturn|p1a: Fly By Night|Protect
|move|p2a: ZAP|Thunderbolt|p1a: Fly By Night
|-activate|p1a: Fly By Night|Protect
|
|-weather|Sandstorm|[upkeep]
|-damage|p2a: ZAP|94/100|[from] Sandstorm
|-heal|p2a: ZAP|100/100|[from] item: Leftovers
|-heal|p1a: Fly By Night|76/100|[from] item: Leftovers
|upkeep
|turn|7
|
|t:|1729734616
|switch|p1a: Limelight|Tyranitar, M|100/100
|move|p2a: ZAP|Thunderbolt|p1a: Limelight
|-damage|p1a: Limelight|67/100
|
|-weather|Sandstorm|[upkeep]
|-damage|p2a: ZAP|94/100|[from] Sandstorm
|-heal|p2a: ZAP|100/100|[from] item: Leftovers
|-heal|p1a: Limelight|73/100|[from] item: Leftovers
|upkeep
|turn|8
|inactive|Dimiswooner has 240 seconds left.
|inactive|Dimiswooner has 210 seconds left.
|
|t:|1729734668
|move|p2a: ZAP|Baton Pass|p2a: ZAP
|
|t:|1729734692
|switch|p2a: ROAR|Tyranitar, M|100/100|[from] Baton Pass
|-damage|p2a: ROAR|88/100|[from] Spikes
|move|p1a: Limelight|Rock Slide|p2a: ROAR
|-damage|p2a: ROAR|49/100
|
|-weather|Sandstorm|[upkeep]
|-heal|p1a: Limelight|79/100|[from] item: Leftovers
|upkeep
|turn|9
|inactive|Dimiswooner has 180 seconds left.
|
|t:|1729734740
|switch|p2a: WOOSH|Aerodactyl, F|100/100
|move|p1a: Limelight|Earthquake|p2a: WOOSH
|-immune|p2a: WOOSH
|
|-weather|Sandstorm|[upkeep]
|-heal|p1a: Limelight|85/100|[from] item: Leftovers
|upkeep
|turn|10
|
|t:|1729734758
|switch|p1a: Fly By Night|Skarmory, M|76/100
|move|p2a: WOOSH|Earthquake|p1a: Fly By Night
|-immune|p1a: Fly By Night
|
|-weather|Sandstorm|[upkeep]
|-heal|p1a: Fly By Night|82/100|[from] item: Leftovers
|upkeep
|turn|11
|
|t:|1729734769
|switch|p2a: ZAP|Zapdos|100/100
|move|p1a: Fly By Night|Toxic|p2a: ZAP
|-status|p2a: ZAP|tox
|
|-weather|Sandstorm|[upkeep]
|-damage|p2a: ZAP|94/100 tox|[from] Sandstorm
|-heal|p2a: ZAP|100/100 tox|[from] item: Leftovers
|-damage|p2a: ZAP|94/100 tox|[from] psn
|-heal|p1a: Fly By Night|88/100|[from] item: Leftovers
|upkeep
|turn|12
|
|t:|1729734783
|move|p1a: Fly By Night|Protect|p1a: Fly By Night
|-singleturn|p1a: Fly By Night|Protect
|move|p2a: ZAP|Thunderbolt|p1a: Fly By Night
|-activate|p1a: Fly By Night|Protect
|
|-weather|Sandstorm|[upkeep]
|-damage|p2a: ZAP|88/100 tox|[from] Sandstorm
|-heal|p2a: ZAP|94/100 tox|[from] item: Leftovers
|-damage|p2a: ZAP|82/100 tox|[from] psn
|-heal|p1a: Fly By Night|94/100|[from] item: Leftovers
|upkeep
|turn|13
|
|t:|1729734791
|switch|p1a: Limelight|Tyranitar, M|85/100
|move|p2a: ZAP|Thunderbolt|p1a: Limelight
|-damage|p1a: Limelight|54/100
|
|-weather|Sandstorm|[upkeep]
|-damage|p2a: ZAP|76/100 tox|[from] Sandstorm
|-heal|p2a: ZAP|82/100 tox|[from] item: Leftovers
|-damage|p2a: ZAP|64/100 tox|[from] psn
|-heal|p1a: Limelight|60/100|[from] item: Leftovers
|upkeep
|turn|14
|inactive|Dimiswooner has 150 seconds left.
|
|t:|1729734823
|move|p2a: ZAP|Thunderbolt|p1a: Limelight
|-damage|p1a: Limelight|24/100
|move|p1a: Limelight|Rock Slide|p2a: ZAP|[miss]
|-miss|p1a: Limelight|p2a: ZAP
|
|-weather|Sandstorm|[upkeep]
|-damage|p2a: ZAP|58/100 tox|[from] Sandstorm
|-heal|p2a: ZAP|64/100 tox|[from] item: Leftovers
|-damage|p2a: ZAP|40/100 tox|[from] psn
|-heal|p1a: Limelight|30/100|[from] item: Leftovers
|upkeep
|turn|15
|inactive|Dimiswooner has 150 seconds left.
|
|t:|1729734837
|switch|p1a: Analog Kid|Jolteon, M|100/100
|move|p2a: ZAP|Thunderbolt|p1a: Analog Kid
|-immune|p1a: Analog Kid|[from] ability: Volt Absorb
|
|-weather|Sandstorm|[upkeep]
|-damage|p1a: Analog Kid|94/100|[from] Sandstorm
|-damage|p2a: ZAP|34/100 tox|[from] Sandstorm
|-heal|p1a: Analog Kid|100/100|[from] item: Leftovers
|-heal|p2a: ZAP|40/100 tox|[from] item: Leftovers
|-damage|p2a: ZAP|10/100 tox|[from] psn
|upkeep
|turn|16
|inactive|Dimiswooner has 150 seconds left.
|
|t:|1729734859
|move|p1a: Analog Kid|Thunderbolt|p2a: ZAP
|-damage|p2a: ZAP|0 fnt
|faint|p2a: ZAP
|
|t:|1729734877
|switch|p2a: lalala|Jirachi|100/100
|-damage|p2a: lalala|88/100|[from] Spikes
|
|-weather|Sandstorm|[upkeep]
|-damage|p1a: Analog Kid|94/100|[from] Sandstorm
|-heal|p1a: Analog Kid|100/100|[from] item: Leftovers
|-heal|p2a: lalala|94/100|[from] item: Leftovers
|upkeep
|turn|17
|
|t:|1729734881
|move|p1a: Analog Kid|Thunder Wave|p2a: lalala
|-status|p2a: lalala|par
|move|p2a: lalala|Body Slam|p1a: Analog Kid
|-damage|p1a: Analog Kid|61/100
|-status|p1a: Analog Kid|par
|
|-weather|Sandstorm|[upkeep]
|-damage|p1a: Analog Kid|55/100 par|[from] Sandstorm
|-heal|p1a: Analog Kid|61/100 par|[from] item: Leftovers
|-heal|p2a: lalala|100/100 par|[from] item: Leftovers
|upkeep
|turn|18
|
|t:|1729734892
|switch|p1a: YYZ|Gengar, F, shiny|100/100
|cant|p2a: lalala|par
|
|-weather|Sandstorm|[upkeep]
|-damage|p1a: YYZ|95/100|[from] Sandstorm
|-heal|p1a: YYZ|100/100|[from] item: Leftovers
|upkeep
|turn|19
|inactive|Dimiswooner has 120 seconds left.
|
|t:|1729734944
|switch|p1a: Fly By Night|Skarmory, M|94/100
|cant|p2a: lalala|par
|
|-weather|Sandstorm|[upkeep]
|-heal|p1a: Fly By Night|99/100|[from] item: Leftovers
|upkeep
|turn|20
|
|t:|1729734949
|move|p1a: Fly By Night|Spikes|p2a: lalala
|-sidestart|p2: Dimiswooner|Spikes
|move|p2a: lalala|Fire Punch|p1a: Fly By Night
|-supereffective|p1a: Fly By Night
|-damage|p1a: Fly By Night|66/100
|-status|p1a: Fly By Night|brn
|
|-weather|Sandstorm|[upkeep]
|-heal|p1a: Fly By Night|72/100 brn|[from] item: Leftovers
|-damage|p1a: Fly By Night|60/100 brn|[from] brn
|upkeep
|turn|21
|
|t:|1729734963
|switch|p1a: Limelight|Tyranitar, M|30/100
|move|p2a: lalala|Fire Punch|p1a: Limelight
|-resisted|p1a: Limelight
|-damage|p1a: Limelight|23/100
|-status|p1a: Limelight|brn
|
|-weather|Sandstorm|[upkeep]
|-heal|p1a: Limelight|29/100 brn|[from] item: Leftovers
|-damage|p1a: Limelight|17/100 brn|[from] brn
|upkeep
|turn|22
|
|t:|1729734976
|cant|p2a: lalala|par
|move|p1a: Limelight|Earthquake|p2a: lalala
|-supereffective|p2a: lalala
|-damage|p2a: lalala|68/100 par
|
|-weather|Sandstorm|[upkeep]
|-heal|p1a: Limelight|23/100 brn|[from] item: Leftovers
|-damage|p1a: Limelight|11/100 brn|[from] brn
|-heal|p2a: lalala|74/100 par|[from] item: Leftovers
|upkeep
|turn|23
|
|t:|1729734982
|move|p1a: Limelight|Earthquake|p2a: lalala
|-supereffective|p2a: lalala
|-damage|p2a: lalala|45/100 par
|cant|p2a: lalala|par
|
|-weather|Sandstorm|[upkeep]
|-heal|p1a: Limelight|17/100 brn|[from] item: Leftovers
|-damage|p1a: Limelight|4/100 brn|[from] brn
|-heal|p2a: lalala|51/100 par|[from] item: Leftovers
|upkeep
|turn|24
|
|t:|1729734988
|move|p1a: Limelight|Earthquake|p2a: lalala
|-supereffective|p2a: lalala
|-damage|p2a: lalala|19/100 par
|move|p2a: lalala|Wish|p2a: lalala
|
|-weather|Sandstorm|[upkeep]
|-heal|p1a: Limelight|11/100 brn|[from] item: Leftovers
|-damage|p1a: Limelight|0 fnt|[from] brn
|faint|p1a: Limelight
|-heal|p2a: lalala|25/100 par|[from] item: Leftovers
|upkeep
|
|t:|1729734992
|switch|p1a: YYZ|Gengar, F, shiny|100/100
|turn|25
|inactive|Dimiswooner has 120 seconds left.
|
|t:|1729735002
|cant|p2a: lalala|par
|move|p1a: YYZ|Fire Punch|p2a: lalala
|-supereffective|p2a: lalala
|-crit|p2a: lalala
|-damage|p2a: lalala|0 fnt
|faint|p2a: lalala
|inactive|Dimiswooner has 120 seconds left.
|
|t:|1729735017
|switch|p2a: BOOM|Metagross|56/100
|-damage|p2a: BOOM|40/100|[from] Spikes
|
|-heal|p2a: BOOM|90/100|[from] move: Wish|[wisher] lalala
|-weather|Sandstorm|[upkeep]
|-damage|p1a: YYZ|95/100|[from] Sandstorm
|-heal|p1a: YYZ|100/100|[from] item: Leftovers
|upkeep
|turn|26
|
|t:|1729735025
|switch|p1a: Fly By Night|Skarmory, M|60/100 brn
|move|p2a: BOOM|Meteor Mash|p1a: Fly By Night|[miss]
|-miss|p2a: BOOM|p1a: Fly By Night
|
|-weather|Sandstorm|[upkeep]
|-heal|p1a: Fly By Night|66/100 brn|[from] item: Leftovers
|-damage|p1a: Fly By Night|54/100 brn|[from] brn
|upkeep
|turn|27
|
|t:|1729735031
|move|p2a: BOOM|Meteor Mash|p1a: Fly By Night
|-resisted|p1a: Fly By Night
|-damage|p1a: Fly By Night|17/100 brn
|move|p1a: Fly By Night|Spikes|p2a: BOOM
|-sidestart|p2: Dimiswooner|Spikes
|
|-weather|Sandstorm|[upkeep]
|-heal|p1a: Fly By Night|23/100 brn|[from] item: Leftovers
|-damage|p1a: Fly By Night|11/100 brn|[from] brn
|upkeep
|turn|28
|
|t:|1729735039
|move|p2a: BOOM|Meteor Mash|p1a: Fly By Night
|-resisted|p1a: Fly By Night
|-damage|p1a: Fly By Night|0 fnt
|faint|p1a: Fly By Night
|
|t:|1729735047
|switch|p1a: Hemispheres|Metagross|100/100
|
|-weather|Sandstorm|[upkeep]
|upkeep
|turn|29
|inactive|Dimiswooner has 150 seconds left.
|
|t:|1729735070
|switch|p2a: SPLASH|Swampert, F|100/100
|-damage|p2a: SPLASH|76/100|[from] Spikes
|move|p1a: Hemispheres|Rock Slide|p2a: SPLASH
|-resisted|p2a: SPLASH
|-damage|p2a: SPLASH|51/100
|
|-weather|Sandstorm|[upkeep]
|upkeep
|turn|30
|
|t:|1729735086
|switch|p1a: Overture|Starmie|100/100
|move|p2a: SPLASH|Substitute|p2a: SPLASH
|-start|p2a: SPLASH|Substitute
|-damage|p2a: SPLASH|26/100
|
|-weather|Sandstorm|[upkeep]
|-damage|p1a: Overture|94/100|[from] Sandstorm
|-heal|p1a: Overture|100/100|[from] item: Leftovers
|upkeep
|turn|31
|
|t:|1729735094
|move|p1a: Overture|Hydro Pump|p2a: SPLASH|[miss]
|-miss|p1a: Overture|p2a: SPLASH
|move|p2a: SPLASH|Substitute|p2a: SPLASH
|-fail|p2a: SPLASH|move: Substitute
|
|-weather|Sandstorm|[upkeep]
|-damage|p1a: Overture|94/100|[from] Sandstorm
|-heal|p1a: Overture|100/100|[from] item: Leftovers
|upkeep
|turn|32
|
|t:|1729735099
|move|p1a: Overture|Hydro Pump|p2a: SPLASH
|-end|p2a: SPLASH|Substitute
|move|p2a: SPLASH|Substitute|p2a: SPLASH
|-start|p2a: SPLASH|Substitute
|-damage|p2a: SPLASH|1/100
|
|-weather|Sandstorm|[upkeep]
|-damage|p1a: Overture|94/100|[from] Sandstorm
|-heal|p1a: Overture|100/100|[from] item: Leftovers
|-enditem|p2a: SPLASH|Salac Berry|[eat]
|-boost|p2a: SPLASH|spe|1|[from] item: Salac Berry
|upkeep
|turn|33
|
|t:|1729735108
|move|p1a: Overture|Hydro Pump|p2a: SPLASH
|-end|p2a: SPLASH|Substitute
|move|p2a: SPLASH|Endeavor|p1a: Overture
|-damage|p1a: Overture|1/100
|
|-weather|Sandstorm|[upkeep]
|-damage|p1a: Overture|0 fnt|[from] Sandstorm
|faint|p1a: Overture
|upkeep
|
|t:|1729735113
|switch|p1a: YYZ|Gengar, F, shiny|100/100
|turn|34
|
|t:|1729735126
|move|p2a: SPLASH|Surf|p1a: YYZ
|-damage|p1a: YYZ|5/100
|move|p1a: YYZ|Fire Punch|p2a: SPLASH
|-resisted|p2a: SPLASH
|-damage|p2a: SPLASH|0 fnt
|faint|p2a: SPLASH
|inactive|Dimiswooner has 150 seconds left.
|inactive|Dimiswooner has 120 seconds left.
|
|t:|1729735171
|switch|p2a: WOOSH|Aerodactyl, F|100/100
|
|-weather|Sandstorm|[upkeep]
|-damage|p1a: YYZ|0 fnt|[from] Sandstorm
|faint|p1a: YYZ
|upkeep
|
|t:|1729735175
|switch|p1a: Hemispheres|Metagross|100/100
|turn|35
|inactive|Dimiswooner has 120 seconds left.
|
|t:|1729735209
|switch|p2a: BOOM|Metagross|90/100
|-damage|p2a: BOOM|65/100|[from] Spikes
|move|p1a: Hemispheres|Meteor Mash|p2a: BOOM
|-resisted|p2a: BOOM
|-damage|p2a: BOOM|31/100
|
|-weather|Sandstorm|[upkeep]
|upkeep
|turn|36
|
|t:|1729735218
|move|p1a: Hemispheres|Meteor Mash|p2a: BOOM
|-resisted|p2a: BOOM
|-damage|p2a: BOOM|0 fnt
|faint|p2a: BOOM
|
|t:|1729735241
|switch|p2a: WOOSH|Aerodactyl, F|100/100
|
|-weather|Sandstorm|[upkeep]
|upkeep
|turn|37
|inactive|Dimiswooner has 90 seconds left.
|
|t:|1729735262
|move|p2a: WOOSH|Earthquake|p1a: Hemispheres
|-supereffective|p1a: Hemispheres
|-damage|p1a: Hemispheres|24/100
|move|p1a: Hemispheres|Meteor Mash|p2a: WOOSH
|-supereffective|p2a: WOOSH
|-damage|p2a: WOOSH|0 fnt
|faint|p2a: WOOSH
|
|t:|1729735264
|switch|p2a: ROAR|Tyranitar, M|49/100
|-damage|p2a: ROAR|24/100|[from] Spikes
|
|-weather|Sandstorm|[upkeep]
|upkeep
|turn|38
|
|t:|1729735266
|move|p1a: Hemispheres|Meteor Mash|p2a: ROAR
|-supereffective|p2a: ROAR
|-crit|p2a: ROAR
|-damage|p2a: ROAR|0 fnt
|faint|p2a: ROAR
|
|win|euph0riADV
|c|☆Dimiswooner|gg
|c|☆euph0riADV|gg
|c|☆euph0riADV|so close

</script>
<script type="application/json" class="data" id="replaydata-smogtours-gen3ou-801495">
{"id":"smogtours-gen3ou-801495","format":"[Gen 3] OU","players":["euph0riADV","Dimiswooner"],"uploadtime":1729735266,"views":100,"formatid":"gen3ou","rating":null,"private":0,"password":null}
</script>

<script defer src="js/replays.js?9d40a366"></script>
