<!DOCTYPE html>
<meta charset="utf-8" />
<meta name="viewport" content="width=device-width" />

<title>[Gen 3] OU: lraven17 vs. xtina xendrix - Replays - Pok&eacute;mon Showdown!</title>

<meta name="description" content="Watch a replay of a Pok&eacute;mon battle between lraven17 and xtina xendrix! Format: [Gen 3] OU; Date: Oct 4, 2024" />
<!--

Hey, you! Looking in the source for the replay log?

You can find them in JSON format, just add `.json` at the end of a replay URL.

https://replay.pokemonshowdown.com/gen7randomdoublesbattle-865046831.json

Or, if you only need the log itself, add `.log` instead:

https://replay.pokemonshowdown.com/gen7randomdoublesbattle-865046831.log

-->

<link rel="stylesheet" href="//pokemonshowdown.com/style/global.css?0.767286132409787" />
<link rel="stylesheet" href="//play.pokemonshowdown.com/style/font-awesome.css?0.9266228007934947" />
<link rel="stylesheet" href="//play.pokemonshowdown.com/style/battle.css?0.7924700842790926" />
<link rel="stylesheet" href="//play.pokemonshowdown.com/style/utilichart.css?0.8777417872839479" />

<!-- Global site tag (gtag.js) - Google Analytics -->
<script async src="https://www.googletagmanager.com/gtag/js?id=UA-26211653-1"></script>
<script>
  window.dataLayer = window.dataLayer || [];
  function gtag(){dataLayer.push(arguments);}
  gtag('js', new Date());

  gtag('config', 'UA-26211653-1');
</script>
<!-- End Google Analytics -->
<!-- Venatus Ad Manager - Install in <HEAD> of page -->
	<script src="https://hb.vntsm.com/v3/live/ad-manager.min.js" type="text/javascript" data-site-id="642aba63ec9a7b11c3c9c1be" data-mode="scan" async></script>
<!-- / Venatus Ad Manager -->

<style>
	@media (max-width:820px) {
		.battle {
			margin: 0 auto;
		}
		.battle-log {
			margin: 7px auto 0;
			max-width: 640px;
			height: 300px;
			position: static;
		}
	}
	.optgroup {
		display: inline-block;
		line-height: 22px;
		font-size: 10pt;
	}
	.optgroup .button {
		height: 25px;
		padding-top: 0;
		padding-bottom: 0;
	}
	.optgroup button.button {
		padding-left: 12px;
		padding-right: 12px;
	}
	.linklist {
		list-style: none;
		margin: 0.5em 0;
		padding: 0;
	}
	.linklist li {
		padding: 2px 0;
	}
	.sidebar {
		float: left;
		width: 320px;
	}
	.bar-wrapper {
		max-width: 1100px;
		margin: 0 auto;
	}
	.bar-wrapper.has-sidebar {
		max-width: 1430px;
	}
	.mainbar {
		margin: 0;
		padding-right: 1px;
	}
	.mainbar.has-sidebar {
		margin-left: 330px;
	}
	@media (min-width: 1511px) {
		.sidebar {
			width: 400px;
		}
		.bar-wrapper.has-sidebar {
			max-width: 1510px;
		}
		.mainbar.has-sidebar {
			margin-left: 410px;
		}
	}
	.section.first-section {
		margin-top: 9px;
	}
	.blocklink small {
		white-space: normal;
	}
	.button {
		vertical-align: middle;
	}
	.replay-controls {
		padding-top: 10px;
	}
	.replay-controls h1 {
		font-size: 16pt;
		font-weight: normal;
		color: #CCC;
	}
	.pagelink {
		text-align: center;
	}
	.pagelink a {
		width: 150px;
	}
	.textbox, .button {
		font-size: 11pt;
		vertical-align: middle;
	}
	@media (max-width: 450px) {
		.button {
			font-size: 9pt;
		}
	}
</style>

<div>

	<header>
		<div class="nav-wrapper"><ul class="nav">
			<li><a class="button nav-first" href="//pokemonshowdown.com/"><img src="//pokemonshowdown.com/images/pokemonshowdownbeta.png" srcset="//pokemonshowdown.com/images/pokemonshowdownbeta.png 1x, //pokemonshowdown.com/images/pokemonshowdownbeta@2x.png 2x" alt="Pok&eacute;mon Showdown" width="146" height="44" /> Home</a></li>
			<li><a class="button" href="//pokemonshowdown.com/dex/">Pok&eacute;dex</a></li>
			<li><a class="button cur" href="/">Replays</a></li>
			<li><a class="button" href="//pokemonshowdown.com/ladder/">Ladder</a></li>
			<li><a class="button nav-last" href="//pokemonshowdown.com/forums/">Forum</a></li>
			<li><a class="button greenbutton nav-first nav-last" href="//play.pokemonshowdown.com/">Play</a></li>
		</ul></div>
	</header>

	<div class="main" id="main">

		<noscript><section class="section">You need to enable JavaScript to use this page; sorry!</section></noscript>

	</div>

</div>

<script defer nomodule src="//play.pokemonshowdown.com/js/lib/ps-polyfill.js"></script>
<script defer src="//play.pokemonshowdown.com/js/lib/preact.min.js"></script>

<script defer src="//play.pokemonshowdown.com/config/config.js?6dec07f6"></script>
<script defer src="//play.pokemonshowdown.com/js/lib/jquery-1.11.0.min.js"></script>
<script defer src="//play.pokemonshowdown.com/js/lib/html-sanitizer-minified.js"></script>
<script defer src="//play.pokemonshowdown.com/js/battle-sound.js"></script>
<script defer src="//play.pokemonshowdown.com/js/battledata.js?0.6315294753075389"></script>
<script defer src="//play.pokemonshowdown.com/data/pokedex-mini.js?0.7603743185311358"></script>
<script defer src="//play.pokemonshowdown.com/data/pokedex-mini-bw.js?0.030888842834281283"></script>
<script defer src="//play.pokemonshowdown.com/data/graphics.js?0.05593094747507488"></script>
<script defer src="//play.pokemonshowdown.com/data/pokedex.js?0.47064822249611904"></script>
<script defer src="//play.pokemonshowdown.com/data/moves.js?0.8583693120512459"></script>
<script defer src="//play.pokemonshowdown.com/data/abilities.js?0.16017181182386842"></script>
<script defer src="//play.pokemonshowdown.com/data/items.js?0.4163379185673943"></script>
<script defer src="//play.pokemonshowdown.com/data/teambuilder-tables.js?0.31075597372830477"></script>
<script defer src="//play.pokemonshowdown.com/js/battle-tooltips.js?0.6536193500708172"></script>
<script defer src="//play.pokemonshowdown.com/js/battle.js?0.1916591943277901"></script>

<script defer src="js/utils.js?e31f9a17"></script>
<script defer src="js/replays-battle.js?7008c182"></script>

<!-- don't scrape this data! just add .json or .log after the URL!
Full API docs: https://github.com/smogon/pokemon-showdown-client/blob/master/WEB-API.md -->
<script type="text/plain" class="log" id="replaylog-smogtours-gen3ou-794459">
|inactive|Battle timer is ON: inactive players will automatically lose when time's up.
|t:|1728002582
|gametype|singles
|player|p1|lraven17|170|
|player|p2|xtina xendrix|lorelei-gen1|
|teamsize|p1|6
|teamsize|p2|6
|gen|3
|tier|[Gen 3] OU
|rule|Sleep Clause Mod: Limit one foe put to sleep
|rule|Switch Priority Clause Mod: Faster Pokémon switch first
|rule|Species Clause: Limit one of each Pokémon
|rule|OHKO Clause: OHKO moves are banned
|rule|Evasion Items Clause: Evasion items are banned
|rule|Evasion Moves Clause: Evasion moves are banned
|rule|Endless Battle Clause: Forcing endless battles is banned
|rule|HP Percentage Mod: HP is shown in percentages
|rule|One Boost Passer Clause: Limit one Baton Passer that has a way to boost its stats
|rule|Freeze Clause Mod: Limit one foe frozen
|
|t:|1728002582
|start
|switch|p1a: Metagross|Metagross|100/100
|switch|p2a: Salamence|Salamence, F|100/100
|-ability|p2a: Salamence|Intimidate|boost
|-fail|p1a: Metagross|unboost|[from] ability: Clear Body|[of] p1a: Metagross
|turn|1
|c|☆xtina xendrix|hf!
|
|t:|1728002588
|move|p2a: Salamence|Fire Blast|p1a: Metagross
|-supereffective|p1a: Metagross
|-damage|p1a: Metagross|3/100
|move|p1a: Metagross|Meteor Mash|p2a: Salamence
|-damage|p2a: Salamence|0 fnt
|faint|p2a: Salamence
|
|t:|1728002601
|switch|p2a: Suicune|Suicune|100/100
|
|upkeep
|turn|2
|
|t:|1728002605
|switch|p1a: Snorlax|Snorlax, M|100/100
|move|p2a: Suicune|Surf|p1a: Snorlax
|-damage|p1a: Snorlax|83/100
|
|-heal|p1a: Snorlax|89/100|[from] item: Leftovers
|upkeep
|turn|3
|
|t:|1728002608
|switch|p2a: Tyranitar|Tyranitar, F|100/100
|-weather|Sandstorm|[from] ability: Sand Stream|[of] p2a: Tyranitar
|move|p1a: Snorlax|Curse|p1a: Snorlax
|-unboost|p1a: Snorlax|spe|1
|-boost|p1a: Snorlax|atk|1
|-boost|p1a: Snorlax|def|1
|
|-weather|Sandstorm|[upkeep]
|-damage|p1a: Snorlax|83/100|[from] Sandstorm
|-heal|p1a: Snorlax|89/100|[from] item: Leftovers
|upkeep
|turn|4
|
|t:|1728002619
|switch|p2a: Snorlax|Snorlax, M|100/100
|move|p1a: Snorlax|Self-Destruct|p2a: Snorlax
|-damage|p2a: Snorlax|0 fnt
|faint|p1a: Snorlax
|faint|p2a: Snorlax
|
|t:|1728002625
|switch|p2a: Suicune|Suicune|100/100
|switch|p1a: Starmie|Starmie|100/100
|
|-weather|Sandstorm|[upkeep]
|-damage|p1a: Starmie|94/100|[from] Sandstorm
|-damage|p2a: Suicune|94/100|[from] Sandstorm
|-heal|p1a: Starmie|100/100|[from] item: Leftovers
|-heal|p2a: Suicune|100/100|[from] item: Leftovers
|upkeep
|turn|5
|
|t:|1728002630
|switch|p2a: Registeel|Registeel|100/100
|move|p1a: Starmie|Thunder Wave|p2a: Registeel
|-status|p2a: Registeel|par
|
|-weather|Sandstorm|[upkeep]
|-damage|p1a: Starmie|94/100|[from] Sandstorm
|-heal|p1a: Starmie|100/100|[from] item: Leftovers
|upkeep
|turn|6
|
|t:|1728002636
|move|p1a: Starmie|Surf|p2a: Registeel
|-damage|p2a: Registeel|79/100 par
|cant|p2a: Registeel|par
|
|-weather|Sandstorm|[upkeep]
|-damage|p1a: Starmie|94/100|[from] Sandstorm
|-heal|p1a: Starmie|100/100|[from] item: Leftovers
|-heal|p2a: Registeel|85/100 par|[from] item: Leftovers
|upkeep
|turn|7
|
|t:|1728002642
|switch|p1a: Gyarados|Gyarados, F|100/100
|-ability|p1a: Gyarados|Intimidate|boost
|-fail|p2a: Registeel|unboost|[from] ability: Clear Body|[of] p2a: Registeel
|move|p2a: Registeel|Seismic Toss|p1a: Gyarados
|-damage|p1a: Gyarados|72/100
|
|-weather|Sandstorm|[upkeep]
|-damage|p1a: Gyarados|66/100|[from] Sandstorm
|-heal|p1a: Gyarados|72/100|[from] item: Leftovers
|-heal|p2a: Registeel|91/100 par|[from] item: Leftovers
|upkeep
|turn|8
|
|t:|1728002652
|switch|p1a: Starmie|Starmie|100/100
|move|p2a: Registeel|Thunder Wave|p1a: Starmie
|-status|p1a: Starmie|par
|
|-weather|Sandstorm|[upkeep]
|-damage|p1a: Starmie|94/100 par|[from] Sandstorm
|-heal|p1a: Starmie|100/100 par|[from] item: Leftovers
|-heal|p2a: Registeel|97/100 par|[from] item: Leftovers
|upkeep
|turn|9
|
|t:|1728002657
|move|p1a: Starmie|Surf|p2a: Registeel
|-damage|p2a: Registeel|77/100 par
|cant|p2a: Registeel|par
|
|-weather|Sandstorm|[upkeep]
|-damage|p1a: Starmie|94/100 par|[from] Sandstorm
|-heal|p1a: Starmie|100/100 par|[from] item: Leftovers
|-heal|p2a: Registeel|83/100 par|[from] item: Leftovers
|upkeep
|turn|10
|
|t:|1728002662
|move|p1a: Starmie|Surf|p2a: Registeel
|-damage|p2a: Registeel|63/100 par
|move|p2a: Registeel|Seismic Toss|p1a: Starmie
|-damage|p1a: Starmie|70/100 par
|
|-weather|Sandstorm|[upkeep]
|-damage|p1a: Starmie|63/100 par|[from] Sandstorm
|-heal|p1a: Starmie|70/100 par|[from] item: Leftovers
|-heal|p2a: Registeel|69/100 par|[from] item: Leftovers
|upkeep
|turn|11
|
|t:|1728002671
|move|p1a: Starmie|Surf|p2a: Registeel
|-damage|p2a: Registeel|50/100 par
|move|p2a: Registeel|Seismic Toss|p1a: Starmie
|-damage|p1a: Starmie|39/100 par
|
|-weather|Sandstorm|[upkeep]
|-damage|p1a: Starmie|33/100 par|[from] Sandstorm
|-heal|p1a: Starmie|39/100 par|[from] item: Leftovers
|-heal|p2a: Registeel|56/100 par|[from] item: Leftovers
|upkeep
|turn|12
|
|t:|1728002676
|switch|p2a: Tyranitar|Tyranitar, F|100/100
|move|p1a: Starmie|Recover|p1a: Starmie
|-heal|p1a: Starmie|89/100 par
|
|-weather|Sandstorm|[upkeep]
|-damage|p1a: Starmie|83/100 par|[from] Sandstorm
|-heal|p1a: Starmie|89/100 par|[from] item: Leftovers
|upkeep
|turn|13
|
|t:|1728002686
|move|p2a: Tyranitar|Pursuit|p1a: Starmie
|-supereffective|p1a: Starmie
|-damage|p1a: Starmie|45/100 par
|move|p1a: Starmie|Surf|p2a: Tyranitar
|-supereffective|p2a: Tyranitar
|-damage|p2a: Tyranitar|43/100
|
|-weather|Sandstorm|[upkeep]
|-damage|p1a: Starmie|38/100 par|[from] Sandstorm
|-heal|p2a: Tyranitar|49/100|[from] item: Leftovers
|-heal|p1a: Starmie|45/100 par|[from] item: Leftovers
|upkeep
|turn|14
|
|t:|1728002691
|move|p2a: Tyranitar|Pursuit|p1a: Starmie
|-supereffective|p1a: Starmie
|-damage|p1a: Starmie|0 fnt
|faint|p1a: Starmie
|
|t:|1728002700
|switch|p1a: Gyarados|Gyarados, F|72/100
|-ability|p1a: Gyarados|Intimidate|boost
|-unboost|p2a: Tyranitar|atk|1
|
|-weather|Sandstorm|[upkeep]
|-damage|p1a: Gyarados|66/100|[from] Sandstorm
|-heal|p1a: Gyarados|72/100|[from] item: Leftovers
|-heal|p2a: Tyranitar|56/100|[from] item: Leftovers
|upkeep
|turn|15
|
|t:|1728002716
|switch|p1a: Heracross|Heracross, M|100/100
|move|p2a: Tyranitar|Crunch|p1a: Heracross
|-resisted|p1a: Heracross
|-crit|p1a: Heracross
|-damage|p1a: Heracross|51/100
|
|-weather|Sandstorm|[upkeep]
|-damage|p1a: Heracross|45/100|[from] Sandstorm
|-heal|p2a: Tyranitar|62/100|[from] item: Leftovers
|upkeep
|turn|16
|
|t:|1728002725
|move|p1a: Heracross|Megahorn|p2a: Tyranitar
|-supereffective|p2a: Tyranitar
|-damage|p2a: Tyranitar|0 fnt
|faint|p2a: Tyranitar
|
|t:|1728002731
|switch|p2a: Registeel|Registeel|56/100 par
|
|-weather|Sandstorm|[upkeep]
|-damage|p1a: Heracross|39/100|[from] Sandstorm
|-heal|p2a: Registeel|62/100 par|[from] item: Leftovers
|upkeep
|turn|17
|
|t:|1728002735
|move|p1a: Heracross|Megahorn|p2a: Registeel
|-resisted|p2a: Registeel
|-damage|p2a: Registeel|42/100 par
|cant|p2a: Registeel|par
|
|-weather|Sandstorm|[upkeep]
|-damage|p1a: Heracross|32/100|[from] Sandstorm
|-heal|p2a: Registeel|48/100 par|[from] item: Leftovers
|upkeep
|turn|18
|
|t:|1728002740
|move|p1a: Heracross|Megahorn|p2a: Registeel
|-resisted|p2a: Registeel
|-damage|p2a: Registeel|21/100 par
|move|p2a: Registeel|Seismic Toss|p1a: Heracross
|-damage|p1a: Heracross|0 fnt
|faint|p1a: Heracross
|
|t:|1728002747
|switch|p1a: Metagross|Metagross|3/100
|
|-weather|Sandstorm|[upkeep]
|-heal|p2a: Registeel|27/100 par|[from] item: Leftovers
|upkeep
|turn|19
|
|t:|1728002756
|switch|p2a: Claydol|Claydol|100/100
|move|p1a: Metagross|Earthquake|p2a: Claydol
|-immune|p2a: Claydol
|
|-weather|Sandstorm|[upkeep]
|upkeep
|turn|20
|
|t:|1728002762
|move|p1a: Metagross|Earthquake|p2a: Claydol
|-immune|p2a: Claydol
|move|p2a: Claydol|Rock Slide|p1a: Metagross|[miss]
|-miss|p2a: Claydol|p1a: Metagross
|
|-weather|Sandstorm|[upkeep]
|upkeep
|turn|21
|
|t:|1728002766
|move|p1a: Metagross|Earthquake|p2a: Claydol
|-immune|p2a: Claydol
|move|p2a: Claydol|Rock Slide|p1a: Metagross
|-resisted|p1a: Metagross
|-damage|p1a: Metagross|0 fnt
|faint|p1a: Metagross
|
|t:|1728002768
|switch|p1a: Gyarados|Gyarados, F|72/100
|-ability|p1a: Gyarados|Intimidate|boost
|-unboost|p2a: Claydol|atk|1
|
|-weather|Sandstorm|[upkeep]
|-damage|p1a: Gyarados|66/100|[from] Sandstorm
|-heal|p1a: Gyarados|72/100|[from] item: Leftovers
|upkeep
|turn|22
|
|t:|1728002774
|move|p1a: Gyarados|Dragon Dance|p1a: Gyarados
|-boost|p1a: Gyarados|atk|1
|-boost|p1a: Gyarados|spe|1
|move|p2a: Claydol|Explosion|p1a: Gyarados
|-damage|p1a: Gyarados|0 fnt
|faint|p2a: Claydol
|faint|p1a: Gyarados
|
|t:|1728002776
|switch|p1a: Tyranitar|Tyranitar, M|100/100
|switch|p2a: Suicune|Suicune|100/100
|
|-weather|Sandstorm|[upkeep]
|-damage|p2a: Suicune|94/100|[from] Sandstorm
|-heal|p2a: Suicune|100/100|[from] item: Leftovers
|upkeep
|turn|23
|
|t:|1728002779
|move|p2a: Suicune|Surf|p1a: Tyranitar
|-supereffective|p1a: Tyranitar
|-damage|p1a: Tyranitar|46/100
|move|p1a: Tyranitar|Dragon Dance|p1a: Tyranitar
|-boost|p1a: Tyranitar|atk|1
|-boost|p1a: Tyranitar|spe|1
|
|-weather|Sandstorm|[upkeep]
|-damage|p2a: Suicune|94/100|[from] Sandstorm
|-heal|p1a: Tyranitar|52/100|[from] item: Leftovers
|-heal|p2a: Suicune|100/100|[from] item: Leftovers
|upkeep
|turn|24
|
|t:|1728002784
|move|p1a: Tyranitar|Rock Slide|p2a: Suicune
|-damage|p2a: Suicune|70/100
|move|p2a: Suicune|Surf|p1a: Tyranitar
|-supereffective|p1a: Tyranitar
|-damage|p1a: Tyranitar|0 fnt
|faint|p1a: Tyranitar
|
|win|xtina xendrix
|c|☆xtina xendrix|ggs
|c|☆lraven17|ggs
|c|☆xtina xendrix|/log xtina xendrix made the replay of this battle unlisted.
|player|p1|

</script>
<script type="application/json" class="data" id="replaydata-smogtours-gen3ou-794459">
{"id":"smogtours-gen3ou-794459","format":"[Gen 3] OU","players":["lraven17","xtina xendrix"],"uploadtime":1728002784,"views":144,"formatid":"gen3ou","rating":null,"private":1,"password":null}
</script>

<script defer src="js/replays.js?9d40a366"></script>
