<!DOCTYPE html>
<meta charset="utf-8" />
<meta name="viewport" content="width=device-width" />

<title>[Gen 3] OU: Derevien vs. Colby2D - Replays - Pok&eacute;mon Showdown!</title>

<meta name="description" content="Watch a replay of a Pok&eacute;mon battle between Derevien and Colby2D! Format: [Gen 3] OU; Date: Nov 3, 2024" />
<!--

Hey, you! Looking in the source for the replay log?

You can find them in JSON format, just add `.json` at the end of a replay URL.

https://replay.pokemonshowdown.com/gen7randomdoublesbattle-865046831.json

Or, if you only need the log itself, add `.log` instead:

https://replay.pokemonshowdown.com/gen7randomdoublesbattle-865046831.log

-->

<link rel="stylesheet" href="//pokemonshowdown.com/style/global.css?0.023195364461161105" />
<link rel="stylesheet" href="//play.pokemonshowdown.com/style/font-awesome.css?0.13261647063804238" />
<link rel="stylesheet" href="//play.pokemonshowdown.com/style/battle.css?0.8753245789963631" />
<link rel="stylesheet" href="//play.pokemonshowdown.com/style/utilichart.css?0.8627959624976733" />

<!-- Global site tag (gtag.js) - Google Analytics -->
<script async src="https://www.googletagmanager.com/gtag/js?id=UA-26211653-1"></script>
<script>
  window.dataLayer = window.dataLayer || [];
  function gtag(){dataLayer.push(arguments);}
  gtag('js', new Date());

  gtag('config', 'UA-26211653-1');
</script>
<!-- End Google Analytics -->
<!-- Venatus Ad Manager - Install in <HEAD> of page -->
	<script src="https://hb.vntsm.com/v3/live/ad-manager.min.js" type="text/javascript" data-site-id="642aba63ec9a7b11c3c9c1be" data-mode="scan" async></script>
<!-- / Venatus Ad Manager -->

<style>
	@media (max-width:820px) {
		.battle {
			margin: 0 auto;
		}
		.battle-log {
			margin: 7px auto 0;
			max-width: 640px;
			height: 300px;
			position: static;
		}
	}
	.optgroup {
		display: inline-block;
		line-height: 22px;
		font-size: 10pt;
	}
	.optgroup .button {
		height: 25px;
		padding-top: 0;
		padding-bottom: 0;
	}
	.optgroup button.button {
		padding-left: 12px;
		padding-right: 12px;
	}
	.linklist {
		list-style: none;
		margin: 0.5em 0;
		padding: 0;
	}
	.linklist li {
		padding: 2px 0;
	}
	.sidebar {
		float: left;
		width: 320px;
	}
	.bar-wrapper {
		max-width: 1100px;
		margin: 0 auto;
	}
	.bar-wrapper.has-sidebar {
		max-width: 1430px;
	}
	.mainbar {
		margin: 0;
		padding-right: 1px;
	}
	.mainbar.has-sidebar {
		margin-left: 330px;
	}
	@media (min-width: 1511px) {
		.sidebar {
			width: 400px;
		}
		.bar-wrapper.has-sidebar {
			max-width: 1510px;
		}
		.mainbar.has-sidebar {
			margin-left: 410px;
		}
	}
	.section.first-section {
		margin-top: 9px;
	}
	.blocklink small {
		white-space: normal;
	}
	.button {
		vertical-align: middle;
	}
	.replay-controls {
		padding-top: 10px;
	}
	.replay-controls h1 {
		font-size: 16pt;
		font-weight: normal;
		color: #CCC;
	}
	.pagelink {
		text-align: center;
	}
	.pagelink a {
		width: 150px;
	}
	.textbox, .button {
		font-size: 11pt;
		vertical-align: middle;
	}
	@media (max-width: 450px) {
		.button {
			font-size: 9pt;
		}
	}
</style>

<div>

	<header>
		<div class="nav-wrapper"><ul class="nav">
			<li><a class="button nav-first" href="//pokemonshowdown.com/"><img src="//pokemonshowdown.com/images/pokemonshowdownbeta.png" srcset="//pokemonshowdown.com/images/pokemonshowdownbeta.png 1x, //pokemonshowdown.com/images/pokemonshowdownbeta@2x.png 2x" alt="Pok&eacute;mon Showdown" width="146" height="44" /> Home</a></li>
			<li><a class="button" href="//pokemonshowdown.com/dex/">Pok&eacute;dex</a></li>
			<li><a class="button cur" href="/">Replays</a></li>
			<li><a class="button" href="//pokemonshowdown.com/ladder/">Ladder</a></li>
			<li><a class="button nav-last" href="//pokemonshowdown.com/forums/">Forum</a></li>
			<li><a class="button greenbutton nav-first nav-last" href="//play.pokemonshowdown.com/">Play</a></li>
		</ul></div>
	</header>

	<div class="main" id="main">

		<noscript><section class="section">You need to enable JavaScript to use this page; sorry!</section></noscript>

	</div>

</div>

<script defer nomodule src="//play.pokemonshowdown.com/js/lib/ps-polyfill.js"></script>
<script defer src="//play.pokemonshowdown.com/js/lib/preact.min.js"></script>

<script defer src="//play.pokemonshowdown.com/config/config.js?2bddbc15"></script>
<script defer src="//play.pokemonshowdown.com/js/lib/jquery-1.11.0.min.js"></script>
<script defer src="//play.pokemonshowdown.com/js/lib/html-sanitizer-minified.js"></script>
<script defer src="//play.pokemonshowdown.com/js/battle-sound.js"></script>
<script defer src="//play.pokemonshowdown.com/js/battledata.js?0.7209276989879541"></script>
<script defer src="//play.pokemonshowdown.com/data/pokedex-mini.js?0.6111056340867951"></script>
<script defer src="//play.pokemonshowdown.com/data/pokedex-mini-bw.js?0.3532142036491459"></script>
<script defer src="//play.pokemonshowdown.com/data/graphics.js?0.24223875632456182"></script>
<script defer src="//play.pokemonshowdown.com/data/pokedex.js?0.38839984266356864"></script>
<script defer src="//play.pokemonshowdown.com/data/moves.js?0.21866028504024015"></script>
<script defer src="//play.pokemonshowdown.com/data/abilities.js?0.2005157953846628"></script>
<script defer src="//play.pokemonshowdown.com/data/items.js?0.9894211263848525"></script>
<script defer src="//play.pokemonshowdown.com/data/teambuilder-tables.js?0.6008791140282215"></script>
<script defer src="//play.pokemonshowdown.com/js/battle-tooltips.js?0.7580118955022959"></script>
<script defer src="//play.pokemonshowdown.com/js/battle.js?0.6057722274234274"></script>

<script defer src="js/utils.js?e31f9a17"></script>
<script defer src="js/replays-battle.js?7008c182"></script>

<!-- don't scrape this data! just add .json or .log after the URL!
Full API docs: https://github.com/smogon/pokemon-showdown-client/blob/master/WEB-API.md -->
<script type="text/plain" class="log" id="replaylog-smogtours-gen3ou-804588">
|inactive|Battle timer is ON: inactive players will automatically lose when time's up.
|t:|1730667836
|gametype|singles
|player|p1|Derevien|miku-flying|
|player|p2|Colby2D|1|
|teamsize|p1|6
|teamsize|p2|6
|gen|3
|tier|[Gen 3] OU
|rule|Sleep Clause Mod: Limit one foe put to sleep
|rule|Switch Priority Clause Mod: Faster Pokémon switch first
|rule|Species Clause: Limit one of each Pokémon
|rule|OHKO Clause: OHKO moves are banned
|rule|Evasion Items Clause: Evasion items are banned
|rule|Evasion Moves Clause: Evasion moves are banned
|rule|Endless Battle Clause: Forcing endless battles is banned
|rule|HP Percentage Mod: HP is shown in percentages
|rule|One Boost Passer Clause: Limit one Baton Passer that has a way to boost its stats
|rule|Freeze Clause Mod: Limit one foe frozen
|
|t:|1730667836
|start
|switch|p1a: Jynx|Jynx, F|100/100
|switch|p2a: Tyranitar|Tyranitar, F|100/100
|-weather|Sandstorm|[from] ability: Sand Stream|[of] p2a: Tyranitar
|turn|1
|c|☆Derevien|gl hf
|
|t:|1730667846
|move|p1a: Jynx|Ice Beam|p2a: Tyranitar
|-damage|p2a: Tyranitar|46/100
|move|p2a: Tyranitar|Ancient Power|p1a: Jynx
|-supereffective|p1a: Jynx
|-damage|p1a: Jynx|0 fnt
|faint|p1a: Jynx
|
|t:|1730667851
|switch|p1a: Dugtrio|Dugtrio, F|100/100
|
|-weather|Sandstorm|[upkeep]
|upkeep
|turn|2
|
|t:|1730667858
|move|p1a: Dugtrio|Earthquake|p2a: Tyranitar
|-supereffective|p2a: Tyranitar
|-damage|p2a: Tyranitar|0 fnt
|faint|p2a: Tyranitar
|
|t:|1730667865
|switch|p2a: Charizard|Charizard, M|100/100
|
|-weather|Sandstorm|[upkeep]
|-damage|p2a: Charizard|94/100|[from] Sandstorm
|-heal|p2a: Charizard|100/100|[from] item: Leftovers
|upkeep
|turn|3
|
|t:|1730667868
|switch|p1a: Kingdra|Kingdra, M|100/100
|move|p2a: Charizard|Substitute|p2a: Charizard
|-start|p2a: Charizard|Substitute
|-damage|p2a: Charizard|76/100
|
|-weather|Sandstorm|[upkeep]
|-damage|p2a: Charizard|70/100|[from] Sandstorm
|-damage|p1a: Kingdra|94/100|[from] Sandstorm
|-heal|p2a: Charizard|76/100|[from] item: Leftovers
|upkeep
|turn|4
|
|t:|1730667871
|-singleturn|p2a: Charizard|move: Focus Punch
|move|p1a: Kingdra|Rain Dance|p1a: Kingdra
|-weather|RainDance
|move|p2a: Charizard|Focus Punch|p1a: Kingdra
|-damage|p1a: Kingdra|64/100
|
|-weather|RainDance|[upkeep]
|-heal|p2a: Charizard|82/100|[from] item: Leftovers
|upkeep
|turn|5
|
|t:|1730667877
|-singleturn|p2a: Charizard|move: Focus Punch
|move|p1a: Kingdra|Surf|p2a: Charizard
|-supereffective|p2a: Charizard
|-end|p2a: Charizard|Substitute
|move|p2a: Charizard|Focus Punch|p1a: Kingdra
|-damage|p1a: Kingdra|36/100
|
|-weather|RainDance|[upkeep]
|-heal|p2a: Charizard|88/100|[from] item: Leftovers
|upkeep
|turn|6
|
|t:|1730667883
|switch|p2a: Blissey|Blissey, F|100/100
|move|p1a: Kingdra|Surf|p2a: Blissey
|-damage|p2a: Blissey|75/100
|
|-weather|RainDance|[upkeep]
|-heal|p2a: Blissey|81/100|[from] item: Leftovers
|upkeep
|turn|7
|
|t:|1730667888
|switch|p1a: Snorlax|Snorlax, M|100/100
|switch|p2a: Skarmory|Skarmory, M|100/100
|
|-weather|RainDance|[upkeep]
|upkeep
|turn|8
|
|t:|1730667896
|move|p2a: Skarmory|Toxic|p1a: Snorlax
|-immune|p1a: Snorlax|[from] ability: Immunity
|move|p1a: Snorlax|Self-Destruct|p2a: Skarmory
|-resisted|p2a: Skarmory
|-damage|p2a: Skarmory|34/100
|faint|p1a: Snorlax
|
|t:|1730667899
|switch|p1a: Kingdra|Kingdra, M|36/100
|
|-weather|none
|-heal|p2a: Skarmory|40/100|[from] item: Leftovers
|upkeep
|turn|9
|
|t:|1730667908
|move|p1a: Kingdra|Surf|p2a: Skarmory
|-damage|p2a: Skarmory|0 fnt
|faint|p2a: Skarmory
|
|t:|1730667912
|switch|p2a: Blissey|Blissey, F|81/100
|
|-heal|p2a: Blissey|87/100|[from] item: Leftovers
|upkeep
|turn|10
|
|t:|1730667921
|switch|p2a: Charizard|Charizard, M|88/100
|move|p1a: Kingdra|Rain Dance|p1a: Kingdra
|-weather|RainDance
|
|-weather|RainDance|[upkeep]
|-heal|p2a: Charizard|94/100|[from] item: Leftovers
|upkeep
|turn|11
|
|t:|1730667928
|switch|p2a: Blissey|Blissey, F|87/100
|move|p1a: Kingdra|Surf|p2a: Blissey
|-damage|p2a: Blissey|59/100
|
|-weather|RainDance|[upkeep]
|-heal|p2a: Blissey|65/100|[from] item: Leftovers
|upkeep
|turn|12
|
|t:|1730667935
|move|p1a: Kingdra|Surf|p2a: Blissey
|-damage|p2a: Blissey|40/100
|move|p2a: Blissey|Ice Beam|p1a: Kingdra
|-damage|p1a: Kingdra|12/100
|
|-weather|RainDance|[upkeep]
|-heal|p2a: Blissey|46/100|[from] item: Leftovers
|upkeep
|turn|13
|
|t:|1730667943
|move|p1a: Kingdra|Surf|p2a: Blissey
|-damage|p2a: Blissey|19/100
|move|p2a: Blissey|Soft-Boiled|p2a: Blissey
|-heal|p2a: Blissey|69/100
|
|-weather|RainDance|[upkeep]
|-heal|p2a: Blissey|75/100|[from] item: Leftovers
|upkeep
|turn|14
|
|t:|1730667946
|move|p1a: Kingdra|Surf|p2a: Blissey
|-damage|p2a: Blissey|48/100
|move|p2a: Blissey|Toxic|p1a: Kingdra|[miss]
|-miss|p2a: Blissey|p1a: Kingdra
|
|-weather|none
|-heal|p2a: Blissey|54/100|[from] item: Leftovers
|upkeep
|turn|15
|
|t:|1730667950
|move|p1a: Kingdra|Rain Dance|p1a: Kingdra
|-weather|RainDance
|move|p2a: Blissey|Soft-Boiled|p2a: Blissey
|-heal|p2a: Blissey|100/100
|
|-weather|RainDance|[upkeep]
|upkeep
|turn|16
|
|t:|1730667960
|move|p1a: Kingdra|Surf|p2a: Blissey
|-damage|p2a: Blissey|73/100
|move|p2a: Blissey|Soft-Boiled|p2a: Blissey
|-heal|p2a: Blissey|100/100
|
|-weather|RainDance|[upkeep]
|upkeep
|turn|17
|
|t:|1730667963
|move|p1a: Kingdra|Surf|p2a: Blissey
|-damage|p2a: Blissey|75/100
|move|p2a: Blissey|Toxic|p1a: Kingdra
|-status|p1a: Kingdra|tox
|-enditem|p1a: Kingdra|Lum Berry|[eat]
|-curestatus|p1a: Kingdra|tox|[msg]
|
|-weather|RainDance|[upkeep]
|-heal|p2a: Blissey|81/100|[from] item: Leftovers
|upkeep
|turn|18
|
|t:|1730667966
|move|p1a: Kingdra|Surf|p2a: Blissey
|-damage|p2a: Blissey|53/100
|move|p2a: Blissey|Soft-Boiled|p2a: Blissey
|-heal|p2a: Blissey|100/100
|
|-weather|RainDance|[upkeep]
|upkeep
|turn|19
|
|t:|1730667970
|move|p1a: Kingdra|Surf|p2a: Blissey
|-damage|p2a: Blissey|74/100
|move|p2a: Blissey|Toxic|p1a: Kingdra
|-status|p1a: Kingdra|tox
|
|-weather|none
|-damage|p1a: Kingdra|5/100 tox|[from] psn
|-heal|p2a: Blissey|80/100|[from] item: Leftovers
|upkeep
|turn|20
|
|t:|1730667980
|switch|p1a: Heracross|Heracross, F|100/100
|switch|p2a: Charizard|Charizard, M|94/100
|
|-heal|p2a: Charizard|99/100|[from] item: Leftovers
|upkeep
|turn|21
|
|t:|1730667986
|switch|p1a: Kingdra|Kingdra, M|5/100 tox
|move|p2a: Charizard|Substitute|p2a: Charizard
|-start|p2a: Charizard|Substitute
|-damage|p2a: Charizard|75/100
|
|-heal|p2a: Charizard|81/100|[from] item: Leftovers
|-damage|p1a: Kingdra|0 fnt|[from] psn
|faint|p1a: Kingdra
|upkeep
|
|t:|1730667988
|switch|p1a: Suicune|Suicune|100/100
|turn|22
|
|t:|1730667992
|-singleturn|p2a: Charizard|move: Focus Punch
|move|p1a: Suicune|Surf|p2a: Charizard
|-supereffective|p2a: Charizard
|-end|p2a: Charizard|Substitute
|move|p2a: Charizard|Focus Punch|p1a: Suicune
|-damage|p1a: Suicune|79/100
|
|-heal|p2a: Charizard|87/100|[from] item: Leftovers
|-heal|p1a: Suicune|85/100|[from] item: Leftovers
|upkeep
|turn|23
|
|t:|1730667998
|switch|p2a: Blissey|Blissey, F|80/100
|move|p1a: Suicune|Calm Mind|p1a: Suicune
|-boost|p1a: Suicune|spa|1
|-boost|p1a: Suicune|spd|1
|
|-heal|p1a: Suicune|91/100|[from] item: Leftovers
|-heal|p2a: Blissey|86/100|[from] item: Leftovers
|upkeep
|turn|24
|
|t:|1730668003
|move|p1a: Suicune|Calm Mind|p1a: Suicune
|-boost|p1a: Suicune|spa|1
|-boost|p1a: Suicune|spd|1
|move|p2a: Blissey|Toxic|p1a: Suicune
|-status|p1a: Suicune|tox
|
|-heal|p1a: Suicune|98/100 tox|[from] item: Leftovers
|-damage|p1a: Suicune|91/100 tox|[from] psn
|-heal|p2a: Blissey|92/100|[from] item: Leftovers
|upkeep
|turn|25
|
|t:|1730668006
|move|p1a: Suicune|Surf|p2a: Blissey
|-damage|p2a: Blissey|59/100
|move|p2a: Blissey|Ice Beam|p1a: Suicune
|-resisted|p1a: Suicune
|-damage|p1a: Suicune|87/100 tox
|
|-heal|p1a: Suicune|93/100 tox|[from] item: Leftovers
|-damage|p1a: Suicune|81/100 tox|[from] psn
|-heal|p2a: Blissey|66/100|[from] item: Leftovers
|upkeep
|turn|26
|
|t:|1730668008
|move|p1a: Suicune|Calm Mind|p1a: Suicune
|-boost|p1a: Suicune|spa|1
|-boost|p1a: Suicune|spd|1
|move|p2a: Blissey|Thunderbolt|p1a: Suicune
|-supereffective|p1a: Suicune
|-damage|p1a: Suicune|66/100 tox
|
|-heal|p1a: Suicune|73/100 tox|[from] item: Leftovers
|-damage|p1a: Suicune|54/100 tox|[from] psn
|-heal|p2a: Blissey|72/100|[from] item: Leftovers
|upkeep
|turn|27
|
|t:|1730668013
|switch|p2a: Metagross|Metagross|100/100
|move|p1a: Suicune|Rest|p1a: Suicune
|-status|p1a: Suicune|slp|[from] move: Rest
|-heal|p1a: Suicune|100/100 slp|[silent]
|
|upkeep
|turn|28
|
|t:|1730668028
|move|p2a: Metagross|Agility|p2a: Metagross
|-boost|p2a: Metagross|spe|2
|cant|p1a: Suicune|slp
|move|p1a: Suicune|Sleep Talk|p1a: Suicune
|move|p1a: Suicune|Rest|p1a: Suicune|[from]Sleep Talk
|
|upkeep
|turn|29
|
|t:|1730668032
|move|p2a: Metagross|Meteor Mash|p1a: Suicune
|-resisted|p1a: Suicune
|-damage|p1a: Suicune|83/100 slp
|cant|p1a: Suicune|slp
|move|p1a: Suicune|Sleep Talk|p1a: Suicune
|move|p1a: Suicune|Surf|p2a: Metagross|[from]Sleep Talk
|-crit|p2a: Metagross
|-damage|p2a: Metagross|0 fnt
|faint|p2a: Metagross
|
|t:|1730668042
|switch|p2a: Aerodactyl|Aerodactyl, F|100/100
|
|-heal|p1a: Suicune|89/100 slp|[from] item: Leftovers
|upkeep
|turn|30
|
|t:|1730668044
|move|p2a: Aerodactyl|Rock Slide|p1a: Suicune
|-damage|p1a: Suicune|48/100 slp
|-curestatus|p1a: Suicune|slp|[msg]
|move|p1a: Suicune|Surf|p2a: Aerodactyl
|-supereffective|p2a: Aerodactyl
|-damage|p2a: Aerodactyl|0 fnt
|faint|p2a: Aerodactyl
|
|t:|1730668051
|switch|p2a: Blissey|Blissey, F|72/100
|
|-heal|p1a: Suicune|55/100|[from] item: Leftovers
|-heal|p2a: Blissey|78/100|[from] item: Leftovers
|upkeep
|turn|31
|
|t:|1730668056
|move|p1a: Suicune|Calm Mind|p1a: Suicune
|-boost|p1a: Suicune|spa|1
|-boost|p1a: Suicune|spd|1
|move|p2a: Blissey|Toxic|p1a: Suicune
|-status|p1a: Suicune|tox
|
|-heal|p1a: Suicune|61/100 tox|[from] item: Leftovers
|-damage|p1a: Suicune|55/100 tox|[from] psn
|-heal|p2a: Blissey|84/100|[from] item: Leftovers
|upkeep
|turn|32
|
|t:|1730668059
|move|p1a: Suicune|Surf|p2a: Blissey
|-damage|p2a: Blissey|30/100
|move|p2a: Blissey|Thunderbolt|p1a: Suicune
|-supereffective|p1a: Suicune
|-damage|p1a: Suicune|41/100 tox
|
|-heal|p1a: Suicune|47/100 tox|[from] item: Leftovers
|-damage|p1a: Suicune|34/100 tox|[from] psn
|-heal|p2a: Blissey|36/100|[from] item: Leftovers
|upkeep
|turn|33
|
|t:|1730668068
|move|p1a: Suicune|Surf|p2a: Blissey
|-damage|p2a: Blissey|0 fnt
|faint|p2a: Blissey
|
|t:|1730668070
|switch|p2a: Charizard|Charizard, M|87/100
|
|-heal|p2a: Charizard|93/100|[from] item: Leftovers
|-heal|p1a: Suicune|41/100 tox|[from] item: Leftovers
|-damage|p1a: Suicune|22/100 tox|[from] psn
|upkeep
|turn|34
|
|t:|1730668074
|move|p2a: Charizard|Hidden Power|p1a: Suicune
|-supereffective|p1a: Suicune
|-damage|p1a: Suicune|10/100 tox
|move|p1a: Suicune|Surf|p2a: Charizard
|-supereffective|p2a: Charizard
|-damage|p2a: Charizard|0 fnt
|faint|p2a: Charizard
|
|win|Derevien
|c|☆Derevien|gg
|player|p1|
|c|☆Colby2D|gg
|player|p2|
|player|p1|Derevien|miku-flying|

</script>
<script type="application/json" class="data" id="replaydata-smogtours-gen3ou-804588">
{"id":"smogtours-gen3ou-804588","format":"[Gen 3] OU","players":["Derevien","Colby2D"],"uploadtime":1730668074,"views":63,"formatid":"gen3ou","rating":null,"private":0,"password":null}
</script>

<script defer src="js/replays.js?9d40a366"></script>
