<!DOCTYPE html>
<meta charset="utf-8" />
<meta name="viewport" content="width=device-width" />

<title>[Gen 3] OU: TechSavage vs. WeesKind333 - Replays - Pok&eacute;mon Showdown!</title>

<meta name="description" content="Watch a replay of a Pok&eacute;mon battle between TechSavage and WeesKind333! Format: [Gen 3] OU; Date: Oct 3, 2024" />
<!--

Hey, you! Looking in the source for the replay log?

You can find them in JSON format, just add `.json` at the end of a replay URL.

https://replay.pokemonshowdown.com/gen7randomdoublesbattle-865046831.json

Or, if you only need the log itself, add `.log` instead:

https://replay.pokemonshowdown.com/gen7randomdoublesbattle-865046831.log

-->

<link rel="stylesheet" href="//pokemonshowdown.com/style/global.css?0.023195364461161105" />
<link rel="stylesheet" href="//play.pokemonshowdown.com/style/font-awesome.css?0.13261647063804238" />
<link rel="stylesheet" href="//play.pokemonshowdown.com/style/battle.css?0.8753245789963631" />
<link rel="stylesheet" href="//play.pokemonshowdown.com/style/utilichart.css?0.8627959624976733" />

<!-- Global site tag (gtag.js) - Google Analytics -->
<script async src="https://www.googletagmanager.com/gtag/js?id=UA-26211653-1"></script>
<script>
  window.dataLayer = window.dataLayer || [];
  function gtag(){dataLayer.push(arguments);}
  gtag('js', new Date());

  gtag('config', 'UA-26211653-1');
</script>
<!-- End Google Analytics -->
<!-- Venatus Ad Manager - Install in <HEAD> of page -->
	<script src="https://hb.vntsm.com/v3/live/ad-manager.min.js" type="text/javascript" data-site-id="642aba63ec9a7b11c3c9c1be" data-mode="scan" async></script>
<!-- / Venatus Ad Manager -->

<style>
	@media (max-width:820px) {
		.battle {
			margin: 0 auto;
		}
		.battle-log {
			margin: 7px auto 0;
			max-width: 640px;
			height: 300px;
			position: static;
		}
	}
	.optgroup {
		display: inline-block;
		line-height: 22px;
		font-size: 10pt;
	}
	.optgroup .button {
		height: 25px;
		padding-top: 0;
		padding-bottom: 0;
	}
	.optgroup button.button {
		padding-left: 12px;
		padding-right: 12px;
	}
	.linklist {
		list-style: none;
		margin: 0.5em 0;
		padding: 0;
	}
	.linklist li {
		padding: 2px 0;
	}
	.sidebar {
		float: left;
		width: 320px;
	}
	.bar-wrapper {
		max-width: 1100px;
		margin: 0 auto;
	}
	.bar-wrapper.has-sidebar {
		max-width: 1430px;
	}
	.mainbar {
		margin: 0;
		padding-right: 1px;
	}
	.mainbar.has-sidebar {
		margin-left: 330px;
	}
	@media (min-width: 1511px) {
		.sidebar {
			width: 400px;
		}
		.bar-wrapper.has-sidebar {
			max-width: 1510px;
		}
		.mainbar.has-sidebar {
			margin-left: 410px;
		}
	}
	.section.first-section {
		margin-top: 9px;
	}
	.blocklink small {
		white-space: normal;
	}
	.button {
		vertical-align: middle;
	}
	.replay-controls {
		padding-top: 10px;
	}
	.replay-controls h1 {
		font-size: 16pt;
		font-weight: normal;
		color: #CCC;
	}
	.pagelink {
		text-align: center;
	}
	.pagelink a {
		width: 150px;
	}
	.textbox, .button {
		font-size: 11pt;
		vertical-align: middle;
	}
	@media (max-width: 450px) {
		.button {
			font-size: 9pt;
		}
	}
</style>

<div>

	<header>
		<div class="nav-wrapper"><ul class="nav">
			<li><a class="button nav-first" href="//pokemonshowdown.com/"><img src="//pokemonshowdown.com/images/pokemonshowdownbeta.png" srcset="//pokemonshowdown.com/images/pokemonshowdownbeta.png 1x, //pokemonshowdown.com/images/pokemonshowdownbeta@2x.png 2x" alt="Pok&eacute;mon Showdown" width="146" height="44" /> Home</a></li>
			<li><a class="button" href="//pokemonshowdown.com/dex/">Pok&eacute;dex</a></li>
			<li><a class="button cur" href="/">Replays</a></li>
			<li><a class="button" href="//pokemonshowdown.com/ladder/">Ladder</a></li>
			<li><a class="button nav-last" href="//pokemonshowdown.com/forums/">Forum</a></li>
			<li><a class="button greenbutton nav-first nav-last" href="//play.pokemonshowdown.com/">Play</a></li>
		</ul></div>
	</header>

	<div class="main" id="main">

		<noscript><section class="section">You need to enable JavaScript to use this page; sorry!</section></noscript>

	</div>

</div>

<script defer nomodule src="//play.pokemonshowdown.com/js/lib/ps-polyfill.js"></script>
<script defer src="//play.pokemonshowdown.com/js/lib/preact.min.js"></script>

<script defer src="//play.pokemonshowdown.com/config/config.js?2bddbc15"></script>
<script defer src="//play.pokemonshowdown.com/js/lib/jquery-1.11.0.min.js"></script>
<script defer src="//play.pokemonshowdown.com/js/lib/html-sanitizer-minified.js"></script>
<script defer src="//play.pokemonshowdown.com/js/battle-sound.js"></script>
<script defer src="//play.pokemonshowdown.com/js/battledata.js?0.7209276989879541"></script>
<script defer src="//play.pokemonshowdown.com/data/pokedex-mini.js?0.6111056340867951"></script>
<script defer src="//play.pokemonshowdown.com/data/pokedex-mini-bw.js?0.3532142036491459"></script>
<script defer src="//play.pokemonshowdown.com/data/graphics.js?0.24223875632456182"></script>
<script defer src="//play.pokemonshowdown.com/data/pokedex.js?0.38839984266356864"></script>
<script defer src="//play.pokemonshowdown.com/data/moves.js?0.21866028504024015"></script>
<script defer src="//play.pokemonshowdown.com/data/abilities.js?0.2005157953846628"></script>
<script defer src="//play.pokemonshowdown.com/data/items.js?0.9894211263848525"></script>
<script defer src="//play.pokemonshowdown.com/data/teambuilder-tables.js?0.6008791140282215"></script>
<script defer src="//play.pokemonshowdown.com/js/battle-tooltips.js?0.7580118955022959"></script>
<script defer src="//play.pokemonshowdown.com/js/battle.js?0.6057722274234274"></script>

<script defer src="js/utils.js?e31f9a17"></script>
<script defer src="js/replays-battle.js?7008c182"></script>

<!-- don't scrape this data! just add .json or .log after the URL!
Full API docs: https://github.com/smogon/pokemon-showdown-client/blob/master/WEB-API.md -->
<script type="text/plain" class="log" id="replaylog-smogtours-gen3ou-794264">
|inactive|Battle timer is ON: inactive players will automatically lose when time's up.
|t:|1727976160
|gametype|singles
|player|p1|TechSavage|101|
|player|p2|WeesKind333|1|
|teamsize|p1|6
|teamsize|p2|6
|gen|3
|tier|[Gen 3] OU
|rule|Sleep Clause Mod: Limit one foe put to sleep
|rule|Switch Priority Clause Mod: Faster Pokémon switch first
|rule|Species Clause: Limit one of each Pokémon
|rule|OHKO Clause: OHKO moves are banned
|rule|Evasion Items Clause: Evasion items are banned
|rule|Evasion Moves Clause: Evasion moves are banned
|rule|Endless Battle Clause: Forcing endless battles is banned
|rule|HP Percentage Mod: HP is shown in percentages
|rule|One Boost Passer Clause: Limit one Baton Passer that has a way to boost its stats
|rule|Freeze Clause Mod: Limit one foe frozen
|
|t:|1727976160
|start
|switch|p1a: Salamence|Salamence, F|100/100
|switch|p2a: Machamp|Machamp, F|100/100
|-ability|p1a: Salamence|Intimidate|boost
|-unboost|p2a: Machamp|atk|1
|turn|1
|
|t:|1727976181
|switch|p2a: Dusclops|Dusclops, F|100/100
|move|p1a: Salamence|Dragon Claw|p2a: Dusclops
|-damage|p2a: Dusclops|71/100
|
|-heal|p2a: Dusclops|77/100|[from] item: Leftovers
|upkeep
|turn|2
|
|t:|1727976206
|switch|p1a: Celebi|Celebi|100/100
|move|p2a: Dusclops|Will-O-Wisp|p1a: Celebi|[miss]
|-miss|p2a: Dusclops|p1a: Celebi
|
|-heal|p2a: Dusclops|83/100|[from] item: Leftovers
|upkeep
|turn|3
|
|t:|1727976217
|move|p1a: Celebi|Leech Seed|p2a: Dusclops
|-start|p2a: Dusclops|move: Leech Seed
|move|p2a: Dusclops|Shadow Ball|p1a: Celebi
|-supereffective|p1a: Celebi
|-crit|p1a: Celebi
|-damage|p1a: Celebi|22/100
|
|-heal|p1a: Celebi|28/100|[from] item: Leftovers
|-heal|p2a: Dusclops|89/100|[from] item: Leftovers
|-damage|p2a: Dusclops|77/100|[from] Leech Seed|[of] p1a: Celebi
|-heal|p1a: Celebi|37/100|[silent]
|upkeep
|turn|4
|
|t:|1727976226
|switch|p2a: Jirachi|Jirachi|100/100
|move|p1a: Celebi|Giga Drain|p2a: Jirachi
|-resisted|p2a: Jirachi
|-damage|p2a: Jirachi|92/100
|-heal|p1a: Celebi|42/100|[from] drain|[of] p2a: Jirachi
|
|-heal|p1a: Celebi|48/100|[from] item: Leftovers
|-heal|p2a: Jirachi|98/100|[from] item: Leftovers
|upkeep
|turn|5
|
|t:|1727976234
|move|p1a: Celebi|Leech Seed|p2a: Jirachi
|-start|p2a: Jirachi|move: Leech Seed
|move|p2a: Jirachi|Body Slam|p1a: Celebi
|-damage|p1a: Celebi|32/100
|
|-heal|p1a: Celebi|38/100|[from] item: Leftovers
|-heal|p2a: Jirachi|100/100|[from] item: Leftovers
|-damage|p2a: Jirachi|88/100|[from] Leech Seed|[of] p1a: Celebi
|-heal|p1a: Celebi|51/100|[silent]
|upkeep
|turn|6
|
|t:|1727976239
|move|p1a: Celebi|Hidden Power|p2a: Jirachi
|-supereffective|p2a: Jirachi
|-damage|p2a: Jirachi|60/100
|move|p2a: Jirachi|Fire Punch|p1a: Celebi
|-supereffective|p1a: Celebi
|-damage|p1a: Celebi|23/100
|
|-heal|p1a: Celebi|29/100|[from] item: Leftovers
|-heal|p2a: Jirachi|66/100|[from] item: Leftovers
|-damage|p2a: Jirachi|53/100|[from] Leech Seed|[of] p1a: Celebi
|-heal|p1a: Celebi|42/100|[silent]
|upkeep
|turn|7
|
|t:|1727976257
|move|p1a: Celebi|Hidden Power|p2a: Jirachi
|-supereffective|p2a: Jirachi
|-damage|p2a: Jirachi|23/100
|move|p2a: Jirachi|Wish|p2a: Jirachi
|
|-heal|p1a: Celebi|48/100|[from] item: Leftovers
|-heal|p2a: Jirachi|29/100|[from] item: Leftovers
|-damage|p2a: Jirachi|17/100|[from] Leech Seed|[of] p1a: Celebi
|-heal|p1a: Celebi|61/100|[silent]
|upkeep
|turn|8
|
|t:|1727976267
|switch|p1a: Salamence|Salamence, F|100/100
|-ability|p1a: Salamence|Intimidate|boost
|-unboost|p2a: Jirachi|atk|1
|move|p2a: Jirachi|Protect||[still]
|-fail|p2a: Jirachi
|
|-heal|p2a: Jirachi|67/100|[from] move: Wish|[wisher] Jirachi
|-heal|p2a: Jirachi|73/100|[from] item: Leftovers
|-damage|p2a: Jirachi|61/100|[from] Leech Seed|[of] p1a: Salamence
|upkeep
|turn|9
|
|t:|1727976273
|switch|p2a: Dusclops|Dusclops, F|77/100
|move|p1a: Salamence|Fire Blast|p2a: Dusclops
|-damage|p2a: Dusclops|48/100
|
|-heal|p2a: Dusclops|54/100|[from] item: Leftovers
|upkeep
|turn|10
|
|t:|1727976293
|move|p1a: Salamence|Dragon Claw|p2a: Dusclops
|-damage|p2a: Dusclops|24/100
|move|p2a: Dusclops|Ice Beam|p1a: Salamence
|-supereffective|p1a: Salamence
|-damage|p1a: Salamence|19/100
|
|-heal|p1a: Salamence|25/100|[from] item: Leftovers
|-heal|p2a: Dusclops|30/100|[from] item: Leftovers
|upkeep
|turn|11
|inactive|WeesKind333 has 270 seconds left.
|inactive|WeesKind333 has 240 seconds left.
|
|t:|1727976360
|switch|p2a: Jirachi|Jirachi|61/100
|move|p1a: Salamence|Dragon Claw|p2a: Jirachi
|-resisted|p2a: Jirachi
|-damage|p2a: Jirachi|48/100
|
|-heal|p1a: Salamence|31/100|[from] item: Leftovers
|-heal|p2a: Jirachi|54/100|[from] item: Leftovers
|upkeep
|turn|12
|inactive|TechSavage has 270 seconds left.
|
|t:|1727976385
|move|p2a: Jirachi|Protect|p2a: Jirachi
|-singleturn|p2a: Jirachi|Protect
|move|p1a: Salamence|Fire Blast|p2a: Jirachi
|-activate|p2a: Jirachi|Protect
|
|-heal|p1a: Salamence|37/100|[from] item: Leftovers
|-heal|p2a: Jirachi|60/100|[from] item: Leftovers
|upkeep
|turn|13
|
|t:|1727976399
|move|p1a: Salamence|Fire Blast|p2a: Jirachi
|-supereffective|p2a: Jirachi
|-damage|p2a: Jirachi|11/100
|move|p2a: Jirachi|Wish|p2a: Jirachi
|
|-heal|p1a: Salamence|44/100|[from] item: Leftovers
|-heal|p2a: Jirachi|17/100|[from] item: Leftovers
|upkeep
|turn|14
|inactive|TechSavage has 270 seconds left.
|
|t:|1727976416
|switch|p1a: Tyranitar|Tyranitar, F|100/100
|-weather|Sandstorm|[from] ability: Sand Stream|[of] p1a: Tyranitar
|move|p2a: Jirachi|Protect||[still]
|-fail|p2a: Jirachi
|
|-heal|p2a: Jirachi|67/100|[from] move: Wish|[wisher] Jirachi
|-weather|Sandstorm|[upkeep]
|-heal|p2a: Jirachi|73/100|[from] item: Leftovers
|upkeep
|turn|15
|
|t:|1727976425
|switch|p2a: Salamence|Salamence, F|100/100
|-ability|p2a: Salamence|Intimidate|boost
|-unboost|p1a: Tyranitar|atk|1
|move|p1a: Tyranitar|Earthquake|p2a: Salamence
|-immune|p2a: Salamence
|
|-weather|Sandstorm|[upkeep]
|-damage|p2a: Salamence|94/100|[from] Sandstorm
|upkeep
|turn|16
|
|t:|1727976430
|switch|p2a: Machamp|Machamp, F|100/100
|switch|p1a: Swampert|Swampert, F|100/100
|
|-weather|Sandstorm|[upkeep]
|-damage|p2a: Machamp|94/100|[from] Sandstorm
|upkeep
|turn|17
|
|t:|1727976435
|move|p2a: Machamp|Cross Chop|p1a: Swampert
|-damage|p1a: Swampert|29/100
|move|p1a: Swampert|Hydro Pump|p2a: Machamp
|-damage|p2a: Machamp|24/100
|
|-weather|Sandstorm|[upkeep]
|-damage|p2a: Machamp|17/100|[from] Sandstorm
|-heal|p1a: Swampert|35/100|[from] item: Leftovers
|upkeep
|turn|18
|
|t:|1727976442
|move|p1a: Swampert|Protect|p1a: Swampert
|-singleturn|p1a: Swampert|Protect
|move|p2a: Machamp|Cross Chop|p1a: Swampert
|-activate|p1a: Swampert|Protect
|
|-weather|Sandstorm|[upkeep]
|-damage|p2a: Machamp|11/100|[from] Sandstorm
|-heal|p1a: Swampert|41/100|[from] item: Leftovers
|upkeep
|turn|19
|
|t:|1727976471
|move|p1a: Swampert|Protect|p1a: Swampert
|-singleturn|p1a: Swampert|Protect
|move|p2a: Machamp|Cross Chop|p1a: Swampert
|-activate|p1a: Swampert|Protect
|
|-weather|Sandstorm|[upkeep]
|-damage|p2a: Machamp|5/100|[from] Sandstorm
|-heal|p1a: Swampert|47/100|[from] item: Leftovers
|upkeep
|turn|20
|inactive|TechSavage has 270 seconds left.
|
|t:|1727976489
|switch|p1a: Celebi|Celebi|61/100
|move|p2a: Machamp|Cross Chop|p1a: Celebi
|-resisted|p1a: Celebi
|-damage|p1a: Celebi|23/100
|
|-weather|Sandstorm|[upkeep]
|-damage|p1a: Celebi|17/100|[from] Sandstorm
|-damage|p2a: Machamp|0 fnt|[from] Sandstorm
|faint|p2a: Machamp
|-heal|p1a: Celebi|23/100|[from] item: Leftovers
|upkeep
|
|t:|1727976498
|switch|p2a: Dusclops|Dusclops, F|30/100
|turn|21
|
|t:|1727976502
|move|p1a: Celebi|Leech Seed|p2a: Dusclops
|-start|p2a: Dusclops|move: Leech Seed
|move|p2a: Dusclops|Pain Split|p1a: Celebi
|-sethp|p1a: Celebi|22/100|[from] move: Pain Split|[silent]
|-sethp|p2a: Dusclops|30/100|[from] move: Pain Split
|
|-weather|Sandstorm|[upkeep]
|-damage|p1a: Celebi|16/100|[from] Sandstorm
|-damage|p2a: Dusclops|24/100|[from] Sandstorm
|-heal|p1a: Celebi|22/100|[from] item: Leftovers
|-heal|p2a: Dusclops|30/100|[from] item: Leftovers
|-damage|p2a: Dusclops|18/100|[from] Leech Seed|[of] p1a: Celebi
|-heal|p1a: Celebi|31/100|[silent]
|upkeep
|turn|22
|
|t:|1727976514
|move|p1a: Celebi|Psychic|p2a: Dusclops
|-damage|p2a: Dusclops|0 fnt
|faint|p2a: Dusclops
|
|t:|1727976530
|switch|p2a: Jirachi|Jirachi|73/100
|
|-weather|Sandstorm|[upkeep]
|-damage|p1a: Celebi|25/100|[from] Sandstorm
|-heal|p1a: Celebi|31/100|[from] item: Leftovers
|-heal|p2a: Jirachi|79/100|[from] item: Leftovers
|upkeep
|turn|23
|inactive|TechSavage has 270 seconds left.
|
|t:|1727976580
|move|p1a: Celebi|Leech Seed|p2a: Jirachi
|-start|p2a: Jirachi|move: Leech Seed
|move|p2a: Jirachi|Fire Punch|p1a: Celebi
|-supereffective|p1a: Celebi
|-crit|p1a: Celebi
|-damage|p1a: Celebi|0 fnt
|faint|p1a: Celebi
|
|t:|1727976595
|switch|p1a: Swampert|Swampert, F|47/100
|
|-weather|Sandstorm|[upkeep]
|-heal|p2a: Jirachi|85/100|[from] item: Leftovers
|-damage|p2a: Jirachi|73/100|[from] Leech Seed|[of] p1a: Swampert
|-heal|p1a: Swampert|60/100|[silent]
|-heal|p1a: Swampert|66/100|[from] item: Leftovers
|upkeep
|turn|24
|
|t:|1727976601
|switch|p2a: Zapdos|Zapdos|100/100
|move|p1a: Swampert|Earthquake|p2a: Zapdos
|-immune|p2a: Zapdos
|
|-weather|Sandstorm|[upkeep]
|-damage|p2a: Zapdos|94/100|[from] Sandstorm
|-heal|p2a: Zapdos|100/100|[from] item: Leftovers
|-heal|p1a: Swampert|72/100|[from] item: Leftovers
|upkeep
|turn|25
|
|t:|1727976610
|move|p1a: Swampert|Protect|p1a: Swampert
|-singleturn|p1a: Swampert|Protect
|move|p2a: Zapdos|Thunderbolt|p1a: Swampert
|-activate|p1a: Swampert|Protect
|
|-weather|Sandstorm|[upkeep]
|-damage|p2a: Zapdos|94/100|[from] Sandstorm
|-heal|p2a: Zapdos|100/100|[from] item: Leftovers
|-heal|p1a: Swampert|78/100|[from] item: Leftovers
|upkeep
|turn|26
|
|t:|1727976617
|switch|p1a: Skarmory|Skarmory, M|100/100
|move|p2a: Zapdos|Toxic|p1a: Skarmory
|-immune|p1a: Skarmory
|
|-weather|Sandstorm|[upkeep]
|-damage|p2a: Zapdos|94/100|[from] Sandstorm
|-heal|p2a: Zapdos|100/100|[from] item: Leftovers
|upkeep
|turn|27
|inactive|TechSavage has 270 seconds left.
|
|t:|1727976623
|move|p2a: Zapdos|Thunderbolt|p1a: Skarmory
|-supereffective|p1a: Skarmory
|-damage|p1a: Skarmory|23/100
|move|p1a: Skarmory|Spikes|p2a: Zapdos
|-sidestart|p2: WeesKind333|Spikes
|
|-weather|Sandstorm|[upkeep]
|-damage|p2a: Zapdos|94/100|[from] Sandstorm
|-heal|p2a: Zapdos|100/100|[from] item: Leftovers
|-heal|p1a: Skarmory|29/100|[from] item: Leftovers
|upkeep
|turn|28
|
|t:|1727976627
|move|p2a: Zapdos|Thunderbolt|p1a: Skarmory
|-supereffective|p1a: Skarmory
|-damage|p1a: Skarmory|0 fnt
|faint|p1a: Skarmory
|inactive|TechSavage has 270 seconds left.
|
|t:|1727976646
|switch|p1a: Swampert|Swampert, F|78/100
|
|-weather|Sandstorm|[upkeep]
|-damage|p2a: Zapdos|94/100|[from] Sandstorm
|-heal|p2a: Zapdos|100/100|[from] item: Leftovers
|-heal|p1a: Swampert|85/100|[from] item: Leftovers
|upkeep
|turn|29
|
|t:|1727976652
|move|p2a: Zapdos|Toxic|p1a: Swampert
|-status|p1a: Swampert|tox
|move|p1a: Swampert|Ice Beam|p2a: Zapdos
|-supereffective|p2a: Zapdos
|-damage|p2a: Zapdos|68/100
|
|-weather|Sandstorm|[upkeep]
|-damage|p2a: Zapdos|61/100|[from] Sandstorm
|-heal|p2a: Zapdos|68/100|[from] item: Leftovers
|-heal|p1a: Swampert|91/100 tox|[from] item: Leftovers
|-damage|p1a: Swampert|85/100 tox|[from] psn
|upkeep
|turn|30
|
|t:|1727976667
|move|p2a: Zapdos|Toxic|p1a: Swampert
|-fail|p1a: Swampert|tox
|move|p1a: Swampert|Hydro Pump|p2a: Zapdos
|-damage|p2a: Zapdos|37/100
|
|-weather|Sandstorm|[upkeep]
|-damage|p2a: Zapdos|31/100|[from] Sandstorm
|-heal|p2a: Zapdos|37/100|[from] item: Leftovers
|-heal|p1a: Swampert|91/100 tox|[from] item: Leftovers
|-damage|p1a: Swampert|78/100 tox|[from] psn
|upkeep
|turn|31
|
|t:|1727976681
|switch|p1a: Tyranitar|Tyranitar, F|100/100
|move|p2a: Zapdos|Toxic|p1a: Tyranitar
|-status|p1a: Tyranitar|tox
|
|-weather|Sandstorm|[upkeep]
|-damage|p2a: Zapdos|31/100|[from] Sandstorm
|-heal|p2a: Zapdos|37/100|[from] item: Leftovers
|-damage|p1a: Tyranitar|94/100 tox|[from] psn
|upkeep
|turn|32
|
|t:|1727976693
|switch|p2a: Jirachi|Jirachi|73/100
|-damage|p2a: Jirachi|61/100|[from] Spikes
|move|p1a: Tyranitar|Rock Slide|p2a: Jirachi
|-resisted|p2a: Jirachi
|-damage|p2a: Jirachi|45/100
|
|-weather|Sandstorm|[upkeep]
|-heal|p2a: Jirachi|51/100|[from] item: Leftovers
|-heal|p1a: Tyranitar|100/100 tox|[from] item: Leftovers
|-damage|p1a: Tyranitar|88/100 tox|[from] psn
|upkeep
|turn|33
|
|t:|1727976697
|move|p2a: Jirachi|Wish|p2a: Jirachi
|move|p1a: Tyranitar|Earthquake|p2a: Jirachi
|-supereffective|p2a: Jirachi
|-crit|p2a: Jirachi
|-damage|p2a: Jirachi|0 fnt
|faint|p2a: Jirachi
|
|t:|1727976708
|switch|p2a: Salamence|Salamence, F|94/100
|-ability|p2a: Salamence|Intimidate|boost
|-unboost|p1a: Tyranitar|atk|1
|
|-weather|Sandstorm|[upkeep]
|-damage|p2a: Salamence|88/100|[from] Sandstorm
|-heal|p1a: Tyranitar|94/100 tox|[from] item: Leftovers
|-damage|p1a: Tyranitar|76/100 tox|[from] psn
|upkeep
|turn|34
|
|t:|1727976711
|move|p2a: Salamence|Dragon Dance|p2a: Salamence
|-boost|p2a: Salamence|atk|1
|-boost|p2a: Salamence|spe|1
|move|p1a: Tyranitar|Rock Slide|p2a: Salamence
|-supereffective|p2a: Salamence
|-crit|p2a: Salamence
|-damage|p2a: Salamence|0 fnt
|faint|p2a: Salamence
|c|☆WeesKind333|eish
|
|t:|1727976726
|switch|p2a: Suicune|Suicune|100/100
|-damage|p2a: Suicune|88/100|[from] Spikes
|
|-heal|p2a: Suicune|100/100|[from] move: Wish|[wisher] Jirachi
|-weather|Sandstorm|[upkeep]
|-damage|p2a: Suicune|94/100|[from] Sandstorm
|-heal|p2a: Suicune|100/100|[from] item: Leftovers
|-heal|p1a: Tyranitar|82/100 tox|[from] item: Leftovers
|-damage|p1a: Tyranitar|57/100 tox|[from] psn
|upkeep
|turn|35
|
|t:|1727976750
|move|p2a: Suicune|Calm Mind|p2a: Suicune
|-boost|p2a: Suicune|spa|1
|-boost|p2a: Suicune|spd|1
|move|p1a: Tyranitar|Rock Slide|p2a: Suicune|[miss]
|-miss|p1a: Tyranitar|p2a: Suicune
|
|-weather|Sandstorm|[upkeep]
|-damage|p2a: Suicune|94/100|[from] Sandstorm
|-heal|p2a: Suicune|100/100|[from] item: Leftovers
|-heal|p1a: Tyranitar|63/100 tox|[from] item: Leftovers
|-damage|p1a: Tyranitar|32/100 tox|[from] psn
|upkeep
|turn|36
|
|t:|1727976762
|move|p2a: Suicune|Calm Mind|p2a: Suicune
|-boost|p2a: Suicune|spa|1
|-boost|p2a: Suicune|spd|1
|move|p1a: Tyranitar|Rock Slide|p2a: Suicune
|-damage|p2a: Suicune|79/100
|
|-weather|Sandstorm|[upkeep]
|-damage|p2a: Suicune|72/100|[from] Sandstorm
|-heal|p2a: Suicune|79/100|[from] item: Leftovers
|-heal|p1a: Tyranitar|39/100 tox|[from] item: Leftovers
|-damage|p1a: Tyranitar|1/100 tox|[from] psn
|upkeep
|turn|37
|
|t:|1727976765
|move|p2a: Suicune|Calm Mind|p2a: Suicune
|-boost|p2a: Suicune|spa|1
|-boost|p2a: Suicune|spd|1
|move|p1a: Tyranitar|Rock Slide|p2a: Suicune
|-damage|p2a: Suicune|57/100
|
|-weather|Sandstorm|[upkeep]
|-damage|p2a: Suicune|51/100|[from] Sandstorm
|-heal|p2a: Suicune|57/100|[from] item: Leftovers
|-heal|p1a: Tyranitar|8/100 tox|[from] item: Leftovers
|-damage|p1a: Tyranitar|0 fnt|[from] psn
|faint|p1a: Tyranitar
|upkeep
|
|t:|1727976772
|switch|p1a: Salamence|Salamence, F|44/100
|-ability|p1a: Salamence|Intimidate|boost
|-unboost|p2a: Suicune|atk|1
|turn|38
|inactive|WeesKind333 has 270 seconds left.
|
|t:|1727976828
|move|p1a: Salamence|Dragon Claw|p2a: Suicune
|-damage|p2a: Suicune|44/100
|move|p2a: Suicune|Surf|p1a: Salamence
|-resisted|p1a: Salamence
|-damage|p1a: Salamence|0 fnt
|faint|p1a: Salamence
|
|t:|1727976832
|switch|p1a: Aerodactyl|Aerodactyl, F|100/100
|
|-weather|Sandstorm|[upkeep]
|-damage|p2a: Suicune|38/100|[from] Sandstorm
|-heal|p2a: Suicune|44/100|[from] item: Leftovers
|upkeep
|turn|39
|
|t:|1727976852
|move|p1a: Aerodactyl|Rock Slide|p2a: Suicune
|-damage|p2a: Suicune|7/100
|cant|p2a: Suicune|flinch
|
|-weather|Sandstorm|[upkeep]
|-damage|p2a: Suicune|1/100|[from] Sandstorm
|-heal|p2a: Suicune|7/100|[from] item: Leftovers
|upkeep
|turn|40
|
|t:|1727976858
|move|p1a: Aerodactyl|Rock Slide|p2a: Suicune
|-damage|p2a: Suicune|0 fnt
|faint|p2a: Suicune
|
|t:|1727976860
|switch|p2a: Zapdos|Zapdos|37/100
|
|-weather|Sandstorm|[upkeep]
|-damage|p2a: Zapdos|31/100|[from] Sandstorm
|-heal|p2a: Zapdos|37/100|[from] item: Leftovers
|upkeep
|turn|41
|
|t:|1727976862
|move|p1a: Aerodactyl|Rock Slide|p2a: Zapdos
|-supereffective|p2a: Zapdos
|-damage|p2a: Zapdos|0 fnt
|faint|p2a: Zapdos
|
|win|TechSavage
|c|☆WeesKind333|gg
|c|☆TechSavage|gg, I def got lucky at the end

</script>
<script type="application/json" class="data" id="replaydata-smogtours-gen3ou-794264">
{"id":"smogtours-gen3ou-794264","format":"[Gen 3] OU","players":["TechSavage","WeesKind333"],"uploadtime":1727976862,"views":95,"formatid":"gen3ou","rating":null,"private":0,"password":null}
</script>

<script defer src="js/replays.js?9d40a366"></script>
