<!DOCTYPE html>
<meta charset="utf-8" />
<meta name="viewport" content="width=device-width" />

<title>[Gen 3] OU: tefoshark vs. Sificon~ - Replays - Pok&eacute;mon Showdown!</title>

<meta name="description" content="Watch a replay of a Pok&eacute;mon battle between tefoshark and Sificon~! Format: [Gen 3] OU; Date: Nov 2, 2024" />
<!--

Hey, you! Looking in the source for the replay log?

You can find them in JSON format, just add `.json` at the end of a replay URL.

https://replay.pokemonshowdown.com/gen7randomdoublesbattle-865046831.json

Or, if you only need the log itself, add `.log` instead:

https://replay.pokemonshowdown.com/gen7randomdoublesbattle-865046831.log

-->

<link rel="stylesheet" href="//pokemonshowdown.com/style/global.css?0.023195364461161105" />
<link rel="stylesheet" href="//play.pokemonshowdown.com/style/font-awesome.css?0.13261647063804238" />
<link rel="stylesheet" href="//play.pokemonshowdown.com/style/battle.css?0.8753245789963631" />
<link rel="stylesheet" href="//play.pokemonshowdown.com/style/utilichart.css?0.8627959624976733" />

<!-- Global site tag (gtag.js) - Google Analytics -->
<script async src="https://www.googletagmanager.com/gtag/js?id=UA-26211653-1"></script>
<script>
  window.dataLayer = window.dataLayer || [];
  function gtag(){dataLayer.push(arguments);}
  gtag('js', new Date());

  gtag('config', 'UA-26211653-1');
</script>
<!-- End Google Analytics -->
<!-- Venatus Ad Manager - Install in <HEAD> of page -->
	<script src="https://hb.vntsm.com/v3/live/ad-manager.min.js" type="text/javascript" data-site-id="642aba63ec9a7b11c3c9c1be" data-mode="scan" async></script>
<!-- / Venatus Ad Manager -->

<style>
	@media (max-width:820px) {
		.battle {
			margin: 0 auto;
		}
		.battle-log {
			margin: 7px auto 0;
			max-width: 640px;
			height: 300px;
			position: static;
		}
	}
	.optgroup {
		display: inline-block;
		line-height: 22px;
		font-size: 10pt;
	}
	.optgroup .button {
		height: 25px;
		padding-top: 0;
		padding-bottom: 0;
	}
	.optgroup button.button {
		padding-left: 12px;
		padding-right: 12px;
	}
	.linklist {
		list-style: none;
		margin: 0.5em 0;
		padding: 0;
	}
	.linklist li {
		padding: 2px 0;
	}
	.sidebar {
		float: left;
		width: 320px;
	}
	.bar-wrapper {
		max-width: 1100px;
		margin: 0 auto;
	}
	.bar-wrapper.has-sidebar {
		max-width: 1430px;
	}
	.mainbar {
		margin: 0;
		padding-right: 1px;
	}
	.mainbar.has-sidebar {
		margin-left: 330px;
	}
	@media (min-width: 1511px) {
		.sidebar {
			width: 400px;
		}
		.bar-wrapper.has-sidebar {
			max-width: 1510px;
		}
		.mainbar.has-sidebar {
			margin-left: 410px;
		}
	}
	.section.first-section {
		margin-top: 9px;
	}
	.blocklink small {
		white-space: normal;
	}
	.button {
		vertical-align: middle;
	}
	.replay-controls {
		padding-top: 10px;
	}
	.replay-controls h1 {
		font-size: 16pt;
		font-weight: normal;
		color: #CCC;
	}
	.pagelink {
		text-align: center;
	}
	.pagelink a {
		width: 150px;
	}
	.textbox, .button {
		font-size: 11pt;
		vertical-align: middle;
	}
	@media (max-width: 450px) {
		.button {
			font-size: 9pt;
		}
	}
</style>

<div>

	<header>
		<div class="nav-wrapper"><ul class="nav">
			<li><a class="button nav-first" href="//pokemonshowdown.com/"><img src="//pokemonshowdown.com/images/pokemonshowdownbeta.png" srcset="//pokemonshowdown.com/images/pokemonshowdownbeta.png 1x, //pokemonshowdown.com/images/pokemonshowdownbeta@2x.png 2x" alt="Pok&eacute;mon Showdown" width="146" height="44" /> Home</a></li>
			<li><a class="button" href="//pokemonshowdown.com/dex/">Pok&eacute;dex</a></li>
			<li><a class="button cur" href="/">Replays</a></li>
			<li><a class="button" href="//pokemonshowdown.com/ladder/">Ladder</a></li>
			<li><a class="button nav-last" href="//pokemonshowdown.com/forums/">Forum</a></li>
			<li><a class="button greenbutton nav-first nav-last" href="//play.pokemonshowdown.com/">Play</a></li>
		</ul></div>
	</header>

	<div class="main" id="main">

		<noscript><section class="section">You need to enable JavaScript to use this page; sorry!</section></noscript>

	</div>

</div>

<script defer nomodule src="//play.pokemonshowdown.com/js/lib/ps-polyfill.js"></script>
<script defer src="//play.pokemonshowdown.com/js/lib/preact.min.js"></script>

<script defer src="//play.pokemonshowdown.com/config/config.js?2bddbc15"></script>
<script defer src="//play.pokemonshowdown.com/js/lib/jquery-1.11.0.min.js"></script>
<script defer src="//play.pokemonshowdown.com/js/lib/html-sanitizer-minified.js"></script>
<script defer src="//play.pokemonshowdown.com/js/battle-sound.js"></script>
<script defer src="//play.pokemonshowdown.com/js/battledata.js?0.7209276989879541"></script>
<script defer src="//play.pokemonshowdown.com/data/pokedex-mini.js?0.6111056340867951"></script>
<script defer src="//play.pokemonshowdown.com/data/pokedex-mini-bw.js?0.3532142036491459"></script>
<script defer src="//play.pokemonshowdown.com/data/graphics.js?0.24223875632456182"></script>
<script defer src="//play.pokemonshowdown.com/data/pokedex.js?0.38839984266356864"></script>
<script defer src="//play.pokemonshowdown.com/data/moves.js?0.21866028504024015"></script>
<script defer src="//play.pokemonshowdown.com/data/abilities.js?0.2005157953846628"></script>
<script defer src="//play.pokemonshowdown.com/data/items.js?0.9894211263848525"></script>
<script defer src="//play.pokemonshowdown.com/data/teambuilder-tables.js?0.6008791140282215"></script>
<script defer src="//play.pokemonshowdown.com/js/battle-tooltips.js?0.7580118955022959"></script>
<script defer src="//play.pokemonshowdown.com/js/battle.js?0.6057722274234274"></script>

<script defer src="js/utils.js?e31f9a17"></script>
<script defer src="js/replays-battle.js?7008c182"></script>

<!-- don't scrape this data! just add .json or .log after the URL!
Full API docs: https://github.com/smogon/pokemon-showdown-client/blob/master/WEB-API.md -->
<script type="text/plain" class="log" id="replaylog-smogtours-gen3ou-803994">
|inactive|Battle timer is ON: inactive players will automatically lose when time's up.
|t:|1730568713
|gametype|singles
|player|p1|tefoshark|acetrainer|
|player|p2|Sificon~|#sificon|
|teamsize|p1|6
|teamsize|p2|6
|gen|3
|tier|[Gen 3] OU
|rule|Sleep Clause Mod: Limit one foe put to sleep
|rule|Switch Priority Clause Mod: Faster Pokémon switch first
|rule|Species Clause: Limit one of each Pokémon
|rule|OHKO Clause: OHKO moves are banned
|rule|Evasion Items Clause: Evasion items are banned
|rule|Evasion Moves Clause: Evasion moves are banned
|rule|Endless Battle Clause: Forcing endless battles is banned
|rule|HP Percentage Mod: HP is shown in percentages
|rule|One Boost Passer Clause: Limit one Baton Passer that has a way to boost its stats
|rule|Freeze Clause Mod: Limit one foe frozen
|
|t:|1730568713
|start
|switch|p1a: Skarmory|Skarmory, M|100/100
|switch|p2a: Whammer|Metagross, shiny|100/100
|turn|1
|inactive|Sificon~ also wants the timer to be on.
|
|t:|1730568721
|move|p2a: Whammer|Meteor Mash|p1a: Skarmory|[miss]
|-miss|p2a: Whammer|p1a: Skarmory
|move|p1a: Skarmory|Spikes|p2a: Whammer
|-sidestart|p2: Sificon~|Spikes
|
|upkeep
|turn|2
|
|t:|1730568736
|move|p2a: Whammer|Meteor Mash|p1a: Skarmory
|-resisted|p1a: Skarmory
|-damage|p1a: Skarmory|66/100
|move|p1a: Skarmory|Spikes|p2a: Whammer
|-sidestart|p2: Sificon~|Spikes
|
|-heal|p1a: Skarmory|72/100|[from] item: Leftovers
|upkeep
|turn|3
|
|t:|1730568745
|move|p1a: Skarmory|Protect|p1a: Skarmory
|-singleturn|p1a: Skarmory|Protect
|move|p2a: Whammer|Meteor Mash|p1a: Skarmory
|-activate|p1a: Skarmory|Protect
|
|-heal|p1a: Skarmory|78/100|[from] item: Leftovers
|upkeep
|turn|4
|
|t:|1730568747
|move|p2a: Whammer|Meteor Mash|p1a: Skarmory
|-resisted|p1a: Skarmory
|-damage|p1a: Skarmory|44/100
|move|p1a: Skarmory|Spikes|p2a: Whammer
|-sidestart|p2: Sificon~|Spikes
|
|-heal|p1a: Skarmory|50/100|[from] item: Leftovers
|upkeep
|turn|5
|
|t:|1730568754
|move|p1a: Skarmory|Protect|p1a: Skarmory
|-singleturn|p1a: Skarmory|Protect
|move|p2a: Whammer|Meteor Mash|p1a: Skarmory|[miss]
|-miss|p2a: Whammer|p1a: Skarmory
|
|-heal|p1a: Skarmory|56/100|[from] item: Leftovers
|upkeep
|turn|6
|
|t:|1730568758
|move|p2a: Whammer|Meteor Mash|p1a: Skarmory
|-resisted|p1a: Skarmory
|-damage|p1a: Skarmory|23/100
|move|p1a: Skarmory|Roar|p2a: Whammer
|drag|p2a: Slammer|Aerodactyl, M|100/100
|
|-heal|p1a: Skarmory|29/100|[from] item: Leftovers
|upkeep
|turn|7
|
|t:|1730568771
|switch|p2a: The Doll|Claydol|100/100
|move|p1a: Skarmory|Protect||[still]
|-fail|p1a: Skarmory
|
|-heal|p1a: Skarmory|35/100|[from] item: Leftovers
|upkeep
|turn|8
|
|t:|1730568777
|move|p2a: The Doll|Rapid Spin|p1a: Skarmory
|-resisted|p1a: Skarmory
|-damage|p1a: Skarmory|33/100
|-sideend|p2: Sificon~|Spikes|[from] move: Rapid Spin|[of] p2a: The Doll
|move|p1a: Skarmory|Toxic|p2a: The Doll
|-status|p2a: The Doll|tox
|
|-damage|p2a: The Doll|95/100 tox|[from] psn
|-heal|p1a: Skarmory|39/100|[from] item: Leftovers
|upkeep
|turn|9
|
|t:|1730568786
|switch|p2a: Whammer|Metagross, shiny|100/100
|move|p1a: Skarmory|Spikes|p2a: Whammer
|-sidestart|p2: Sificon~|Spikes
|
|-heal|p1a: Skarmory|45/100|[from] item: Leftovers
|upkeep
|turn|10
|
|t:|1730568789
|move|p1a: Skarmory|Protect|p1a: Skarmory
|-singleturn|p1a: Skarmory|Protect
|move|p2a: Whammer|Meteor Mash|p1a: Skarmory|[miss]
|-miss|p2a: Whammer|p1a: Skarmory
|
|-heal|p1a: Skarmory|51/100|[from] item: Leftovers
|upkeep
|turn|11
|
|t:|1730568799
|move|p2a: Whammer|Meteor Mash|p1a: Skarmory
|-resisted|p1a: Skarmory
|-damage|p1a: Skarmory|19/100
|move|p1a: Skarmory|Spikes|p2a: Whammer
|-sidestart|p2: Sificon~|Spikes
|
|-heal|p1a: Skarmory|25/100|[from] item: Leftovers
|upkeep
|turn|12
|
|t:|1730568804
|move|p1a: Skarmory|Protect|p1a: Skarmory
|-singleturn|p1a: Skarmory|Protect
|move|p2a: Whammer|Meteor Mash|p1a: Skarmory
|-activate|p1a: Skarmory|Protect
|
|-heal|p1a: Skarmory|31/100|[from] item: Leftovers
|upkeep
|turn|13
|
|t:|1730568811
|switch|p1a: Metagross|Metagross|100/100
|move|p2a: Whammer|Meteor Mash|p1a: Metagross
|-resisted|p1a: Metagross
|-damage|p1a: Metagross|66/100
|-boost|p2a: Whammer|atk|1
|
|upkeep
|turn|14
|
|t:|1730568819
|move|p1a: Metagross|Earthquake|p2a: Whammer
|-supereffective|p2a: Whammer
|-damage|p2a: Whammer|0 fnt
|faint|p2a: Whammer
|
|t:|1730568825
|switch|p2a: The Doll|Claydol|95/100 tox
|
|-heal|p2a: The Doll|100/100 tox|[from] item: Leftovers
|-damage|p2a: The Doll|95/100 tox|[from] psn
|upkeep
|turn|15
|
|t:|1730568829
|switch|p1a: Gengar|Gengar, F|100/100
|move|p2a: The Doll|Rapid Spin|p1a: Gengar
|-immune|p1a: Gengar
|
|-heal|p2a: The Doll|100/100 tox|[from] item: Leftovers
|-damage|p2a: The Doll|89/100 tox|[from] psn
|upkeep
|turn|16
|
|t:|1730568841
|switch|p1a: Tyranitar|Tyranitar, F|100/100
|-weather|Sandstorm|[from] ability: Sand Stream|[of] p1a: Tyranitar
|switch|p2a: Blammer|Tyranitar, M|100/100
|-damage|p2a: Blammer|84/100|[from] Spikes
|
|-weather|Sandstorm|[upkeep]
|upkeep
|turn|17
|
|t:|1730568857
|move|p2a: Blammer|Earthquake|p1a: Tyranitar
|-supereffective|p1a: Tyranitar
|-damage|p1a: Tyranitar|6/100
|move|p1a: Tyranitar|Earthquake|p2a: Blammer
|-supereffective|p2a: Blammer
|-damage|p2a: Blammer|19/100
|
|-weather|Sandstorm|[upkeep]
|-heal|p1a: Tyranitar|12/100|[from] item: Leftovers
|upkeep
|turn|18
|
|t:|1730568867
|move|p2a: Blammer|Earthquake|p1a: Tyranitar
|-supereffective|p1a: Tyranitar
|-damage|p1a: Tyranitar|0 fnt
|faint|p1a: Tyranitar
|
|t:|1730568889
|switch|p1a: Gengar|Gengar, F|100/100
|
|-weather|Sandstorm|[upkeep]
|-damage|p1a: Gengar|95/100|[from] Sandstorm
|-heal|p1a: Gengar|100/100|[from] item: Leftovers
|upkeep
|turn|19
|inactive|Sificon~ has 270 seconds left.
|inactive|Sificon~ has 240 seconds left.
|
|t:|1730568957
|switch|p2a: Gary|Gengar, F, shiny|100/100
|move|p1a: Gengar|Ice Punch|p2a: Gary
|-damage|p2a: Gary|57/100
|
|-weather|Sandstorm|[upkeep]
|-damage|p1a: Gengar|95/100|[from] Sandstorm
|-damage|p2a: Gary|51/100|[from] Sandstorm
|-heal|p1a: Gengar|100/100|[from] item: Leftovers
|-heal|p2a: Gary|57/100|[from] item: Leftovers
|upkeep
|turn|20
|
|t:|1730568964
|move|p1a: Gengar|Ice Punch|p2a: Gary
|-damage|p2a: Gary|16/100
|move|p2a: Gary|Thunderbolt|p1a: Gengar
|-damage|p1a: Gengar|48/100
|
|-weather|Sandstorm|[upkeep]
|-damage|p1a: Gengar|43/100|[from] Sandstorm
|-damage|p2a: Gary|9/100|[from] Sandstorm
|-heal|p1a: Gengar|48/100|[from] item: Leftovers
|-heal|p2a: Gary|16/100|[from] item: Leftovers
|upkeep
|turn|21
|
|t:|1730568970
|move|p1a: Gengar|Ice Punch|p2a: Gary
|-damage|p2a: Gary|0 fnt
|faint|p2a: Gary
|
|t:|1730568973
|switch|p2a: Slammer|Aerodactyl, M|100/100
|
|-weather|Sandstorm|[upkeep]
|-damage|p1a: Gengar|43/100|[from] Sandstorm
|-heal|p1a: Gengar|48/100|[from] item: Leftovers
|upkeep
|turn|22
|
|t:|1730568980
|switch|p1a: Skarmory|Skarmory, M|31/100
|move|p2a: Slammer|Hidden Power|p1a: Skarmory
|-resisted|p1a: Skarmory
|-damage|p1a: Skarmory|14/100
|
|-weather|Sandstorm|[upkeep]
|-heal|p1a: Skarmory|20/100|[from] item: Leftovers
|upkeep
|turn|23
|inactive|Sificon~ has 270 seconds left.
|
|t:|1730568989
|switch|p2a: The Doll|Claydol|89/100 tox
|move|p1a: Skarmory|Protect||[still]
|-fail|p1a: Skarmory
|
|-weather|Sandstorm|[upkeep]
|-heal|p2a: The Doll|95/100 tox|[from] item: Leftovers
|-damage|p2a: The Doll|89/100 tox|[from] psn
|-heal|p1a: Skarmory|26/100|[from] item: Leftovers
|upkeep
|turn|24
|
|t:|1730568994
|move|p1a: Skarmory|Protect|p1a: Skarmory
|-singleturn|p1a: Skarmory|Protect
|move|p2a: The Doll|Rapid Spin|p1a: Skarmory
|-activate|p1a: Skarmory|Protect
|
|-weather|Sandstorm|[upkeep]
|-heal|p2a: The Doll|95/100 tox|[from] item: Leftovers
|-damage|p2a: The Doll|83/100 tox|[from] psn
|-heal|p1a: Skarmory|32/100|[from] item: Leftovers
|upkeep
|turn|25
|
|t:|1730569000
|move|p2a: The Doll|Rock Slide|p1a: Skarmory
|-damage|p1a: Skarmory|18/100
|move|p1a: Skarmory|Spikes|p2a: The Doll
|-sidestart|p2: Sificon~|Spikes
|
|-weather|Sandstorm|[upkeep]
|-heal|p2a: The Doll|89/100 tox|[from] item: Leftovers
|-damage|p2a: The Doll|71/100 tox|[from] psn
|-heal|p1a: Skarmory|24/100|[from] item: Leftovers
|upkeep
|turn|26
|
|t:|1730569014
|move|p1a: Skarmory|Protect|p1a: Skarmory
|-singleturn|p1a: Skarmory|Protect
|move|p2a: The Doll|Rapid Spin|p1a: Skarmory
|-activate|p1a: Skarmory|Protect
|
|-weather|Sandstorm|[upkeep]
|-heal|p2a: The Doll|77/100 tox|[from] item: Leftovers
|-damage|p2a: The Doll|53/100 tox|[from] psn
|-heal|p1a: Skarmory|30/100|[from] item: Leftovers
|upkeep
|turn|27
|
|t:|1730569022
|move|p2a: The Doll|Rapid Spin|p1a: Skarmory
|-resisted|p1a: Skarmory
|-damage|p1a: Skarmory|29/100
|-sideend|p2: Sificon~|Spikes|[from] move: Rapid Spin|[of] p2a: The Doll
|move|p1a: Skarmory|Spikes|p2a: The Doll
|-sidestart|p2: Sificon~|Spikes
|
|-weather|Sandstorm|[upkeep]
|-heal|p2a: The Doll|59/100 tox|[from] item: Leftovers
|-damage|p2a: The Doll|29/100 tox|[from] psn
|-heal|p1a: Skarmory|35/100|[from] item: Leftovers
|upkeep
|turn|28
|
|t:|1730569031
|move|p2a: The Doll|Explosion|p1a: Skarmory
|-resisted|p1a: Skarmory
|-damage|p1a: Skarmory|0 fnt
|faint|p2a: The Doll
|faint|p1a: Skarmory
|
|t:|1730569042
|switch|p2a: Slammer|Aerodactyl, M|100/100
|switch|p1a: Starmie|Starmie|100/100
|
|-weather|Sandstorm|[upkeep]
|-damage|p1a: Starmie|94/100|[from] Sandstorm
|-heal|p1a: Starmie|100/100|[from] item: Leftovers
|upkeep
|turn|29
|
|t:|1730569068
|move|p2a: Slammer|Rock Slide|p1a: Starmie
|-damage|p1a: Starmie|27/100
|cant|p1a: Starmie|flinch
|
|-weather|Sandstorm|[upkeep]
|-damage|p1a: Starmie|21/100|[from] Sandstorm
|-heal|p1a: Starmie|27/100|[from] item: Leftovers
|upkeep
|turn|30
|c|☆Sificon~|mb
|
|t:|1730569078
|switch|p1a: Metagross|Metagross|66/100
|move|p2a: Slammer|Rock Slide|p1a: Metagross|[miss]
|-miss|p2a: Slammer|p1a: Metagross
|
|-weather|Sandstorm|[upkeep]
|upkeep
|turn|31
|
|t:|1730569084
|switch|p2a: Blammer|Tyranitar, M|19/100
|-damage|p2a: Blammer|6/100|[from] Spikes
|move|p1a: Metagross|Meteor Mash|p2a: Blammer
|-supereffective|p2a: Blammer
|-damage|p2a: Blammer|0 fnt
|-boost|p1a: Metagross|atk|1
|faint|p2a: Blammer
|c|☆tefoshark|dw it happens
|
|t:|1730569094
|switch|p2a: Thwomper|Swampert, F|100/100
|-damage|p2a: Thwomper|88/100|[from] Spikes
|
|-weather|Sandstorm|[upkeep]
|-heal|p2a: Thwomper|94/100|[from] item: Leftovers
|upkeep
|turn|32
|
|t:|1730569101
|switch|p1a: Starmie|Starmie|27/100
|move|p2a: Thwomper|Earthquake|p1a: Starmie
|-damage|p1a: Starmie|0 fnt
|faint|p1a: Starmie
|
|t:|1730569110
|switch|p1a: Jolteon|Jolteon, M|100/100
|
|-weather|Sandstorm|[upkeep]
|-damage|p1a: Jolteon|94/100|[from] Sandstorm
|-heal|p1a: Jolteon|100/100|[from] item: Leftovers
|-heal|p2a: Thwomper|100/100|[from] item: Leftovers
|upkeep
|turn|33
|
|t:|1730569134
|move|p1a: Jolteon|Hidden Power|p2a: Thwomper
|-supereffective|p2a: Thwomper
|-damage|p2a: Thwomper|23/100
|move|p2a: Thwomper|Earthquake|p1a: Jolteon
|-supereffective|p1a: Jolteon
|-damage|p1a: Jolteon|0 fnt
|faint|p1a: Jolteon
|
|t:|1730569139
|switch|p1a: Gengar|Gengar, F|48/100
|
|-weather|Sandstorm|[upkeep]
|-damage|p1a: Gengar|43/100|[from] Sandstorm
|-heal|p1a: Gengar|48/100|[from] item: Leftovers
|-heal|p2a: Thwomper|29/100|[from] item: Leftovers
|upkeep
|turn|34
|
|t:|1730569142
|switch|p2a: Slammer|Aerodactyl, M|100/100
|move|p1a: Gengar|Hidden Power|p2a: Slammer
|-damage|p2a: Slammer|66/100
|
|-weather|Sandstorm|[upkeep]
|-damage|p1a: Gengar|43/100|[from] Sandstorm
|-heal|p1a: Gengar|48/100|[from] item: Leftovers
|upkeep
|turn|35
|
|t:|1730569149
|move|p2a: Slammer|Hidden Power|p1a: Gengar
|-damage|p1a: Gengar|0 fnt
|faint|p1a: Gengar
|
|t:|1730569153
|switch|p1a: Metagross|Metagross|66/100
|
|-weather|Sandstorm|[upkeep]
|upkeep
|turn|36
|
|t:|1730569155
|switch|p2a: Thwomper|Swampert, F|29/100
|-damage|p2a: Thwomper|17/100|[from] Spikes
|move|p1a: Metagross|Meteor Mash|p2a: Thwomper
|-resisted|p2a: Thwomper
|-damage|p2a: Thwomper|0 fnt
|faint|p2a: Thwomper
|
|t:|1730569157
|switch|p2a: Slammer|Aerodactyl, M|66/100
|
|-weather|Sandstorm|[upkeep]
|upkeep
|turn|37
|
|t:|1730569159
|move|p2a: Slammer|Earthquake|p1a: Metagross
|-supereffective|p1a: Metagross
|-damage|p1a: Metagross|0 fnt
|faint|p1a: Metagross
|
|win|Sificon~
|c|☆tefoshark|gg
|c|☆Sificon~|ggs
|player|p1|

</script>
<script type="application/json" class="data" id="replaydata-smogtours-gen3ou-803994">
{"id":"smogtours-gen3ou-803994","format":"[Gen 3] OU","players":["tefoshark","Sificon~"],"uploadtime":1730569159,"views":49,"formatid":"gen3ou","rating":null,"private":0,"password":null}
</script>

<script defer src="js/replays.js?9d40a366"></script>
