<!DOCTYPE html>
<meta charset="utf-8" />
<meta name="viewport" content="width=device-width" />

<title>[Gen 3] OU: temrane vs. jozin457 - Replays - Pok&eacute;mon Showdown!</title>

<meta name="description" content="Watch a replay of a Pok&eacute;mon battle between temrane and jozin457! Format: [Gen 3] OU; Date: Oct 14, 2024" />
<!--

Hey, you! Looking in the source for the replay log?

You can find them in JSON format, just add `.json` at the end of a replay URL.

https://replay.pokemonshowdown.com/gen7randomdoublesbattle-865046831.json

Or, if you only need the log itself, add `.log` instead:

https://replay.pokemonshowdown.com/gen7randomdoublesbattle-865046831.log

-->

<link rel="stylesheet" href="//pokemonshowdown.com/style/global.css?0.767286132409787" />
<link rel="stylesheet" href="//play.pokemonshowdown.com/style/font-awesome.css?0.9266228007934947" />
<link rel="stylesheet" href="//play.pokemonshowdown.com/style/battle.css?0.7924700842790926" />
<link rel="stylesheet" href="//play.pokemonshowdown.com/style/utilichart.css?0.8777417872839479" />

<!-- Global site tag (gtag.js) - Google Analytics -->
<script async src="https://www.googletagmanager.com/gtag/js?id=UA-26211653-1"></script>
<script>
  window.dataLayer = window.dataLayer || [];
  function gtag(){dataLayer.push(arguments);}
  gtag('js', new Date());

  gtag('config', 'UA-26211653-1');
</script>
<!-- End Google Analytics -->
<!-- Venatus Ad Manager - Install in <HEAD> of page -->
	<script src="https://hb.vntsm.com/v3/live/ad-manager.min.js" type="text/javascript" data-site-id="642aba63ec9a7b11c3c9c1be" data-mode="scan" async></script>
<!-- / Venatus Ad Manager -->

<style>
	@media (max-width:820px) {
		.battle {
			margin: 0 auto;
		}
		.battle-log {
			margin: 7px auto 0;
			max-width: 640px;
			height: 300px;
			position: static;
		}
	}
	.optgroup {
		display: inline-block;
		line-height: 22px;
		font-size: 10pt;
	}
	.optgroup .button {
		height: 25px;
		padding-top: 0;
		padding-bottom: 0;
	}
	.optgroup button.button {
		padding-left: 12px;
		padding-right: 12px;
	}
	.linklist {
		list-style: none;
		margin: 0.5em 0;
		padding: 0;
	}
	.linklist li {
		padding: 2px 0;
	}
	.sidebar {
		float: left;
		width: 320px;
	}
	.bar-wrapper {
		max-width: 1100px;
		margin: 0 auto;
	}
	.bar-wrapper.has-sidebar {
		max-width: 1430px;
	}
	.mainbar {
		margin: 0;
		padding-right: 1px;
	}
	.mainbar.has-sidebar {
		margin-left: 330px;
	}
	@media (min-width: 1511px) {
		.sidebar {
			width: 400px;
		}
		.bar-wrapper.has-sidebar {
			max-width: 1510px;
		}
		.mainbar.has-sidebar {
			margin-left: 410px;
		}
	}
	.section.first-section {
		margin-top: 9px;
	}
	.blocklink small {
		white-space: normal;
	}
	.button {
		vertical-align: middle;
	}
	.replay-controls {
		padding-top: 10px;
	}
	.replay-controls h1 {
		font-size: 16pt;
		font-weight: normal;
		color: #CCC;
	}
	.pagelink {
		text-align: center;
	}
	.pagelink a {
		width: 150px;
	}
	.textbox, .button {
		font-size: 11pt;
		vertical-align: middle;
	}
	@media (max-width: 450px) {
		.button {
			font-size: 9pt;
		}
	}
</style>

<div>

	<header>
		<div class="nav-wrapper"><ul class="nav">
			<li><a class="button nav-first" href="//pokemonshowdown.com/"><img src="//pokemonshowdown.com/images/pokemonshowdownbeta.png" srcset="//pokemonshowdown.com/images/pokemonshowdownbeta.png 1x, //pokemonshowdown.com/images/pokemonshowdownbeta@2x.png 2x" alt="Pok&eacute;mon Showdown" width="146" height="44" /> Home</a></li>
			<li><a class="button" href="//pokemonshowdown.com/dex/">Pok&eacute;dex</a></li>
			<li><a class="button cur" href="/">Replays</a></li>
			<li><a class="button" href="//pokemonshowdown.com/ladder/">Ladder</a></li>
			<li><a class="button nav-last" href="//pokemonshowdown.com/forums/">Forum</a></li>
			<li><a class="button greenbutton nav-first nav-last" href="//play.pokemonshowdown.com/">Play</a></li>
		</ul></div>
	</header>

	<div class="main" id="main">

		<noscript><section class="section">You need to enable JavaScript to use this page; sorry!</section></noscript>

	</div>

</div>

<script defer nomodule src="//play.pokemonshowdown.com/js/lib/ps-polyfill.js"></script>
<script defer src="//play.pokemonshowdown.com/js/lib/preact.min.js"></script>

<script defer src="//play.pokemonshowdown.com/config/config.js?6dec07f6"></script>
<script defer src="//play.pokemonshowdown.com/js/lib/jquery-1.11.0.min.js"></script>
<script defer src="//play.pokemonshowdown.com/js/lib/html-sanitizer-minified.js"></script>
<script defer src="//play.pokemonshowdown.com/js/battle-sound.js"></script>
<script defer src="//play.pokemonshowdown.com/js/battledata.js?0.6315294753075389"></script>
<script defer src="//play.pokemonshowdown.com/data/pokedex-mini.js?0.7603743185311358"></script>
<script defer src="//play.pokemonshowdown.com/data/pokedex-mini-bw.js?0.030888842834281283"></script>
<script defer src="//play.pokemonshowdown.com/data/graphics.js?0.05593094747507488"></script>
<script defer src="//play.pokemonshowdown.com/data/pokedex.js?0.47064822249611904"></script>
<script defer src="//play.pokemonshowdown.com/data/moves.js?0.8583693120512459"></script>
<script defer src="//play.pokemonshowdown.com/data/abilities.js?0.16017181182386842"></script>
<script defer src="//play.pokemonshowdown.com/data/items.js?0.4163379185673943"></script>
<script defer src="//play.pokemonshowdown.com/data/teambuilder-tables.js?0.31075597372830477"></script>
<script defer src="//play.pokemonshowdown.com/js/battle-tooltips.js?0.6536193500708172"></script>
<script defer src="//play.pokemonshowdown.com/js/battle.js?0.1916591943277901"></script>

<script defer src="js/utils.js?e31f9a17"></script>
<script defer src="js/replays-battle.js?7008c182"></script>

<!-- don't scrape this data! just add .json or .log after the URL!
Full API docs: https://github.com/smogon/pokemon-showdown-client/blob/master/WEB-API.md -->
<script type="text/plain" class="log" id="replaylog-smogtours-gen3ou-798667">
|inactive|Battle timer is ON: inactive players will automatically lose when time's up.
|t:|1728925823
|gametype|singles
|player|p1|temrane|1|
|player|p2|jozin457|infielder|
|teamsize|p1|6
|teamsize|p2|6
|gen|3
|tier|[Gen 3] OU
|rule|Sleep Clause Mod: Limit one foe put to sleep
|rule|Switch Priority Clause Mod: Faster Pokémon switch first
|rule|Species Clause: Limit one of each Pokémon
|rule|OHKO Clause: OHKO moves are banned
|rule|Evasion Items Clause: Evasion items are banned
|rule|Evasion Moves Clause: Evasion moves are banned
|rule|Endless Battle Clause: Forcing endless battles is banned
|rule|HP Percentage Mod: HP is shown in percentages
|rule|One Boost Passer Clause: Limit one Baton Passer that has a way to boost its stats
|rule|Freeze Clause Mod: Limit one foe frozen
|
|t:|1728925823
|start
|switch|p1a: Medicham|Medicham, F|100/100
|switch|p2a: Snorlax|Snorlax, M, shiny|100/100
|turn|1
|c|☆jozin457|hf
|c|☆temrane|glhf
|
|t:|1728925839
|switch|p2a: Gyarados|Gyarados, M|100/100
|-ability|p2a: Gyarados|Intimidate|boost
|-unboost|p1a: Medicham|atk|1
|move|p1a: Medicham|Brick Break|p2a: Gyarados
|-resisted|p2a: Gyarados
|-damage|p2a: Gyarados|80/100
|
|-heal|p2a: Gyarados|86/100|[from] item: Leftovers
|upkeep
|turn|2
|
|t:|1728925862
|switch|p1a: Salamence|Salamence, F|100/100
|-ability|p1a: Salamence|Intimidate|boost
|-unboost|p2a: Gyarados|atk|1
|move|p2a: Gyarados|Thunder Wave|p1a: Salamence
|-status|p1a: Salamence|par
|
|-heal|p2a: Gyarados|92/100|[from] item: Leftovers
|upkeep
|turn|3
|
|t:|1728925879
|switch|p2a: Snorlax|Snorlax, M, shiny|100/100
|move|p1a: Salamence|Rock Slide|p2a: Snorlax|[miss]
|-miss|p1a: Salamence|p2a: Snorlax
|
|upkeep
|turn|4
|
|t:|1728925885
|switch|p1a: Medicham|Medicham, F|100/100
|move|p2a: Snorlax|Body Slam|p1a: Medicham
|-damage|p1a: Medicham|38/100
|
|upkeep
|turn|5
|
|t:|1728925892
|-singleturn|p1a: Medicham|move: Focus Punch
|move|p2a: Snorlax|Body Slam|p1a: Medicham
|-damage|p1a: Medicham|0 fnt
|faint|p1a: Medicham
|
|t:|1728925900
|switch|p1a: Tyranitar|Tyranitar, M|100/100
|-weather|Sandstorm|[from] ability: Sand Stream|[of] p1a: Tyranitar
|
|-weather|Sandstorm|[upkeep]
|-damage|p2a: Snorlax|94/100|[from] Sandstorm
|-heal|p2a: Snorlax|100/100|[from] item: Leftovers
|upkeep
|turn|6
|
|t:|1728925914
|switch|p2a: Swampert|Swampert, M|100/100
|move|p1a: Tyranitar|Crunch|p2a: Swampert
|-damage|p2a: Swampert|72/100
|-unboost|p2a: Swampert|spd|1
|
|-weather|Sandstorm|[upkeep]
|-heal|p2a: Swampert|78/100|[from] item: Leftovers
|upkeep
|turn|7
|
|t:|1728925917
|move|p2a: Swampert|Protect|p2a: Swampert
|-singleturn|p2a: Swampert|Protect
|move|p1a: Tyranitar|Hidden Power|p2a: Swampert
|-activate|p2a: Swampert|Protect
|
|-weather|Sandstorm|[upkeep]
|-heal|p2a: Swampert|85/100|[from] item: Leftovers
|upkeep
|turn|8
|
|t:|1728925929
|-activate|p2a: Swampert|move: Pursuit
|move|p1a: Tyranitar|Pursuit|p2a: Swampert|[from]Pursuit
|-damage|p2a: Swampert|42/100
|switch|p2a: Snorlax|Snorlax, M, shiny|100/100
|
|-weather|Sandstorm|[upkeep]
|-damage|p2a: Snorlax|94/100|[from] Sandstorm
|-heal|p2a: Snorlax|100/100|[from] item: Leftovers
|upkeep
|turn|9
|
|t:|1728925936
|switch|p1a: Forretress|Forretress, F|100/100
|move|p2a: Snorlax|Earthquake|p1a: Forretress
|-damage|p1a: Forretress|77/100
|
|-weather|Sandstorm|[upkeep]
|-damage|p2a: Snorlax|94/100|[from] Sandstorm
|-heal|p1a: Forretress|84/100|[from] item: Leftovers
|-heal|p2a: Snorlax|100/100|[from] item: Leftovers
|upkeep
|turn|10
|
|t:|1728925949
|switch|p2a: Tyranitar|Tyranitar, M|100/100
|move|p1a: Forretress|Earthquake|p2a: Tyranitar
|-supereffective|p2a: Tyranitar
|-damage|p2a: Tyranitar|68/100
|
|-weather|Sandstorm|[upkeep]
|-heal|p2a: Tyranitar|74/100|[from] item: Leftovers
|-heal|p1a: Forretress|90/100|[from] item: Leftovers
|upkeep
|turn|11
|
|t:|1728925960
|switch|p1a: Swampert|Swampert, M|100/100
|move|p2a: Tyranitar|Crunch|p1a: Swampert
|-damage|p1a: Swampert|68/100
|
|-weather|Sandstorm|[upkeep]
|-heal|p1a: Swampert|74/100|[from] item: Leftovers
|-heal|p2a: Tyranitar|80/100|[from] item: Leftovers
|upkeep
|turn|12
|
|t:|1728925968
|move|p1a: Swampert|Surf|p2a: Tyranitar
|-supereffective|p2a: Tyranitar
|-damage|p2a: Tyranitar|29/100
|move|p2a: Tyranitar|Hidden Power|p1a: Swampert
|-supereffective|p1a: Swampert
|-crit|p1a: Swampert
|-damage|p1a: Swampert|0 fnt
|faint|p1a: Swampert
|
|t:|1728925979
|switch|p1a: Salamence|Salamence, F|100/100 par
|-ability|p1a: Salamence|Intimidate|boost
|-unboost|p2a: Tyranitar|atk|1
|
|-weather|Sandstorm|[upkeep]
|-damage|p1a: Salamence|94/100 par|[from] Sandstorm
|-heal|p2a: Tyranitar|35/100|[from] item: Leftovers
|upkeep
|turn|13
|
|t:|1728926006
|switch|p2a: Magneton|Magneton|100/100
|cant|p1a: Salamence|par
|
|-weather|Sandstorm|[upkeep]
|-damage|p1a: Salamence|88/100 par|[from] Sandstorm
|upkeep
|turn|14
|
|t:|1728926012
|switch|p1a: Tyranitar|Tyranitar, M|100/100
|move|p2a: Magneton|Substitute|p2a: Magneton
|-start|p2a: Magneton|Substitute
|-damage|p2a: Magneton|76/100
|
|-weather|Sandstorm|[upkeep]
|upkeep
|turn|15
|
|t:|1728926020
|move|p2a: Magneton|Thunder Wave|p1a: Tyranitar
|-status|p1a: Tyranitar|par
|cant|p1a: Tyranitar|par
|
|-weather|Sandstorm|[upkeep]
|upkeep
|turn|16
|
|t:|1728926024
|move|p2a: Magneton|Thunderbolt|p1a: Tyranitar
|-damage|p1a: Tyranitar|50/100 par
|cant|p1a: Tyranitar|par
|
|-weather|Sandstorm|[upkeep]
|-heal|p1a: Tyranitar|56/100 par|[from] item: Leftovers
|upkeep
|turn|17
|
|t:|1728926028
|move|p2a: Magneton|Thunderbolt|p1a: Tyranitar
|-crit|p1a: Tyranitar
|-damage|p1a: Tyranitar|0 fnt
|faint|p1a: Tyranitar
|
|t:|1728926032
|switch|p1a: Forretress|Forretress, F|90/100
|
|-weather|Sandstorm|[upkeep]
|-heal|p1a: Forretress|96/100|[from] item: Leftovers
|upkeep
|turn|18
|
|t:|1728926041
|move|p2a: Magneton|Thunderbolt|p1a: Forretress
|-damage|p1a: Forretress|38/100
|-status|p1a: Forretress|par
|move|p1a: Forretress|Earthquake|p2a: Magneton
|-supereffective|p2a: Magneton
|-end|p2a: Magneton|Substitute
|
|-weather|Sandstorm|[upkeep]
|-heal|p1a: Forretress|44/100 par|[from] item: Leftovers
|upkeep
|turn|19
|
|t:|1728926045
|move|p2a: Magneton|Substitute|p2a: Magneton
|-start|p2a: Magneton|Substitute
|-damage|p2a: Magneton|51/100
|move|p1a: Forretress|Earthquake|p2a: Magneton
|-supereffective|p2a: Magneton
|-end|p2a: Magneton|Substitute
|
|-weather|Sandstorm|[upkeep]
|-heal|p1a: Forretress|50/100 par|[from] item: Leftovers
|upkeep
|turn|20
|
|t:|1728926048
|move|p2a: Magneton|Substitute|p2a: Magneton
|-start|p2a: Magneton|Substitute
|-damage|p2a: Magneton|26/100
|move|p1a: Forretress|Earthquake|p2a: Magneton
|-supereffective|p2a: Magneton
|-end|p2a: Magneton|Substitute
|
|-weather|Sandstorm|[upkeep]
|-heal|p1a: Forretress|57/100 par|[from] item: Leftovers
|upkeep
|turn|21
|
|t:|1728926050
|move|p2a: Magneton|Substitute|p2a: Magneton
|-start|p2a: Magneton|Substitute
|-damage|p2a: Magneton|1/100
|move|p1a: Forretress|Earthquake|p2a: Magneton
|-supereffective|p2a: Magneton
|-end|p2a: Magneton|Substitute
|
|-weather|Sandstorm|[upkeep]
|-heal|p1a: Forretress|63/100 par|[from] item: Leftovers
|upkeep
|turn|22
|
|t:|1728926052
|move|p2a: Magneton|Thunderbolt|p1a: Forretress
|-damage|p1a: Forretress|10/100 par
|move|p1a: Forretress|Earthquake|p2a: Magneton
|-supereffective|p2a: Magneton
|-damage|p2a: Magneton|0 fnt
|faint|p2a: Magneton
|
|t:|1728926066
|switch|p2a: Gyarados|Gyarados, M|92/100
|-ability|p2a: Gyarados|Intimidate|boost
|-unboost|p1a: Forretress|atk|1
|
|-weather|Sandstorm|[upkeep]
|-damage|p2a: Gyarados|86/100|[from] Sandstorm
|-heal|p2a: Gyarados|92/100|[from] item: Leftovers
|-heal|p1a: Forretress|16/100 par|[from] item: Leftovers
|upkeep
|turn|23
|
|t:|1728926070
|move|p2a: Gyarados|Hidden Power|p1a: Forretress
|-damage|p1a: Forretress|0 fnt
|faint|p1a: Forretress
|
|t:|1728926074
|switch|p1a: Salamence|Salamence, F|88/100 par
|-ability|p1a: Salamence|Intimidate|boost
|-unboost|p2a: Gyarados|atk|1
|
|-weather|Sandstorm|[upkeep]
|-damage|p2a: Gyarados|86/100|[from] Sandstorm
|-damage|p1a: Salamence|82/100 par|[from] Sandstorm
|-heal|p2a: Gyarados|92/100|[from] item: Leftovers
|upkeep
|turn|24
|
|t:|1728926081
|move|p2a: Gyarados|Hidden Power|p1a: Salamence
|-damage|p1a: Salamence|50/100 par
|cant|p1a: Salamence|par
|
|-weather|Sandstorm|[upkeep]
|-damage|p2a: Gyarados|86/100|[from] Sandstorm
|-damage|p1a: Salamence|44/100 par|[from] Sandstorm
|-heal|p2a: Gyarados|92/100|[from] item: Leftovers
|upkeep
|turn|25
|
|t:|1728926085
|move|p2a: Gyarados|Hidden Power|p1a: Salamence
|-damage|p1a: Salamence|14/100 par
|move|p1a: Salamence|Rock Slide|p2a: Gyarados
|-supereffective|p2a: Gyarados
|-damage|p2a: Gyarados|0 fnt
|faint|p2a: Gyarados
|
|t:|1728926100
|switch|p2a: Swampert|Swampert, M|42/100
|
|-weather|Sandstorm|[upkeep]
|-damage|p1a: Salamence|8/100 par|[from] Sandstorm
|-heal|p2a: Swampert|48/100|[from] item: Leftovers
|upkeep
|turn|26
|
|t:|1728926105
|move|p2a: Swampert|Surf|p1a: Salamence
|-resisted|p1a: Salamence
|-damage|p1a: Salamence|0 fnt
|faint|p1a: Salamence
|
|t:|1728926106
|switch|p1a: Suicune|Suicune|100/100
|
|-weather|Sandstorm|[upkeep]
|-damage|p1a: Suicune|94/100|[from] Sandstorm
|-heal|p1a: Suicune|100/100|[from] item: Leftovers
|-heal|p2a: Swampert|55/100|[from] item: Leftovers
|upkeep
|turn|27
|
|t:|1728926115
|switch|p2a: Snorlax|Snorlax, M, shiny|100/100
|move|p1a: Suicune|Calm Mind|p1a: Suicune
|-boost|p1a: Suicune|spa|1
|-boost|p1a: Suicune|spd|1
|
|-weather|Sandstorm|[upkeep]
|-damage|p1a: Suicune|94/100|[from] Sandstorm
|-damage|p2a: Snorlax|94/100|[from] Sandstorm
|-heal|p1a: Suicune|100/100|[from] item: Leftovers
|-heal|p2a: Snorlax|100/100|[from] item: Leftovers
|upkeep
|turn|28
|
|t:|1728926118
|move|p1a: Suicune|Surf|p2a: Snorlax
|-damage|p2a: Snorlax|73/100
|move|p2a: Snorlax|Body Slam|p1a: Suicune
|-damage|p1a: Suicune|72/100
|
|-weather|Sandstorm|[upkeep]
|-damage|p1a: Suicune|66/100|[from] Sandstorm
|-damage|p2a: Snorlax|67/100|[from] Sandstorm
|-heal|p1a: Suicune|72/100|[from] item: Leftovers
|-heal|p2a: Snorlax|73/100|[from] item: Leftovers
|upkeep
|turn|29
|
|t:|1728926122
|move|p1a: Suicune|Surf|p2a: Snorlax
|-damage|p2a: Snorlax|46/100
|move|p2a: Snorlax|Self-Destruct|p1a: Suicune
|-damage|p1a: Suicune|0 fnt
|faint|p2a: Snorlax
|faint|p1a: Suicune
|
|win|jozin457
|player|p1|
|c|☆jozin457|gg
|c|☆jozin457|/log jozin457 made the replay of this battle unlisted.

</script>
<script type="application/json" class="data" id="replaydata-smogtours-gen3ou-798667">
{"id":"smogtours-gen3ou-798667","format":"[Gen 3] OU","players":["temrane","jozin457"],"uploadtime":1728926122,"views":91,"formatid":"gen3ou","rating":null,"private":1,"password":null}
</script>

<script defer src="js/replays.js?9d40a366"></script>
