<!DOCTYPE html>
<meta charset="utf-8" />
<meta name="viewport" content="width=device-width" />

<title>[Gen 3] OU: kydreith33 vs. prestonalewis - Replays - Pok&eacute;mon Showdown!</title>

<meta name="description" content="Watch a replay of a Pok&eacute;mon battle between kydreith33 and prestonalewis! Format: [Gen 3] OU; Date: Oct 3, 2024" />
<!--

Hey, you! Looking in the source for the replay log?

You can find them in JSON format, just add `.json` at the end of a replay URL.

https://replay.pokemonshowdown.com/gen7randomdoublesbattle-865046831.json

Or, if you only need the log itself, add `.log` instead:

https://replay.pokemonshowdown.com/gen7randomdoublesbattle-865046831.log

-->

<link rel="stylesheet" href="//pokemonshowdown.com/style/global.css?0.023195364461161105" />
<link rel="stylesheet" href="//play.pokemonshowdown.com/style/font-awesome.css?0.13261647063804238" />
<link rel="stylesheet" href="//play.pokemonshowdown.com/style/battle.css?0.8753245789963631" />
<link rel="stylesheet" href="//play.pokemonshowdown.com/style/utilichart.css?0.8627959624976733" />

<!-- Global site tag (gtag.js) - Google Analytics -->
<script async src="https://www.googletagmanager.com/gtag/js?id=UA-26211653-1"></script>
<script>
  window.dataLayer = window.dataLayer || [];
  function gtag(){dataLayer.push(arguments);}
  gtag('js', new Date());

  gtag('config', 'UA-26211653-1');
</script>
<!-- End Google Analytics -->
<!-- Venatus Ad Manager - Install in <HEAD> of page -->
	<script src="https://hb.vntsm.com/v3/live/ad-manager.min.js" type="text/javascript" data-site-id="642aba63ec9a7b11c3c9c1be" data-mode="scan" async></script>
<!-- / Venatus Ad Manager -->

<style>
	@media (max-width:820px) {
		.battle {
			margin: 0 auto;
		}
		.battle-log {
			margin: 7px auto 0;
			max-width: 640px;
			height: 300px;
			position: static;
		}
	}
	.optgroup {
		display: inline-block;
		line-height: 22px;
		font-size: 10pt;
	}
	.optgroup .button {
		height: 25px;
		padding-top: 0;
		padding-bottom: 0;
	}
	.optgroup button.button {
		padding-left: 12px;
		padding-right: 12px;
	}
	.linklist {
		list-style: none;
		margin: 0.5em 0;
		padding: 0;
	}
	.linklist li {
		padding: 2px 0;
	}
	.sidebar {
		float: left;
		width: 320px;
	}
	.bar-wrapper {
		max-width: 1100px;
		margin: 0 auto;
	}
	.bar-wrapper.has-sidebar {
		max-width: 1430px;
	}
	.mainbar {
		margin: 0;
		padding-right: 1px;
	}
	.mainbar.has-sidebar {
		margin-left: 330px;
	}
	@media (min-width: 1511px) {
		.sidebar {
			width: 400px;
		}
		.bar-wrapper.has-sidebar {
			max-width: 1510px;
		}
		.mainbar.has-sidebar {
			margin-left: 410px;
		}
	}
	.section.first-section {
		margin-top: 9px;
	}
	.blocklink small {
		white-space: normal;
	}
	.button {
		vertical-align: middle;
	}
	.replay-controls {
		padding-top: 10px;
	}
	.replay-controls h1 {
		font-size: 16pt;
		font-weight: normal;
		color: #CCC;
	}
	.pagelink {
		text-align: center;
	}
	.pagelink a {
		width: 150px;
	}
	.textbox, .button {
		font-size: 11pt;
		vertical-align: middle;
	}
	@media (max-width: 450px) {
		.button {
			font-size: 9pt;
		}
	}
</style>

<div>

	<header>
		<div class="nav-wrapper"><ul class="nav">
			<li><a class="button nav-first" href="//pokemonshowdown.com/"><img src="//pokemonshowdown.com/images/pokemonshowdownbeta.png" srcset="//pokemonshowdown.com/images/pokemonshowdownbeta.png 1x, //pokemonshowdown.com/images/pokemonshowdownbeta@2x.png 2x" alt="Pok&eacute;mon Showdown" width="146" height="44" /> Home</a></li>
			<li><a class="button" href="//pokemonshowdown.com/dex/">Pok&eacute;dex</a></li>
			<li><a class="button cur" href="/">Replays</a></li>
			<li><a class="button" href="//pokemonshowdown.com/ladder/">Ladder</a></li>
			<li><a class="button nav-last" href="//pokemonshowdown.com/forums/">Forum</a></li>
			<li><a class="button greenbutton nav-first nav-last" href="//play.pokemonshowdown.com/">Play</a></li>
		</ul></div>
	</header>

	<div class="main" id="main">

		<noscript><section class="section">You need to enable JavaScript to use this page; sorry!</section></noscript>

	</div>

</div>

<script defer nomodule src="//play.pokemonshowdown.com/js/lib/ps-polyfill.js"></script>
<script defer src="//play.pokemonshowdown.com/js/lib/preact.min.js"></script>

<script defer src="//play.pokemonshowdown.com/config/config.js?2bddbc15"></script>
<script defer src="//play.pokemonshowdown.com/js/lib/jquery-1.11.0.min.js"></script>
<script defer src="//play.pokemonshowdown.com/js/lib/html-sanitizer-minified.js"></script>
<script defer src="//play.pokemonshowdown.com/js/battle-sound.js"></script>
<script defer src="//play.pokemonshowdown.com/js/battledata.js?0.7209276989879541"></script>
<script defer src="//play.pokemonshowdown.com/data/pokedex-mini.js?0.6111056340867951"></script>
<script defer src="//play.pokemonshowdown.com/data/pokedex-mini-bw.js?0.3532142036491459"></script>
<script defer src="//play.pokemonshowdown.com/data/graphics.js?0.24223875632456182"></script>
<script defer src="//play.pokemonshowdown.com/data/pokedex.js?0.38839984266356864"></script>
<script defer src="//play.pokemonshowdown.com/data/moves.js?0.21866028504024015"></script>
<script defer src="//play.pokemonshowdown.com/data/abilities.js?0.2005157953846628"></script>
<script defer src="//play.pokemonshowdown.com/data/items.js?0.9894211263848525"></script>
<script defer src="//play.pokemonshowdown.com/data/teambuilder-tables.js?0.6008791140282215"></script>
<script defer src="//play.pokemonshowdown.com/js/battle-tooltips.js?0.7580118955022959"></script>
<script defer src="//play.pokemonshowdown.com/js/battle.js?0.6057722274234274"></script>

<script defer src="js/utils.js?e31f9a17"></script>
<script defer src="js/replays-battle.js?7008c182"></script>

<!-- don't scrape this data! just add .json or .log after the URL!
Full API docs: https://github.com/smogon/pokemon-showdown-client/blob/master/WEB-API.md -->
<script type="text/plain" class="log" id="replaylog-smogtours-gen3ou-794423">
|inactive|Battle timer is ON: inactive players will automatically lose when time's up.
|t:|1727994973
|gametype|singles
|player|p1|kydreith33|170|
|player|p2|prestonalewis|2|
|teamsize|p1|6
|teamsize|p2|6
|gen|3
|tier|[Gen 3] OU
|rule|Sleep Clause Mod: Limit one foe put to sleep
|rule|Switch Priority Clause Mod: Faster Pokémon switch first
|rule|Species Clause: Limit one of each Pokémon
|rule|OHKO Clause: OHKO moves are banned
|rule|Evasion Items Clause: Evasion items are banned
|rule|Evasion Moves Clause: Evasion moves are banned
|rule|Endless Battle Clause: Forcing endless battles is banned
|rule|HP Percentage Mod: HP is shown in percentages
|rule|One Boost Passer Clause: Limit one Baton Passer that has a way to boost its stats
|rule|Freeze Clause Mod: Limit one foe frozen
|
|t:|1727994973
|start
|switch|p1a: Zapdos|Zapdos|100/100
|switch|p2a: Slaking|Slaking, M|100/100
|turn|1
|
|t:|1727994988
|move|p1a: Zapdos|Thunderbolt|p2a: Slaking
|-damage|p2a: Slaking|42/100
|move|p2a: Slaking|Double-Edge|p1a: Zapdos
|-damage|p1a: Zapdos|0 fnt
|-damage|p2a: Slaking|17/100|[from] Recoil|[of] p1a: Zapdos
|faint|p1a: Zapdos
|
|t:|1727994998
|switch|p1a: Dugtrio|Dugtrio, F|100/100
|
|upkeep
|turn|2
|
|t:|1727995001
|move|p1a: Dugtrio|Earthquake|p2a: Slaking
|-crit|p2a: Slaking
|-damage|p2a: Slaking|0 fnt
|faint|p2a: Slaking
|
|t:|1727995006
|switch|p2a: Skarmory|Skarmory, F|100/100
|
|upkeep
|turn|3
|
|t:|1727995017
|switch|p1a: Kingdra|Kingdra, M|100/100
|move|p2a: Skarmory|Spikes|p1a: Kingdra
|-sidestart|p1: kydreith33|Spikes
|
|upkeep
|turn|4
|
|t:|1727995022
|move|p1a: Kingdra|Rain Dance|p1a: Kingdra
|-weather|RainDance
|move|p2a: Skarmory|Roar|p1a: Kingdra
|drag|p1a: Metagross|Metagross|100/100
|-damage|p1a: Metagross|88/100|[from] Spikes
|
|-weather|RainDance|[upkeep]
|-heal|p1a: Metagross|94/100|[from] item: Leftovers
|upkeep
|turn|5
|
|t:|1727995031
|move|p1a: Metagross|Rock Slide|p2a: Skarmory
|-damage|p2a: Skarmory|77/100
|move|p2a: Skarmory|Roar|p1a: Metagross
|drag|p1a: Suicune|Suicune|100/100
|-damage|p1a: Suicune|88/100|[from] Spikes
|
|-weather|RainDance|[upkeep]
|-heal|p1a: Suicune|94/100|[from] item: Leftovers
|-heal|p2a: Skarmory|83/100|[from] item: Leftovers
|upkeep
|turn|6
|
|t:|1727995045
|switch|p2a: Blissey|Blissey, F|100/100
|move|p1a: Suicune|Surf|p2a: Blissey
|-damage|p2a: Blissey|82/100
|
|-weather|RainDance|[upkeep]
|-heal|p1a: Suicune|100/100|[from] item: Leftovers
|-heal|p2a: Blissey|88/100|[from] item: Leftovers
|upkeep
|turn|7
|
|t:|1727995057
|switch|p1a: Metagross|Metagross|94/100
|-damage|p1a: Metagross|82/100|[from] Spikes
|switch|p2a: Flygon|Flygon, F|100/100
|
|-weather|RainDance|[upkeep]
|-heal|p1a: Metagross|88/100|[from] item: Leftovers
|upkeep
|turn|8
|
|t:|1727995066
|switch|p1a: Kingdra|Kingdra, M|100/100
|-damage|p1a: Kingdra|88/100|[from] Spikes
|move|p2a: Flygon|Earthquake|p1a: Kingdra
|-damage|p1a: Kingdra|49/100
|
|-weather|none
|upkeep
|turn|9
|
|t:|1727995076
|switch|p2a: Blissey|Blissey, F|88/100
|move|p1a: Kingdra|Ice Beam|p2a: Blissey
|-damage|p2a: Blissey|75/100
|
|-heal|p2a: Blissey|81/100|[from] item: Leftovers
|upkeep
|turn|10
|
|t:|1727995084
|switch|p1a: Dugtrio|Dugtrio, F|100/100
|-damage|p1a: Dugtrio|88/100|[from] Spikes
|switch|p2a: Skarmory|Skarmory, F|83/100
|
|-heal|p2a: Skarmory|89/100|[from] item: Leftovers
|upkeep
|turn|11
|
|t:|1727995095
|switch|p1a: Metagross|Metagross|88/100
|-damage|p1a: Metagross|75/100|[from] Spikes
|move|p2a: Skarmory|Roar|p1a: Metagross
|drag|p1a: Suicune|Suicune|100/100
|-damage|p1a: Suicune|88/100|[from] Spikes
|
|-heal|p1a: Suicune|94/100|[from] item: Leftovers
|-heal|p2a: Skarmory|95/100|[from] item: Leftovers
|upkeep
|turn|12
|
|t:|1727995105
|move|p1a: Suicune|Calm Mind|p1a: Suicune
|-boost|p1a: Suicune|spa|1
|-boost|p1a: Suicune|spd|1
|move|p2a: Skarmory|Spikes|p1a: Suicune
|-sidestart|p1: kydreith33|Spikes
|
|-heal|p1a: Suicune|100/100|[from] item: Leftovers
|-heal|p2a: Skarmory|100/100|[from] item: Leftovers
|upkeep
|turn|13
|
|t:|1727995112
|move|p1a: Suicune|Surf|p2a: Skarmory
|-damage|p2a: Skarmory|58/100
|move|p2a: Skarmory|Roar|p1a: Suicune
|drag|p1a: Dugtrio|Dugtrio, F|88/100
|-damage|p1a: Dugtrio|72/100|[from] Spikes
|
|-heal|p2a: Skarmory|64/100|[from] item: Leftovers
|upkeep
|turn|14
|
|t:|1727995125
|switch|p1a: Suicune|Suicune|100/100
|-damage|p1a: Suicune|84/100|[from] Spikes
|move|p2a: Skarmory|Spikes|p1a: Suicune
|-sidestart|p1: kydreith33|Spikes
|
|-heal|p1a: Suicune|90/100|[from] item: Leftovers
|-heal|p2a: Skarmory|70/100|[from] item: Leftovers
|upkeep
|turn|15
|
|t:|1727995136
|move|p1a: Suicune|Surf|p2a: Skarmory
|-damage|p2a: Skarmory|42/100
|move|p2a: Skarmory|Roar|p1a: Suicune
|drag|p1a: Dugtrio|Dugtrio, F|72/100
|-damage|p1a: Dugtrio|47/100|[from] Spikes
|
|-heal|p2a: Skarmory|48/100|[from] item: Leftovers
|upkeep
|turn|16
|
|t:|1727995152
|move|p1a: Dugtrio|Beat Up|p2a: Skarmory
|-damage|p2a: Skarmory|46/100
|-damage|p2a: Skarmory|44/100
|-damage|p2a: Skarmory|42/100
|-damage|p2a: Skarmory|40/100
|-damage|p2a: Skarmory|38/100
|-hitcount|p2a: Skarmory|5
|move|p2a: Skarmory|Roar|p1a: Dugtrio
|drag|p1a: Heracross|Heracross, M|100/100
|-damage|p1a: Heracross|75/100|[from] Spikes
|
|-heal|p2a: Skarmory|44/100|[from] item: Leftovers
|upkeep
|turn|17
|
|t:|1727995167
|move|p1a: Heracross|Megahorn|p2a: Skarmory
|-resisted|p2a: Skarmory
|-damage|p2a: Skarmory|31/100
|move|p2a: Skarmory|Roar|p1a: Heracross
|drag|p1a: Metagross|Metagross|75/100
|-damage|p1a: Metagross|50/100|[from] Spikes
|
|-heal|p2a: Skarmory|37/100|[from] item: Leftovers
|-heal|p1a: Metagross|57/100|[from] item: Leftovers
|upkeep
|turn|18
|
|t:|1727995178
|switch|p2a: Blastoise|Blastoise, M|100/100
|move|p1a: Metagross|Explosion|p2a: Blastoise
|-damage|p2a: Blastoise|0 fnt
|faint|p1a: Metagross
|faint|p2a: Blastoise
|
|t:|1727995192
|switch|p2a: Blissey|Blissey, F|81/100
|switch|p1a: Kingdra|Kingdra, M|49/100
|-damage|p1a: Kingdra|24/100|[from] Spikes
|
|-heal|p2a: Blissey|87/100|[from] item: Leftovers
|upkeep
|turn|19
|
|t:|1727995200
|move|p1a: Kingdra|Rain Dance|p1a: Kingdra
|-weather|RainDance
|move|p2a: Blissey|Thunderbolt|p1a: Kingdra
|-damage|p1a: Kingdra|0 fnt
|faint|p1a: Kingdra
|
|t:|1727995205
|switch|p1a: Dugtrio|Dugtrio, F|47/100
|-damage|p1a: Dugtrio|22/100|[from] Spikes
|
|-weather|RainDance|[upkeep]
|-heal|p2a: Blissey|94/100|[from] item: Leftovers
|upkeep
|turn|20
|
|t:|1727995211
|move|p1a: Dugtrio|Earthquake|p2a: Blissey
|-damage|p2a: Blissey|41/100
|move|p2a: Blissey|Ice Beam|p1a: Dugtrio
|-supereffective|p1a: Dugtrio
|-damage|p1a: Dugtrio|0 fnt
|faint|p1a: Dugtrio
|
|t:|1727995217
|switch|p1a: Suicune|Suicune|90/100
|-damage|p1a: Suicune|65/100|[from] Spikes
|
|-weather|RainDance|[upkeep]
|-heal|p1a: Suicune|72/100|[from] item: Leftovers
|-heal|p2a: Blissey|47/100|[from] item: Leftovers
|upkeep
|turn|21
|
|t:|1727995231
|switch|p2a: Skarmory|Skarmory, F|37/100
|move|p1a: Suicune|Calm Mind|p1a: Suicune
|-boost|p1a: Suicune|spa|1
|-boost|p1a: Suicune|spd|1
|
|-weather|RainDance|[upkeep]
|-heal|p1a: Suicune|78/100|[from] item: Leftovers
|-heal|p2a: Skarmory|43/100|[from] item: Leftovers
|upkeep
|turn|22
|
|t:|1727995240
|switch|p2a: Blissey|Blissey, F|47/100
|move|p1a: Suicune|Surf|p2a: Blissey
|-damage|p2a: Blissey|18/100
|
|-weather|RainDance|[upkeep]
|-heal|p1a: Suicune|84/100|[from] item: Leftovers
|-heal|p2a: Blissey|24/100|[from] item: Leftovers
|upkeep
|turn|23
|
|t:|1727995248
|switch|p2a: Flygon|Flygon, F|100/100
|move|p1a: Suicune|Surf|p2a: Flygon
|-damage|p2a: Flygon|22/100
|
|-weather|none
|-heal|p2a: Flygon|28/100|[from] item: Leftovers
|-heal|p1a: Suicune|90/100|[from] item: Leftovers
|upkeep
|turn|24
|
|t:|1727995255
|switch|p2a: Blissey|Blissey, F|24/100
|move|p1a: Suicune|Surf|p2a: Blissey
|-crit|p2a: Blissey
|-damage|p2a: Blissey|0 fnt
|faint|p2a: Blissey
|
|t:|1727995265
|switch|p2a: Jirachi|Jirachi|100/100
|
|-heal|p1a: Suicune|97/100|[from] item: Leftovers
|upkeep
|turn|25
|
|t:|1727995270
|move|p2a: Jirachi|Toxic|p1a: Suicune
|-status|p1a: Suicune|tox
|move|p1a: Suicune|Calm Mind|p1a: Suicune
|-boost|p1a: Suicune|spa|1
|-boost|p1a: Suicune|spd|1
|
|-heal|p1a: Suicune|100/100 tox|[from] item: Leftovers
|-damage|p1a: Suicune|94/100 tox|[from] psn
|upkeep
|turn|26
|
|t:|1727995278
|move|p2a: Jirachi|Wish|p2a: Jirachi
|move|p1a: Suicune|Surf|p2a: Jirachi
|-damage|p2a: Jirachi|49/100
|
|-heal|p2a: Jirachi|55/100|[from] item: Leftovers
|-heal|p1a: Suicune|100/100 tox|[from] item: Leftovers
|-damage|p1a: Suicune|88/100 tox|[from] psn
|upkeep
|turn|27
|
|t:|1727995285
|move|p2a: Jirachi|Protect|p2a: Jirachi
|-singleturn|p2a: Jirachi|Protect
|move|p1a: Suicune|Calm Mind|p1a: Suicune
|-boost|p1a: Suicune|spa|1
|-boost|p1a: Suicune|spd|1
|
|-heal|p2a: Jirachi|100/100|[from] move: Wish|[wisher] Jirachi
|-heal|p1a: Suicune|94/100 tox|[from] item: Leftovers
|-damage|p1a: Suicune|76/100 tox|[from] psn
|upkeep
|turn|28
|
|t:|1727995295
|move|p2a: Jirachi|Wish|p2a: Jirachi
|move|p1a: Suicune|Surf|p2a: Jirachi
|-damage|p2a: Jirachi|33/100
|
|-heal|p2a: Jirachi|39/100|[from] item: Leftovers
|-heal|p1a: Suicune|82/100 tox|[from] item: Leftovers
|-damage|p1a: Suicune|57/100 tox|[from] psn
|upkeep
|turn|29
|
|t:|1727995303
|move|p2a: Jirachi|Protect|p2a: Jirachi
|-singleturn|p2a: Jirachi|Protect
|move|p1a: Suicune|Rest|p1a: Suicune
|-status|p1a: Suicune|slp|[from] move: Rest
|-heal|p1a: Suicune|100/100 slp|[silent]
|
|-heal|p2a: Jirachi|89/100|[from] move: Wish|[wisher] Jirachi
|-heal|p2a: Jirachi|95/100|[from] item: Leftovers
|upkeep
|turn|30
|
|t:|1727995313
|move|p2a: Jirachi|Wish|p2a: Jirachi
|cant|p1a: Suicune|slp
|move|p1a: Suicune|Sleep Talk|p1a: Suicune
|move|p1a: Suicune|Rest|p1a: Suicune|[from]Sleep Talk
|
|-heal|p2a: Jirachi|100/100|[from] item: Leftovers
|upkeep
|turn|31
|
|t:|1727995319
|switch|p2a: Skarmory|Skarmory, F|43/100
|cant|p1a: Suicune|slp
|move|p1a: Suicune|Sleep Talk|p1a: Suicune
|move|p1a: Suicune|Rest|p1a: Suicune|[from]Sleep Talk
|
|-heal|p2a: Skarmory|92/100|[from] move: Wish|[wisher] Jirachi
|-heal|p2a: Skarmory|98/100|[from] item: Leftovers
|upkeep
|turn|32
|
|t:|1727995328
|-curestatus|p1a: Suicune|slp|[msg]
|move|p1a: Suicune|Surf|p2a: Skarmory
|-damage|p2a: Skarmory|32/100
|move|p2a: Skarmory|Roar|p1a: Suicune
|drag|p1a: Heracross|Heracross, M|75/100
|-damage|p1a: Heracross|50/100|[from] Spikes
|
|-heal|p2a: Skarmory|38/100|[from] item: Leftovers
|upkeep
|turn|33
|
|t:|1727995340
|move|p1a: Heracross|Reversal|p2a: Skarmory
|-damage|p2a: Skarmory|21/100
|move|p2a: Skarmory|Roar|p1a: Heracross
|drag|p1a: Suicune|Suicune|100/100
|-damage|p1a: Suicune|76/100|[from] Spikes
|
|-heal|p1a: Suicune|82/100|[from] item: Leftovers
|-heal|p2a: Skarmory|27/100|[from] item: Leftovers
|upkeep
|turn|34
|
|t:|1727995356
|switch|p2a: Jirachi|Jirachi|100/100
|move|p1a: Suicune|Surf|p2a: Jirachi
|-damage|p2a: Jirachi|76/100
|
|-heal|p2a: Jirachi|82/100|[from] item: Leftovers
|-heal|p1a: Suicune|88/100|[from] item: Leftovers
|upkeep
|turn|35
|
|t:|1727995363
|move|p2a: Jirachi|Toxic|p1a: Suicune
|-status|p1a: Suicune|tox
|move|p1a: Suicune|Calm Mind|p1a: Suicune
|-boost|p1a: Suicune|spa|1
|-boost|p1a: Suicune|spd|1
|
|-heal|p2a: Jirachi|89/100|[from] item: Leftovers
|-heal|p1a: Suicune|94/100 tox|[from] item: Leftovers
|-damage|p1a: Suicune|88/100 tox|[from] psn
|upkeep
|turn|36
|
|t:|1727995372
|move|p2a: Jirachi|Wish|p2a: Jirachi
|move|p1a: Suicune|Calm Mind|p1a: Suicune
|-boost|p1a: Suicune|spa|1
|-boost|p1a: Suicune|spd|1
|
|-heal|p2a: Jirachi|95/100|[from] item: Leftovers
|-heal|p1a: Suicune|94/100 tox|[from] item: Leftovers
|-damage|p1a: Suicune|82/100 tox|[from] psn
|upkeep
|turn|37
|
|t:|1727995385
|move|p2a: Jirachi|Fire Punch|p1a: Suicune
|-resisted|p1a: Suicune
|-damage|p1a: Suicune|79/100 tox
|move|p1a: Suicune|Calm Mind|p1a: Suicune
|-boost|p1a: Suicune|spa|1
|-boost|p1a: Suicune|spd|1
|
|-heal|p2a: Jirachi|100/100|[from] move: Wish|[wisher] Jirachi
|-heal|p1a: Suicune|85/100 tox|[from] item: Leftovers
|-damage|p1a: Suicune|67/100 tox|[from] psn
|upkeep
|turn|38
|
|t:|1727995395
|move|p2a: Jirachi|Wish|p2a: Jirachi
|move|p1a: Suicune|Surf|p2a: Jirachi
|-damage|p2a: Jirachi|34/100
|
|-heal|p2a: Jirachi|40/100|[from] item: Leftovers
|-heal|p1a: Suicune|73/100 tox|[from] item: Leftovers
|-damage|p1a: Suicune|48/100 tox|[from] psn
|upkeep
|turn|39
|
|t:|1727995403
|move|p2a: Jirachi|Protect|p2a: Jirachi
|-singleturn|p2a: Jirachi|Protect
|move|p1a: Suicune|Rest|p1a: Suicune
|-status|p1a: Suicune|slp|[from] move: Rest
|-heal|p1a: Suicune|100/100 slp|[silent]
|
|-heal|p2a: Jirachi|90/100|[from] move: Wish|[wisher] Jirachi
|-heal|p2a: Jirachi|97/100|[from] item: Leftovers
|upkeep
|turn|40
|
|t:|1727995412
|switch|p2a: Skarmory|Skarmory, F|27/100
|cant|p1a: Suicune|slp
|move|p1a: Suicune|Sleep Talk|p1a: Suicune
|move|p1a: Suicune|Calm Mind|p1a: Suicune|[from]Sleep Talk
|-boost|p1a: Suicune|spa|1
|-boost|p1a: Suicune|spd|1
|
|-heal|p2a: Skarmory|33/100|[from] item: Leftovers
|upkeep
|turn|41
|
|t:|1727995420
|cant|p1a: Suicune|slp
|move|p1a: Suicune|Sleep Talk|p1a: Suicune
|move|p1a: Suicune|Calm Mind|p1a: Suicune|[from]Sleep Talk
|-boost|p1a: Suicune|spa|1
|-boost|p1a: Suicune|spd|1
|move|p2a: Skarmory|Roar|p1a: Suicune
|drag|p1a: Heracross|Heracross, M|50/100
|-damage|p1a: Heracross|25/100|[from] Spikes
|
|-enditem|p1a: Heracross|Salac Berry|[eat]
|-boost|p1a: Heracross|spe|1|[from] item: Salac Berry
|-heal|p2a: Skarmory|39/100|[from] item: Leftovers
|upkeep
|turn|42
|
|t:|1727995434
|move|p1a: Heracross|Reversal|p2a: Skarmory
|-damage|p2a: Skarmory|4/100
|move|p2a: Skarmory|Roar|p1a: Heracross
|drag|p1a: Suicune|Suicune|100/100 slp
|-damage|p1a: Suicune|76/100 slp|[from] Spikes
|
|-heal|p1a: Suicune|82/100 slp|[from] item: Leftovers
|-heal|p2a: Skarmory|10/100|[from] item: Leftovers
|upkeep
|turn|43
|
|t:|1727995444
|switch|p2a: Jirachi|Jirachi|97/100
|cant|p1a: Suicune|slp
|
|-heal|p2a: Jirachi|100/100|[from] item: Leftovers
|-heal|p1a: Suicune|88/100 slp|[from] item: Leftovers
|upkeep
|turn|44
|
|t:|1727995451
|move|p2a: Jirachi|Wish|p2a: Jirachi
|cant|p1a: Suicune|slp
|move|p1a: Suicune|Sleep Talk|p1a: Suicune
|move|p1a: Suicune|Rest|p1a: Suicune|[from]Sleep Talk
|
|-heal|p1a: Suicune|94/100 slp|[from] item: Leftovers
|upkeep
|turn|45
|
|t:|1727995458
|switch|p2a: Flygon|Flygon, F|28/100
|-curestatus|p1a: Suicune|slp|[msg]
|move|p1a: Suicune|Calm Mind|p1a: Suicune
|-boost|p1a: Suicune|spa|1
|-boost|p1a: Suicune|spd|1
|
|-heal|p2a: Flygon|78/100|[from] move: Wish|[wisher] Jirachi
|-heal|p2a: Flygon|84/100|[from] item: Leftovers
|-heal|p1a: Suicune|100/100|[from] item: Leftovers
|upkeep
|turn|46
|
|t:|1727995468
|move|p2a: Flygon|Toxic|p1a: Suicune
|-status|p1a: Suicune|tox
|move|p1a: Suicune|Surf|p2a: Flygon
|-damage|p2a: Flygon|32/100
|
|-heal|p2a: Flygon|39/100|[from] item: Leftovers
|-damage|p1a: Suicune|94/100 tox|[from] psn
|upkeep
|turn|47
|
|t:|1727995475
|switch|p2a: Jirachi|Jirachi|100/100
|move|p1a: Suicune|Surf|p2a: Jirachi
|-damage|p2a: Jirachi|64/100
|
|-heal|p2a: Jirachi|70/100|[from] item: Leftovers
|-heal|p1a: Suicune|100/100 tox|[from] item: Leftovers
|-damage|p1a: Suicune|88/100 tox|[from] psn
|upkeep
|turn|48
|
|t:|1727995485
|move|p2a: Jirachi|Wish|p2a: Jirachi
|move|p1a: Suicune|Calm Mind|p1a: Suicune
|-boost|p1a: Suicune|spa|1
|-boost|p1a: Suicune|spd|1
|
|-heal|p2a: Jirachi|76/100|[from] item: Leftovers
|-heal|p1a: Suicune|94/100 tox|[from] item: Leftovers
|-damage|p1a: Suicune|76/100 tox|[from] psn
|upkeep
|turn|49
|
|t:|1727995493
|switch|p2a: Flygon|Flygon, F|39/100
|move|p1a: Suicune|Calm Mind|p1a: Suicune
|-boost|p1a: Suicune|spa|1
|-boost|p1a: Suicune|spd|1
|
|-heal|p2a: Flygon|88/100|[from] move: Wish|[wisher] Jirachi
|-heal|p2a: Flygon|94/100|[from] item: Leftovers
|-heal|p1a: Suicune|82/100 tox|[from] item: Leftovers
|-damage|p1a: Suicune|57/100 tox|[from] psn
|upkeep
|turn|50
|
|t:|1727995503
|move|p2a: Flygon|Protect|p2a: Flygon
|-singleturn|p2a: Flygon|Protect
|move|p1a: Suicune|Rest|p1a: Suicune
|-status|p1a: Suicune|slp|[from] move: Rest
|-heal|p1a: Suicune|100/100 slp|[silent]
|
|-heal|p2a: Flygon|100/100|[from] item: Leftovers
|upkeep
|turn|51
|
|t:|1727995511
|switch|p2a: Skarmory|Skarmory, F|10/100
|cant|p1a: Suicune|slp
|move|p1a: Suicune|Sleep Talk|p1a: Suicune
|move|p1a: Suicune|Surf|p2a: Skarmory|[from]Sleep Talk
|-damage|p2a: Skarmory|0 fnt
|faint|p2a: Skarmory
|
|t:|1727995519
|switch|p2a: Flygon|Flygon, F|100/100
|
|upkeep
|turn|52
|
|t:|1727995523
|move|p2a: Flygon|Earthquake|p1a: Suicune
|-crit|p1a: Suicune
|-damage|p1a: Suicune|60/100 slp
|cant|p1a: Suicune|slp
|move|p1a: Suicune|Sleep Talk|p1a: Suicune
|move|p1a: Suicune|Calm Mind|p1a: Suicune|[from]Sleep Talk
|-boost|p1a: Suicune|spa|1
|-boost|p1a: Suicune|spd|1
|
|-heal|p1a: Suicune|66/100 slp|[from] item: Leftovers
|upkeep
|turn|53
|
|t:|1727995532
|move|p2a: Flygon|Earthquake|p1a: Suicune
|-damage|p1a: Suicune|46/100 slp
|-curestatus|p1a: Suicune|slp|[msg]
|move|p1a: Suicune|Surf|p2a: Flygon
|-damage|p2a: Flygon|0 fnt
|faint|p2a: Flygon
|
|t:|1727995537
|switch|p2a: Jirachi|Jirachi|76/100
|
|-heal|p2a: Jirachi|82/100|[from] item: Leftovers
|-heal|p1a: Suicune|53/100|[from] item: Leftovers
|upkeep
|turn|54
|
|t:|1727995543
|move|p2a: Jirachi|Toxic|p1a: Suicune
|-status|p1a: Suicune|tox
|move|p1a: Suicune|Surf|p2a: Jirachi
|-damage|p2a: Jirachi|1/100
|
|-heal|p2a: Jirachi|7/100|[from] item: Leftovers
|-heal|p1a: Suicune|59/100 tox|[from] item: Leftovers
|-damage|p1a: Suicune|53/100 tox|[from] psn
|upkeep
|turn|55
|
|t:|1727995552
|move|p2a: Jirachi|Wish|p2a: Jirachi
|move|p1a: Suicune|Rest|p1a: Suicune
|-status|p1a: Suicune|slp|[from] move: Rest
|-heal|p1a: Suicune|100/100 slp|[silent]
|
|-heal|p2a: Jirachi|13/100|[from] item: Leftovers
|upkeep
|turn|56
|
|t:|1727995558
|move|p2a: Jirachi|Fire Punch|p1a: Suicune
|-resisted|p1a: Suicune
|-damage|p1a: Suicune|99/100 slp
|cant|p1a: Suicune|slp
|move|p1a: Suicune|Sleep Talk|p1a: Suicune
|move|p1a: Suicune|Rest|p1a: Suicune|[from]Sleep Talk
|
|-heal|p2a: Jirachi|63/100|[from] move: Wish|[wisher] Jirachi
|-heal|p2a: Jirachi|69/100|[from] item: Leftovers
|-heal|p1a: Suicune|100/100 slp|[from] item: Leftovers
|upkeep
|turn|57
|
|t:|1727995576
|move|p2a: Jirachi|Wish|p2a: Jirachi
|cant|p1a: Suicune|slp
|move|p1a: Suicune|Sleep Talk|p1a: Suicune
|move|p1a: Suicune|Calm Mind|p1a: Suicune|[from]Sleep Talk
|-boost|p1a: Suicune|spa|1
|-boost|p1a: Suicune|spd|1
|
|-heal|p2a: Jirachi|76/100|[from] item: Leftovers
|upkeep
|turn|58
|
|t:|1727995595
|move|p2a: Jirachi|Protect|p2a: Jirachi
|-singleturn|p2a: Jirachi|Protect
|-curestatus|p1a: Suicune|slp|[msg]
|move|p1a: Suicune|Surf|p2a: Jirachi
|-activate|p2a: Jirachi|Protect
|
|-heal|p2a: Jirachi|100/100|[from] move: Wish|[wisher] Jirachi
|upkeep
|turn|59
|
|t:|1727995603
|move|p2a: Jirachi|Fire Punch|p1a: Suicune
|-resisted|p1a: Suicune
|-damage|p1a: Suicune|99/100
|move|p1a: Suicune|Surf|p2a: Jirachi
|-damage|p2a: Jirachi|14/100
|
|-heal|p2a: Jirachi|20/100|[from] item: Leftovers
|-heal|p1a: Suicune|100/100|[from] item: Leftovers
|upkeep
|turn|60
|
|t:|1727995611
|move|p2a: Jirachi|Fire Punch|p1a: Suicune
|-resisted|p1a: Suicune
|-damage|p1a: Suicune|99/100
|move|p1a: Suicune|Surf|p2a: Jirachi
|-damage|p2a: Jirachi|0 fnt
|faint|p2a: Jirachi
|
|win|kydreith33

</script>
<script type="application/json" class="data" id="replaydata-smogtours-gen3ou-794423">
{"id":"smogtours-gen3ou-794423","format":"[Gen 3] OU","players":["kydreith33","prestonalewis"],"uploadtime":1727995611,"views":76,"formatid":"gen3ou","rating":null,"private":0,"password":null}
</script>

<script defer src="js/replays.js?9d40a366"></script>
