<!DOCTYPE html>
<meta charset="utf-8" />
<meta name="viewport" content="width=device-width" />

<title>[Gen 3] OU: Violincore vs. olliert - Replays - Pok&eacute;mon Showdown!</title>

<meta name="description" content="Watch a replay of a Pok&eacute;mon battle between Violincore and olliert! Format: [Gen 3] OU; Date: Oct 5, 2024" />
<!--

Hey, you! Looking in the source for the replay log?

You can find them in JSON format, just add `.json` at the end of a replay URL.

https://replay.pokemonshowdown.com/gen7randomdoublesbattle-865046831.json

Or, if you only need the log itself, add `.log` instead:

https://replay.pokemonshowdown.com/gen7randomdoublesbattle-865046831.log

-->

<link rel="stylesheet" href="//pokemonshowdown.com/style/global.css?0.767286132409787" />
<link rel="stylesheet" href="//play.pokemonshowdown.com/style/font-awesome.css?0.9266228007934947" />
<link rel="stylesheet" href="//play.pokemonshowdown.com/style/battle.css?0.7924700842790926" />
<link rel="stylesheet" href="//play.pokemonshowdown.com/style/utilichart.css?0.8777417872839479" />

<!-- Global site tag (gtag.js) - Google Analytics -->
<script async src="https://www.googletagmanager.com/gtag/js?id=UA-26211653-1"></script>
<script>
  window.dataLayer = window.dataLayer || [];
  function gtag(){dataLayer.push(arguments);}
  gtag('js', new Date());

  gtag('config', 'UA-26211653-1');
</script>
<!-- End Google Analytics -->
<!-- Venatus Ad Manager - Install in <HEAD> of page -->
	<script src="https://hb.vntsm.com/v3/live/ad-manager.min.js" type="text/javascript" data-site-id="642aba63ec9a7b11c3c9c1be" data-mode="scan" async></script>
<!-- / Venatus Ad Manager -->

<style>
	@media (max-width:820px) {
		.battle {
			margin: 0 auto;
		}
		.battle-log {
			margin: 7px auto 0;
			max-width: 640px;
			height: 300px;
			position: static;
		}
	}
	.optgroup {
		display: inline-block;
		line-height: 22px;
		font-size: 10pt;
	}
	.optgroup .button {
		height: 25px;
		padding-top: 0;
		padding-bottom: 0;
	}
	.optgroup button.button {
		padding-left: 12px;
		padding-right: 12px;
	}
	.linklist {
		list-style: none;
		margin: 0.5em 0;
		padding: 0;
	}
	.linklist li {
		padding: 2px 0;
	}
	.sidebar {
		float: left;
		width: 320px;
	}
	.bar-wrapper {
		max-width: 1100px;
		margin: 0 auto;
	}
	.bar-wrapper.has-sidebar {
		max-width: 1430px;
	}
	.mainbar {
		margin: 0;
		padding-right: 1px;
	}
	.mainbar.has-sidebar {
		margin-left: 330px;
	}
	@media (min-width: 1511px) {
		.sidebar {
			width: 400px;
		}
		.bar-wrapper.has-sidebar {
			max-width: 1510px;
		}
		.mainbar.has-sidebar {
			margin-left: 410px;
		}
	}
	.section.first-section {
		margin-top: 9px;
	}
	.blocklink small {
		white-space: normal;
	}
	.button {
		vertical-align: middle;
	}
	.replay-controls {
		padding-top: 10px;
	}
	.replay-controls h1 {
		font-size: 16pt;
		font-weight: normal;
		color: #CCC;
	}
	.pagelink {
		text-align: center;
	}
	.pagelink a {
		width: 150px;
	}
	.textbox, .button {
		font-size: 11pt;
		vertical-align: middle;
	}
	@media (max-width: 450px) {
		.button {
			font-size: 9pt;
		}
	}
</style>

<div>

	<header>
		<div class="nav-wrapper"><ul class="nav">
			<li><a class="button nav-first" href="//pokemonshowdown.com/"><img src="//pokemonshowdown.com/images/pokemonshowdownbeta.png" srcset="//pokemonshowdown.com/images/pokemonshowdownbeta.png 1x, //pokemonshowdown.com/images/pokemonshowdownbeta@2x.png 2x" alt="Pok&eacute;mon Showdown" width="146" height="44" /> Home</a></li>
			<li><a class="button" href="//pokemonshowdown.com/dex/">Pok&eacute;dex</a></li>
			<li><a class="button cur" href="/">Replays</a></li>
			<li><a class="button" href="//pokemonshowdown.com/ladder/">Ladder</a></li>
			<li><a class="button nav-last" href="//pokemonshowdown.com/forums/">Forum</a></li>
			<li><a class="button greenbutton nav-first nav-last" href="//play.pokemonshowdown.com/">Play</a></li>
		</ul></div>
	</header>

	<div class="main" id="main">

		<noscript><section class="section">You need to enable JavaScript to use this page; sorry!</section></noscript>

	</div>

</div>

<script defer nomodule src="//play.pokemonshowdown.com/js/lib/ps-polyfill.js"></script>
<script defer src="//play.pokemonshowdown.com/js/lib/preact.min.js"></script>

<script defer src="//play.pokemonshowdown.com/config/config.js?6dec07f6"></script>
<script defer src="//play.pokemonshowdown.com/js/lib/jquery-1.11.0.min.js"></script>
<script defer src="//play.pokemonshowdown.com/js/lib/html-sanitizer-minified.js"></script>
<script defer src="//play.pokemonshowdown.com/js/battle-sound.js"></script>
<script defer src="//play.pokemonshowdown.com/js/battledata.js?0.6315294753075389"></script>
<script defer src="//play.pokemonshowdown.com/data/pokedex-mini.js?0.7603743185311358"></script>
<script defer src="//play.pokemonshowdown.com/data/pokedex-mini-bw.js?0.030888842834281283"></script>
<script defer src="//play.pokemonshowdown.com/data/graphics.js?0.05593094747507488"></script>
<script defer src="//play.pokemonshowdown.com/data/pokedex.js?0.47064822249611904"></script>
<script defer src="//play.pokemonshowdown.com/data/moves.js?0.8583693120512459"></script>
<script defer src="//play.pokemonshowdown.com/data/abilities.js?0.16017181182386842"></script>
<script defer src="//play.pokemonshowdown.com/data/items.js?0.4163379185673943"></script>
<script defer src="//play.pokemonshowdown.com/data/teambuilder-tables.js?0.31075597372830477"></script>
<script defer src="//play.pokemonshowdown.com/js/battle-tooltips.js?0.6536193500708172"></script>
<script defer src="//play.pokemonshowdown.com/js/battle.js?0.1916591943277901"></script>

<script defer src="js/utils.js?e31f9a17"></script>
<script defer src="js/replays-battle.js?7008c182"></script>

<!-- don't scrape this data! just add .json or .log after the URL!
Full API docs: https://github.com/smogon/pokemon-showdown-client/blob/master/WEB-API.md -->
<script type="text/plain" class="log" id="replaylog-smogtours-gen3ou-794998">
|inactive|Battle timer is ON: inactive players will automatically lose when time's up.
|t:|1728145013
|gametype|singles
|player|p1|Violincore|170|
|player|p2|olliert|266|
|teamsize|p1|6
|teamsize|p2|6
|gen|3
|tier|[Gen 3] OU
|rule|Sleep Clause Mod: Limit one foe put to sleep
|rule|Switch Priority Clause Mod: Faster Pokémon switch first
|rule|Species Clause: Limit one of each Pokémon
|rule|OHKO Clause: OHKO moves are banned
|rule|Evasion Items Clause: Evasion items are banned
|rule|Evasion Moves Clause: Evasion moves are banned
|rule|Endless Battle Clause: Forcing endless battles is banned
|rule|HP Percentage Mod: HP is shown in percentages
|rule|One Boost Passer Clause: Limit one Baton Passer that has a way to boost its stats
|rule|Freeze Clause Mod: Limit one foe frozen
|
|t:|1728145013
|start
|switch|p1a: Medicham|Medicham, M|100/100
|switch|p2a: Zapdos|Zapdos|100/100
|turn|1
|c|☆Violincore|Enjoy last battle!
|c|☆olliert|glhf!
|inactive|olliert has 270 seconds left.
|inactive|olliert has 240 seconds left.
|
|t:|1728145078
|switch|p1a: Celebi|Celebi|100/100
|move|p2a: Zapdos|Thunderbolt|p1a: Celebi
|-resisted|p1a: Celebi
|-damage|p1a: Celebi|76/100
|
|-heal|p1a: Celebi|83/100|[from] item: Leftovers
|upkeep
|turn|2
|
|t:|1728145093
|move|p1a: Celebi|Substitute|p1a: Celebi
|-start|p1a: Celebi|Substitute
|-damage|p1a: Celebi|58/100
|move|p2a: Zapdos|Baton Pass|p2a: Zapdos
|
|t:|1728145107
|switch|p2a: Celebi|Celebi|100/100|[from] Baton Pass
|
|-heal|p1a: Celebi|64/100|[from] item: Leftovers
|upkeep
|turn|3
|
|t:|1728145111
|move|p1a: Celebi|Baton Pass|p1a: Celebi
|inactive|Violincore has 270 seconds left.
|
|t:|1728145157
|switch|p1a: Jynx|Jynx, F|100/100|[from] Baton Pass
|move|p2a: Celebi|Perish Song|p2a: Celebi
|-start|p1a: Jynx|perish3|[silent]
|-start|p2a: Celebi|perish3|[silent]
|-fieldactivate|move: Perish Song
|
|-start|p1a: Jynx|perish3
|-start|p2a: Celebi|perish3
|upkeep
|turn|4
|
|t:|1728145173
|move|p1a: Jynx|Ice Beam|p2a: Celebi
|-supereffective|p2a: Celebi
|-damage|p2a: Celebi|39/100
|move|p2a: Celebi|Recover|p2a: Celebi
|-heal|p2a: Celebi|89/100
|
|-heal|p2a: Celebi|95/100|[from] item: Leftovers
|-start|p1a: Jynx|perish2
|-start|p2a: Celebi|perish2
|upkeep
|turn|5
|
|t:|1728145197
|switch|p2a: Starmie|Starmie|100/100
|move|p1a: Jynx|Lovely Kiss|p2a: Starmie
|-status|p2a: Starmie|slp|[from] move: Lovely Kiss
|
|-start|p1a: Jynx|perish1
|upkeep
|turn|6
|inactive|olliert has 270 seconds left.
|
|t:|1728145228
|-curestatus|p2a: Starmie|slp|[from] ability: Natural Cure
|switch|p2a: Celebi|Celebi|95/100
|switch|p1a: Zapdos|Zapdos|100/100
|
|-heal|p2a: Celebi|100/100|[from] item: Leftovers
|upkeep
|turn|7
|inactive|Violincore has 240 seconds left.
|
|t:|1728145259
|move|p1a: Zapdos|Baton Pass|p1a: Zapdos
|
|t:|1728145263
|switch|p1a: Celebi|Celebi|64/100|[from] Baton Pass
|move|p2a: Celebi|Leech Seed|p1a: Celebi
|-immune|p1a: Celebi
|
|-heal|p1a: Celebi|70/100|[from] item: Leftovers
|upkeep
|turn|8
|inactive|olliert has 270 seconds left.
|
|t:|1728145272
|move|p1a: Celebi|Baton Pass|p1a: Celebi
|
|t:|1728145274
|switch|p1a: Metagross|Metagross|100/100|[from] Baton Pass
|move|p2a: Celebi|Perish Song|p2a: Celebi
|-start|p1a: Metagross|perish3|[silent]
|-start|p2a: Celebi|perish3|[silent]
|-fieldactivate|move: Perish Song
|
|-start|p2a: Celebi|perish3
|-start|p1a: Metagross|perish3
|upkeep
|turn|9
|
|t:|1728145283
|switch|p2a: Swampert|Swampert, F|100/100
|move|p1a: Metagross|Meteor Mash|p2a: Swampert
|-resisted|p2a: Swampert
|-damage|p2a: Swampert|72/100
|
|-heal|p2a: Swampert|78/100|[from] item: Leftovers
|-start|p1a: Metagross|perish2
|upkeep
|turn|10
|inactive|olliert has 270 seconds left.
|inactive|Violincore has 240 seconds left.
|
|t:|1728145332
|switch|p1a: Celebi|Celebi|70/100
|switch|p2a: Zapdos|Zapdos|100/100
|
|-heal|p1a: Celebi|76/100|[from] item: Leftovers
|upkeep
|turn|11
|inactive|Violincore has 240 seconds left.
|
|t:|1728145344
|move|p1a: Celebi|Leech Seed|p2a: Zapdos
|-start|p2a: Zapdos|move: Leech Seed
|move|p2a: Zapdos|Substitute|p2a: Zapdos
|-start|p2a: Zapdos|Substitute
|-damage|p2a: Zapdos|76/100
|
|-heal|p1a: Celebi|82/100|[from] item: Leftovers
|-heal|p2a: Zapdos|82/100|[from] item: Leftovers
|-damage|p2a: Zapdos|69/100|[from] Leech Seed|[of] p1a: Celebi
|-heal|p1a: Celebi|92/100|[silent]
|upkeep
|turn|12
|
|t:|1728145356
|switch|p2a: Celebi|Celebi|100/100
|move|p1a: Celebi|Substitute|p1a: Celebi
|-start|p1a: Celebi|Substitute
|-damage|p1a: Celebi|67/100
|
|-heal|p1a: Celebi|74/100|[from] item: Leftovers
|upkeep
|turn|13
|inactive|Violincore has 240 seconds left.
|
|t:|1728145386
|move|p1a: Celebi|Substitute|p1a: Celebi
|-fail|p1a: Celebi|move: Substitute
|move|p2a: Celebi|Perish Song|p2a: Celebi
|-start|p1a: Celebi|perish3|[silent]
|-start|p2a: Celebi|perish3|[silent]
|-fieldactivate|move: Perish Song
|
|-heal|p1a: Celebi|80/100|[from] item: Leftovers
|-start|p1a: Celebi|perish3
|-start|p2a: Celebi|perish3
|upkeep
|turn|14
|c|☆Violincore|Lol missklick
|inactive|olliert has 240 seconds left.
|
|t:|1728145415
|move|p1a: Celebi|Baton Pass|p1a: Celebi
|c|☆olliert|lol was confused
|
|t:|1728145438
|switch|p1a: Metagross|Metagross|100/100|[from] Baton Pass
|move|p2a: Celebi|Leech Seed||[still]
|-fail|p2a: Celebi
|
|-start|p2a: Celebi|perish2
|-start|p1a: Metagross|perish2
|upkeep
|turn|15
|inactive|olliert has 240 seconds left.
|inactive|Violincore has 210 seconds left.
|inactive|Violincore disconnected and has 300 seconds to reconnect!
|player|p1|
|inactive|olliert has 210 seconds left.
|
|t:|1728145490
|switch|p2a: Swampert|Swampert, F|78/100
|move|p1a: Metagross|Meteor Mash|p2a: Swampert
|-resisted|p2a: Swampert
|-damage|p2a: Swampert|49/100
|
|-heal|p2a: Swampert|55/100|[from] item: Leftovers
|-start|p1a: Metagross|perish1
|upkeep
|turn|16
|inactive|olliert has 210 seconds left.
|inactive|Violincore reconnected and has 220 seconds left.
|player|p1|Violincore|170|
|
|t:|1728145508
|switch|p1a: Zapdos|Zapdos|100/100
|switch|p2a: Dugtrio|Dugtrio, F|100/100
|
|upkeep
|turn|17
|
|t:|1728145519
|switch|p2a: Celebi|Celebi|100/100
|move|p1a: Zapdos|Hidden Power|p2a: Celebi
|-resisted|p2a: Celebi
|-damage|p2a: Celebi|93/100
|
|-heal|p2a: Celebi|99/100|[from] item: Leftovers
|upkeep
|turn|18
|inactive|olliert has 210 seconds left.
|
|t:|1728145528
|move|p1a: Zapdos|Substitute|p1a: Zapdos
|-start|p1a: Zapdos|Substitute
|-damage|p1a: Zapdos|76/100
|move|p2a: Celebi|Baton Pass|p2a: Celebi
|
|t:|1728145533
|switch|p2a: Tyranitar|Tyranitar, M|100/100|[from] Baton Pass
|-weather|Sandstorm|[from] ability: Sand Stream|[of] p2a: Tyranitar
|
|-weather|Sandstorm|[upkeep]
|-damage|p1a: Zapdos|69/100|[from] Sandstorm
|-heal|p1a: Zapdos|76/100|[from] item: Leftovers
|upkeep
|turn|19
|
|t:|1728145537
|switch|p2a: Celebi|Celebi|99/100
|move|p1a: Zapdos|Baton Pass|p1a: Zapdos
|
|t:|1728145552
|switch|p1a: Jynx|Jynx, F|100/100|[from] Baton Pass
|
|-weather|Sandstorm|[upkeep]
|-damage|p1a: Jynx|95/100|[from] Sandstorm
|-damage|p2a: Celebi|93/100|[from] Sandstorm
|-heal|p1a: Jynx|100/100|[from] item: Leftovers
|-heal|p2a: Celebi|99/100|[from] item: Leftovers
|upkeep
|turn|20
|
|t:|1728145563
|move|p1a: Jynx|Lovely Kiss|p2a: Celebi
|-status|p2a: Celebi|slp|[from] move: Lovely Kiss
|cant|p2a: Celebi|slp
|
|-weather|Sandstorm|[upkeep]
|-damage|p1a: Jynx|95/100|[from] Sandstorm
|-damage|p2a: Celebi|93/100 slp|[from] Sandstorm
|-heal|p1a: Jynx|100/100|[from] item: Leftovers
|-heal|p2a: Celebi|99/100 slp|[from] item: Leftovers
|upkeep
|turn|21
|
|t:|1728145567
|-curestatus|p2a: Celebi|slp|[from] ability: Natural Cure
|switch|p2a: Starmie|Starmie|100/100
|move|p1a: Jynx|Calm Mind|p1a: Jynx
|-boost|p1a: Jynx|spa|1
|-boost|p1a: Jynx|spd|1
|
|-weather|Sandstorm|[upkeep]
|-damage|p2a: Starmie|94/100|[from] Sandstorm
|-damage|p1a: Jynx|95/100|[from] Sandstorm
|-heal|p2a: Starmie|100/100|[from] item: Leftovers
|-heal|p1a: Jynx|100/100|[from] item: Leftovers
|upkeep
|turn|22
|
|t:|1728145579
|move|p2a: Starmie|Hydro Pump|p1a: Jynx
|-crit|p1a: Jynx
|-end|p1a: Jynx|Substitute
|move|p1a: Jynx|Calm Mind|p1a: Jynx
|-boost|p1a: Jynx|spa|1
|-boost|p1a: Jynx|spd|1
|
|-weather|Sandstorm|[upkeep]
|-damage|p2a: Starmie|94/100|[from] Sandstorm
|-damage|p1a: Jynx|95/100|[from] Sandstorm
|-heal|p2a: Starmie|100/100|[from] item: Leftovers
|-heal|p1a: Jynx|100/100|[from] item: Leftovers
|upkeep
|turn|23
|inactive|olliert has 240 seconds left.
|inactive|Violincore disconnected and has 295 seconds to reconnect!
|player|p1|
|inactive|olliert has 210 seconds left.
|
|t:|1728145634
|switch|p2a: Swampert|Swampert, F|55/100
|move|p1a: Jynx|Lovely Kiss|p2a: Swampert
|-status|p2a: Swampert|slp|[from] move: Lovely Kiss
|
|-weather|Sandstorm|[upkeep]
|-damage|p1a: Jynx|95/100|[from] Sandstorm
|-heal|p1a: Jynx|100/100|[from] item: Leftovers
|-heal|p2a: Swampert|61/100 slp|[from] item: Leftovers
|upkeep
|turn|24
|inactive|Violincore reconnected and has 265 seconds left.
|player|p1|Violincore|170|
|inactive|olliert has 210 seconds left.
|
|t:|1728145643
|move|p1a: Jynx|Substitute|p1a: Jynx
|-start|p1a: Jynx|Substitute
|-damage|p1a: Jynx|76/100
|cant|p2a: Swampert|slp
|
|-weather|Sandstorm|[upkeep]
|-damage|p1a: Jynx|70/100|[from] Sandstorm
|-heal|p1a: Jynx|76/100|[from] item: Leftovers
|-heal|p2a: Swampert|67/100 slp|[from] item: Leftovers
|upkeep
|turn|25
|
|t:|1728145653
|switch|p2a: Starmie|Starmie|100/100
|move|p1a: Jynx|Ice Beam|p2a: Starmie
|-resisted|p2a: Starmie
|-damage|p2a: Starmie|33/100
|
|-weather|Sandstorm|[upkeep]
|-damage|p2a: Starmie|27/100|[from] Sandstorm
|-damage|p1a: Jynx|70/100|[from] Sandstorm
|-heal|p2a: Starmie|33/100|[from] item: Leftovers
|-heal|p1a: Jynx|76/100|[from] item: Leftovers
|upkeep
|turn|26
|inactive|Violincore has 270 seconds left.
|
|t:|1728145675
|move|p2a: Starmie|Hydro Pump|p1a: Jynx
|-end|p1a: Jynx|Substitute
|move|p1a: Jynx|Ice Beam|p2a: Starmie
|-resisted|p2a: Starmie
|-damage|p2a: Starmie|0 fnt
|faint|p2a: Starmie
|
|t:|1728145681
|switch|p2a: Dugtrio|Dugtrio, F|100/100
|
|-weather|Sandstorm|[upkeep]
|-damage|p1a: Jynx|70/100|[from] Sandstorm
|-heal|p1a: Jynx|76/100|[from] item: Leftovers
|upkeep
|turn|27
|
|t:|1728145686
|move|p2a: Dugtrio|Earthquake|p1a: Jynx
|-damage|p1a: Jynx|0 fnt
|faint|p1a: Jynx
|inactive|Violincore has 270 seconds left.
|inactive|Violincore has 240 seconds left.
|inactive|Violincore has 210 seconds left.
|
|t:|1728145760
|switch|p1a: Zapdos|Zapdos|76/100
|
|-weather|Sandstorm|[upkeep]
|-damage|p1a: Zapdos|69/100|[from] Sandstorm
|-heal|p1a: Zapdos|76/100|[from] item: Leftovers
|upkeep
|turn|28
|inactive|olliert has 240 seconds left.
|inactive|Violincore has 210 seconds left.
|inactive|Violincore has 180 seconds left.
|
|t:|1728145814
|switch|p2a: Celebi|Celebi|99/100
|move|p1a: Zapdos|Baton Pass|p1a: Zapdos
|
|t:|1728145830
|switch|p1a: Medicham|Medicham, M|100/100|[from] Baton Pass
|
|-weather|Sandstorm|[upkeep]
|-damage|p1a: Medicham|94/100|[from] Sandstorm
|-damage|p2a: Celebi|93/100|[from] Sandstorm
|-heal|p2a: Celebi|99/100|[from] item: Leftovers
|upkeep
|turn|29
|inactive|olliert has 240 seconds left.
|
|t:|1728145871
|move|p1a: Medicham|Shadow Ball|p2a: Celebi
|-supereffective|p2a: Celebi
|-damage|p2a: Celebi|48/100
|move|p2a: Celebi|Leech Seed|p1a: Medicham
|-start|p1a: Medicham|move: Leech Seed
|
|-weather|Sandstorm|[upkeep]
|-damage|p1a: Medicham|88/100|[from] Sandstorm
|-damage|p2a: Celebi|42/100|[from] Sandstorm
|-damage|p1a: Medicham|76/100|[from] Leech Seed|[of] p2a: Celebi
|-heal|p2a: Celebi|50/100|[silent]
|-heal|p2a: Celebi|56/100|[from] item: Leftovers
|upkeep
|turn|30
|
|t:|1728145881
|switch|p1a: Celebi|Celebi|80/100
|move|p2a: Celebi|Recover|p2a: Celebi
|-heal|p2a: Celebi|100/100
|
|-weather|Sandstorm|[upkeep]
|-damage|p1a: Celebi|74/100|[from] Sandstorm
|-damage|p2a: Celebi|94/100|[from] Sandstorm
|-heal|p1a: Celebi|80/100|[from] item: Leftovers
|-heal|p2a: Celebi|100/100|[from] item: Leftovers
|upkeep
|turn|31
|inactive|Violincore has 180 seconds left.
|
|t:|1728145894
|move|p1a: Celebi|Substitute|p1a: Celebi
|-start|p1a: Celebi|Substitute
|-damage|p1a: Celebi|55/100
|move|p2a: Celebi|Perish Song|p2a: Celebi
|-start|p1a: Celebi|perish3|[silent]
|-start|p2a: Celebi|perish3|[silent]
|-fieldactivate|move: Perish Song
|
|-weather|Sandstorm|[upkeep]
|-damage|p1a: Celebi|49/100|[from] Sandstorm
|-damage|p2a: Celebi|94/100|[from] Sandstorm
|-heal|p1a: Celebi|55/100|[from] item: Leftovers
|-heal|p2a: Celebi|100/100|[from] item: Leftovers
|-start|p1a: Celebi|perish3
|-start|p2a: Celebi|perish3
|upkeep
|turn|32
|inactive|olliert has 210 seconds left.
|
|t:|1728145928
|move|p1a: Celebi|Baton Pass|p1a: Celebi
|
|t:|1728145935
|switch|p1a: Metagross|Metagross|100/100|[from] Baton Pass
|move|p2a: Celebi|Baton Pass|p2a: Celebi
|
|t:|1728145939
|switch|p2a: Dugtrio|Dugtrio, F|100/100|[from] Baton Pass
|
|-weather|Sandstorm|[upkeep]
|-start|p2a: Dugtrio|perish2
|-start|p1a: Metagross|perish2
|upkeep
|turn|33
|inactive|olliert has 210 seconds left.
|
|t:|1728145945
|move|p2a: Dugtrio|Protect|p2a: Dugtrio
|-singleturn|p2a: Dugtrio|Protect
|move|p1a: Metagross|Meteor Mash|p2a: Dugtrio
|-activate|p2a: Dugtrio|Protect
|
|-weather|Sandstorm|[upkeep]
|-start|p2a: Dugtrio|perish1
|-start|p1a: Metagross|perish1
|upkeep
|turn|34
|c|☆Violincore|Omfg
|c|☆olliert|can't believe this tech worked tbh
|c|☆Violincore|i didnt know that looool
|c|☆olliert|lool
|
|t:|1728145973
|switch|p2a: Swampert|Swampert, F|67/100 slp
|move|p1a: Metagross|Meteor Mash|p2a: Swampert|[miss]
|-miss|p1a: Metagross|p2a: Swampert
|
|-weather|Sandstorm|[upkeep]
|-heal|p2a: Swampert|73/100 slp|[from] item: Leftovers
|-start|p1a: Metagross|perish0
|upkeep
|faint|p1a: Metagross
|c|☆olliert|i was COOKIN
|inactive|Violincore has 180 seconds left.
|
|t:|1728146003
|switch|p1a: Medicham|Medicham, M|76/100
|turn|35
|inactive|olliert has 210 seconds left.
|
|t:|1728146035
|-singleturn|p1a: Medicham|move: Focus Punch
|cant|p2a: Swampert|slp
|move|p1a: Medicham|Focus Punch|p2a: Swampert
|-crit|p2a: Swampert
|-damage|p2a: Swampert|0 fnt
|faint|p2a: Swampert
|
|t:|1728146044
|switch|p2a: Dugtrio|Dugtrio, F|100/100
|
|-weather|Sandstorm|[upkeep]
|-damage|p1a: Medicham|70/100|[from] Sandstorm
|upkeep
|turn|36
|
|t:|1728146053
|move|p2a: Dugtrio|Earthquake|p1a: Medicham
|-damage|p1a: Medicham|0 fnt
|faint|p1a: Medicham
|inactive|Violincore has 180 seconds left.
|
|t:|1728146079
|switch|p1a: Zapdos|Zapdos|76/100
|
|-weather|Sandstorm|[upkeep]
|-damage|p1a: Zapdos|69/100|[from] Sandstorm
|-heal|p1a: Zapdos|76/100|[from] item: Leftovers
|upkeep
|turn|37
|
|t:|1728146089
|switch|p2a: Celebi|Celebi|100/100
|move|p1a: Zapdos|Baton Pass|p1a: Zapdos
|
|t:|1728146094
|switch|p1a: Kingdra|Kingdra, M|100/100|[from] Baton Pass
|
|-weather|Sandstorm|[upkeep]
|-damage|p1a: Kingdra|95/100|[from] Sandstorm
|-damage|p2a: Celebi|94/100|[from] Sandstorm
|-heal|p2a: Celebi|100/100|[from] item: Leftovers
|upkeep
|turn|38
|
|t:|1728146107
|move|p1a: Kingdra|Ice Beam|p2a: Celebi
|-supereffective|p2a: Celebi
|-crit|p2a: Celebi
|-damage|p2a: Celebi|31/100
|move|p2a: Celebi|Leech Seed|p1a: Kingdra
|-start|p1a: Kingdra|move: Leech Seed
|
|-weather|Sandstorm|[upkeep]
|-damage|p1a: Kingdra|89/100|[from] Sandstorm
|-damage|p2a: Celebi|25/100|[from] Sandstorm
|-damage|p1a: Kingdra|76/100|[from] Leech Seed|[of] p2a: Celebi
|-heal|p2a: Celebi|34/100|[silent]
|-heal|p2a: Celebi|40/100|[from] item: Leftovers
|upkeep
|turn|39
|inactive|Violincore has 180 seconds left.
|
|t:|1728146120
|move|p1a: Kingdra|Toxic|p2a: Celebi
|-status|p2a: Celebi|tox
|move|p2a: Celebi|Recover|p2a: Celebi
|-heal|p2a: Celebi|90/100 tox
|
|-weather|Sandstorm|[upkeep]
|-damage|p1a: Kingdra|70/100|[from] Sandstorm
|-damage|p2a: Celebi|84/100 tox|[from] Sandstorm
|-damage|p1a: Kingdra|58/100|[from] Leech Seed|[of] p2a: Celebi
|-heal|p2a: Celebi|94/100 tox|[silent]
|-heal|p2a: Celebi|99/100 tox|[from] item: Leftovers
|-damage|p2a: Celebi|94/100 tox|[from] psn
|upkeep
|turn|40
|inactive|Violincore disconnected and has 295 seconds to reconnect!
|player|p1|
|inactive|olliert has 210 seconds left.
|inactive|Violincore reconnected.
|player|p1|Violincore|170|
|inactive|olliert has 180 seconds left.
|c|☆Violincore|Bro I cant pass through celebi
|c|☆Violincore|gg
|c|☆Violincore|well played
|c|☆Violincore|you own this :)
|-message|Violincore forfeited.
|
|win|olliert
|c|☆olliert|aha
|c|☆olliert|ahh
|c|☆olliert|didn't think it was fully over
|c|☆olliert|but ggs, fun games!
|c|☆Violincore|Yes!
|c|☆olliert|I think you had a chance in this last one but np, ggs! :)
|player|p1|
|c|☆olliert|have a good trip

</script>
<script type="application/json" class="data" id="replaydata-smogtours-gen3ou-794998">
{"id":"smogtours-gen3ou-794998","format":"[Gen 3] OU","players":["Violincore","olliert"],"uploadtime":1728146205,"views":93,"formatid":"gen3ou","rating":null,"private":0,"password":null}
</script>

<script defer src="js/replays.js?9d40a366"></script>
