<!DOCTYPE html>
<meta charset="utf-8" />
<meta name="viewport" content="width=device-width" />

<title>[Gen 3] OU: EtymonLegomenon vs. PuruglyIsUgly - Replays - Pok&eacute;mon Showdown!</title>

<meta name="description" content="Watch a replay of a Pok&eacute;mon battle between EtymonLegomenon and PuruglyIsUgly! Format: [Gen 3] OU; Date: Oct 10, 2024" />
<!--

Hey, you! Looking in the source for the replay log?

You can find them in JSON format, just add `.json` at the end of a replay URL.

https://replay.pokemonshowdown.com/gen7randomdoublesbattle-865046831.json

Or, if you only need the log itself, add `.log` instead:

https://replay.pokemonshowdown.com/gen7randomdoublesbattle-865046831.log

-->

<link rel="stylesheet" href="//pokemonshowdown.com/style/global.css?0.023195364461161105" />
<link rel="stylesheet" href="//play.pokemonshowdown.com/style/font-awesome.css?0.13261647063804238" />
<link rel="stylesheet" href="//play.pokemonshowdown.com/style/battle.css?0.8753245789963631" />
<link rel="stylesheet" href="//play.pokemonshowdown.com/style/utilichart.css?0.8627959624976733" />

<!-- Global site tag (gtag.js) - Google Analytics -->
<script async src="https://www.googletagmanager.com/gtag/js?id=UA-26211653-1"></script>
<script>
  window.dataLayer = window.dataLayer || [];
  function gtag(){dataLayer.push(arguments);}
  gtag('js', new Date());

  gtag('config', 'UA-26211653-1');
</script>
<!-- End Google Analytics -->
<!-- Venatus Ad Manager - Install in <HEAD> of page -->
	<script src="https://hb.vntsm.com/v3/live/ad-manager.min.js" type="text/javascript" data-site-id="642aba63ec9a7b11c3c9c1be" data-mode="scan" async></script>
<!-- / Venatus Ad Manager -->

<style>
	@media (max-width:820px) {
		.battle {
			margin: 0 auto;
		}
		.battle-log {
			margin: 7px auto 0;
			max-width: 640px;
			height: 300px;
			position: static;
		}
	}
	.optgroup {
		display: inline-block;
		line-height: 22px;
		font-size: 10pt;
	}
	.optgroup .button {
		height: 25px;
		padding-top: 0;
		padding-bottom: 0;
	}
	.optgroup button.button {
		padding-left: 12px;
		padding-right: 12px;
	}
	.linklist {
		list-style: none;
		margin: 0.5em 0;
		padding: 0;
	}
	.linklist li {
		padding: 2px 0;
	}
	.sidebar {
		float: left;
		width: 320px;
	}
	.bar-wrapper {
		max-width: 1100px;
		margin: 0 auto;
	}
	.bar-wrapper.has-sidebar {
		max-width: 1430px;
	}
	.mainbar {
		margin: 0;
		padding-right: 1px;
	}
	.mainbar.has-sidebar {
		margin-left: 330px;
	}
	@media (min-width: 1511px) {
		.sidebar {
			width: 400px;
		}
		.bar-wrapper.has-sidebar {
			max-width: 1510px;
		}
		.mainbar.has-sidebar {
			margin-left: 410px;
		}
	}
	.section.first-section {
		margin-top: 9px;
	}
	.blocklink small {
		white-space: normal;
	}
	.button {
		vertical-align: middle;
	}
	.replay-controls {
		padding-top: 10px;
	}
	.replay-controls h1 {
		font-size: 16pt;
		font-weight: normal;
		color: #CCC;
	}
	.pagelink {
		text-align: center;
	}
	.pagelink a {
		width: 150px;
	}
	.textbox, .button {
		font-size: 11pt;
		vertical-align: middle;
	}
	@media (max-width: 450px) {
		.button {
			font-size: 9pt;
		}
	}
</style>

<div>

	<header>
		<div class="nav-wrapper"><ul class="nav">
			<li><a class="button nav-first" href="//pokemonshowdown.com/"><img src="//pokemonshowdown.com/images/pokemonshowdownbeta.png" srcset="//pokemonshowdown.com/images/pokemonshowdownbeta.png 1x, //pokemonshowdown.com/images/pokemonshowdownbeta@2x.png 2x" alt="Pok&eacute;mon Showdown" width="146" height="44" /> Home</a></li>
			<li><a class="button" href="//pokemonshowdown.com/dex/">Pok&eacute;dex</a></li>
			<li><a class="button cur" href="/">Replays</a></li>
			<li><a class="button" href="//pokemonshowdown.com/ladder/">Ladder</a></li>
			<li><a class="button nav-last" href="//pokemonshowdown.com/forums/">Forum</a></li>
			<li><a class="button greenbutton nav-first nav-last" href="//play.pokemonshowdown.com/">Play</a></li>
		</ul></div>
	</header>

	<div class="main" id="main">

		<noscript><section class="section">You need to enable JavaScript to use this page; sorry!</section></noscript>

	</div>

</div>

<script defer nomodule src="//play.pokemonshowdown.com/js/lib/ps-polyfill.js"></script>
<script defer src="//play.pokemonshowdown.com/js/lib/preact.min.js"></script>

<script defer src="//play.pokemonshowdown.com/config/config.js?2bddbc15"></script>
<script defer src="//play.pokemonshowdown.com/js/lib/jquery-1.11.0.min.js"></script>
<script defer src="//play.pokemonshowdown.com/js/lib/html-sanitizer-minified.js"></script>
<script defer src="//play.pokemonshowdown.com/js/battle-sound.js"></script>
<script defer src="//play.pokemonshowdown.com/js/battledata.js?0.7209276989879541"></script>
<script defer src="//play.pokemonshowdown.com/data/pokedex-mini.js?0.6111056340867951"></script>
<script defer src="//play.pokemonshowdown.com/data/pokedex-mini-bw.js?0.3532142036491459"></script>
<script defer src="//play.pokemonshowdown.com/data/graphics.js?0.24223875632456182"></script>
<script defer src="//play.pokemonshowdown.com/data/pokedex.js?0.38839984266356864"></script>
<script defer src="//play.pokemonshowdown.com/data/moves.js?0.21866028504024015"></script>
<script defer src="//play.pokemonshowdown.com/data/abilities.js?0.2005157953846628"></script>
<script defer src="//play.pokemonshowdown.com/data/items.js?0.9894211263848525"></script>
<script defer src="//play.pokemonshowdown.com/data/teambuilder-tables.js?0.6008791140282215"></script>
<script defer src="//play.pokemonshowdown.com/js/battle-tooltips.js?0.7580118955022959"></script>
<script defer src="//play.pokemonshowdown.com/js/battle.js?0.6057722274234274"></script>

<script defer src="js/utils.js?e31f9a17"></script>
<script defer src="js/replays-battle.js?7008c182"></script>

<!-- don't scrape this data! just add .json or .log after the URL!
Full API docs: https://github.com/smogon/pokemon-showdown-client/blob/master/WEB-API.md -->
<script type="text/plain" class="log" id="replaylog-smogtours-gen3ou-797064">
|inactive|Battle timer is ON: inactive players will automatically lose when time's up.
|t:|1728600689
|gametype|singles
|player|p1|EtymonLegomenon|juan|
|player|p2|PuruglyIsUgly|101|
|teamsize|p1|6
|teamsize|p2|6
|gen|3
|tier|[Gen 3] OU
|rule|Sleep Clause Mod: Limit one foe put to sleep
|rule|Switch Priority Clause Mod: Faster Pokémon switch first
|rule|Species Clause: Limit one of each Pokémon
|rule|OHKO Clause: OHKO moves are banned
|rule|Evasion Items Clause: Evasion items are banned
|rule|Evasion Moves Clause: Evasion moves are banned
|rule|Endless Battle Clause: Forcing endless battles is banned
|rule|HP Percentage Mod: HP is shown in percentages
|rule|One Boost Passer Clause: Limit one Baton Passer that has a way to boost its stats
|rule|Freeze Clause Mod: Limit one foe frozen
|
|t:|1728600689
|start
|switch|p1a: SandyLastWeek|Tyranitar, F|100/100
|switch|p2a: Suicune|Suicune|100/100
|-weather|Sandstorm|[from] ability: Sand Stream|[of] p1a: SandyLastWeek
|turn|1
|c|☆PuruglyIsUgly|hf
|
|t:|1728600698
|switch|p1a: ChrisFarleyMouth|Blissey, F|100/100
|move|p2a: Suicune|Hydro Pump|p1a: ChrisFarleyMouth
|-damage|p1a: ChrisFarleyMouth|79/100
|
|-weather|Sandstorm|[upkeep]
|-damage|p2a: Suicune|94/100|[from] Sandstorm
|-damage|p1a: ChrisFarleyMouth|73/100|[from] Sandstorm
|-heal|p2a: Suicune|100/100|[from] item: Leftovers
|-heal|p1a: ChrisFarleyMouth|79/100|[from] item: Leftovers
|upkeep
|turn|2
|c|☆EtymonLegomenon|Good Luck. Have Fun.
|
|t:|1728600706
|switch|p2a: Metagross|Metagross|100/100
|move|p1a: ChrisFarleyMouth|Toxic|p2a: Metagross
|-immune|p2a: Metagross
|
|-weather|Sandstorm|[upkeep]
|-damage|p1a: ChrisFarleyMouth|73/100|[from] Sandstorm
|-heal|p1a: ChrisFarleyMouth|79/100|[from] item: Leftovers
|upkeep
|turn|3
|
|t:|1728600711
|switch|p1a: MyNameIsMud|Swampert, F|100/100
|move|p2a: Metagross|Earthquake|p1a: MyNameIsMud
|-damage|p1a: MyNameIsMud|55/100
|
|-weather|Sandstorm|[upkeep]
|-heal|p1a: MyNameIsMud|61/100|[from] item: Leftovers
|upkeep
|turn|4
|
|t:|1728600717
|switch|p2a: Salamence|Salamence, M|100/100
|-ability|p2a: Salamence|Intimidate|boost
|-unboost|p1a: MyNameIsMud|atk|1
|move|p1a: MyNameIsMud|Earthquake|p2a: Salamence
|-immune|p2a: Salamence
|
|-weather|Sandstorm|[upkeep]
|-damage|p2a: Salamence|94/100|[from] Sandstorm
|-heal|p2a: Salamence|100/100|[from] item: Leftovers
|-heal|p1a: MyNameIsMud|67/100|[from] item: Leftovers
|upkeep
|turn|5
|
|t:|1728600726
|switch|p1a: CruiseElroy|Gengar, M|100/100
|move|p2a: Salamence|Hidden Power|p1a: CruiseElroy
|-resisted|p1a: CruiseElroy
|-damage|p1a: CruiseElroy|86/100
|
|-weather|Sandstorm|[upkeep]
|-damage|p1a: CruiseElroy|80/100|[from] Sandstorm
|-damage|p2a: Salamence|94/100|[from] Sandstorm
|-heal|p1a: CruiseElroy|86/100|[from] item: Leftovers
|-heal|p2a: Salamence|100/100|[from] item: Leftovers
|upkeep
|turn|6
|
|t:|1728600732
|switch|p2a: Suicune|Suicune|100/100
|move|p1a: CruiseElroy|Will-O-Wisp|p2a: Suicune
|-status|p2a: Suicune|brn
|
|-weather|Sandstorm|[upkeep]
|-damage|p1a: CruiseElroy|80/100|[from] Sandstorm
|-damage|p2a: Suicune|94/100 brn|[from] Sandstorm
|-heal|p1a: CruiseElroy|86/100|[from] item: Leftovers
|-heal|p2a: Suicune|100/100 brn|[from] item: Leftovers
|-damage|p2a: Suicune|88/100 brn|[from] brn
|upkeep
|turn|7
|
|t:|1728600742
|move|p1a: CruiseElroy|Thunderbolt|p2a: Suicune
|-supereffective|p2a: Suicune
|-damage|p2a: Suicune|44/100 brn
|move|p2a: Suicune|Hydro Pump|p1a: CruiseElroy|[miss]
|-miss|p2a: Suicune|p1a: CruiseElroy
|
|-weather|Sandstorm|[upkeep]
|-damage|p1a: CruiseElroy|80/100|[from] Sandstorm
|-damage|p2a: Suicune|38/100 brn|[from] Sandstorm
|-heal|p1a: CruiseElroy|86/100|[from] item: Leftovers
|-heal|p2a: Suicune|44/100 brn|[from] item: Leftovers
|-damage|p2a: Suicune|32/100 brn|[from] brn
|upkeep
|turn|8
|
|t:|1728600747
|move|p1a: CruiseElroy|Thunderbolt|p2a: Suicune
|-supereffective|p2a: Suicune
|-damage|p2a: Suicune|0 fnt
|faint|p2a: Suicune
|
|t:|1728600751
|switch|p2a: Magneton|Magneton|100/100
|
|-weather|Sandstorm|[upkeep]
|-damage|p1a: CruiseElroy|80/100|[from] Sandstorm
|-heal|p1a: CruiseElroy|86/100|[from] item: Leftovers
|upkeep
|turn|9
|
|t:|1728600760
|switch|p1a: ChrisFarleyMouth|Blissey, F|79/100
|move|p2a: Magneton|Thunder Wave|p1a: ChrisFarleyMouth
|-status|p1a: ChrisFarleyMouth|par
|
|-weather|Sandstorm|[upkeep]
|-damage|p1a: ChrisFarleyMouth|73/100 par|[from] Sandstorm
|-heal|p1a: ChrisFarleyMouth|79/100 par|[from] item: Leftovers
|upkeep
|turn|10
|
|t:|1728600769
|switch|p2a: Metagross|Metagross|100/100
|move|p1a: ChrisFarleyMouth|Seismic Toss|p2a: Metagross
|-damage|p2a: Metagross|69/100
|
|-weather|Sandstorm|[upkeep]
|-damage|p1a: ChrisFarleyMouth|73/100 par|[from] Sandstorm
|-heal|p1a: ChrisFarleyMouth|79/100 par|[from] item: Leftovers
|upkeep
|turn|11
|
|t:|1728600781
|-curestatus|p1a: ChrisFarleyMouth|par|[from] ability: Natural Cure
|switch|p1a: RaptorialHassle|Skarmory, M|100/100
|move|p2a: Metagross|Meteor Mash|p1a: RaptorialHassle
|-resisted|p1a: RaptorialHassle
|-damage|p1a: RaptorialHassle|65/100
|-boost|p2a: Metagross|atk|1
|
|-weather|Sandstorm|[upkeep]
|-heal|p1a: RaptorialHassle|71/100|[from] item: Leftovers
|upkeep
|turn|12
|
|t:|1728600793
|switch|p1a: ChrisFarleyMouth|Blissey, F|79/100
|move|p2a: Metagross|Meteor Mash|p1a: ChrisFarleyMouth
|-damage|p1a: ChrisFarleyMouth|0 fnt
|-boost|p2a: Metagross|atk|1
|faint|p1a: ChrisFarleyMouth
|c|☆EtymonLegomenon|Srsly
|
|t:|1728600802
|switch|p1a: CruiseElroy|Gengar, M|86/100
|
|-weather|Sandstorm|[upkeep]
|-damage|p1a: CruiseElroy|80/100|[from] Sandstorm
|-heal|p1a: CruiseElroy|86/100|[from] item: Leftovers
|upkeep
|turn|13
|
|t:|1728600810
|switch|p2a: Magneton|Magneton|100/100
|move|p1a: CruiseElroy|Will-O-Wisp|p2a: Magneton|[miss]
|-miss|p1a: CruiseElroy|p2a: Magneton
|
|-weather|Sandstorm|[upkeep]
|-damage|p1a: CruiseElroy|80/100|[from] Sandstorm
|-heal|p1a: CruiseElroy|86/100|[from] item: Leftovers
|upkeep
|turn|14
|
|t:|1728600821
|switch|p1a: MyNameIsMud|Swampert, F|67/100
|move|p2a: Magneton|Thunder Wave|p1a: MyNameIsMud
|-immune|p1a: MyNameIsMud
|
|-weather|Sandstorm|[upkeep]
|-heal|p1a: MyNameIsMud|74/100|[from] item: Leftovers
|upkeep
|turn|15
|c|☆PuruglyIsUgly|you kinda had to switch
|
|t:|1728600827
|switch|p2a: Metagross|Metagross|69/100
|move|p1a: MyNameIsMud|Ice Beam|p2a: Metagross
|-resisted|p2a: Metagross
|-damage|p2a: Metagross|56/100
|
|-weather|Sandstorm|[upkeep]
|-heal|p1a: MyNameIsMud|80/100|[from] item: Leftovers
|upkeep
|turn|16
|
|t:|1728600833
|move|p1a: MyNameIsMud|Protect|p1a: MyNameIsMud
|-singleturn|p1a: MyNameIsMud|Protect
|move|p2a: Metagross|Explosion|p1a: MyNameIsMud
|-activate|p1a: MyNameIsMud|Protect
|faint|p2a: Metagross
|
|t:|1728600838
|switch|p2a: Snorlax|Snorlax, F|100/100
|
|-weather|Sandstorm|[upkeep]
|-damage|p2a: Snorlax|94/100|[from] Sandstorm
|-heal|p1a: MyNameIsMud|86/100|[from] item: Leftovers
|-heal|p2a: Snorlax|100/100|[from] item: Leftovers
|upkeep
|turn|17
|c|☆EtymonLegomenon|What?
|c|☆PuruglyIsUgly|too aggressive
|
|t:|1728600852
|switch|p1a: CruiseElroy|Gengar, M|86/100
|move|p2a: Snorlax|Body Slam|p1a: CruiseElroy
|-immune|p1a: CruiseElroy
|
|-weather|Sandstorm|[upkeep]
|-damage|p1a: CruiseElroy|80/100|[from] Sandstorm
|-damage|p2a: Snorlax|94/100|[from] Sandstorm
|-heal|p1a: CruiseElroy|86/100|[from] item: Leftovers
|-heal|p2a: Snorlax|100/100|[from] item: Leftovers
|upkeep
|turn|18
|
|t:|1728600857
|move|p1a: CruiseElroy|Will-O-Wisp|p2a: Snorlax|[miss]
|-miss|p1a: CruiseElroy|p2a: Snorlax
|move|p2a: Snorlax|Shadow Ball|p1a: CruiseElroy
|-supereffective|p1a: CruiseElroy
|-damage|p1a: CruiseElroy|1/100
|
|-weather|Sandstorm|[upkeep]
|-damage|p1a: CruiseElroy|0 fnt|[from] Sandstorm
|-damage|p2a: Snorlax|94/100|[from] Sandstorm
|faint|p1a: CruiseElroy
|-heal|p2a: Snorlax|100/100|[from] item: Leftovers
|upkeep
|
|t:|1728600877
|switch|p1a: MyNameIsMud|Swampert, F|86/100
|turn|19
|
|t:|1728600881
|move|p1a: MyNameIsMud|Earthquake|p2a: Snorlax
|-damage|p2a: Snorlax|65/100
|move|p2a: Snorlax|Body Slam|p1a: MyNameIsMud
|-damage|p1a: MyNameIsMud|57/100
|
|-weather|Sandstorm|[upkeep]
|-damage|p2a: Snorlax|59/100|[from] Sandstorm
|-heal|p1a: MyNameIsMud|63/100|[from] item: Leftovers
|-heal|p2a: Snorlax|65/100|[from] item: Leftovers
|upkeep
|turn|20
|
|t:|1728600890
|move|p1a: MyNameIsMud|Earthquake|p2a: Snorlax
|-damage|p2a: Snorlax|32/100
|move|p2a: Snorlax|Body Slam|p1a: MyNameIsMud
|-crit|p1a: MyNameIsMud
|-damage|p1a: MyNameIsMud|2/100
|
|-weather|Sandstorm|[upkeep]
|-damage|p2a: Snorlax|26/100|[from] Sandstorm
|-heal|p1a: MyNameIsMud|8/100|[from] item: Leftovers
|-heal|p2a: Snorlax|32/100|[from] item: Leftovers
|upkeep
|turn|21
|
|t:|1728600905
|move|p1a: MyNameIsMud|Earthquake|p2a: Snorlax
|-damage|p2a: Snorlax|0 fnt
|faint|p2a: Snorlax
|
|t:|1728600907
|switch|p2a: Salamence|Salamence, M|100/100
|-ability|p2a: Salamence|Intimidate|boost
|-unboost|p1a: MyNameIsMud|atk|1
|
|-weather|Sandstorm|[upkeep]
|-damage|p2a: Salamence|94/100|[from] Sandstorm
|-heal|p2a: Salamence|100/100|[from] item: Leftovers
|-heal|p1a: MyNameIsMud|15/100|[from] item: Leftovers
|upkeep
|turn|22
|
|t:|1728600912
|move|p2a: Salamence|Dragon Claw|p1a: MyNameIsMud
|-damage|p1a: MyNameIsMud|0 fnt
|faint|p1a: MyNameIsMud
|inactive|EtymonLegomenon has 270 seconds left.
|
|t:|1728600948
|switch|p1a: SandyLastWeek|Tyranitar, F|100/100
|
|-weather|Sandstorm|[upkeep]
|-damage|p2a: Salamence|94/100|[from] Sandstorm
|-heal|p2a: Salamence|100/100|[from] item: Leftovers
|upkeep
|turn|23
|
|t:|1728600953
|switch|p2a: Magneton|Magneton|100/100
|move|p1a: SandyLastWeek|Rock Slide|p2a: Magneton
|-resisted|p2a: Magneton
|-damage|p2a: Magneton|73/100
|
|-weather|Sandstorm|[upkeep]
|upkeep
|turn|24
|
|t:|1728600961
|move|p2a: Magneton|Thunderbolt|p1a: SandyLastWeek
|-damage|p1a: SandyLastWeek|61/100
|move|p1a: SandyLastWeek|Earthquake|p2a: Magneton
|-supereffective|p2a: Magneton
|-damage|p2a: Magneton|0 fnt
|faint|p2a: Magneton
|
|t:|1728600965
|switch|p2a: Salamence|Salamence, M|100/100
|-ability|p2a: Salamence|Intimidate|boost
|-unboost|p1a: SandyLastWeek|atk|1
|
|-weather|Sandstorm|[upkeep]
|-damage|p2a: Salamence|94/100|[from] Sandstorm
|-heal|p2a: Salamence|100/100|[from] item: Leftovers
|-heal|p1a: SandyLastWeek|67/100|[from] item: Leftovers
|upkeep
|turn|25
|
|t:|1728600974
|move|p2a: Salamence|Brick Break|p1a: SandyLastWeek
|-supereffective|p1a: SandyLastWeek
|-damage|p1a: SandyLastWeek|0 fnt
|faint|p1a: SandyLastWeek
|
|t:|1728600977
|switch|p1a: MrWorldwide|Moltres|100/100
|
|-weather|Sandstorm|[upkeep]
|-damage|p2a: Salamence|94/100|[from] Sandstorm
|-damage|p1a: MrWorldwide|94/100|[from] Sandstorm
|-heal|p2a: Salamence|100/100|[from] item: Leftovers
|-heal|p1a: MrWorldwide|100/100|[from] item: Leftovers
|upkeep
|turn|26
|
|t:|1728600982
|move|p2a: Salamence|Dragon Claw|p1a: MrWorldwide
|-damage|p1a: MrWorldwide|47/100
|move|p1a: MrWorldwide|Will-O-Wisp|p2a: Salamence
|-status|p2a: Salamence|brn
|
|-weather|Sandstorm|[upkeep]
|-damage|p2a: Salamence|94/100 brn|[from] Sandstorm
|-damage|p1a: MrWorldwide|41/100|[from] Sandstorm
|-heal|p2a: Salamence|100/100 brn|[from] item: Leftovers
|-damage|p2a: Salamence|88/100 brn|[from] brn
|-heal|p1a: MrWorldwide|47/100|[from] item: Leftovers
|upkeep
|turn|27
|
|t:|1728600987
|switch|p1a: RaptorialHassle|Skarmory, M|71/100
|move|p2a: Salamence|Dragon Claw|p1a: RaptorialHassle
|-resisted|p1a: RaptorialHassle
|-damage|p1a: RaptorialHassle|50/100
|
|-weather|Sandstorm|[upkeep]
|-damage|p2a: Salamence|82/100 brn|[from] Sandstorm
|-heal|p2a: Salamence|88/100 brn|[from] item: Leftovers
|-damage|p2a: Salamence|76/100 brn|[from] brn
|-heal|p1a: RaptorialHassle|56/100|[from] item: Leftovers
|upkeep
|turn|28
|
|t:|1728600990
|move|p2a: Salamence|Dragon Claw|p1a: RaptorialHassle
|-resisted|p1a: RaptorialHassle
|-crit|p1a: RaptorialHassle
|-damage|p1a: RaptorialHassle|17/100
|move|p1a: RaptorialHassle|Toxic||[still]
|-fail|p1a: RaptorialHassle
|
|-weather|Sandstorm|[upkeep]
|-damage|p2a: Salamence|70/100 brn|[from] Sandstorm
|-heal|p2a: Salamence|76/100 brn|[from] item: Leftovers
|-damage|p2a: Salamence|63/100 brn|[from] brn
|-heal|p1a: RaptorialHassle|23/100|[from] item: Leftovers
|upkeep
|turn|29
|
|t:|1728600999
|move|p2a: Salamence|Dragon Claw|p1a: RaptorialHassle
|-resisted|p1a: RaptorialHassle
|-crit|p1a: RaptorialHassle
|-damage|p1a: RaptorialHassle|0 fnt
|faint|p1a: RaptorialHassle
|
|t:|1728601001
|switch|p1a: MrWorldwide|Moltres|47/100
|
|-weather|Sandstorm|[upkeep]
|-damage|p2a: Salamence|57/100 brn|[from] Sandstorm
|-damage|p1a: MrWorldwide|41/100|[from] Sandstorm
|-heal|p2a: Salamence|63/100 brn|[from] item: Leftovers
|-damage|p2a: Salamence|51/100 brn|[from] brn
|-heal|p1a: MrWorldwide|47/100|[from] item: Leftovers
|upkeep
|turn|30
|c|☆PuruglyIsUgly|double crit is generous
|c|☆PuruglyIsUgly|were you planning to spike?
|
|t:|1728601023
|move|p2a: Salamence|Dragon Claw|p1a: MrWorldwide
|-damage|p1a: MrWorldwide|0 fnt
|faint|p1a: MrWorldwide
|
|win|PuruglyIsUgly
|c|☆EtymonLegomenon|Dude
|c|☆EtymonLegomenon|Don't rub it in
|c|☆PuruglyIsUgly|gg
|c|☆PuruglyIsUgly|not rubbing, genuinely curious

</script>
<script type="application/json" class="data" id="replaydata-smogtours-gen3ou-797064">
{"id":"smogtours-gen3ou-797064","format":"[Gen 3] OU","players":["EtymonLegomenon","PuruglyIsUgly"],"uploadtime":1728601023,"views":79,"formatid":"gen3ou","rating":null,"private":0,"password":null}
</script>

<script defer src="js/replays.js?9d40a366"></script>
