<!DOCTYPE html>
<meta charset="utf-8" />
<meta name="viewport" content="width=device-width" />

<title>[Gen 3] OU: VZR vs. Eduardo Carapinga - Replays - Pok&eacute;mon Showdown!</title>

<meta name="description" content="Watch a replay of a Pok&eacute;mon battle between VZR and Eduardo Carapinga! Format: [Gen 3] OU; Date: Oct 20, 2024" />
<!--

Hey, you! Looking in the source for the replay log?

You can find them in JSON format, just add `.json` at the end of a replay URL.

https://replay.pokemonshowdown.com/gen7randomdoublesbattle-865046831.json

Or, if you only need the log itself, add `.log` instead:

https://replay.pokemonshowdown.com/gen7randomdoublesbattle-865046831.log

-->

<link rel="stylesheet" href="//pokemonshowdown.com/style/global.css?0.023195364461161105" />
<link rel="stylesheet" href="//play.pokemonshowdown.com/style/font-awesome.css?0.13261647063804238" />
<link rel="stylesheet" href="//play.pokemonshowdown.com/style/battle.css?0.8753245789963631" />
<link rel="stylesheet" href="//play.pokemonshowdown.com/style/utilichart.css?0.8627959624976733" />

<!-- Global site tag (gtag.js) - Google Analytics -->
<script async src="https://www.googletagmanager.com/gtag/js?id=UA-26211653-1"></script>
<script>
  window.dataLayer = window.dataLayer || [];
  function gtag(){dataLayer.push(arguments);}
  gtag('js', new Date());

  gtag('config', 'UA-26211653-1');
</script>
<!-- End Google Analytics -->
<!-- Venatus Ad Manager - Install in <HEAD> of page -->
	<script src="https://hb.vntsm.com/v3/live/ad-manager.min.js" type="text/javascript" data-site-id="642aba63ec9a7b11c3c9c1be" data-mode="scan" async></script>
<!-- / Venatus Ad Manager -->

<style>
	@media (max-width:820px) {
		.battle {
			margin: 0 auto;
		}
		.battle-log {
			margin: 7px auto 0;
			max-width: 640px;
			height: 300px;
			position: static;
		}
	}
	.optgroup {
		display: inline-block;
		line-height: 22px;
		font-size: 10pt;
	}
	.optgroup .button {
		height: 25px;
		padding-top: 0;
		padding-bottom: 0;
	}
	.optgroup button.button {
		padding-left: 12px;
		padding-right: 12px;
	}
	.linklist {
		list-style: none;
		margin: 0.5em 0;
		padding: 0;
	}
	.linklist li {
		padding: 2px 0;
	}
	.sidebar {
		float: left;
		width: 320px;
	}
	.bar-wrapper {
		max-width: 1100px;
		margin: 0 auto;
	}
	.bar-wrapper.has-sidebar {
		max-width: 1430px;
	}
	.mainbar {
		margin: 0;
		padding-right: 1px;
	}
	.mainbar.has-sidebar {
		margin-left: 330px;
	}
	@media (min-width: 1511px) {
		.sidebar {
			width: 400px;
		}
		.bar-wrapper.has-sidebar {
			max-width: 1510px;
		}
		.mainbar.has-sidebar {
			margin-left: 410px;
		}
	}
	.section.first-section {
		margin-top: 9px;
	}
	.blocklink small {
		white-space: normal;
	}
	.button {
		vertical-align: middle;
	}
	.replay-controls {
		padding-top: 10px;
	}
	.replay-controls h1 {
		font-size: 16pt;
		font-weight: normal;
		color: #CCC;
	}
	.pagelink {
		text-align: center;
	}
	.pagelink a {
		width: 150px;
	}
	.textbox, .button {
		font-size: 11pt;
		vertical-align: middle;
	}
	@media (max-width: 450px) {
		.button {
			font-size: 9pt;
		}
	}
</style>

<div>

	<header>
		<div class="nav-wrapper"><ul class="nav">
			<li><a class="button nav-first" href="//pokemonshowdown.com/"><img src="//pokemonshowdown.com/images/pokemonshowdownbeta.png" srcset="//pokemonshowdown.com/images/pokemonshowdownbeta.png 1x, //pokemonshowdown.com/images/pokemonshowdownbeta@2x.png 2x" alt="Pok&eacute;mon Showdown" width="146" height="44" /> Home</a></li>
			<li><a class="button" href="//pokemonshowdown.com/dex/">Pok&eacute;dex</a></li>
			<li><a class="button cur" href="/">Replays</a></li>
			<li><a class="button" href="//pokemonshowdown.com/ladder/">Ladder</a></li>
			<li><a class="button nav-last" href="//pokemonshowdown.com/forums/">Forum</a></li>
			<li><a class="button greenbutton nav-first nav-last" href="//play.pokemonshowdown.com/">Play</a></li>
		</ul></div>
	</header>

	<div class="main" id="main">

		<noscript><section class="section">You need to enable JavaScript to use this page; sorry!</section></noscript>

	</div>

</div>

<script defer nomodule src="//play.pokemonshowdown.com/js/lib/ps-polyfill.js"></script>
<script defer src="//play.pokemonshowdown.com/js/lib/preact.min.js"></script>

<script defer src="//play.pokemonshowdown.com/config/config.js?2bddbc15"></script>
<script defer src="//play.pokemonshowdown.com/js/lib/jquery-1.11.0.min.js"></script>
<script defer src="//play.pokemonshowdown.com/js/lib/html-sanitizer-minified.js"></script>
<script defer src="//play.pokemonshowdown.com/js/battle-sound.js"></script>
<script defer src="//play.pokemonshowdown.com/js/battledata.js?0.7209276989879541"></script>
<script defer src="//play.pokemonshowdown.com/data/pokedex-mini.js?0.6111056340867951"></script>
<script defer src="//play.pokemonshowdown.com/data/pokedex-mini-bw.js?0.3532142036491459"></script>
<script defer src="//play.pokemonshowdown.com/data/graphics.js?0.24223875632456182"></script>
<script defer src="//play.pokemonshowdown.com/data/pokedex.js?0.38839984266356864"></script>
<script defer src="//play.pokemonshowdown.com/data/moves.js?0.21866028504024015"></script>
<script defer src="//play.pokemonshowdown.com/data/abilities.js?0.2005157953846628"></script>
<script defer src="//play.pokemonshowdown.com/data/items.js?0.9894211263848525"></script>
<script defer src="//play.pokemonshowdown.com/data/teambuilder-tables.js?0.6008791140282215"></script>
<script defer src="//play.pokemonshowdown.com/js/battle-tooltips.js?0.7580118955022959"></script>
<script defer src="//play.pokemonshowdown.com/js/battle.js?0.6057722274234274"></script>

<script defer src="js/utils.js?e31f9a17"></script>
<script defer src="js/replays-battle.js?7008c182"></script>

<!-- don't scrape this data! just add .json or .log after the URL!
Full API docs: https://github.com/smogon/pokemon-showdown-client/blob/master/WEB-API.md -->
<script type="text/plain" class="log" id="replaylog-smogtours-gen3ou-800504">
|inactive|Battle timer is ON: inactive players will automatically lose when time's up.
|t:|1729440649
|gametype|singles
|player|p1|VZR|veteran|
|player|p2|Eduardo Carapinga|#splxvraiders|
|teamsize|p1|6
|teamsize|p2|6
|gen|3
|tier|[Gen 3] OU
|rule|Sleep Clause Mod: Limit one foe put to sleep
|rule|Switch Priority Clause Mod: Faster Pokémon switch first
|rule|Species Clause: Limit one of each Pokémon
|rule|OHKO Clause: OHKO moves are banned
|rule|Evasion Items Clause: Evasion items are banned
|rule|Evasion Moves Clause: Evasion moves are banned
|rule|Endless Battle Clause: Forcing endless battles is banned
|rule|HP Percentage Mod: HP is shown in percentages
|rule|One Boost Passer Clause: Limit one Baton Passer that has a way to boost its stats
|rule|Freeze Clause Mod: Limit one foe frozen
|
|t:|1729440649
|start
|switch|p1a: 메타그로스|Metagross|100/100
|switch|p2a: Thor|Zapdos|100/100
|turn|1
|
|t:|1729440661
|switch|p2a: Ironface|Metagross|100/100
|move|p1a: 메타그로스|Rock Slide|p2a: Ironface
|-resisted|p2a: Ironface
|-damage|p2a: Ironface|85/100
|
|upkeep
|turn|2
|
|t:|1729440670
|switch|p1a: 대짱이|Swampert, M|100/100
|move|p2a: Ironface|Earthquake|p1a: 대짱이
|-damage|p1a: 대짱이|60/100
|
|-heal|p1a: 대짱이|66/100|[from] item: Leftovers
|upkeep
|turn|3
|
|t:|1729440679
|move|p2a: Ironface|Earthquake|p1a: 대짱이
|-damage|p1a: 대짱이|30/100
|move|p1a: 대짱이|Toxic|p2a: Ironface|[miss]
|-miss|p1a: 대짱이|p2a: Ironface
|
|-heal|p1a: 대짱이|36/100|[from] item: Leftovers
|upkeep
|turn|4
|
|t:|1729440687
|switch|p2a: Thor|Zapdos|100/100
|switch|p1a: 보만다|Salamence, M|100/100
|-ability|p1a: 보만다|Intimidate|boost
|-unboost|p2a: Thor|atk|1
|
|upkeep
|turn|5
|
|t:|1729440705
|switch|p1a: 마기라스|Tyranitar, M|100/100
|-weather|Sandstorm|[from] ability: Sand Stream|[of] p1a: 마기라스
|switch|p2a: Dinamita|Tyranitar, M|100/100
|
|-weather|Sandstorm|[upkeep]
|upkeep
|turn|6
|
|t:|1729440709
|move|p1a: 마기라스|Brick Break|p2a: Dinamita
|-supereffective|p2a: Dinamita
|-crit|p2a: Dinamita
|-damage|p2a: Dinamita|0 fnt
|faint|p2a: Dinamita
|
|t:|1729440713
|switch|p2a: Orion|Dugtrio, F|100/100
|
|-weather|Sandstorm|[upkeep]
|upkeep
|turn|7
|
|t:|1729440716
|move|p2a: Orion|Earthquake|p1a: 마기라스
|-supereffective|p1a: 마기라스
|-damage|p1a: 마기라스|0 fnt
|faint|p1a: 마기라스
|
|t:|1729440731
|switch|p1a: 썬더|Zapdos|100/100
|
|-weather|Sandstorm|[upkeep]
|-damage|p1a: 썬더|94/100|[from] Sandstorm
|-heal|p1a: 썬더|100/100|[from] item: Leftovers
|upkeep
|turn|8
|
|t:|1729440740
|switch|p2a: Thor|Zapdos|100/100
|move|p1a: 썬더|Thunder Wave|p2a: Thor
|-status|p2a: Thor|par
|
|-weather|Sandstorm|[upkeep]
|-damage|p1a: 썬더|94/100|[from] Sandstorm
|-damage|p2a: Thor|94/100 par|[from] Sandstorm
|-heal|p1a: 썬더|100/100|[from] item: Leftovers
|-heal|p2a: Thor|100/100 par|[from] item: Leftovers
|upkeep
|turn|9
|
|t:|1729440746
|move|p1a: 썬더|Thunderbolt|p2a: Thor
|-damage|p2a: Thor|64/100 par
|move|p2a: Thor|Toxic|p1a: 썬더
|-status|p1a: 썬더|tox
|
|-weather|Sandstorm|[upkeep]
|-damage|p1a: 썬더|94/100 tox|[from] Sandstorm
|-damage|p2a: Thor|58/100 par|[from] Sandstorm
|-heal|p1a: 썬더|100/100 tox|[from] item: Leftovers
|-damage|p1a: 썬더|94/100 tox|[from] psn
|-heal|p2a: Thor|64/100 par|[from] item: Leftovers
|upkeep
|turn|10
|
|t:|1729440751
|move|p1a: 썬더|Thunderbolt|p2a: Thor
|-damage|p2a: Thor|31/100 par
|cant|p2a: Thor|par
|
|-weather|Sandstorm|[upkeep]
|-damage|p1a: 썬더|88/100 tox|[from] Sandstorm
|-damage|p2a: Thor|24/100 par|[from] Sandstorm
|-heal|p1a: 썬더|94/100 tox|[from] item: Leftovers
|-damage|p1a: 썬더|82/100 tox|[from] psn
|-heal|p2a: Thor|31/100 par|[from] item: Leftovers
|upkeep
|turn|11
|
|t:|1729440755
|switch|p2a: Orion|Dugtrio, F|100/100
|move|p1a: 썬더|Thunderbolt|p2a: Orion
|-immune|p2a: Orion
|
|-weather|Sandstorm|[upkeep]
|-damage|p1a: 썬더|76/100 tox|[from] Sandstorm
|-heal|p1a: 썬더|82/100 tox|[from] item: Leftovers
|-damage|p1a: 썬더|63/100 tox|[from] psn
|upkeep
|turn|12
|
|t:|1729440760
|switch|p2a: Thor|Zapdos|31/100 par
|switch|p1a: 메타그로스|Metagross|100/100
|
|-weather|Sandstorm|[upkeep]
|-damage|p2a: Thor|24/100 par|[from] Sandstorm
|-heal|p2a: Thor|31/100 par|[from] item: Leftovers
|upkeep
|turn|13
|
|t:|1729440764
|switch|p2a: Lodoso|Swampert, F|100/100
|move|p1a: 메타그로스|Rock Slide|p2a: Lodoso
|-resisted|p2a: Lodoso
|-damage|p2a: Lodoso|86/100
|
|-weather|Sandstorm|[upkeep]
|-heal|p2a: Lodoso|92/100|[from] item: Leftovers
|upkeep
|turn|14
|
|t:|1729440768
|switch|p1a: 세레비|Celebi|100/100
|move|p2a: Lodoso|Protect||[still]
|-fail|p2a: Lodoso
|
|-weather|Sandstorm|[upkeep]
|-damage|p1a: 세레비|94/100|[from] Sandstorm
|-heal|p1a: 세레비|100/100|[from] item: Leftovers
|-heal|p2a: Lodoso|98/100|[from] item: Leftovers
|upkeep
|turn|15
|
|t:|1729440780
|switch|p1a: 썬더|Zapdos|63/100 tox
|switch|p2a: Ironface|Metagross|85/100
|
|-weather|Sandstorm|[upkeep]
|-damage|p1a: 썬더|57/100 tox|[from] Sandstorm
|-heal|p1a: 썬더|63/100 tox|[from] item: Leftovers
|-damage|p1a: 썬더|57/100 tox|[from] psn
|upkeep
|turn|16
|
|t:|1729440786
|switch|p2a: Lodoso|Swampert, F|98/100
|move|p1a: 썬더|Thunderbolt|p2a: Lodoso
|-immune|p2a: Lodoso
|
|-weather|Sandstorm|[upkeep]
|-damage|p1a: 썬더|51/100 tox|[from] Sandstorm
|-heal|p1a: 썬더|57/100 tox|[from] item: Leftovers
|-damage|p1a: 썬더|45/100 tox|[from] psn
|-heal|p2a: Lodoso|100/100|[from] item: Leftovers
|upkeep
|turn|17
|
|t:|1729440790
|switch|p1a: 세레비|Celebi|100/100
|switch|p2a: Thor|Zapdos|31/100 par
|
|-weather|Sandstorm|[upkeep]
|-damage|p1a: 세레비|94/100|[from] Sandstorm
|-damage|p2a: Thor|24/100 par|[from] Sandstorm
|-heal|p1a: 세레비|100/100|[from] item: Leftovers
|-heal|p2a: Thor|31/100 par|[from] item: Leftovers
|upkeep
|turn|18
|
|t:|1729440807
|move|p1a: 세레비|Psychic|p2a: Thor
|-damage|p2a: Thor|10/100 par
|cant|p2a: Thor|par
|
|-weather|Sandstorm|[upkeep]
|-damage|p1a: 세레비|94/100|[from] Sandstorm
|-damage|p2a: Thor|4/100 par|[from] Sandstorm
|-heal|p1a: 세레비|100/100|[from] item: Leftovers
|-heal|p2a: Thor|10/100 par|[from] item: Leftovers
|upkeep
|turn|19
|
|t:|1729440814
|switch|p2a: Ironface|Metagross|85/100
|move|p1a: 세레비|Psychic|p2a: Ironface
|-resisted|p2a: Ironface
|-damage|p2a: Ironface|77/100
|
|-weather|Sandstorm|[upkeep]
|-damage|p1a: 세레비|94/100|[from] Sandstorm
|-heal|p1a: 세레비|100/100|[from] item: Leftovers
|upkeep
|turn|20
|
|t:|1729440825
|switch|p1a: 썬더|Zapdos|45/100 tox
|move|p2a: Ironface|Meteor Mash|p1a: 썬더
|-resisted|p1a: 썬더
|-damage|p1a: 썬더|0 fnt
|faint|p1a: 썬더
|
|t:|1729440843
|switch|p1a: 보만다|Salamence, M|100/100
|-ability|p1a: 보만다|Intimidate|boost
|-fail|p2a: Ironface|unboost|[from] ability: Clear Body|[of] p2a: Ironface
|
|-weather|Sandstorm|[upkeep]
|-damage|p1a: 보만다|94/100|[from] Sandstorm
|-heal|p1a: 보만다|100/100|[from] item: Leftovers
|upkeep
|turn|21
|inactive|Eduardo Carapinga has 270 seconds left.
|
|t:|1729440874
|switch|p2a: Lodoso|Swampert, F|100/100
|move|p1a: 보만다|Fire Blast|p2a: Lodoso
|-resisted|p2a: Lodoso
|-damage|p2a: Lodoso|81/100
|
|-weather|Sandstorm|[upkeep]
|-damage|p1a: 보만다|94/100|[from] Sandstorm
|-heal|p1a: 보만다|100/100|[from] item: Leftovers
|-heal|p2a: Lodoso|87/100|[from] item: Leftovers
|upkeep
|turn|22
|
|t:|1729440879
|switch|p1a: 세레비|Celebi|100/100
|switch|p2a: Imperius|Aerodactyl, M|100/100
|
|-weather|Sandstorm|[upkeep]
|-damage|p1a: 세레비|94/100|[from] Sandstorm
|-heal|p1a: 세레비|100/100|[from] item: Leftovers
|upkeep
|turn|23
|
|t:|1729440886
|switch|p1a: 보만다|Salamence, M|100/100
|-ability|p1a: 보만다|Intimidate|boost
|-unboost|p2a: Imperius|atk|1
|move|p2a: Imperius|Hidden Power|p1a: 보만다
|-damage|p1a: 보만다|64/100
|
|-weather|Sandstorm|[upkeep]
|-damage|p1a: 보만다|58/100|[from] Sandstorm
|-heal|p1a: 보만다|64/100|[from] item: Leftovers
|upkeep
|turn|24
|
|t:|1729440896
|move|p2a: Imperius|Hidden Power|p1a: 보만다
|-damage|p1a: 보만다|22/100
|move|p1a: 보만다|Dragon Claw|p2a: Imperius
|-damage|p2a: Imperius|44/100
|
|-weather|Sandstorm|[upkeep]
|-damage|p1a: 보만다|16/100|[from] Sandstorm
|-heal|p1a: 보만다|22/100|[from] item: Leftovers
|upkeep
|turn|25
|
|t:|1729440905
|switch|p2a: Orion|Dugtrio, F|100/100
|switch|p1a: 메타그로스|Metagross|100/100
|
|-weather|Sandstorm|[upkeep]
|upkeep
|turn|26
|
|t:|1729440908
|move|p2a: Orion|Earthquake|p1a: 메타그로스
|-supereffective|p1a: 메타그로스
|-damage|p1a: 메타그로스|3/100
|move|p1a: 메타그로스|Earthquake|p2a: Orion
|-crit|p2a: Orion
|-damage|p2a: Orion|0 fnt
|faint|p2a: Orion
|
|t:|1729440917
|switch|p2a: Imperius|Aerodactyl, M|44/100
|
|-weather|Sandstorm|[upkeep]
|upkeep
|turn|27
|
|t:|1729440927
|move|p2a: Imperius|Double-Edge|p1a: 메타그로스
|-resisted|p1a: 메타그로스
|-damage|p1a: 메타그로스|0 fnt
|faint|p1a: 메타그로스
|
|t:|1729440933
|switch|p1a: 대짱이|Swampert, M|36/100
|
|-weather|Sandstorm|[upkeep]
|-heal|p1a: 대짱이|42/100|[from] item: Leftovers
|upkeep
|turn|28
|
|t:|1729440939
|switch|p2a: Lodoso|Swampert, F|87/100
|switch|p1a: 세레비|Celebi|100/100
|
|-weather|Sandstorm|[upkeep]
|-damage|p1a: 세레비|94/100|[from] Sandstorm
|-heal|p1a: 세레비|100/100|[from] item: Leftovers
|-heal|p2a: Lodoso|94/100|[from] item: Leftovers
|upkeep
|turn|29
|
|t:|1729440946
|switch|p2a: Ironface|Metagross|77/100
|move|p1a: 세레비|Leech Seed|p2a: Ironface
|-start|p2a: Ironface|move: Leech Seed
|
|-weather|Sandstorm|[upkeep]
|-damage|p1a: 세레비|94/100|[from] Sandstorm
|-heal|p1a: 세레비|100/100|[from] item: Leftovers
|-damage|p2a: Ironface|64/100|[from] Leech Seed|[of] p1a: 세레비
|upkeep
|turn|30
|
|t:|1729440953
|move|p1a: 세레비|Psychic|p2a: Ironface
|-resisted|p2a: Ironface
|-damage|p2a: Ironface|56/100
|move|p2a: Ironface|Explosion|p1a: 세레비
|-damage|p1a: 세레비|0 fnt
|faint|p2a: Ironface
|faint|p1a: 세레비
|
|t:|1729440963
|switch|p1a: 보만다|Salamence, M|22/100
|switch|p2a: Imperius|Aerodactyl, M|44/100
|-ability|p1a: 보만다|Intimidate|boost
|-unboost|p2a: Imperius|atk|1
|
|-weather|Sandstorm|[upkeep]
|-damage|p1a: 보만다|16/100|[from] Sandstorm
|-heal|p1a: 보만다|22/100|[from] item: Leftovers
|upkeep
|turn|31
|
|t:|1729440974
|switch|p1a: 대짱이|Swampert, M|42/100
|move|p2a: Imperius|Double-Edge|p1a: 대짱이
|-damage|p1a: 대짱이|17/100
|
|-weather|Sandstorm|[upkeep]
|-heal|p1a: 대짱이|23/100|[from] item: Leftovers
|upkeep
|turn|32
|
|t:|1729440980
|switch|p2a: Lodoso|Swampert, F|94/100
|move|p1a: 대짱이|Protect||[still]
|-fail|p1a: 대짱이
|
|-weather|Sandstorm|[upkeep]
|-heal|p2a: Lodoso|99/100|[from] item: Leftovers
|-heal|p1a: 대짱이|29/100|[from] item: Leftovers
|upkeep
|turn|33
|
|t:|1729440983
|move|p1a: 대짱이|Protect|p1a: 대짱이
|-singleturn|p1a: 대짱이|Protect
|move|p2a: Lodoso|Surf|p1a: 대짱이
|-activate|p1a: 대짱이|Protect
|
|-weather|Sandstorm|[upkeep]
|-heal|p2a: Lodoso|100/100|[from] item: Leftovers
|-heal|p1a: 대짱이|35/100|[from] item: Leftovers
|upkeep
|turn|34
|
|t:|1729440987
|switch|p1a: 보만다|Salamence, M|22/100
|-ability|p1a: 보만다|Intimidate|boost
|-unboost|p2a: Lodoso|atk|1
|move|p2a: Lodoso|Surf|p1a: 보만다
|-resisted|p1a: 보만다
|-damage|p1a: 보만다|2/100
|
|-weather|Sandstorm|[upkeep]
|-damage|p1a: 보만다|0 fnt|[from] Sandstorm
|faint|p1a: 보만다
|upkeep
|
|t:|1729440990
|switch|p1a: 대짱이|Swampert, M|35/100
|turn|35
|
|t:|1729440993
|move|p2a: Lodoso|Surf|p1a: 대짱이
|-damage|p1a: 대짱이|11/100
|move|p1a: 대짱이|Toxic|p2a: Lodoso
|-status|p2a: Lodoso|tox
|
|-weather|Sandstorm|[upkeep]
|-damage|p2a: Lodoso|94/100 tox|[from] psn
|-heal|p1a: 대짱이|17/100|[from] item: Leftovers
|upkeep
|turn|36
|
|t:|1729440996
|move|p1a: 대짱이|Protect|p1a: 대짱이
|-singleturn|p1a: 대짱이|Protect
|move|p2a: Lodoso|Refresh|p2a: Lodoso
|-curestatus|p2a: Lodoso|tox|[msg]
|
|-weather|Sandstorm|[upkeep]
|-heal|p2a: Lodoso|100/100|[from] item: Leftovers
|-heal|p1a: 대짱이|23/100|[from] item: Leftovers
|upkeep
|turn|37
|
|t:|1729440998
|move|p1a: 대짱이|Protect|p1a: 대짱이
|-singleturn|p1a: 대짱이|Protect
|move|p2a: Lodoso|Surf|p1a: 대짱이
|-activate|p1a: 대짱이|Protect
|
|-weather|Sandstorm|[upkeep]
|-heal|p1a: 대짱이|29/100|[from] item: Leftovers
|upkeep
|turn|38
|c|☆VZR|gg
|c|☆Eduardo Carapinga|/log Eduardo Carapinga made the replay of this battle unlisted.
|-message|VZR forfeited.
|
|win|Eduardo Carapinga
|player|p1|

</script>
<script type="application/json" class="data" id="replaydata-smogtours-gen3ou-800504">
{"id":"smogtours-gen3ou-800504","format":"[Gen 3] OU","players":["VZR","Eduardo Carapinga"],"uploadtime":1729441005,"views":119,"formatid":"gen3ou","rating":null,"private":1,"password":null}
</script>

<script defer src="js/replays.js?9d40a366"></script>
