<!DOCTYPE html>
<meta charset="utf-8" />
<meta name="viewport" content="width=device-width" />

<title>[Gen 3] OU: tempokin vs. blundergoth - Replays - Pok&eacute;mon Showdown!</title>

<meta name="description" content="Watch a replay of a Pok&eacute;mon battle between tempokin and blundergoth! Format: [Gen 3] OU; Date: Nov 3, 2024" />
<!--

Hey, you! Looking in the source for the replay log?

You can find them in JSON format, just add `.json` at the end of a replay URL.

https://replay.pokemonshowdown.com/gen7randomdoublesbattle-865046831.json

Or, if you only need the log itself, add `.log` instead:

https://replay.pokemonshowdown.com/gen7randomdoublesbattle-865046831.log

-->

<link rel="stylesheet" href="//pokemonshowdown.com/style/global.css?0.023195364461161105" />
<link rel="stylesheet" href="//play.pokemonshowdown.com/style/font-awesome.css?0.13261647063804238" />
<link rel="stylesheet" href="//play.pokemonshowdown.com/style/battle.css?0.8753245789963631" />
<link rel="stylesheet" href="//play.pokemonshowdown.com/style/utilichart.css?0.8627959624976733" />

<!-- Global site tag (gtag.js) - Google Analytics -->
<script async src="https://www.googletagmanager.com/gtag/js?id=UA-26211653-1"></script>
<script>
  window.dataLayer = window.dataLayer || [];
  function gtag(){dataLayer.push(arguments);}
  gtag('js', new Date());

  gtag('config', 'UA-26211653-1');
</script>
<!-- End Google Analytics -->
<!-- Venatus Ad Manager - Install in <HEAD> of page -->
	<script src="https://hb.vntsm.com/v3/live/ad-manager.min.js" type="text/javascript" data-site-id="642aba63ec9a7b11c3c9c1be" data-mode="scan" async></script>
<!-- / Venatus Ad Manager -->

<style>
	@media (max-width:820px) {
		.battle {
			margin: 0 auto;
		}
		.battle-log {
			margin: 7px auto 0;
			max-width: 640px;
			height: 300px;
			position: static;
		}
	}
	.optgroup {
		display: inline-block;
		line-height: 22px;
		font-size: 10pt;
	}
	.optgroup .button {
		height: 25px;
		padding-top: 0;
		padding-bottom: 0;
	}
	.optgroup button.button {
		padding-left: 12px;
		padding-right: 12px;
	}
	.linklist {
		list-style: none;
		margin: 0.5em 0;
		padding: 0;
	}
	.linklist li {
		padding: 2px 0;
	}
	.sidebar {
		float: left;
		width: 320px;
	}
	.bar-wrapper {
		max-width: 1100px;
		margin: 0 auto;
	}
	.bar-wrapper.has-sidebar {
		max-width: 1430px;
	}
	.mainbar {
		margin: 0;
		padding-right: 1px;
	}
	.mainbar.has-sidebar {
		margin-left: 330px;
	}
	@media (min-width: 1511px) {
		.sidebar {
			width: 400px;
		}
		.bar-wrapper.has-sidebar {
			max-width: 1510px;
		}
		.mainbar.has-sidebar {
			margin-left: 410px;
		}
	}
	.section.first-section {
		margin-top: 9px;
	}
	.blocklink small {
		white-space: normal;
	}
	.button {
		vertical-align: middle;
	}
	.replay-controls {
		padding-top: 10px;
	}
	.replay-controls h1 {
		font-size: 16pt;
		font-weight: normal;
		color: #CCC;
	}
	.pagelink {
		text-align: center;
	}
	.pagelink a {
		width: 150px;
	}
	.textbox, .button {
		font-size: 11pt;
		vertical-align: middle;
	}
	@media (max-width: 450px) {
		.button {
			font-size: 9pt;
		}
	}
</style>

<div>

	<header>
		<div class="nav-wrapper"><ul class="nav">
			<li><a class="button nav-first" href="//pokemonshowdown.com/"><img src="//pokemonshowdown.com/images/pokemonshowdownbeta.png" srcset="//pokemonshowdown.com/images/pokemonshowdownbeta.png 1x, //pokemonshowdown.com/images/pokemonshowdownbeta@2x.png 2x" alt="Pok&eacute;mon Showdown" width="146" height="44" /> Home</a></li>
			<li><a class="button" href="//pokemonshowdown.com/dex/">Pok&eacute;dex</a></li>
			<li><a class="button cur" href="/">Replays</a></li>
			<li><a class="button" href="//pokemonshowdown.com/ladder/">Ladder</a></li>
			<li><a class="button nav-last" href="//pokemonshowdown.com/forums/">Forum</a></li>
			<li><a class="button greenbutton nav-first nav-last" href="//play.pokemonshowdown.com/">Play</a></li>
		</ul></div>
	</header>

	<div class="main" id="main">

		<noscript><section class="section">You need to enable JavaScript to use this page; sorry!</section></noscript>

	</div>

</div>

<script defer nomodule src="//play.pokemonshowdown.com/js/lib/ps-polyfill.js"></script>
<script defer src="//play.pokemonshowdown.com/js/lib/preact.min.js"></script>

<script defer src="//play.pokemonshowdown.com/config/config.js?2bddbc15"></script>
<script defer src="//play.pokemonshowdown.com/js/lib/jquery-1.11.0.min.js"></script>
<script defer src="//play.pokemonshowdown.com/js/lib/html-sanitizer-minified.js"></script>
<script defer src="//play.pokemonshowdown.com/js/battle-sound.js"></script>
<script defer src="//play.pokemonshowdown.com/js/battledata.js?0.7209276989879541"></script>
<script defer src="//play.pokemonshowdown.com/data/pokedex-mini.js?0.6111056340867951"></script>
<script defer src="//play.pokemonshowdown.com/data/pokedex-mini-bw.js?0.3532142036491459"></script>
<script defer src="//play.pokemonshowdown.com/data/graphics.js?0.24223875632456182"></script>
<script defer src="//play.pokemonshowdown.com/data/pokedex.js?0.38839984266356864"></script>
<script defer src="//play.pokemonshowdown.com/data/moves.js?0.21866028504024015"></script>
<script defer src="//play.pokemonshowdown.com/data/abilities.js?0.2005157953846628"></script>
<script defer src="//play.pokemonshowdown.com/data/items.js?0.9894211263848525"></script>
<script defer src="//play.pokemonshowdown.com/data/teambuilder-tables.js?0.6008791140282215"></script>
<script defer src="//play.pokemonshowdown.com/js/battle-tooltips.js?0.7580118955022959"></script>
<script defer src="//play.pokemonshowdown.com/js/battle.js?0.6057722274234274"></script>

<script defer src="js/utils.js?e31f9a17"></script>
<script defer src="js/replays-battle.js?7008c182"></script>

<!-- don't scrape this data! just add .json or .log after the URL!
Full API docs: https://github.com/smogon/pokemon-showdown-client/blob/master/WEB-API.md -->
<script type="text/plain" class="log" id="replaylog-smogtours-gen3ou-804494">
|inactive|Battle timer is ON: inactive players will automatically lose when time's up.
|t:|1730661108
|gametype|singles
|player|p1|tempokin|steven-masters|
|player|p2|blundergoth|169|
|teamsize|p1|6
|teamsize|p2|6
|gen|3
|tier|[Gen 3] OU
|rule|Sleep Clause Mod: Limit one foe put to sleep
|rule|Switch Priority Clause Mod: Faster Pokémon switch first
|rule|Species Clause: Limit one of each Pokémon
|rule|OHKO Clause: OHKO moves are banned
|rule|Evasion Items Clause: Evasion items are banned
|rule|Evasion Moves Clause: Evasion moves are banned
|rule|Endless Battle Clause: Forcing endless battles is banned
|rule|HP Percentage Mod: HP is shown in percentages
|rule|One Boost Passer Clause: Limit one Baton Passer that has a way to boost its stats
|rule|Freeze Clause Mod: Limit one foe frozen
|
|t:|1730661108
|start
|switch|p1a: Metagross|Metagross|100/100
|switch|p2a: Tyranitar|Tyranitar, F|100/100
|-weather|Sandstorm|[from] ability: Sand Stream|[of] p2a: Tyranitar
|turn|1
|
|t:|1730661135
|switch|p2a: Skarmory|Skarmory, F|100/100
|move|p1a: Metagross|Meteor Mash|p2a: Skarmory
|-resisted|p2a: Skarmory
|-damage|p2a: Skarmory|65/100
|
|-weather|Sandstorm|[upkeep]
|-heal|p2a: Skarmory|71/100|[from] item: Leftovers
|upkeep
|turn|2
|
|t:|1730661148
|switch|p2a: Swampert|Swampert, M|100/100
|move|p1a: Metagross|Meteor Mash|p2a: Swampert
|-resisted|p2a: Swampert
|-damage|p2a: Swampert|65/100
|
|-weather|Sandstorm|[upkeep]
|-heal|p2a: Swampert|71/100|[from] item: Leftovers
|upkeep
|turn|3
|
|t:|1730661163
|switch|p1a: Suicune|Suicune|100/100
|move|p2a: Swampert|Hydro Pump|p1a: Suicune
|-resisted|p1a: Suicune
|-damage|p1a: Suicune|81/100
|
|-weather|Sandstorm|[upkeep]
|-damage|p1a: Suicune|75/100|[from] Sandstorm
|-heal|p1a: Suicune|81/100|[from] item: Leftovers
|-heal|p2a: Swampert|77/100|[from] item: Leftovers
|upkeep
|turn|4
|
|t:|1730661177
|switch|p2a: Blissey|Blissey, F|100/100
|move|p1a: Suicune|Surf|p2a: Blissey
|-damage|p2a: Blissey|88/100
|
|-weather|Sandstorm|[upkeep]
|-damage|p1a: Suicune|75/100|[from] Sandstorm
|-damage|p2a: Blissey|82/100|[from] Sandstorm
|-heal|p1a: Suicune|81/100|[from] item: Leftovers
|-heal|p2a: Blissey|88/100|[from] item: Leftovers
|upkeep
|turn|5
|c|☆tempokin|goodbye adv revival
|
|t:|1730661185
|switch|p1a: Metagross|Metagross|100/100
|move|p2a: Blissey|Fire Blast|p1a: Metagross
|-supereffective|p1a: Metagross
|-crit|p1a: Metagross
|-damage|p1a: Metagross|0 fnt
|faint|p1a: Metagross
|c|☆tempokin|i see
|c|☆blundergoth|OOOOOOOOOO
|c|☆blundergoth|i recognize the rng
|
|t:|1730661204
|switch|p1a: Heracross|Heracross, F|100/100
|
|-weather|Sandstorm|[upkeep]
|-damage|p1a: Heracross|94/100|[from] Sandstorm
|-damage|p2a: Blissey|82/100|[from] Sandstorm
|-heal|p2a: Blissey|88/100|[from] item: Leftovers
|upkeep
|turn|6
|inactive|blundergoth has 270 seconds left.
|
|t:|1730661248
|switch|p1a: Beedrill|Beedrill, M|100/100
|switch|p2a: Zapdos|Zapdos|100/100
|
|-weather|Sandstorm|[upkeep]
|-damage|p2a: Zapdos|94/100|[from] Sandstorm
|-damage|p1a: Beedrill|95/100|[from] Sandstorm
|-heal|p2a: Zapdos|100/100|[from] item: Leftovers
|upkeep
|turn|7
|c|☆blundergoth|in
|c|+Zpanther|brother
|
|t:|1730661263
|move|p2a: Zapdos|Thunderbolt|p1a: Beedrill
|-damage|p1a: Beedrill|31/100
|move|p1a: Beedrill|Thief|p2a: Zapdos
|-damage|p2a: Zapdos|96/100
|
|-weather|Sandstorm|[upkeep]
|-damage|p2a: Zapdos|89/100|[from] Sandstorm
|-damage|p1a: Beedrill|25/100|[from] Sandstorm
|-heal|p2a: Zapdos|96/100|[from] item: Leftovers
|-enditem|p1a: Beedrill|Salac Berry|[eat]
|-boost|p1a: Beedrill|spe|1|[from] item: Salac Berry
|upkeep
|turn|8
|
|t:|1730661287
|move|p1a: Beedrill|Endeavor|p2a: Zapdos
|-damage|p2a: Zapdos|20/100
|move|p2a: Zapdos|Thunderbolt|p1a: Beedrill
|-damage|p1a: Beedrill|0 fnt
|faint|p1a: Beedrill
|
|t:|1730661305
|switch|p1a: Kingdra|Kingdra, M|100/100
|
|-weather|Sandstorm|[upkeep]
|-damage|p2a: Zapdos|14/100|[from] Sandstorm
|-damage|p1a: Kingdra|95/100|[from] Sandstorm
|-heal|p2a: Zapdos|20/100|[from] item: Leftovers
|-heal|p1a: Kingdra|100/100|[from] item: Leftovers
|upkeep
|turn|9
|c|☆blundergoth|out.
|
|t:|1730661311
|switch|p1a: Dugtrio|Dugtrio, F|100/100
|move|p2a: Zapdos|Toxic|p1a: Dugtrio
|-status|p1a: Dugtrio|tox
|
|-weather|Sandstorm|[upkeep]
|-damage|p2a: Zapdos|14/100|[from] Sandstorm
|-damage|p1a: Dugtrio|94/100 tox|[from] psn
|-heal|p2a: Zapdos|20/100|[from] item: Leftovers
|upkeep
|turn|10
|c|+allce|genious thief?
|
|t:|1730661317
|move|p2a: Zapdos|Protect|p2a: Zapdos
|-singleturn|p2a: Zapdos|Protect
|move|p1a: Dugtrio|Rock Slide|p2a: Zapdos
|-activate|p2a: Zapdos|Protect
|
|-weather|Sandstorm|[upkeep]
|-damage|p2a: Zapdos|14/100|[from] Sandstorm
|-damage|p1a: Dugtrio|82/100 tox|[from] psn
|-heal|p2a: Zapdos|20/100|[from] item: Leftovers
|upkeep
|turn|11
|inactive|blundergoth has 270 seconds left.
|
|t:|1730661332
|switch|p1a: Suicune|Suicune|81/100
|switch|p2a: Jirachi|Jirachi|100/100
|
|-weather|Sandstorm|[upkeep]
|-damage|p1a: Suicune|75/100|[from] Sandstorm
|-heal|p1a: Suicune|81/100|[from] item: Leftovers
|upkeep
|turn|12
|inactive|blundergoth has 270 seconds left.
|
|t:|1730661339
|move|p2a: Jirachi|Body Slam|p1a: Suicune
|-damage|p1a: Suicune|71/100
|move|p1a: Suicune|Calm Mind|p1a: Suicune
|-boost|p1a: Suicune|spa|1
|-boost|p1a: Suicune|spd|1
|
|-weather|Sandstorm|[upkeep]
|-damage|p1a: Suicune|65/100|[from] Sandstorm
|-heal|p1a: Suicune|71/100|[from] item: Leftovers
|upkeep
|turn|13
|
|t:|1730661345
|switch|p2a: Blissey|Blissey, F|88/100
|move|p1a: Suicune|Calm Mind|p1a: Suicune
|-boost|p1a: Suicune|spa|1
|-boost|p1a: Suicune|spd|1
|
|-weather|Sandstorm|[upkeep]
|-damage|p1a: Suicune|65/100|[from] Sandstorm
|-damage|p2a: Blissey|82/100|[from] Sandstorm
|-heal|p1a: Suicune|71/100|[from] item: Leftovers
|-heal|p2a: Blissey|88/100|[from] item: Leftovers
|upkeep
|turn|14
|
|t:|1730661348
|move|p1a: Suicune|Calm Mind|p1a: Suicune
|-boost|p1a: Suicune|spa|1
|-boost|p1a: Suicune|spd|1
|move|p2a: Blissey|Toxic|p1a: Suicune
|-status|p1a: Suicune|tox
|
|-weather|Sandstorm|[upkeep]
|-damage|p1a: Suicune|65/100 tox|[from] Sandstorm
|-damage|p2a: Blissey|82/100|[from] Sandstorm
|-heal|p1a: Suicune|71/100 tox|[from] item: Leftovers
|-damage|p1a: Suicune|65/100 tox|[from] psn
|-heal|p2a: Blissey|88/100|[from] item: Leftovers
|upkeep
|turn|15
|
|t:|1730661356
|switch|p2a: Skarmory|Skarmory, F|71/100
|move|p1a: Suicune|Rest|p1a: Suicune
|-status|p1a: Suicune|slp|[from] move: Rest
|-heal|p1a: Suicune|100/100 slp|[silent]
|
|-weather|Sandstorm|[upkeep]
|-damage|p1a: Suicune|94/100 slp|[from] Sandstorm
|-heal|p1a: Suicune|100/100 slp|[from] item: Leftovers
|-heal|p2a: Skarmory|77/100|[from] item: Leftovers
|upkeep
|turn|16
|
|t:|1730661360
|cant|p1a: Suicune|slp
|move|p2a: Skarmory|Roar|p1a: Suicune
|drag|p1a: Kingdra|Kingdra, M|100/100
|
|-weather|Sandstorm|[upkeep]
|-damage|p1a: Kingdra|95/100|[from] Sandstorm
|-heal|p1a: Kingdra|100/100|[from] item: Leftovers
|-heal|p2a: Skarmory|83/100|[from] item: Leftovers
|upkeep
|turn|17
|
|t:|1730661370
|switch|p1a: Suicune|Suicune|100/100 slp
|move|p2a: Skarmory|Toxic||[still]
|-fail|p2a: Skarmory
|
|-weather|Sandstorm|[upkeep]
|-damage|p1a: Suicune|94/100 slp|[from] Sandstorm
|-heal|p1a: Suicune|100/100 slp|[from] item: Leftovers
|-heal|p2a: Skarmory|89/100|[from] item: Leftovers
|upkeep
|turn|18
|
|t:|1730661373
|cant|p1a: Suicune|slp
|move|p1a: Suicune|Sleep Talk|p1a: Suicune
|move|p1a: Suicune|Calm Mind|p1a: Suicune|[from]Sleep Talk
|-boost|p1a: Suicune|spa|1
|-boost|p1a: Suicune|spd|1
|move|p2a: Skarmory|Roar|p1a: Suicune
|drag|p1a: Dugtrio|Dugtrio, F|82/100 tox
|
|-weather|Sandstorm|[upkeep]
|-damage|p1a: Dugtrio|76/100 tox|[from] psn
|-heal|p2a: Skarmory|95/100|[from] item: Leftovers
|upkeep
|turn|19
|
|t:|1730661380
|switch|p1a: Suicune|Suicune|100/100 slp
|move|p2a: Skarmory|Spikes|p1a: Suicune
|-sidestart|p1: tempokin|Spikes
|
|-weather|Sandstorm|[upkeep]
|-damage|p1a: Suicune|94/100 slp|[from] Sandstorm
|-heal|p1a: Suicune|100/100 slp|[from] item: Leftovers
|-heal|p2a: Skarmory|100/100|[from] item: Leftovers
|upkeep
|turn|20
|
|t:|1730661387
|cant|p1a: Suicune|slp
|move|p2a: Skarmory|Spikes|p1a: Suicune
|-sidestart|p1: tempokin|Spikes
|
|-weather|Sandstorm|[upkeep]
|-damage|p1a: Suicune|94/100 slp|[from] Sandstorm
|-heal|p1a: Suicune|100/100 slp|[from] item: Leftovers
|upkeep
|turn|21
|
|t:|1730661390
|-curestatus|p1a: Suicune|slp|[msg]
|move|p1a: Suicune|Surf|p2a: Skarmory
|-damage|p2a: Skarmory|68/100
|move|p2a: Skarmory|Roar|p1a: Suicune
|drag|p1a: Heracross|Heracross, F|94/100
|-damage|p1a: Heracross|78/100|[from] Spikes
|
|-weather|Sandstorm|[upkeep]
|-damage|p1a: Heracross|72/100|[from] Sandstorm
|-heal|p2a: Skarmory|74/100|[from] item: Leftovers
|upkeep
|turn|22
|
|t:|1730661407
|move|p1a: Heracross|Rock Slide|p2a: Skarmory
|-damage|p2a: Skarmory|52/100
|move|p2a: Skarmory|Toxic|p1a: Heracross
|-status|p1a: Heracross|tox
|
|-weather|Sandstorm|[upkeep]
|-damage|p1a: Heracross|66/100 tox|[from] Sandstorm
|-damage|p1a: Heracross|60/100 tox|[from] psn
|-heal|p2a: Skarmory|58/100|[from] item: Leftovers
|upkeep
|turn|23
|inactive|blundergoth has 270 seconds left.
|
|t:|1730661432
|switch|p2a: Jirachi|Jirachi|100/100
|move|p1a: Heracross|Swords Dance|p1a: Heracross
|-boost|p1a: Heracross|atk|2
|
|-weather|Sandstorm|[upkeep]
|-damage|p1a: Heracross|54/100 tox|[from] Sandstorm
|-damage|p1a: Heracross|42/100 tox|[from] psn
|upkeep
|turn|24
|inactive|blundergoth has 270 seconds left.
|
|t:|1730661449
|switch|p2a: Skarmory|Skarmory, F|58/100
|move|p1a: Heracross|Megahorn|p2a: Skarmory|[miss]
|-miss|p1a: Heracross|p2a: Skarmory
|
|-weather|Sandstorm|[upkeep]
|-damage|p1a: Heracross|36/100 tox|[from] Sandstorm
|-damage|p1a: Heracross|18/100 tox|[from] psn
|-heal|p2a: Skarmory|64/100|[from] item: Leftovers
|upkeep
|turn|25
|inactive|blundergoth has 270 seconds left.
|
|t:|1730661473
|switch|p1a: Kingdra|Kingdra, M|100/100
|-damage|p1a: Kingdra|84/100|[from] Spikes
|switch|p2a: Jirachi|Jirachi|100/100
|
|-weather|Sandstorm|[upkeep]
|-damage|p1a: Kingdra|78/100|[from] Sandstorm
|-heal|p1a: Kingdra|84/100|[from] item: Leftovers
|upkeep
|turn|26
|
|t:|1730661477
|move|p2a: Jirachi|Body Slam|p1a: Kingdra
|-crit|p1a: Kingdra
|-damage|p1a: Kingdra|45/100
|move|p1a: Kingdra|Rain Dance|p1a: Kingdra
|-weather|RainDance
|
|-weather|RainDance|[upkeep]
|-heal|p1a: Kingdra|51/100|[from] item: Leftovers
|upkeep
|turn|27
|inactive|blundergoth has 270 seconds left.
|
|t:|1730661500
|switch|p2a: Blissey|Blissey, F|88/100
|move|p1a: Kingdra|Hydro Pump|p2a: Blissey
|-damage|p2a: Blissey|55/100
|
|-weather|RainDance|[upkeep]
|-heal|p1a: Kingdra|57/100|[from] item: Leftovers
|-heal|p2a: Blissey|61/100|[from] item: Leftovers
|upkeep
|turn|28
|
|t:|1730661505
|move|p1a: Kingdra|Hydro Pump|p2a: Blissey
|-damage|p2a: Blissey|25/100
|move|p2a: Blissey|Soft-Boiled|p2a: Blissey
|-heal|p2a: Blissey|75/100
|
|-weather|RainDance|[upkeep]
|-heal|p1a: Kingdra|63/100|[from] item: Leftovers
|-heal|p2a: Blissey|81/100|[from] item: Leftovers
|upkeep
|turn|29
|
|t:|1730661508
|move|p1a: Kingdra|Hydro Pump|p2a: Blissey|[miss]
|-miss|p1a: Kingdra|p2a: Blissey
|move|p2a: Blissey|Soft-Boiled|p2a: Blissey
|-heal|p2a: Blissey|100/100
|
|-weather|RainDance|[upkeep]
|-heal|p1a: Kingdra|69/100|[from] item: Leftovers
|upkeep
|turn|30
|
|t:|1730661510
|move|p1a: Kingdra|Hydro Pump|p2a: Blissey
|-damage|p2a: Blissey|67/100
|move|p2a: Blissey|Toxic|p1a: Kingdra
|-status|p1a: Kingdra|tox
|
|-weather|none
|-heal|p1a: Kingdra|75/100 tox|[from] item: Leftovers
|-damage|p1a: Kingdra|69/100 tox|[from] psn
|-heal|p2a: Blissey|73/100|[from] item: Leftovers
|upkeep
|turn|31
|
|t:|1730661514
|move|p1a: Kingdra|Hydro Pump|p2a: Blissey|[miss]
|-miss|p1a: Kingdra|p2a: Blissey
|move|p2a: Blissey|Soft-Boiled|p2a: Blissey
|-heal|p2a: Blissey|100/100
|
|-heal|p1a: Kingdra|75/100 tox|[from] item: Leftovers
|-damage|p1a: Kingdra|63/100 tox|[from] psn
|upkeep
|turn|32
|
|t:|1730661518
|move|p1a: Kingdra|Hydro Pump|p2a: Blissey
|-damage|p2a: Blissey|79/100
|move|p2a: Blissey|Ice Beam|p1a: Kingdra
|-damage|p1a: Kingdra|35/100 tox
|
|-heal|p1a: Kingdra|41/100 tox|[from] item: Leftovers
|-damage|p1a: Kingdra|23/100 tox|[from] psn
|-heal|p2a: Blissey|85/100|[from] item: Leftovers
|upkeep
|turn|33
|
|t:|1730661530
|move|p1a: Kingdra|Rain Dance|p1a: Kingdra
|-weather|RainDance
|move|p2a: Blissey|Soft-Boiled|p2a: Blissey
|-heal|p2a: Blissey|100/100
|
|-weather|RainDance|[upkeep]
|-heal|p1a: Kingdra|29/100 tox|[from] item: Leftovers
|-damage|p1a: Kingdra|5/100 tox|[from] psn
|upkeep
|turn|34
|
|t:|1730661534
|move|p1a: Kingdra|Hydro Pump|p2a: Blissey
|-damage|p2a: Blissey|67/100
|move|p2a: Blissey|Soft-Boiled|p2a: Blissey
|-heal|p2a: Blissey|100/100
|
|-weather|RainDance|[upkeep]
|-heal|p1a: Kingdra|11/100 tox|[from] item: Leftovers
|-damage|p1a: Kingdra|0 fnt|[from] psn
|faint|p1a: Kingdra
|upkeep
|
|t:|1730661538
|switch|p1a: Heracross|Heracross, F|18/100 tox
|-damage|p1a: Heracross|1/100 tox|[from] Spikes
|turn|35
|
|t:|1730661557
|switch|p1a: Dugtrio|Dugtrio, F|76/100 tox
|-damage|p1a: Dugtrio|59/100 tox|[from] Spikes
|switch|p2a: Skarmory|Skarmory, F|64/100
|
|-weather|RainDance|[upkeep]
|-damage|p1a: Dugtrio|53/100 tox|[from] psn
|-heal|p2a: Skarmory|70/100|[from] item: Leftovers
|upkeep
|turn|36
|
|t:|1730661577
|move|p1a: Dugtrio|Rock Slide|p2a: Skarmory
|-crit|p2a: Skarmory
|-damage|p2a: Skarmory|28/100
|cant|p2a: Skarmory|flinch
|
|-weather|RainDance|[upkeep]
|-damage|p1a: Dugtrio|41/100 tox|[from] psn
|-heal|p2a: Skarmory|34/100|[from] item: Leftovers
|upkeep
|turn|37
|
|t:|1730661591
|switch|p1a: Heracross|Heracross, F|1/100 tox
|-damage|p1a: Heracross|0 fnt|[from] Spikes
|faint|p1a: Heracross
|
|t:|1730661593
|switch|p1a: Suicune|Suicune|100/100
|-damage|p1a: Suicune|84/100|[from] Spikes
|
|-weather|none
|-heal|p1a: Suicune|90/100|[from] item: Leftovers
|-heal|p2a: Skarmory|40/100|[from] item: Leftovers
|upkeep
|turn|38
|
|t:|1730661600
|move|p1a: Suicune|Surf|p2a: Skarmory
|-damage|p2a: Skarmory|8/100
|move|p2a: Skarmory|Roar|p1a: Suicune
|drag|p1a: Dugtrio|Dugtrio, F|41/100 tox
|-damage|p1a: Dugtrio|24/100 tox|[from] Spikes
|
|-damage|p1a: Dugtrio|18/100 tox|[from] psn
|-heal|p2a: Skarmory|14/100|[from] item: Leftovers
|upkeep
|turn|39
|inactive|blundergoth has 270 seconds left.
|
|t:|1730661632
|switch|p2a: Swampert|Swampert, M|77/100
|move|p1a: Dugtrio|Earthquake|p2a: Swampert
|-damage|p2a: Swampert|31/100
|
|-damage|p1a: Dugtrio|6/100 tox|[from] psn
|-heal|p2a: Swampert|37/100|[from] item: Leftovers
|upkeep
|turn|40
|c|☆blundergoth|wp
|inactive|blundergoth has 270 seconds left.
|
|t:|1730661638
|switch|p1a: Suicune|Suicune|90/100
|-damage|p1a: Suicune|74/100|[from] Spikes
|move|p2a: Swampert|Earthquake|p1a: Suicune
|-damage|p1a: Suicune|54/100
|
|-heal|p1a: Suicune|61/100|[from] item: Leftovers
|-heal|p2a: Swampert|43/100|[from] item: Leftovers
|upkeep
|turn|41
|inactive|blundergoth has 270 seconds left.
|
|t:|1730661651
|switch|p2a: Blissey|Blissey, F|100/100
|move|p1a: Suicune|Surf|p2a: Blissey
|-crit|p2a: Blissey
|-damage|p2a: Blissey|77/100
|
|-heal|p1a: Suicune|67/100|[from] item: Leftovers
|-heal|p2a: Blissey|83/100|[from] item: Leftovers
|upkeep
|turn|42
|inactive|blundergoth has 270 seconds left.
|
|t:|1730661670
|switch|p1a: Dugtrio|Dugtrio, F|6/100 tox
|-damage|p1a: Dugtrio|0 fnt|[from] Spikes
|faint|p1a: Dugtrio
|
|t:|1730661672
|switch|p1a: Suicune|Suicune|67/100
|-damage|p1a: Suicune|50/100|[from] Spikes
|
|-heal|p1a: Suicune|57/100|[from] item: Leftovers
|-heal|p2a: Blissey|89/100|[from] item: Leftovers
|upkeep
|turn|43
|
|t:|1730661677
|move|p1a: Suicune|Calm Mind|p1a: Suicune
|-boost|p1a: Suicune|spa|1
|-boost|p1a: Suicune|spd|1
|move|p2a: Blissey|Toxic|p1a: Suicune
|-status|p1a: Suicune|tox
|
|-heal|p1a: Suicune|63/100 tox|[from] item: Leftovers
|-damage|p1a: Suicune|57/100 tox|[from] psn
|-heal|p2a: Blissey|95/100|[from] item: Leftovers
|upkeep
|turn|44
|
|t:|1730661681
|switch|p2a: Tyranitar|Tyranitar, F|100/100
|-weather|Sandstorm|[from] ability: Sand Stream|[of] p2a: Tyranitar
|move|p1a: Suicune|Calm Mind|p1a: Suicune
|-boost|p1a: Suicune|spa|1
|-boost|p1a: Suicune|spd|1
|
|-weather|Sandstorm|[upkeep]
|-damage|p1a: Suicune|50/100 tox|[from] Sandstorm
|-heal|p1a: Suicune|57/100 tox|[from] item: Leftovers
|-damage|p1a: Suicune|44/100 tox|[from] psn
|upkeep
|turn|45
|
|t:|1730661699
|-singleturn|p2a: Tyranitar|move: Focus Punch
|move|p1a: Suicune|Rest|p1a: Suicune
|-status|p1a: Suicune|slp|[from] move: Rest
|-heal|p1a: Suicune|100/100 slp|[silent]
|move|p2a: Tyranitar|Focus Punch|p1a: Suicune
|-damage|p1a: Suicune|65/100 slp
|
|-weather|Sandstorm|[upkeep]
|-damage|p1a: Suicune|59/100 slp|[from] Sandstorm
|-heal|p1a: Suicune|65/100 slp|[from] item: Leftovers
|upkeep
|turn|46
|
|t:|1730661705
|-singleturn|p2a: Tyranitar|move: Focus Punch
|cant|p1a: Suicune|slp
|move|p1a: Suicune|Sleep Talk|p1a: Suicune
|move|p1a: Suicune|Calm Mind|p1a: Suicune|[from]Sleep Talk
|-boost|p1a: Suicune|spa|1
|-boost|p1a: Suicune|spd|1
|move|p2a: Tyranitar|Focus Punch|p1a: Suicune
|-damage|p1a: Suicune|31/100 slp
|
|-weather|Sandstorm|[upkeep]
|-damage|p1a: Suicune|25/100 slp|[from] Sandstorm
|-heal|p1a: Suicune|31/100 slp|[from] item: Leftovers
|upkeep
|turn|47
|
|t:|1730661713
|-singleturn|p2a: Tyranitar|move: Focus Punch
|cant|p1a: Suicune|slp
|move|p1a: Suicune|Sleep Talk|p1a: Suicune
|move|p1a: Suicune|Rest|p1a: Suicune|[from]Sleep Talk
|move|p2a: Tyranitar|Focus Punch|p1a: Suicune
|-damage|p1a: Suicune|0 fnt
|faint|p1a: Suicune
|
|win|blundergoth
|c|☆tempokin|gg
|c|☆blundergoth|GG.
|c|☆tempokin|i am free
|c|+allce|u sure are
|c|☆blundergoth|that as
|c|☆blundergoth|wow
|c|☆blundergoth|beedrill moment

</script>
<script type="application/json" class="data" id="replaydata-smogtours-gen3ou-804494">
{"id":"smogtours-gen3ou-804494","format":"[Gen 3] OU","players":["tempokin","blundergoth"],"uploadtime":1730661713,"views":61,"formatid":"gen3ou","rating":null,"private":0,"password":null}
</script>

<script defer src="js/replays.js?9d40a366"></script>
