<!DOCTYPE html>
<meta charset="utf-8" />
<meta name="viewport" content="width=device-width" />

<title>[Gen 3] OU: lacoot vs. GSC_Lover_Boy - Replays - Pok&eacute;mon Showdown!</title>

<meta name="description" content="Watch a replay of a Pok&eacute;mon battle between lacoot and GSC_Lover_Boy! Format: [Gen 3] OU; Date: Oct 13, 2024" />
<!--

Hey, you! Looking in the source for the replay log?

You can find them in JSON format, just add `.json` at the end of a replay URL.

https://replay.pokemonshowdown.com/gen7randomdoublesbattle-865046831.json

Or, if you only need the log itself, add `.log` instead:

https://replay.pokemonshowdown.com/gen7randomdoublesbattle-865046831.log

-->

<link rel="stylesheet" href="//pokemonshowdown.com/style/global.css?0.023195364461161105" />
<link rel="stylesheet" href="//play.pokemonshowdown.com/style/font-awesome.css?0.13261647063804238" />
<link rel="stylesheet" href="//play.pokemonshowdown.com/style/battle.css?0.8753245789963631" />
<link rel="stylesheet" href="//play.pokemonshowdown.com/style/utilichart.css?0.8627959624976733" />

<!-- Global site tag (gtag.js) - Google Analytics -->
<script async src="https://www.googletagmanager.com/gtag/js?id=UA-26211653-1"></script>
<script>
  window.dataLayer = window.dataLayer || [];
  function gtag(){dataLayer.push(arguments);}
  gtag('js', new Date());

  gtag('config', 'UA-26211653-1');
</script>
<!-- End Google Analytics -->
<!-- Venatus Ad Manager - Install in <HEAD> of page -->
	<script src="https://hb.vntsm.com/v3/live/ad-manager.min.js" type="text/javascript" data-site-id="642aba63ec9a7b11c3c9c1be" data-mode="scan" async></script>
<!-- / Venatus Ad Manager -->

<style>
	@media (max-width:820px) {
		.battle {
			margin: 0 auto;
		}
		.battle-log {
			margin: 7px auto 0;
			max-width: 640px;
			height: 300px;
			position: static;
		}
	}
	.optgroup {
		display: inline-block;
		line-height: 22px;
		font-size: 10pt;
	}
	.optgroup .button {
		height: 25px;
		padding-top: 0;
		padding-bottom: 0;
	}
	.optgroup button.button {
		padding-left: 12px;
		padding-right: 12px;
	}
	.linklist {
		list-style: none;
		margin: 0.5em 0;
		padding: 0;
	}
	.linklist li {
		padding: 2px 0;
	}
	.sidebar {
		float: left;
		width: 320px;
	}
	.bar-wrapper {
		max-width: 1100px;
		margin: 0 auto;
	}
	.bar-wrapper.has-sidebar {
		max-width: 1430px;
	}
	.mainbar {
		margin: 0;
		padding-right: 1px;
	}
	.mainbar.has-sidebar {
		margin-left: 330px;
	}
	@media (min-width: 1511px) {
		.sidebar {
			width: 400px;
		}
		.bar-wrapper.has-sidebar {
			max-width: 1510px;
		}
		.mainbar.has-sidebar {
			margin-left: 410px;
		}
	}
	.section.first-section {
		margin-top: 9px;
	}
	.blocklink small {
		white-space: normal;
	}
	.button {
		vertical-align: middle;
	}
	.replay-controls {
		padding-top: 10px;
	}
	.replay-controls h1 {
		font-size: 16pt;
		font-weight: normal;
		color: #CCC;
	}
	.pagelink {
		text-align: center;
	}
	.pagelink a {
		width: 150px;
	}
	.textbox, .button {
		font-size: 11pt;
		vertical-align: middle;
	}
	@media (max-width: 450px) {
		.button {
			font-size: 9pt;
		}
	}
</style>

<div>

	<header>
		<div class="nav-wrapper"><ul class="nav">
			<li><a class="button nav-first" href="//pokemonshowdown.com/"><img src="//pokemonshowdown.com/images/pokemonshowdownbeta.png" srcset="//pokemonshowdown.com/images/pokemonshowdownbeta.png 1x, //pokemonshowdown.com/images/pokemonshowdownbeta@2x.png 2x" alt="Pok&eacute;mon Showdown" width="146" height="44" /> Home</a></li>
			<li><a class="button" href="//pokemonshowdown.com/dex/">Pok&eacute;dex</a></li>
			<li><a class="button cur" href="/">Replays</a></li>
			<li><a class="button" href="//pokemonshowdown.com/ladder/">Ladder</a></li>
			<li><a class="button nav-last" href="//pokemonshowdown.com/forums/">Forum</a></li>
			<li><a class="button greenbutton nav-first nav-last" href="//play.pokemonshowdown.com/">Play</a></li>
		</ul></div>
	</header>

	<div class="main" id="main">

		<noscript><section class="section">You need to enable JavaScript to use this page; sorry!</section></noscript>

	</div>

</div>

<script defer nomodule src="//play.pokemonshowdown.com/js/lib/ps-polyfill.js"></script>
<script defer src="//play.pokemonshowdown.com/js/lib/preact.min.js"></script>

<script defer src="//play.pokemonshowdown.com/config/config.js?2bddbc15"></script>
<script defer src="//play.pokemonshowdown.com/js/lib/jquery-1.11.0.min.js"></script>
<script defer src="//play.pokemonshowdown.com/js/lib/html-sanitizer-minified.js"></script>
<script defer src="//play.pokemonshowdown.com/js/battle-sound.js"></script>
<script defer src="//play.pokemonshowdown.com/js/battledata.js?0.7209276989879541"></script>
<script defer src="//play.pokemonshowdown.com/data/pokedex-mini.js?0.6111056340867951"></script>
<script defer src="//play.pokemonshowdown.com/data/pokedex-mini-bw.js?0.3532142036491459"></script>
<script defer src="//play.pokemonshowdown.com/data/graphics.js?0.24223875632456182"></script>
<script defer src="//play.pokemonshowdown.com/data/pokedex.js?0.38839984266356864"></script>
<script defer src="//play.pokemonshowdown.com/data/moves.js?0.21866028504024015"></script>
<script defer src="//play.pokemonshowdown.com/data/abilities.js?0.2005157953846628"></script>
<script defer src="//play.pokemonshowdown.com/data/items.js?0.9894211263848525"></script>
<script defer src="//play.pokemonshowdown.com/data/teambuilder-tables.js?0.6008791140282215"></script>
<script defer src="//play.pokemonshowdown.com/js/battle-tooltips.js?0.7580118955022959"></script>
<script defer src="//play.pokemonshowdown.com/js/battle.js?0.6057722274234274"></script>

<script defer src="js/utils.js?e31f9a17"></script>
<script defer src="js/replays-battle.js?7008c182"></script>

<!-- don't scrape this data! just add .json or .log after the URL!
Full API docs: https://github.com/smogon/pokemon-showdown-client/blob/master/WEB-API.md -->
<script type="text/plain" class="log" id="replaylog-smogtours-gen3ou-798515">
|inactive|Battle timer is ON: inactive players will automatically lose when time's up.
|t:|1728861169
|gametype|singles
|player|p1|lacoot|tuberf|
|player|p2|GSC_Lover_Boy|266|
|teamsize|p1|6
|teamsize|p2|6
|gen|3
|tier|[Gen 3] OU
|rule|Sleep Clause Mod: Limit one foe put to sleep
|rule|Switch Priority Clause Mod: Faster Pokémon switch first
|rule|Species Clause: Limit one of each Pokémon
|rule|OHKO Clause: OHKO moves are banned
|rule|Evasion Items Clause: Evasion items are banned
|rule|Evasion Moves Clause: Evasion moves are banned
|rule|Endless Battle Clause: Forcing endless battles is banned
|rule|HP Percentage Mod: HP is shown in percentages
|rule|One Boost Passer Clause: Limit one Baton Passer that has a way to boost its stats
|rule|Freeze Clause Mod: Limit one foe frozen
|
|t:|1728861169
|start
|switch|p1a: Tyranitar|Tyranitar, F|100/100
|switch|p2a: Zapdos|Zapdos|100/100
|-weather|Sandstorm|[from] ability: Sand Stream|[of] p1a: Tyranitar
|turn|1
|c|☆GSC_Lover_Boy|glhf
|c|☆lacoot|glhf
|
|t:|1728861192
|-singleturn|p1a: Tyranitar|move: Focus Punch
|move|p2a: Zapdos|Thunderbolt|p1a: Tyranitar
|-damage|p1a: Tyranitar|62/100
|move|p1a: Tyranitar|Focus Punch||[still]
|cant|p1a: Tyranitar|Focus Punch|Focus Punch
|
|-weather|Sandstorm|[upkeep]
|-damage|p2a: Zapdos|94/100|[from] Sandstorm
|-heal|p2a: Zapdos|100/100|[from] item: Leftovers
|-heal|p1a: Tyranitar|68/100|[from] item: Leftovers
|upkeep
|turn|2
|
|t:|1728861204
|move|p2a: Zapdos|Thunderbolt|p1a: Tyranitar
|-damage|p1a: Tyranitar|30/100
|move|p1a: Tyranitar|Rock Slide|p2a: Zapdos
|-supereffective|p2a: Zapdos
|-damage|p2a: Zapdos|0 fnt
|faint|p2a: Zapdos
|inactive|GSC_Lover_Boy has 270 seconds left.
|
|t:|1728861232
|switch|p2a: Dugtrio|Dugtrio, M|100/100
|
|-weather|Sandstorm|[upkeep]
|-heal|p1a: Tyranitar|36/100|[from] item: Leftovers
|upkeep
|turn|3
|
|t:|1728861239
|move|p2a: Dugtrio|Earthquake|p1a: Tyranitar
|-supereffective|p1a: Tyranitar
|-damage|p1a: Tyranitar|0 fnt
|faint|p1a: Tyranitar
|
|t:|1728861248
|switch|p1a: Skarmory|Skarmory, M|100/100
|
|-weather|Sandstorm|[upkeep]
|upkeep
|turn|4
|
|t:|1728861253
|switch|p2a: Charizard|Charizard, F|100/100
|move|p1a: Skarmory|Spikes|p2a: Charizard
|-sidestart|p2: GSC_Lover_Boy|Spikes
|
|-weather|Sandstorm|[upkeep]
|-damage|p2a: Charizard|94/100|[from] Sandstorm
|-heal|p2a: Charizard|100/100|[from] item: Leftovers
|upkeep
|turn|5
|inactive|lacoot has 270 seconds left.
|
|t:|1728861296
|switch|p1a: Aerodactyl|Aerodactyl, M|100/100
|move|p2a: Charizard|Flamethrower|p1a: Aerodactyl
|-resisted|p1a: Aerodactyl
|-damage|p1a: Aerodactyl|64/100
|
|-weather|Sandstorm|[upkeep]
|-damage|p2a: Charizard|94/100|[from] Sandstorm
|-heal|p2a: Charizard|100/100|[from] item: Leftovers
|upkeep
|turn|6
|inactive|GSC_Lover_Boy has 270 seconds left.
|
|t:|1728861327
|switch|p2a: Metagross|Metagross|100/100
|-damage|p2a: Metagross|88/100|[from] Spikes
|move|p1a: Aerodactyl|Earthquake|p2a: Metagross
|-supereffective|p2a: Metagross
|-damage|p2a: Metagross|11/100
|
|-weather|Sandstorm|[upkeep]
|upkeep
|turn|7
|inactive|GSC_Lover_Boy has 270 seconds left.
|inactive|lacoot has 240 seconds left.
|
|t:|1728861354
|move|p1a: Aerodactyl|Earthquake|p2a: Metagross
|-supereffective|p2a: Metagross
|-damage|p2a: Metagross|0 fnt
|faint|p2a: Metagross
|
|t:|1728861359
|switch|p2a: Charizard|Charizard, F|100/100
|
|-weather|Sandstorm|[upkeep]
|-damage|p2a: Charizard|94/100|[from] Sandstorm
|-heal|p2a: Charizard|100/100|[from] item: Leftovers
|upkeep
|turn|8
|
|t:|1728861371
|switch|p1a: Swampert|Swampert, M|100/100
|move|p2a: Charizard|Substitute|p2a: Charizard
|-start|p2a: Charizard|Substitute
|-damage|p2a: Charizard|76/100
|
|-weather|Sandstorm|[upkeep]
|-damage|p2a: Charizard|70/100|[from] Sandstorm
|-heal|p2a: Charizard|76/100|[from] item: Leftovers
|upkeep
|turn|9
|
|t:|1728861387
|move|p2a: Charizard|Hidden Power|p1a: Swampert
|-supereffective|p1a: Swampert
|-damage|p1a: Swampert|13/100
|move|p1a: Swampert|Ice Beam|p2a: Charizard
|-end|p2a: Charizard|Substitute
|
|-weather|Sandstorm|[upkeep]
|-damage|p2a: Charizard|70/100|[from] Sandstorm
|-heal|p2a: Charizard|76/100|[from] item: Leftovers
|-heal|p1a: Swampert|20/100|[from] item: Leftovers
|upkeep
|turn|10
|inactive|lacoot has 240 seconds left.
|inactive|GSC_Lover_Boy has 240 seconds left.
|
|t:|1728861430
|switch|p1a: Gengar|Gengar, M|100/100
|move|p2a: Charizard|Substitute|p2a: Charizard
|-start|p2a: Charizard|Substitute
|-damage|p2a: Charizard|51/100
|
|-weather|Sandstorm|[upkeep]
|-damage|p1a: Gengar|95/100|[from] Sandstorm
|-damage|p2a: Charizard|45/100|[from] Sandstorm
|-heal|p1a: Gengar|100/100|[from] item: Leftovers
|-heal|p2a: Charizard|51/100|[from] item: Leftovers
|upkeep
|turn|11
|
|t:|1728861448
|move|p1a: Gengar|Thunderbolt|p2a: Charizard
|-supereffective|p2a: Charizard
|-end|p2a: Charizard|Substitute
|move|p2a: Charizard|Flamethrower|p1a: Gengar
|-damage|p1a: Gengar|42/100
|
|-weather|Sandstorm|[upkeep]
|-damage|p1a: Gengar|36/100|[from] Sandstorm
|-damage|p2a: Charizard|45/100|[from] Sandstorm
|-heal|p1a: Gengar|42/100|[from] item: Leftovers
|-heal|p2a: Charizard|51/100|[from] item: Leftovers
|upkeep
|turn|12
|inactive|GSC_Lover_Boy has 210 seconds left.
|
|t:|1728861482
|switch|p2a: Celebi|Celebi|100/100
|-damage|p2a: Celebi|88/100|[from] Spikes
|move|p1a: Gengar|Thunderbolt|p2a: Celebi
|-resisted|p2a: Celebi
|-damage|p2a: Celebi|77/100
|
|-weather|Sandstorm|[upkeep]
|-damage|p1a: Gengar|36/100|[from] Sandstorm
|-damage|p2a: Celebi|71/100|[from] Sandstorm
|-heal|p1a: Gengar|42/100|[from] item: Leftovers
|-heal|p2a: Celebi|77/100|[from] item: Leftovers
|upkeep
|turn|13
|
|t:|1728861498
|switch|p1a: Celebi|Celebi|100/100
|move|p2a: Celebi|Calm Mind|p2a: Celebi
|-boost|p2a: Celebi|spa|1
|-boost|p2a: Celebi|spd|1
|
|-weather|Sandstorm|[upkeep]
|-damage|p2a: Celebi|71/100|[from] Sandstorm
|-damage|p1a: Celebi|94/100|[from] Sandstorm
|-heal|p2a: Celebi|77/100|[from] item: Leftovers
|-heal|p1a: Celebi|100/100|[from] item: Leftovers
|upkeep
|turn|14
|inactive|lacoot has 240 seconds left.
|inactive|GSC_Lover_Boy has 180 seconds left.
|
|t:|1728861553
|move|p2a: Celebi|Baton Pass|p2a: Celebi
|
|t:|1728861556
|switch|p2a: Tyranitar|Tyranitar, M|100/100|[from] Baton Pass
|-damage|p2a: Tyranitar|88/100|[from] Spikes
|move|p1a: Celebi|Hidden Power|p2a: Tyranitar
|-resisted|p2a: Tyranitar
|-damage|p2a: Tyranitar|81/100
|
|-weather|Sandstorm|[upkeep]
|-damage|p1a: Celebi|94/100|[from] Sandstorm
|-heal|p1a: Celebi|100/100|[from] item: Leftovers
|-heal|p2a: Tyranitar|87/100|[from] item: Leftovers
|upkeep
|turn|15
|inactive|lacoot has 210 seconds left.
|inactive|GSC_Lover_Boy has 150 seconds left.
|
|t:|1728861582
|switch|p1a: Swampert|Swampert, M|20/100
|move|p2a: Tyranitar|Dragon Dance|p2a: Tyranitar
|-boost|p2a: Tyranitar|atk|1
|-boost|p2a: Tyranitar|spe|1
|
|-weather|Sandstorm|[upkeep]
|-heal|p2a: Tyranitar|93/100|[from] item: Leftovers
|-heal|p1a: Swampert|26/100|[from] item: Leftovers
|upkeep
|turn|16
|inactive|lacoot has 210 seconds left.
|inactive|GSC_Lover_Boy has 150 seconds left.
|
|t:|1728861613
|move|p2a: Tyranitar|Hidden Power|p1a: Swampert
|-supereffective|p1a: Swampert
|-crit|p1a: Swampert
|-damage|p1a: Swampert|0 fnt
|faint|p1a: Swampert
|inactive|lacoot has 210 seconds left.
|
|t:|1728861632
|switch|p1a: Skarmory|Skarmory, M|100/100
|
|-weather|Sandstorm|[upkeep]
|-heal|p2a: Tyranitar|99/100|[from] item: Leftovers
|upkeep
|turn|17
|
|t:|1728861641
|move|p2a: Tyranitar|Flamethrower|p1a: Skarmory
|-supereffective|p1a: Skarmory
|-damage|p1a: Skarmory|17/100
|move|p1a: Skarmory|Roar|p2a: Tyranitar
|drag|p2a: Celebi|Celebi|77/100
|-damage|p2a: Celebi|64/100|[from] Spikes
|
|-weather|Sandstorm|[upkeep]
|-damage|p2a: Celebi|58/100|[from] Sandstorm
|-heal|p2a: Celebi|64/100|[from] item: Leftovers
|-heal|p1a: Skarmory|23/100|[from] item: Leftovers
|upkeep
|turn|18
|inactive|lacoot has 210 seconds left.
|
|t:|1728861654
|move|p2a: Celebi|Baton Pass|p2a: Celebi
|
|t:|1728861656
|switch|p2a: Charizard|Charizard, F|51/100|[from] Baton Pass
|move|p1a: Skarmory|Drill Peck|p2a: Charizard
|-damage|p2a: Charizard|20/100
|
|-weather|Sandstorm|[upkeep]
|-damage|p2a: Charizard|14/100|[from] Sandstorm
|-heal|p2a: Charizard|20/100|[from] item: Leftovers
|-heal|p1a: Skarmory|29/100|[from] item: Leftovers
|upkeep
|turn|19
|inactive|GSC_Lover_Boy has 150 seconds left.
|
|t:|1728861666
|move|p1a: Skarmory|Protect|p1a: Skarmory
|-singleturn|p1a: Skarmory|Protect
|move|p2a: Charizard|Flamethrower|p1a: Skarmory
|-activate|p1a: Skarmory|Protect
|
|-weather|Sandstorm|[upkeep]
|-damage|p2a: Charizard|14/100|[from] Sandstorm
|-heal|p2a: Charizard|20/100|[from] item: Leftovers
|-heal|p1a: Skarmory|35/100|[from] item: Leftovers
|upkeep
|turn|20
|inactive|GSC_Lover_Boy has 150 seconds left.
|inactive|lacoot has 210 seconds left.
|
|t:|1728861713
|move|p2a: Charizard|Flamethrower|p1a: Skarmory
|-supereffective|p1a: Skarmory
|-damage|p1a: Skarmory|0 fnt
|faint|p1a: Skarmory
|
|t:|1728861716
|switch|p1a: Gengar|Gengar, M|42/100
|
|-weather|Sandstorm|[upkeep]
|-damage|p1a: Gengar|36/100|[from] Sandstorm
|-damage|p2a: Charizard|14/100|[from] Sandstorm
|-heal|p1a: Gengar|42/100|[from] item: Leftovers
|-heal|p2a: Charizard|20/100|[from] item: Leftovers
|upkeep
|turn|21
|inactive|GSC_Lover_Boy has 120 seconds left.
|
|t:|1728861752
|move|p1a: Gengar|Ice Punch|p2a: Charizard
|-damage|p2a: Charizard|0 fnt
|faint|p2a: Charizard
|
|t:|1728861763
|switch|p2a: Tyranitar|Tyranitar, M|99/100
|-damage|p2a: Tyranitar|87/100|[from] Spikes
|
|-weather|Sandstorm|[upkeep]
|-damage|p1a: Gengar|36/100|[from] Sandstorm
|-heal|p1a: Gengar|42/100|[from] item: Leftovers
|-heal|p2a: Tyranitar|93/100|[from] item: Leftovers
|upkeep
|turn|22
|inactive|lacoot has 210 seconds left.
|inactive|lacoot has 180 seconds left.
|
|t:|1728861801
|move|p1a: Gengar|Explosion|p2a: Tyranitar
|-resisted|p2a: Tyranitar
|-damage|p2a: Tyranitar|62/100
|faint|p1a: Gengar
|inactive|lacoot has 180 seconds left.
|
|t:|1728861819
|switch|p1a: Celebi|Celebi|100/100
|
|-weather|Sandstorm|[upkeep]
|-damage|p1a: Celebi|94/100|[from] Sandstorm
|-heal|p1a: Celebi|100/100|[from] item: Leftovers
|-heal|p2a: Tyranitar|69/100|[from] item: Leftovers
|upkeep
|turn|23
|inactive|GSC_Lover_Boy has 120 seconds left.
|inactive|GSC_Lover_Boy has 90 seconds left.
|inactive|GSC_Lover_Boy has 60 seconds left.
|
|t:|1728861889
|move|p1a: Celebi|Giga Drain|p2a: Tyranitar
|-supereffective|p2a: Tyranitar
|-damage|p2a: Tyranitar|12/100
|move|p2a: Tyranitar|Flamethrower|p1a: Celebi
|-supereffective|p1a: Celebi
|-damage|p1a: Celebi|54/100
|-status|p1a: Celebi|brn
|
|-weather|Sandstorm|[upkeep]
|-damage|p1a: Celebi|48/100 brn|[from] Sandstorm
|-heal|p1a: Celebi|54/100 brn|[from] item: Leftovers
|-damage|p1a: Celebi|41/100 brn|[from] brn
|-heal|p2a: Tyranitar|18/100|[from] item: Leftovers
|upkeep
|turn|24
|inactive|lacoot has 180 seconds left.
|inactive|GSC_Lover_Boy has 60 seconds left.
|
|t:|1728861912
|move|p1a: Celebi|Giga Drain|p2a: Tyranitar
|-supereffective|p2a: Tyranitar
|-damage|p2a: Tyranitar|0 fnt
|-heal|p1a: Celebi|49/100 brn|[from] drain|[of] p2a: Tyranitar
|faint|p2a: Tyranitar
|
|t:|1728861920
|switch|p2a: Celebi|Celebi|64/100
|-damage|p2a: Celebi|52/100|[from] Spikes
|
|-weather|Sandstorm|[upkeep]
|-damage|p2a: Celebi|46/100|[from] Sandstorm
|-damage|p1a: Celebi|43/100 brn|[from] Sandstorm
|-heal|p2a: Celebi|52/100|[from] item: Leftovers
|-heal|p1a: Celebi|49/100 brn|[from] item: Leftovers
|-damage|p1a: Celebi|37/100 brn|[from] brn
|upkeep
|turn|25
|
|t:|1728861938
|move|p2a: Celebi|Hidden Power|p1a: Celebi
|-supereffective|p1a: Celebi
|-damage|p1a: Celebi|5/100 brn
|move|p1a: Celebi|Hidden Power|p2a: Celebi
|-supereffective|p2a: Celebi
|-damage|p2a: Celebi|12/100
|
|-weather|Sandstorm|[upkeep]
|-damage|p2a: Celebi|6/100|[from] Sandstorm
|-damage|p1a: Celebi|0 fnt|[from] Sandstorm
|faint|p1a: Celebi
|-heal|p2a: Celebi|12/100|[from] item: Leftovers
|upkeep
|
|t:|1728861944
|switch|p1a: Aerodactyl|Aerodactyl, M|64/100
|turn|26
|
|t:|1728861951
|move|p1a: Aerodactyl|Double-Edge|p2a: Celebi
|-damage|p2a: Celebi|0 fnt
|faint|p2a: Celebi
|
|t:|1728861955
|switch|p2a: Dugtrio|Dugtrio, M|100/100
|-damage|p2a: Dugtrio|88/100|[from] Spikes
|
|-weather|Sandstorm|[upkeep]
|upkeep
|turn|27
|c|☆GSC_Lover_Boy|gg
|c|☆lacoot|gg
|
|t:|1728861960
|move|p1a: Aerodactyl|Double-Edge|p2a: Dugtrio
|-damage|p2a: Dugtrio|0 fnt
|faint|p2a: Dugtrio
|
|win|lacoot
|player|p1|

</script>
<script type="application/json" class="data" id="replaydata-smogtours-gen3ou-798515">
{"id":"smogtours-gen3ou-798515","format":"[Gen 3] OU","players":["lacoot","GSC_Lover_Boy"],"uploadtime":1728861960,"views":113,"formatid":"gen3ou","rating":null,"private":0,"password":null}
</script>

<script defer src="js/replays.js?9d40a366"></script>
