<!DOCTYPE html>
<meta charset="utf-8" />
<meta name="viewport" content="width=device-width" />

<title>[Gen 3] OU: Emerald_Harrold vs. tamafuyu - Replays - Pok&eacute;mon Showdown!</title>

<meta name="description" content="Watch a replay of a Pok&eacute;mon battle between Emerald_Harrold and tamafuyu! Format: [Gen 3] OU; Date: Nov 9, 2024" />
<!--

Hey, you! Looking in the source for the replay log?

You can find them in JSON format, just add `.json` at the end of a replay URL.

https://replay.pokemonshowdown.com/gen7randomdoublesbattle-865046831.json

Or, if you only need the log itself, add `.log` instead:

https://replay.pokemonshowdown.com/gen7randomdoublesbattle-865046831.log

-->

<link rel="stylesheet" href="//pokemonshowdown.com/style/global.css?0.023195364461161105" />
<link rel="stylesheet" href="//play.pokemonshowdown.com/style/font-awesome.css?0.13261647063804238" />
<link rel="stylesheet" href="//play.pokemonshowdown.com/style/battle.css?0.8753245789963631" />
<link rel="stylesheet" href="//play.pokemonshowdown.com/style/utilichart.css?0.8627959624976733" />

<!-- Global site tag (gtag.js) - Google Analytics -->
<script async src="https://www.googletagmanager.com/gtag/js?id=UA-26211653-1"></script>
<script>
  window.dataLayer = window.dataLayer || [];
  function gtag(){dataLayer.push(arguments);}
  gtag('js', new Date());

  gtag('config', 'UA-26211653-1');
</script>
<!-- End Google Analytics -->
<!-- Venatus Ad Manager - Install in <HEAD> of page -->
	<script src="https://hb.vntsm.com/v3/live/ad-manager.min.js" type="text/javascript" data-site-id="642aba63ec9a7b11c3c9c1be" data-mode="scan" async></script>
<!-- / Venatus Ad Manager -->

<style>
	@media (max-width:820px) {
		.battle {
			margin: 0 auto;
		}
		.battle-log {
			margin: 7px auto 0;
			max-width: 640px;
			height: 300px;
			position: static;
		}
	}
	.optgroup {
		display: inline-block;
		line-height: 22px;
		font-size: 10pt;
	}
	.optgroup .button {
		height: 25px;
		padding-top: 0;
		padding-bottom: 0;
	}
	.optgroup button.button {
		padding-left: 12px;
		padding-right: 12px;
	}
	.linklist {
		list-style: none;
		margin: 0.5em 0;
		padding: 0;
	}
	.linklist li {
		padding: 2px 0;
	}
	.sidebar {
		float: left;
		width: 320px;
	}
	.bar-wrapper {
		max-width: 1100px;
		margin: 0 auto;
	}
	.bar-wrapper.has-sidebar {
		max-width: 1430px;
	}
	.mainbar {
		margin: 0;
		padding-right: 1px;
	}
	.mainbar.has-sidebar {
		margin-left: 330px;
	}
	@media (min-width: 1511px) {
		.sidebar {
			width: 400px;
		}
		.bar-wrapper.has-sidebar {
			max-width: 1510px;
		}
		.mainbar.has-sidebar {
			margin-left: 410px;
		}
	}
	.section.first-section {
		margin-top: 9px;
	}
	.blocklink small {
		white-space: normal;
	}
	.button {
		vertical-align: middle;
	}
	.replay-controls {
		padding-top: 10px;
	}
	.replay-controls h1 {
		font-size: 16pt;
		font-weight: normal;
		color: #CCC;
	}
	.pagelink {
		text-align: center;
	}
	.pagelink a {
		width: 150px;
	}
	.textbox, .button {
		font-size: 11pt;
		vertical-align: middle;
	}
	@media (max-width: 450px) {
		.button {
			font-size: 9pt;
		}
	}
</style>

<div>

	<header>
		<div class="nav-wrapper"><ul class="nav">
			<li><a class="button nav-first" href="//pokemonshowdown.com/"><img src="//pokemonshowdown.com/images/pokemonshowdownbeta.png" srcset="//pokemonshowdown.com/images/pokemonshowdownbeta.png 1x, //pokemonshowdown.com/images/pokemonshowdownbeta@2x.png 2x" alt="Pok&eacute;mon Showdown" width="146" height="44" /> Home</a></li>
			<li><a class="button" href="//pokemonshowdown.com/dex/">Pok&eacute;dex</a></li>
			<li><a class="button cur" href="/">Replays</a></li>
			<li><a class="button" href="//pokemonshowdown.com/ladder/">Ladder</a></li>
			<li><a class="button nav-last" href="//pokemonshowdown.com/forums/">Forum</a></li>
			<li><a class="button greenbutton nav-first nav-last" href="//play.pokemonshowdown.com/">Play</a></li>
		</ul></div>
	</header>

	<div class="main" id="main">

		<noscript><section class="section">You need to enable JavaScript to use this page; sorry!</section></noscript>

	</div>

</div>

<script defer nomodule src="//play.pokemonshowdown.com/js/lib/ps-polyfill.js"></script>
<script defer src="//play.pokemonshowdown.com/js/lib/preact.min.js"></script>

<script defer src="//play.pokemonshowdown.com/config/config.js?2bddbc15"></script>
<script defer src="//play.pokemonshowdown.com/js/lib/jquery-1.11.0.min.js"></script>
<script defer src="//play.pokemonshowdown.com/js/lib/html-sanitizer-minified.js"></script>
<script defer src="//play.pokemonshowdown.com/js/battle-sound.js"></script>
<script defer src="//play.pokemonshowdown.com/js/battledata.js?0.7209276989879541"></script>
<script defer src="//play.pokemonshowdown.com/data/pokedex-mini.js?0.6111056340867951"></script>
<script defer src="//play.pokemonshowdown.com/data/pokedex-mini-bw.js?0.3532142036491459"></script>
<script defer src="//play.pokemonshowdown.com/data/graphics.js?0.24223875632456182"></script>
<script defer src="//play.pokemonshowdown.com/data/pokedex.js?0.38839984266356864"></script>
<script defer src="//play.pokemonshowdown.com/data/moves.js?0.21866028504024015"></script>
<script defer src="//play.pokemonshowdown.com/data/abilities.js?0.2005157953846628"></script>
<script defer src="//play.pokemonshowdown.com/data/items.js?0.9894211263848525"></script>
<script defer src="//play.pokemonshowdown.com/data/teambuilder-tables.js?0.6008791140282215"></script>
<script defer src="//play.pokemonshowdown.com/js/battle-tooltips.js?0.7580118955022959"></script>
<script defer src="//play.pokemonshowdown.com/js/battle.js?0.6057722274234274"></script>

<script defer src="js/utils.js?e31f9a17"></script>
<script defer src="js/replays-battle.js?7008c182"></script>

<!-- don't scrape this data! just add .json or .log after the URL!
Full API docs: https://github.com/smogon/pokemon-showdown-client/blob/master/WEB-API.md -->
<script type="text/plain" class="log" id="replaylog-smogtours-gen3ou-805345">
|inactive|Battle timer is ON: inactive players will automatically lose when time's up.
|t:|1731114775
|gametype|singles
|player|p1|Emerald_Harrold|brandon-gen3|
|player|p2|tamafuyu|rosa-masters|
|teamsize|p1|6
|teamsize|p2|6
|gen|3
|tier|[Gen 3] OU
|rule|Sleep Clause Mod: Limit one foe put to sleep
|rule|Switch Priority Clause Mod: Faster Pokémon switch first
|rule|Species Clause: Limit one of each Pokémon
|rule|OHKO Clause: OHKO moves are banned
|rule|Evasion Items Clause: Evasion items are banned
|rule|Evasion Moves Clause: Evasion moves are banned
|rule|Endless Battle Clause: Forcing endless battles is banned
|rule|HP Percentage Mod: HP is shown in percentages
|rule|One Boost Passer Clause: Limit one Baton Passer that has a way to boost its stats
|rule|Freeze Clause Mod: Limit one foe frozen
|
|t:|1731114775
|start
|switch|p1a: Salamence|Salamence, F|100/100
|switch|p2a: The Waiter|Zapdos|100/100
|-ability|p1a: Salamence|Intimidate|boost
|-unboost|p2a: The Waiter|atk|1
|turn|1
|inactive|tamafuyu also wants the timer to be on.
|
|t:|1731114786
|switch|p2a: AAAATTATAGG|Swampert, M|100/100
|move|p1a: Salamence|Rock Slide|p2a: AAAATTATAGG
|-resisted|p2a: AAAATTATAGG
|-damage|p2a: AAAATTATAGG|87/100
|
|-heal|p2a: AAAATTATAGG|93/100|[from] item: Leftovers
|upkeep
|turn|2
|
|t:|1731114811
|switch|p1a: Suicune|Suicune|100/100
|move|p2a: AAAATTATAGG|Ice Beam|p1a: Suicune
|-resisted|p1a: Suicune
|-damage|p1a: Suicune|94/100
|
|-heal|p1a: Suicune|99/100|[from] item: Leftovers
|-heal|p2a: AAAATTATAGG|99/100|[from] item: Leftovers
|upkeep
|turn|3
|
|t:|1731114823
|switch|p2a: Celeb111111|Celebi|100/100
|move|p1a: Suicune|Calm Mind|p1a: Suicune
|-boost|p1a: Suicune|spa|1
|-boost|p1a: Suicune|spd|1
|
|-heal|p1a: Suicune|100/100|[from] item: Leftovers
|upkeep
|turn|4
|
|t:|1731114833
|switch|p1a: Salamence|Salamence, F|100/100
|-ability|p1a: Salamence|Intimidate|boost
|-unboost|p2a: Celeb111111|atk|1
|move|p2a: Celeb111111|Leech Seed|p1a: Salamence|[miss]
|-miss|p2a: Celeb111111|p1a: Salamence
|
|upkeep
|turn|5
|inactive|tamafuyu has 270 seconds left.
|
|t:|1731114865
|switch|p2a: The Waiter|Zapdos|100/100
|move|p1a: Salamence|Brick Break|p2a: The Waiter
|-resisted|p2a: The Waiter
|-damage|p2a: The Waiter|75/100
|
|-heal|p2a: The Waiter|81/100|[from] item: Leftovers
|upkeep
|turn|6
|
|t:|1731114878
|switch|p1a: Blissey|Blissey, F|100/100
|move|p2a: The Waiter|Thunder Wave|p1a: Blissey
|-status|p1a: Blissey|par
|
|-heal|p2a: The Waiter|87/100|[from] item: Leftovers
|upkeep
|turn|7
|inactive|Emerald_Harrold has 270 seconds left.
|
|t:|1731114893
|move|p2a: The Waiter|Baton Pass|p2a: The Waiter
|
|t:|1731114895
|switch|p2a: Celeb111111|Celebi|100/100|[from] Baton Pass
|move|p1a: Blissey|Ice Beam|p2a: Celeb111111
|-supereffective|p2a: Celeb111111
|-damage|p2a: Celeb111111|69/100
|
|-heal|p2a: Celeb111111|75/100|[from] item: Leftovers
|upkeep
|turn|8
|
|t:|1731114904
|move|p2a: Celeb111111|Leech Seed|p1a: Blissey
|-start|p1a: Blissey|move: Leech Seed
|move|p1a: Blissey|Wish|p1a: Blissey
|
|-heal|p2a: Celeb111111|82/100|[from] item: Leftovers
|-damage|p1a: Blissey|88/100 par|[from] Leech Seed|[of] p2a: Celeb111111
|-heal|p2a: Celeb111111|100/100|[silent]
|upkeep
|turn|9
|
|t:|1731114908
|-curestatus|p1a: Blissey|par|[from] ability: Natural Cure
|switch|p1a: Salamence|Salamence, F|100/100
|-ability|p1a: Salamence|Intimidate|boost
|-unboost|p2a: Celeb111111|atk|1
|move|p2a: Celeb111111|Baton Pass|p2a: Celeb111111
|
|t:|1731114911
|switch|p2a: AAAATTATAGG|Swampert, M|99/100|[from] Baton Pass
|
|-heal|p2a: AAAATTATAGG|100/100|[from] item: Leftovers
|upkeep
|turn|10
|
|t:|1731114920
|switch|p1a: Suicune|Suicune|100/100
|switch|p2a: Celeb111111|Celebi|100/100
|
|upkeep
|turn|11
|
|t:|1731114940
|move|p2a: Celeb111111|Leech Seed|p1a: Suicune
|-start|p1a: Suicune|move: Leech Seed
|move|p1a: Suicune|Calm Mind|p1a: Suicune
|-boost|p1a: Suicune|spa|1
|-boost|p1a: Suicune|spd|1
|
|-damage|p1a: Suicune|88/100|[from] Leech Seed|[of] p2a: Celeb111111
|upkeep
|turn|12
|
|t:|1731114947
|switch|p1a: Blissey|Blissey, F|88/100
|move|p2a: Celeb111111|Psychic|p1a: Blissey
|-damage|p1a: Blissey|77/100
|
|-heal|p1a: Blissey|83/100|[from] item: Leftovers
|upkeep
|turn|13
|
|t:|1731114952
|move|p2a: Celeb111111|Leech Seed|p1a: Blissey|[miss]
|-miss|p2a: Celeb111111|p1a: Blissey
|move|p1a: Blissey|Ice Beam|p2a: Celeb111111
|-supereffective|p2a: Celeb111111
|-damage|p2a: Celeb111111|70/100
|
|-heal|p2a: Celeb111111|76/100|[from] item: Leftovers
|-heal|p1a: Blissey|89/100|[from] item: Leftovers
|upkeep
|turn|14
|
|t:|1731114956
|move|p2a: Celeb111111|Leech Seed|p1a: Blissey
|-start|p1a: Blissey|move: Leech Seed
|move|p1a: Blissey|Ice Beam|p2a: Celeb111111
|-supereffective|p2a: Celeb111111
|-damage|p2a: Celeb111111|46/100
|-status|p2a: Celeb111111|frz
|
|-heal|p2a: Celeb111111|52/100 frz|[from] item: Leftovers
|-heal|p1a: Blissey|95/100|[from] item: Leftovers
|-damage|p1a: Blissey|83/100|[from] Leech Seed|[of] p2a: Celeb111111
|-heal|p2a: Celeb111111|72/100 frz|[silent]
|upkeep
|turn|15
|
|t:|1731114966
|-curestatus|p2a: Celeb111111|frz|[from] ability: Natural Cure
|switch|p2a: AAAATTATAGG|Swampert, M|100/100
|switch|p1a: Salamence|Salamence, F|100/100
|-ability|p1a: Salamence|Intimidate|boost
|-unboost|p2a: AAAATTATAGG|atk|1
|
|upkeep
|turn|16
|
|t:|1731114974
|switch|p1a: Suicune|Suicune|88/100
|move|p2a: AAAATTATAGG|Ice Beam|p1a: Suicune
|-resisted|p1a: Suicune
|-damage|p1a: Suicune|81/100
|
|-heal|p1a: Suicune|87/100|[from] item: Leftovers
|upkeep
|turn|17
|
|t:|1731114990
|switch|p1a: Salamence|Salamence, F|100/100
|-ability|p1a: Salamence|Intimidate|boost
|-unboost|p2a: AAAATTATAGG|atk|1
|switch|p2a: Celeb111111|Celebi|72/100
|
|-heal|p2a: Celeb111111|78/100|[from] item: Leftovers
|upkeep
|turn|18
|
|t:|1731114998
|switch|p2a: AAAATTATAGG|Swampert, M|100/100
|move|p1a: Salamence|Hidden Power|p2a: AAAATTATAGG
|-damage|p2a: AAAATTATAGG|56/100
|
|-heal|p2a: AAAATTATAGG|62/100|[from] item: Leftovers
|upkeep
|turn|19
|
|t:|1731115008
|switch|p1a: Suicune|Suicune|87/100
|move|p2a: AAAATTATAGG|Ice Beam|p1a: Suicune
|-resisted|p1a: Suicune
|-damage|p1a: Suicune|81/100
|
|-heal|p1a: Suicune|87/100|[from] item: Leftovers
|-heal|p2a: AAAATTATAGG|68/100|[from] item: Leftovers
|upkeep
|turn|20
|
|t:|1731115016
|move|p2a: AAAATTATAGG|Protect|p2a: AAAATTATAGG
|-singleturn|p2a: AAAATTATAGG|Protect
|move|p1a: Suicune|Calm Mind|p1a: Suicune
|-boost|p1a: Suicune|spa|1
|-boost|p1a: Suicune|spd|1
|
|-heal|p1a: Suicune|93/100|[from] item: Leftovers
|-heal|p2a: AAAATTATAGG|74/100|[from] item: Leftovers
|upkeep
|turn|21
|
|t:|1731115024
|switch|p2a: Starman|Starmie|100/100
|move|p1a: Suicune|Calm Mind|p1a: Suicune
|-boost|p1a: Suicune|spa|1
|-boost|p1a: Suicune|spd|1
|
|-heal|p1a: Suicune|99/100|[from] item: Leftovers
|upkeep
|turn|22
|
|t:|1731115039
|move|p2a: Starman|Thunderbolt|p1a: Suicune
|-supereffective|p1a: Suicune
|-damage|p1a: Suicune|78/100
|move|p1a: Suicune|Calm Mind|p1a: Suicune
|-boost|p1a: Suicune|spa|1
|-boost|p1a: Suicune|spd|1
|
|-heal|p1a: Suicune|84/100|[from] item: Leftovers
|upkeep
|turn|23
|
|t:|1731115053
|move|p2a: Starman|Thunderbolt|p1a: Suicune
|-supereffective|p1a: Suicune
|-damage|p1a: Suicune|67/100
|move|p1a: Suicune|Calm Mind|p1a: Suicune
|-boost|p1a: Suicune|spa|1
|-boost|p1a: Suicune|spd|1
|
|-heal|p1a: Suicune|73/100|[from] item: Leftovers
|upkeep
|turn|24
|
|t:|1731115056
|move|p2a: Starman|Thunderbolt|p1a: Suicune
|-supereffective|p1a: Suicune
|-crit|p1a: Suicune
|-damage|p1a: Suicune|0 fnt
|faint|p1a: Suicune
|
|t:|1731115071
|switch|p1a: Blissey|Blissey, F|83/100
|
|-heal|p1a: Blissey|89/100|[from] item: Leftovers
|upkeep
|turn|25
|
|t:|1731115078
|switch|p2a: Celeb111111|Celebi|78/100
|move|p1a: Blissey|Seismic Toss|p2a: Celeb111111
|-damage|p2a: Celeb111111|53/100
|
|-heal|p2a: Celeb111111|60/100|[from] item: Leftovers
|-heal|p1a: Blissey|95/100|[from] item: Leftovers
|upkeep
|turn|26
|
|t:|1731115085
|move|p2a: Celeb111111|Baton Pass|p2a: Celeb111111
|
|t:|1731115090
|switch|p2a: Starman|Starmie|100/100|[from] Baton Pass
|move|p1a: Blissey|Ice Beam|p2a: Starman
|-resisted|p2a: Starman
|-damage|p2a: Starman|84/100
|
|-heal|p2a: Starman|90/100|[from] item: Leftovers
|-heal|p1a: Blissey|100/100|[from] item: Leftovers
|upkeep
|turn|27
|
|t:|1731115096
|switch|p2a: Celeb111111|Celebi|60/100
|move|p1a: Blissey|Seismic Toss|p2a: Celeb111111
|-damage|p2a: Celeb111111|35/100
|
|-heal|p2a: Celeb111111|41/100|[from] item: Leftovers
|upkeep
|turn|28
|
|t:|1731115099
|move|p2a: Celeb111111|Recover|p2a: Celeb111111
|-heal|p2a: Celeb111111|91/100
|move|p1a: Blissey|Ice Beam|p2a: Celeb111111
|-supereffective|p2a: Celeb111111
|-damage|p2a: Celeb111111|65/100
|
|-heal|p2a: Celeb111111|71/100|[from] item: Leftovers
|upkeep
|turn|29
|
|t:|1731115101
|move|p2a: Celeb111111|Leech Seed|p1a: Blissey
|-start|p1a: Blissey|move: Leech Seed
|move|p1a: Blissey|Ice Beam|p2a: Celeb111111
|-supereffective|p2a: Celeb111111
|-damage|p2a: Celeb111111|44/100
|
|-heal|p2a: Celeb111111|50/100|[from] item: Leftovers
|-damage|p1a: Blissey|88/100|[from] Leech Seed|[of] p2a: Celeb111111
|-heal|p2a: Celeb111111|71/100|[silent]
|upkeep
|turn|30
|
|t:|1731115109
|switch|p1a: Magneton|Magneton|100/100
|move|p2a: Celeb111111|Baton Pass|p2a: Celeb111111
|
|t:|1731115112
|switch|p2a: The Method|Dugtrio, M|100/100|[from] Baton Pass
|
|upkeep
|turn|31
|
|t:|1731115114
|move|p2a: The Method|Earthquake|p1a: Magneton
|-supereffective|p1a: Magneton
|-damage|p1a: Magneton|0 fnt
|faint|p1a: Magneton
|
|t:|1731115133
|switch|p1a: Salamence|Salamence, F|100/100
|-ability|p1a: Salamence|Intimidate|boost
|-unboost|p2a: The Method|atk|1
|
|upkeep
|turn|32
|
|t:|1731115154
|switch|p2a: AAAATTATAGG|Swampert, M|74/100
|move|p1a: Salamence|Rock Slide|p2a: AAAATTATAGG|[miss]
|-miss|p1a: Salamence|p2a: AAAATTATAGG
|
|-heal|p2a: AAAATTATAGG|80/100|[from] item: Leftovers
|upkeep
|turn|33
|
|t:|1731115162
|switch|p1a: Blissey|Blissey, F|88/100
|move|p2a: AAAATTATAGG|Earthquake|p1a: Blissey
|-damage|p1a: Blissey|52/100
|
|-heal|p1a: Blissey|59/100|[from] item: Leftovers
|-heal|p2a: AAAATTATAGG|87/100|[from] item: Leftovers
|upkeep
|turn|34
|
|t:|1731115168
|move|p1a: Blissey|Soft-Boiled|p1a: Blissey
|-heal|p1a: Blissey|100/100
|move|p2a: AAAATTATAGG|Earthquake|p1a: Blissey
|-damage|p1a: Blissey|67/100
|
|-heal|p1a: Blissey|73/100|[from] item: Leftovers
|-heal|p2a: AAAATTATAGG|93/100|[from] item: Leftovers
|upkeep
|turn|35
|
|t:|1731115173
|switch|p2a: Celeb111111|Celebi|71/100
|move|p1a: Blissey|Soft-Boiled|p1a: Blissey
|-heal|p1a: Blissey|100/100
|
|-heal|p2a: Celeb111111|77/100|[from] item: Leftovers
|upkeep
|turn|36
|
|t:|1731115177
|move|p2a: Celeb111111|Leech Seed|p1a: Blissey
|-start|p1a: Blissey|move: Leech Seed
|move|p1a: Blissey|Ice Beam|p2a: Celeb111111
|-supereffective|p2a: Celeb111111
|-damage|p2a: Celeb111111|49/100
|
|-heal|p2a: Celeb111111|55/100|[from] item: Leftovers
|-damage|p1a: Blissey|88/100|[from] Leech Seed|[of] p2a: Celeb111111
|-heal|p2a: Celeb111111|75/100|[silent]
|upkeep
|turn|37
|
|t:|1731115182
|switch|p1a: Salamence|Salamence, F|100/100
|-ability|p1a: Salamence|Intimidate|boost
|-unboost|p2a: Celeb111111|atk|1
|move|p2a: Celeb111111|Baton Pass|p2a: Celeb111111
|
|t:|1731115187
|switch|p2a: Starman|Starmie|90/100|[from] Baton Pass
|
|-heal|p2a: Starman|96/100|[from] item: Leftovers
|upkeep
|turn|38
|
|t:|1731115195
|switch|p2a: The Method|Dugtrio, M|100/100
|switch|p1a: Blissey|Blissey, F|88/100
|
|-heal|p1a: Blissey|94/100|[from] item: Leftovers
|upkeep
|turn|39
|
|t:|1731115203
|move|p2a: The Method|Beat Up|p1a: Blissey
|-damage|p1a: Blissey|85/100
|-damage|p1a: Blissey|71/100
|-damage|p1a: Blissey|60/100
|-damage|p1a: Blissey|49/100
|-damage|p1a: Blissey|33/100
|-damage|p1a: Blissey|25/100
|-hitcount|p1a: Blissey|6
|move|p1a: Blissey|Ice Beam|p2a: The Method
|-supereffective|p2a: The Method
|-damage|p2a: The Method|15/100
|
|-heal|p1a: Blissey|31/100|[from] item: Leftovers
|upkeep
|turn|40
|
|t:|1731115215
|move|p2a: The Method|Beat Up|p1a: Blissey
|-damage|p1a: Blissey|21/100
|-damage|p1a: Blissey|8/100
|-damage|p1a: Blissey|0 fnt
|-hitcount|p1a: Blissey|3
|faint|p1a: Blissey
|inactive|Emerald_Harrold has 270 seconds left.
|
|t:|1731115263
|switch|p1a: Salamence|Salamence, F|100/100
|-ability|p1a: Salamence|Intimidate|boost
|-unboost|p2a: The Method|atk|1
|
|upkeep
|turn|41
|
|t:|1731115267
|switch|p2a: Tyranocif|Tyranitar, M|100/100
|-weather|Sandstorm|[from] ability: Sand Stream|[of] p2a: Tyranocif
|switch|p1a: Metagross|Metagross|100/100
|
|-weather|Sandstorm|[upkeep]
|upkeep
|turn|42
|inactive|Emerald_Harrold has 270 seconds left.
|
|t:|1731115281
|switch|p1a: Salamence|Salamence, F|100/100
|-ability|p1a: Salamence|Intimidate|boost
|-unboost|p2a: Tyranocif|atk|1
|move|p2a: Tyranocif|Earthquake|p1a: Salamence
|-immune|p1a: Salamence
|
|-weather|Sandstorm|[upkeep]
|-damage|p1a: Salamence|94/100|[from] Sandstorm
|upkeep
|turn|43
|inactive|Emerald_Harrold has 270 seconds left.
|
|t:|1731115298
|switch|p1a: Metagross|Metagross|100/100
|switch|p2a: AAAATTATAGG|Swampert, M|93/100
|
|-weather|Sandstorm|[upkeep]
|-heal|p2a: AAAATTATAGG|99/100|[from] item: Leftovers
|upkeep
|turn|44
|
|t:|1731115307
|move|p2a: AAAATTATAGG|Protect|p2a: AAAATTATAGG
|-singleturn|p2a: AAAATTATAGG|Protect
|move|p1a: Metagross|Earthquake|p2a: AAAATTATAGG
|-activate|p2a: AAAATTATAGG|Protect
|
|-weather|Sandstorm|[upkeep]
|-heal|p2a: AAAATTATAGG|100/100|[from] item: Leftovers
|upkeep
|turn|45
|inactive|Emerald_Harrold has 270 seconds left.
|
|t:|1731115317
|switch|p1a: Salamence|Salamence, F|94/100
|-ability|p1a: Salamence|Intimidate|boost
|-unboost|p2a: AAAATTATAGG|atk|1
|switch|p2a: Celeb111111|Celebi|75/100
|
|-weather|Sandstorm|[upkeep]
|-damage|p1a: Salamence|88/100|[from] Sandstorm
|-damage|p2a: Celeb111111|69/100|[from] Sandstorm
|-heal|p2a: Celeb111111|75/100|[from] item: Leftovers
|upkeep
|turn|46
|
|t:|1731115323
|switch|p2a: AAAATTATAGG|Swampert, M|100/100
|move|p1a: Salamence|Hidden Power|p2a: AAAATTATAGG
|-damage|p2a: AAAATTATAGG|58/100
|
|-weather|Sandstorm|[upkeep]
|-damage|p1a: Salamence|82/100|[from] Sandstorm
|-heal|p2a: AAAATTATAGG|64/100|[from] item: Leftovers
|upkeep
|turn|47
|
|t:|1731115335
|move|p2a: AAAATTATAGG|Protect|p2a: AAAATTATAGG
|-singleturn|p2a: AAAATTATAGG|Protect
|move|p1a: Salamence|Hidden Power|p2a: AAAATTATAGG
|-activate|p2a: AAAATTATAGG|Protect
|
|-weather|Sandstorm|[upkeep]
|-damage|p1a: Salamence|76/100|[from] Sandstorm
|-heal|p2a: AAAATTATAGG|70/100|[from] item: Leftovers
|upkeep
|turn|48
|
|t:|1731115349
|switch|p1a: Claydol|Claydol|100/100
|switch|p2a: The Waiter|Zapdos|87/100
|
|-weather|Sandstorm|[upkeep]
|-damage|p2a: The Waiter|81/100|[from] Sandstorm
|-heal|p2a: The Waiter|87/100|[from] item: Leftovers
|upkeep
|turn|49
|
|t:|1731115355
|move|p2a: The Waiter|Hidden Power|p1a: Claydol
|-supereffective|p1a: Claydol
|-damage|p1a: Claydol|55/100
|move|p1a: Claydol|Explosion|p2a: The Waiter
|-damage|p2a: The Waiter|0 fnt
|faint|p1a: Claydol
|faint|p2a: The Waiter
|
|t:|1731115363
|switch|p2a: AAAATTATAGG|Swampert, M|70/100
|switch|p1a: Salamence|Salamence, F|76/100
|-ability|p1a: Salamence|Intimidate|boost
|-unboost|p2a: AAAATTATAGG|atk|1
|
|-weather|Sandstorm|[upkeep]
|-damage|p1a: Salamence|70/100|[from] Sandstorm
|-heal|p2a: AAAATTATAGG|76/100|[from] item: Leftovers
|upkeep
|turn|50
|
|t:|1731115373
|switch|p1a: Metagross|Metagross|100/100
|move|p2a: AAAATTATAGG|Protect||[still]
|-fail|p2a: AAAATTATAGG
|
|-weather|Sandstorm|[upkeep]
|-heal|p2a: AAAATTATAGG|82/100|[from] item: Leftovers
|upkeep
|turn|51
|
|t:|1731115384
|switch|p1a: Salamence|Salamence, F|70/100
|-ability|p1a: Salamence|Intimidate|boost
|-unboost|p2a: AAAATTATAGG|atk|1
|move|p2a: AAAATTATAGG|Earthquake|p1a: Salamence
|-immune|p1a: Salamence
|
|-weather|Sandstorm|[upkeep]
|-damage|p1a: Salamence|64/100|[from] Sandstorm
|-heal|p2a: AAAATTATAGG|89/100|[from] item: Leftovers
|upkeep
|turn|52
|
|t:|1731115394
|move|p2a: AAAATTATAGG|Protect|p2a: AAAATTATAGG
|-singleturn|p2a: AAAATTATAGG|Protect
|move|p1a: Salamence|Hidden Power|p2a: AAAATTATAGG
|-activate|p2a: AAAATTATAGG|Protect
|
|-weather|Sandstorm|[upkeep]
|-damage|p1a: Salamence|58/100|[from] Sandstorm
|-heal|p2a: AAAATTATAGG|95/100|[from] item: Leftovers
|upkeep
|turn|53
|
|t:|1731115397
|switch|p1a: Metagross|Metagross|100/100
|switch|p2a: Tyranocif|Tyranitar, M|100/100
|
|-weather|Sandstorm|[upkeep]
|upkeep
|turn|54
|
|t:|1731115401
|move|p1a: Metagross|Meteor Mash|p2a: Tyranocif
|-supereffective|p2a: Tyranocif
|-damage|p2a: Tyranocif|0 fnt
|faint|p2a: Tyranocif
|
|t:|1731115409
|switch|p2a: The Method|Dugtrio, M|15/100
|
|-weather|Sandstorm|[upkeep]
|upkeep
|turn|55
|
|t:|1731115412
|move|p2a: The Method|Earthquake|p1a: Metagross
|-supereffective|p1a: Metagross
|-damage|p1a: Metagross|24/100
|move|p1a: Metagross|Meteor Mash|p2a: The Method
|-damage|p2a: The Method|0 fnt
|faint|p2a: The Method
|
|t:|1731115428
|switch|p2a: Starman|Starmie|96/100
|
|-weather|Sandstorm|[upkeep]
|-damage|p2a: Starman|90/100|[from] Sandstorm
|-heal|p2a: Starman|96/100|[from] item: Leftovers
|upkeep
|turn|56
|
|t:|1731115431
|move|p2a: Starman|Thunderbolt|p1a: Metagross
|-damage|p1a: Metagross|0 fnt
|faint|p1a: Metagross
|
|t:|1731115434
|switch|p1a: Salamence|Salamence, F|58/100
|-ability|p1a: Salamence|Intimidate|boost
|-unboost|p2a: Starman|atk|1
|
|-weather|Sandstorm|[upkeep]
|-damage|p2a: Starman|90/100|[from] Sandstorm
|-damage|p1a: Salamence|52/100|[from] Sandstorm
|-heal|p2a: Starman|96/100|[from] item: Leftovers
|upkeep
|turn|57
|
|t:|1731115436
|move|p2a: Starman|Ice Beam|p1a: Salamence
|-supereffective|p1a: Salamence
|-damage|p1a: Salamence|0 fnt
|faint|p1a: Salamence
|
|win|tamafuyu
|c|☆Emerald_Harrold|gg
|c|☆tamafuyu|gg
|player|p1|
|player|p2|
|player|p1|Emerald_Harrold|brandon-gen3|

</script>
<script type="application/json" class="data" id="replaydata-smogtours-gen3ou-805345">
{"id":"smogtours-gen3ou-805345","format":"[Gen 3] OU","players":["Emerald_Harrold","tamafuyu"],"uploadtime":1731115436,"views":23,"formatid":"gen3ou","rating":null,"private":0,"password":null}
</script>

<script defer src="js/replays.js?9d40a366"></script>
