<!DOCTYPE html>
<meta charset="utf-8" />
<meta name="viewport" content="width=device-width" />

<title>[Gen 3] OU: Churielix vs. tsukinomiko - Replays - Pok&eacute;mon Showdown!</title>

<meta name="description" content="Watch a replay of a Pok&eacute;mon battle between Churielix and tsukinomiko! Format: [Gen 3] OU; Date: Oct 6, 2024" />
<!--

Hey, you! Looking in the source for the replay log?

You can find them in JSON format, just add `.json` at the end of a replay URL.

https://replay.pokemonshowdown.com/gen7randomdoublesbattle-865046831.json

Or, if you only need the log itself, add `.log` instead:

https://replay.pokemonshowdown.com/gen7randomdoublesbattle-865046831.log

-->

<link rel="stylesheet" href="//pokemonshowdown.com/style/global.css?0.767286132409787" />
<link rel="stylesheet" href="//play.pokemonshowdown.com/style/font-awesome.css?0.9266228007934947" />
<link rel="stylesheet" href="//play.pokemonshowdown.com/style/battle.css?0.7924700842790926" />
<link rel="stylesheet" href="//play.pokemonshowdown.com/style/utilichart.css?0.8777417872839479" />

<!-- Global site tag (gtag.js) - Google Analytics -->
<script async src="https://www.googletagmanager.com/gtag/js?id=UA-26211653-1"></script>
<script>
  window.dataLayer = window.dataLayer || [];
  function gtag(){dataLayer.push(arguments);}
  gtag('js', new Date());

  gtag('config', 'UA-26211653-1');
</script>
<!-- End Google Analytics -->
<!-- Venatus Ad Manager - Install in <HEAD> of page -->
	<script src="https://hb.vntsm.com/v3/live/ad-manager.min.js" type="text/javascript" data-site-id="642aba63ec9a7b11c3c9c1be" data-mode="scan" async></script>
<!-- / Venatus Ad Manager -->

<style>
	@media (max-width:820px) {
		.battle {
			margin: 0 auto;
		}
		.battle-log {
			margin: 7px auto 0;
			max-width: 640px;
			height: 300px;
			position: static;
		}
	}
	.optgroup {
		display: inline-block;
		line-height: 22px;
		font-size: 10pt;
	}
	.optgroup .button {
		height: 25px;
		padding-top: 0;
		padding-bottom: 0;
	}
	.optgroup button.button {
		padding-left: 12px;
		padding-right: 12px;
	}
	.linklist {
		list-style: none;
		margin: 0.5em 0;
		padding: 0;
	}
	.linklist li {
		padding: 2px 0;
	}
	.sidebar {
		float: left;
		width: 320px;
	}
	.bar-wrapper {
		max-width: 1100px;
		margin: 0 auto;
	}
	.bar-wrapper.has-sidebar {
		max-width: 1430px;
	}
	.mainbar {
		margin: 0;
		padding-right: 1px;
	}
	.mainbar.has-sidebar {
		margin-left: 330px;
	}
	@media (min-width: 1511px) {
		.sidebar {
			width: 400px;
		}
		.bar-wrapper.has-sidebar {
			max-width: 1510px;
		}
		.mainbar.has-sidebar {
			margin-left: 410px;
		}
	}
	.section.first-section {
		margin-top: 9px;
	}
	.blocklink small {
		white-space: normal;
	}
	.button {
		vertical-align: middle;
	}
	.replay-controls {
		padding-top: 10px;
	}
	.replay-controls h1 {
		font-size: 16pt;
		font-weight: normal;
		color: #CCC;
	}
	.pagelink {
		text-align: center;
	}
	.pagelink a {
		width: 150px;
	}
	.textbox, .button {
		font-size: 11pt;
		vertical-align: middle;
	}
	@media (max-width: 450px) {
		.button {
			font-size: 9pt;
		}
	}
</style>

<div>

	<header>
		<div class="nav-wrapper"><ul class="nav">
			<li><a class="button nav-first" href="//pokemonshowdown.com/"><img src="//pokemonshowdown.com/images/pokemonshowdownbeta.png" srcset="//pokemonshowdown.com/images/pokemonshowdownbeta.png 1x, //pokemonshowdown.com/images/pokemonshowdownbeta@2x.png 2x" alt="Pok&eacute;mon Showdown" width="146" height="44" /> Home</a></li>
			<li><a class="button" href="//pokemonshowdown.com/dex/">Pok&eacute;dex</a></li>
			<li><a class="button cur" href="/">Replays</a></li>
			<li><a class="button" href="//pokemonshowdown.com/ladder/">Ladder</a></li>
			<li><a class="button nav-last" href="//pokemonshowdown.com/forums/">Forum</a></li>
			<li><a class="button greenbutton nav-first nav-last" href="//play.pokemonshowdown.com/">Play</a></li>
		</ul></div>
	</header>

	<div class="main" id="main">

		<noscript><section class="section">You need to enable JavaScript to use this page; sorry!</section></noscript>

	</div>

</div>

<script defer nomodule src="//play.pokemonshowdown.com/js/lib/ps-polyfill.js"></script>
<script defer src="//play.pokemonshowdown.com/js/lib/preact.min.js"></script>

<script defer src="//play.pokemonshowdown.com/config/config.js?6dec07f6"></script>
<script defer src="//play.pokemonshowdown.com/js/lib/jquery-1.11.0.min.js"></script>
<script defer src="//play.pokemonshowdown.com/js/lib/html-sanitizer-minified.js"></script>
<script defer src="//play.pokemonshowdown.com/js/battle-sound.js"></script>
<script defer src="//play.pokemonshowdown.com/js/battledata.js?0.6315294753075389"></script>
<script defer src="//play.pokemonshowdown.com/data/pokedex-mini.js?0.7603743185311358"></script>
<script defer src="//play.pokemonshowdown.com/data/pokedex-mini-bw.js?0.030888842834281283"></script>
<script defer src="//play.pokemonshowdown.com/data/graphics.js?0.05593094747507488"></script>
<script defer src="//play.pokemonshowdown.com/data/pokedex.js?0.47064822249611904"></script>
<script defer src="//play.pokemonshowdown.com/data/moves.js?0.8583693120512459"></script>
<script defer src="//play.pokemonshowdown.com/data/abilities.js?0.16017181182386842"></script>
<script defer src="//play.pokemonshowdown.com/data/items.js?0.4163379185673943"></script>
<script defer src="//play.pokemonshowdown.com/data/teambuilder-tables.js?0.31075597372830477"></script>
<script defer src="//play.pokemonshowdown.com/js/battle-tooltips.js?0.6536193500708172"></script>
<script defer src="//play.pokemonshowdown.com/js/battle.js?0.1916591943277901"></script>

<script defer src="js/utils.js?e31f9a17"></script>
<script defer src="js/replays-battle.js?7008c182"></script>

<!-- don't scrape this data! just add .json or .log after the URL!
Full API docs: https://github.com/smogon/pokemon-showdown-client/blob/master/WEB-API.md -->
<script type="text/plain" class="log" id="replaylog-smogtours-gen3ou-795398">
|inactive|Battle timer is ON: inactive players will automatically lose when time's up.
|t:|1728177426
|gametype|singles
|player|p1|Churielix|lucas|
|player|p2|tsukinomiko|bellelba|
|teamsize|p1|6
|teamsize|p2|6
|gen|3
|tier|[Gen 3] OU
|rule|Sleep Clause Mod: Limit one foe put to sleep
|rule|Switch Priority Clause Mod: Faster Pokémon switch first
|rule|Species Clause: Limit one of each Pokémon
|rule|OHKO Clause: OHKO moves are banned
|rule|Evasion Items Clause: Evasion items are banned
|rule|Evasion Moves Clause: Evasion moves are banned
|rule|Endless Battle Clause: Forcing endless battles is banned
|rule|HP Percentage Mod: HP is shown in percentages
|rule|One Boost Passer Clause: Limit one Baton Passer that has a way to boost its stats
|rule|Freeze Clause Mod: Limit one foe frozen
|
|t:|1728177426
|start
|switch|p1a: Salamence|Salamence, F|100/100
|switch|p2a: Despotar|Tyranitar, F|100/100
|-ability|p1a: Salamence|Intimidate|boost
|-unboost|p2a: Despotar|atk|1
|-weather|Sandstorm|[from] ability: Sand Stream|[of] p2a: Despotar
|turn|1
|inactive|tsukinomiko has 270 seconds left.
|inactive|tsukinomiko has 240 seconds left.
|
|t:|1728177490
|switch|p2a: Les chambres rouge|Charizard, F|100/100
|move|p1a: Salamence|Brick Break|p2a: Les chambres rouge
|-resisted|p2a: Les chambres rouge
|-damage|p2a: Les chambres rouge|83/100
|
|-weather|Sandstorm|[upkeep]
|-damage|p2a: Les chambres rouge|77/100|[from] Sandstorm
|-damage|p1a: Salamence|94/100|[from] Sandstorm
|-heal|p2a: Les chambres rouge|83/100|[from] item: Leftovers
|-heal|p1a: Salamence|100/100|[from] item: Leftovers
|upkeep
|turn|2
|
|t:|1728177501
|move|p2a: Les chambres rouge|Substitute|p2a: Les chambres rouge
|-start|p2a: Les chambres rouge|Substitute
|-damage|p2a: Les chambres rouge|58/100
|move|p1a: Salamence|Hydro Pump|p2a: Les chambres rouge
|-supereffective|p2a: Les chambres rouge
|-end|p2a: Les chambres rouge|Substitute
|
|-weather|Sandstorm|[upkeep]
|-damage|p2a: Les chambres rouge|52/100|[from] Sandstorm
|-damage|p1a: Salamence|94/100|[from] Sandstorm
|-heal|p2a: Les chambres rouge|58/100|[from] item: Leftovers
|-heal|p1a: Salamence|100/100|[from] item: Leftovers
|upkeep
|turn|3
|
|t:|1728177516
|switch|p2a: L'Etranger|Starmie|100/100
|move|p1a: Salamence|Dragon Claw|p2a: L'Etranger
|-damage|p2a: L'Etranger|44/100
|
|-weather|Sandstorm|[upkeep]
|-damage|p2a: L'Etranger|38/100|[from] Sandstorm
|-damage|p1a: Salamence|94/100|[from] Sandstorm
|-heal|p2a: L'Etranger|44/100|[from] item: Leftovers
|-heal|p1a: Salamence|100/100|[from] item: Leftovers
|upkeep
|turn|4
|
|t:|1728177535
|switch|p1a: Swampert|Swampert, M|100/100
|move|p2a: L'Etranger|Ice Beam|p1a: Swampert
|-damage|p1a: Swampert|73/100
|
|-weather|Sandstorm|[upkeep]
|-damage|p2a: L'Etranger|38/100|[from] Sandstorm
|-heal|p2a: L'Etranger|44/100|[from] item: Leftovers
|-heal|p1a: Swampert|79/100|[from] item: Leftovers
|upkeep
|turn|5
|
|t:|1728177545
|switch|p2a: Oishi|Snorlax, F, shiny|100/100
|move|p1a: Swampert|Hydro Pump|p2a: Oishi|[miss]
|-miss|p1a: Swampert|p2a: Oishi
|
|-weather|Sandstorm|[upkeep]
|-damage|p2a: Oishi|94/100|[from] Sandstorm
|-heal|p1a: Swampert|86/100|[from] item: Leftovers
|-heal|p2a: Oishi|100/100|[from] item: Leftovers
|upkeep
|turn|6
|
|t:|1728177550
|switch|p1a: Skarmory|Skarmory, F|100/100
|move|p2a: Oishi|Body Slam|p1a: Skarmory
|-resisted|p1a: Skarmory
|-damage|p1a: Skarmory|84/100
|
|-weather|Sandstorm|[upkeep]
|-damage|p2a: Oishi|94/100|[from] Sandstorm
|-heal|p1a: Skarmory|90/100|[from] item: Leftovers
|-heal|p2a: Oishi|100/100|[from] item: Leftovers
|upkeep
|turn|7
|
|t:|1728177557
|switch|p2a: Les chambres rouge|Charizard, F|58/100
|move|p1a: Skarmory|Toxic|p2a: Les chambres rouge
|-status|p2a: Les chambres rouge|tox
|
|-weather|Sandstorm|[upkeep]
|-damage|p2a: Les chambres rouge|52/100 tox|[from] Sandstorm
|-heal|p2a: Les chambres rouge|58/100 tox|[from] item: Leftovers
|-damage|p2a: Les chambres rouge|52/100 tox|[from] psn
|-heal|p1a: Skarmory|96/100|[from] item: Leftovers
|upkeep
|turn|8
|
|t:|1728177562
|switch|p1a: Salamence|Salamence, F|100/100
|-ability|p1a: Salamence|Intimidate|boost
|-unboost|p2a: Les chambres rouge|atk|1
|move|p2a: Les chambres rouge|Fire Blast|p1a: Salamence
|-resisted|p1a: Salamence
|-damage|p1a: Salamence|67/100
|
|-weather|Sandstorm|[upkeep]
|-damage|p2a: Les chambres rouge|46/100 tox|[from] Sandstorm
|-damage|p1a: Salamence|61/100|[from] Sandstorm
|-heal|p2a: Les chambres rouge|52/100 tox|[from] item: Leftovers
|-damage|p2a: Les chambres rouge|40/100 tox|[from] psn
|-heal|p1a: Salamence|67/100|[from] item: Leftovers
|upkeep
|turn|9
|
|t:|1728177569
|switch|p2a: Oishi|Snorlax, F, shiny|100/100
|move|p1a: Salamence|Dragon Claw|p2a: Oishi
|-damage|p2a: Oishi|77/100
|
|-weather|Sandstorm|[upkeep]
|-damage|p1a: Salamence|61/100|[from] Sandstorm
|-damage|p2a: Oishi|70/100|[from] Sandstorm
|-heal|p1a: Salamence|67/100|[from] item: Leftovers
|-heal|p2a: Oishi|77/100|[from] item: Leftovers
|upkeep
|turn|10
|
|t:|1728177575
|-singleturn|p2a: Oishi|move: Focus Punch
|switch|p1a: Skarmory|Skarmory, F|96/100
|move|p2a: Oishi|Focus Punch|p1a: Skarmory
|-damage|p1a: Skarmory|62/100
|
|-weather|Sandstorm|[upkeep]
|-damage|p2a: Oishi|70/100|[from] Sandstorm
|-heal|p1a: Skarmory|68/100|[from] item: Leftovers
|-heal|p2a: Oishi|77/100|[from] item: Leftovers
|upkeep
|turn|11
|
|t:|1728177579
|-singleturn|p2a: Oishi|move: Focus Punch
|move|p1a: Skarmory|Drill Peck|p2a: Oishi
|-damage|p2a: Oishi|55/100
|move|p2a: Oishi|Focus Punch||[still]
|cant|p2a: Oishi|Focus Punch|Focus Punch
|
|-weather|Sandstorm|[upkeep]
|-damage|p2a: Oishi|49/100|[from] Sandstorm
|-heal|p1a: Skarmory|74/100|[from] item: Leftovers
|-heal|p2a: Oishi|55/100|[from] item: Leftovers
|upkeep
|turn|12
|
|t:|1728177587
|-singleturn|p2a: Oishi|move: Focus Punch
|move|p1a: Skarmory|Spikes|p2a: Oishi
|-sidestart|p2: tsukinomiko|Spikes
|move|p2a: Oishi|Focus Punch|p1a: Skarmory
|-damage|p1a: Skarmory|37/100
|
|-weather|Sandstorm|[upkeep]
|-damage|p2a: Oishi|49/100|[from] Sandstorm
|-heal|p1a: Skarmory|43/100|[from] item: Leftovers
|-heal|p2a: Oishi|55/100|[from] item: Leftovers
|upkeep
|turn|13
|
|t:|1728177593
|move|p1a: Skarmory|Drill Peck|p2a: Oishi
|-damage|p2a: Oishi|34/100
|move|p2a: Oishi|Self-Destruct|p1a: Skarmory
|-resisted|p1a: Skarmory
|-damage|p1a: Skarmory|0 fnt
|faint|p2a: Oishi
|faint|p1a: Skarmory
|
|t:|1728177620
|switch|p1a: Aerodactyl|Aerodactyl, F|100/100
|switch|p2a: The Panopticon|Claydol|100/100
|
|-weather|Sandstorm|[upkeep]
|upkeep
|turn|14
|
|t:|1728177625
|move|p1a: Aerodactyl|Hidden Power|p2a: The Panopticon
|-supereffective|p2a: The Panopticon
|-damage|p2a: The Panopticon|41/100
|move|p2a: The Panopticon|Rapid Spin|p1a: Aerodactyl
|-resisted|p1a: Aerodactyl
|-damage|p1a: Aerodactyl|98/100
|-sideend|p2: tsukinomiko|Spikes|[from] move: Rapid Spin|[of] p2a: The Panopticon
|
|-weather|Sandstorm|[upkeep]
|-heal|p2a: The Panopticon|47/100|[from] item: Leftovers
|upkeep
|turn|15
|
|t:|1728177632
|switch|p1a: Salamence|Salamence, F|67/100
|-ability|p1a: Salamence|Intimidate|boost
|-unboost|p2a: The Panopticon|atk|1
|switch|p2a: RX-0 Unicorn|Metagross, shiny|100/100
|
|-weather|Sandstorm|[upkeep]
|-damage|p1a: Salamence|61/100|[from] Sandstorm
|-heal|p1a: Salamence|67/100|[from] item: Leftovers
|upkeep
|turn|16
|inactive|tsukinomiko has 270 seconds left.
|inactive|tsukinomiko has 240 seconds left.
|inactive|tsukinomiko has 210 seconds left.
|
|t:|1728177718
|move|p1a: Salamence|Fire Blast|p2a: RX-0 Unicorn|[miss]
|-miss|p1a: Salamence|p2a: RX-0 Unicorn
|move|p2a: RX-0 Unicorn|Agility|p2a: RX-0 Unicorn
|-boost|p2a: RX-0 Unicorn|spe|2
|
|-weather|Sandstorm|[upkeep]
|-damage|p1a: Salamence|61/100|[from] Sandstorm
|-heal|p1a: Salamence|67/100|[from] item: Leftovers
|upkeep
|turn|17
|
|t:|1728177726
|switch|p1a: Swampert|Swampert, M|86/100
|move|p2a: RX-0 Unicorn|Rock Slide|p1a: Swampert
|-resisted|p1a: Swampert
|-damage|p1a: Swampert|73/100
|
|-weather|Sandstorm|[upkeep]
|-heal|p1a: Swampert|79/100|[from] item: Leftovers
|upkeep
|turn|18
|
|t:|1728177732
|switch|p2a: The Panopticon|Claydol|47/100
|move|p1a: Swampert|Earthquake|p2a: The Panopticon
|-immune|p2a: The Panopticon
|
|-weather|Sandstorm|[upkeep]
|-heal|p2a: The Panopticon|53/100|[from] item: Leftovers
|-heal|p1a: Swampert|86/100|[from] item: Leftovers
|upkeep
|turn|19
|
|t:|1728177737
|switch|p1a: Salamence|Salamence, F|67/100
|-ability|p1a: Salamence|Intimidate|boost
|-unboost|p2a: The Panopticon|atk|1
|move|p2a: The Panopticon|Explosion|p1a: Salamence
|-crit|p1a: Salamence
|-damage|p1a: Salamence|0 fnt
|faint|p2a: The Panopticon
|faint|p1a: Salamence
|inactive|tsukinomiko has 240 seconds left.
|
|t:|1728177751
|switch|p1a: Aerodactyl|Aerodactyl, F|98/100
|switch|p2a: Despotar|Tyranitar, F|100/100
|
|-weather|Sandstorm|[upkeep]
|upkeep
|turn|20
|inactive|tsukinomiko has 240 seconds left.
|
|t:|1728177761
|switch|p1a: Celebi|Celebi|100/100
|move|p2a: Despotar|Rock Slide|p1a: Celebi
|-damage|p1a: Celebi|63/100
|
|-weather|Sandstorm|[upkeep]
|-damage|p1a: Celebi|57/100|[from] Sandstorm
|-heal|p1a: Celebi|63/100|[from] item: Leftovers
|upkeep
|turn|21
|inactive|tsukinomiko has 240 seconds left.
|inactive|tsukinomiko has 210 seconds left.
|
|t:|1728177817
|switch|p2a: RX-0 Unicorn|Metagross, shiny|100/100
|move|p1a: Celebi|Leech Seed|p2a: RX-0 Unicorn
|-start|p2a: RX-0 Unicorn|move: Leech Seed
|
|-weather|Sandstorm|[upkeep]
|-damage|p1a: Celebi|57/100|[from] Sandstorm
|-heal|p1a: Celebi|63/100|[from] item: Leftovers
|-damage|p2a: RX-0 Unicorn|88/100|[from] Leech Seed|[of] p1a: Celebi
|-heal|p1a: Celebi|75/100|[silent]
|upkeep
|turn|22
|
|t:|1728177833
|switch|p1a: Swampert|Swampert, M|86/100
|move|p2a: RX-0 Unicorn|Meteor Mash|p1a: Swampert|[miss]
|-miss|p2a: RX-0 Unicorn|p1a: Swampert
|
|-weather|Sandstorm|[upkeep]
|-heal|p2a: RX-0 Unicorn|94/100|[from] item: Leftovers
|-damage|p2a: RX-0 Unicorn|82/100|[from] Leech Seed|[of] p1a: Swampert
|-heal|p1a: Swampert|96/100|[silent]
|-heal|p1a: Swampert|100/100|[from] item: Leftovers
|upkeep
|turn|23
|
|t:|1728177839
|switch|p2a: Les chambres rouge|Charizard, F|40/100 tox
|move|p1a: Swampert|Hydro Pump|p2a: Les chambres rouge
|-supereffective|p2a: Les chambres rouge
|-damage|p2a: Les chambres rouge|0 fnt
|faint|p2a: Les chambres rouge
|inactive|tsukinomiko has 180 seconds left.
|
|t:|1728177880
|switch|p2a: L'Etranger|Starmie|44/100
|
|-weather|Sandstorm|[upkeep]
|-damage|p2a: L'Etranger|38/100|[from] Sandstorm
|-heal|p2a: L'Etranger|44/100|[from] item: Leftovers
|upkeep
|turn|24
|
|t:|1728177887
|move|p2a: L'Etranger|Recover|p2a: L'Etranger
|-heal|p2a: L'Etranger|94/100
|move|p1a: Swampert|Earthquake|p2a: L'Etranger
|-damage|p2a: L'Etranger|41/100
|
|-weather|Sandstorm|[upkeep]
|-damage|p2a: L'Etranger|35/100|[from] Sandstorm
|-heal|p2a: L'Etranger|41/100|[from] item: Leftovers
|upkeep
|turn|25
|
|t:|1728177908
|move|p2a: L'Etranger|Hydro Pump|p1a: Swampert|[miss]
|-miss|p2a: L'Etranger|p1a: Swampert
|move|p1a: Swampert|Earthquake|p2a: L'Etranger
|-damage|p2a: L'Etranger|0 fnt
|faint|p2a: L'Etranger
|inactive|tsukinomiko has 150 seconds left.
|inactive|tsukinomiko has 120 seconds left.
|
|t:|1728177962
|switch|p2a: Despotar|Tyranitar, F|100/100
|
|-weather|Sandstorm|[upkeep]
|upkeep
|turn|26
|inactive|Churielix has 270 seconds left.
|
|t:|1728177998
|move|p2a: Despotar|Rock Slide|p1a: Swampert
|-resisted|p1a: Swampert
|-damage|p1a: Swampert|82/100
|move|p1a: Swampert|Earthquake|p2a: Despotar
|-supereffective|p2a: Despotar
|-damage|p2a: Despotar|38/100
|
|-weather|Sandstorm|[upkeep]
|-heal|p2a: Despotar|44/100|[from] item: Leftovers
|-heal|p1a: Swampert|88/100|[from] item: Leftovers
|upkeep
|turn|27
|inactive|Churielix has 270 seconds left.
|
|t:|1728178003
|move|p2a: Despotar|Rock Slide|p1a: Swampert
|-resisted|p1a: Swampert
|-damage|p1a: Swampert|71/100
|move|p1a: Swampert|Earthquake|p2a: Despotar
|-supereffective|p2a: Despotar
|-damage|p2a: Despotar|0 fnt
|faint|p2a: Despotar
|
|t:|1728178013
|switch|p2a: RX-0 Unicorn|Metagross, shiny|82/100
|
|-weather|Sandstorm|[upkeep]
|-heal|p2a: RX-0 Unicorn|88/100|[from] item: Leftovers
|-heal|p1a: Swampert|77/100|[from] item: Leftovers
|upkeep
|turn|28
|
|t:|1728178022
|move|p2a: RX-0 Unicorn|Earthquake|p1a: Swampert
|-damage|p1a: Swampert|44/100
|move|p1a: Swampert|Earthquake|p2a: RX-0 Unicorn
|-supereffective|p2a: RX-0 Unicorn
|-damage|p2a: RX-0 Unicorn|24/100
|
|-weather|Sandstorm|[upkeep]
|-heal|p2a: RX-0 Unicorn|30/100|[from] item: Leftovers
|-heal|p1a: Swampert|50/100|[from] item: Leftovers
|upkeep
|turn|29
|
|t:|1728178027
|move|p2a: RX-0 Unicorn|Earthquake|p1a: Swampert
|-damage|p1a: Swampert|17/100
|move|p1a: Swampert|Earthquake|p2a: RX-0 Unicorn
|-supereffective|p2a: RX-0 Unicorn
|-damage|p2a: RX-0 Unicorn|0 fnt
|faint|p2a: RX-0 Unicorn
|
|win|Churielix
|c|☆tsukinomiko|ggs
|c|☆Churielix|ggs
|player|p2|
|c|☆Churielix|/log Churielix made the replay of this battle unlisted.

</script>
<script type="application/json" class="data" id="replaydata-smogtours-gen3ou-795398">
{"id":"smogtours-gen3ou-795398","format":"[Gen 3] OU","players":["Churielix","tsukinomiko"],"uploadtime":1728178027,"views":226,"formatid":"gen3ou","rating":null,"private":1,"password":null}
</script>

<script defer src="js/replays.js?9d40a366"></script>
