<!DOCTYPE html>
<meta charset="utf-8" />
<meta name="viewport" content="width=device-width" />

<title>[Gen 3] OU: RBVengeance vs. xlimexheep - Replays - Pok&eacute;mon Showdown!</title>

<meta name="description" content="Watch a replay of a Pok&eacute;mon battle between RBVengeance and xlimexheep! Format: [Gen 3] OU; Date: Oct 13, 2024" />
<!--

Hey, you! Looking in the source for the replay log?

You can find them in JSON format, just add `.json` at the end of a replay URL.

https://replay.pokemonshowdown.com/gen7randomdoublesbattle-865046831.json

Or, if you only need the log itself, add `.log` instead:

https://replay.pokemonshowdown.com/gen7randomdoublesbattle-865046831.log

-->

<link rel="stylesheet" href="//pokemonshowdown.com/style/global.css?0.023195364461161105" />
<link rel="stylesheet" href="//play.pokemonshowdown.com/style/font-awesome.css?0.13261647063804238" />
<link rel="stylesheet" href="//play.pokemonshowdown.com/style/battle.css?0.8753245789963631" />
<link rel="stylesheet" href="//play.pokemonshowdown.com/style/utilichart.css?0.8627959624976733" />

<!-- Global site tag (gtag.js) - Google Analytics -->
<script async src="https://www.googletagmanager.com/gtag/js?id=UA-26211653-1"></script>
<script>
  window.dataLayer = window.dataLayer || [];
  function gtag(){dataLayer.push(arguments);}
  gtag('js', new Date());

  gtag('config', 'UA-26211653-1');
</script>
<!-- End Google Analytics -->
<!-- Venatus Ad Manager - Install in <HEAD> of page -->
	<script src="https://hb.vntsm.com/v3/live/ad-manager.min.js" type="text/javascript" data-site-id="642aba63ec9a7b11c3c9c1be" data-mode="scan" async></script>
<!-- / Venatus Ad Manager -->

<style>
	@media (max-width:820px) {
		.battle {
			margin: 0 auto;
		}
		.battle-log {
			margin: 7px auto 0;
			max-width: 640px;
			height: 300px;
			position: static;
		}
	}
	.optgroup {
		display: inline-block;
		line-height: 22px;
		font-size: 10pt;
	}
	.optgroup .button {
		height: 25px;
		padding-top: 0;
		padding-bottom: 0;
	}
	.optgroup button.button {
		padding-left: 12px;
		padding-right: 12px;
	}
	.linklist {
		list-style: none;
		margin: 0.5em 0;
		padding: 0;
	}
	.linklist li {
		padding: 2px 0;
	}
	.sidebar {
		float: left;
		width: 320px;
	}
	.bar-wrapper {
		max-width: 1100px;
		margin: 0 auto;
	}
	.bar-wrapper.has-sidebar {
		max-width: 1430px;
	}
	.mainbar {
		margin: 0;
		padding-right: 1px;
	}
	.mainbar.has-sidebar {
		margin-left: 330px;
	}
	@media (min-width: 1511px) {
		.sidebar {
			width: 400px;
		}
		.bar-wrapper.has-sidebar {
			max-width: 1510px;
		}
		.mainbar.has-sidebar {
			margin-left: 410px;
		}
	}
	.section.first-section {
		margin-top: 9px;
	}
	.blocklink small {
		white-space: normal;
	}
	.button {
		vertical-align: middle;
	}
	.replay-controls {
		padding-top: 10px;
	}
	.replay-controls h1 {
		font-size: 16pt;
		font-weight: normal;
		color: #CCC;
	}
	.pagelink {
		text-align: center;
	}
	.pagelink a {
		width: 150px;
	}
	.textbox, .button {
		font-size: 11pt;
		vertical-align: middle;
	}
	@media (max-width: 450px) {
		.button {
			font-size: 9pt;
		}
	}
</style>

<div>

	<header>
		<div class="nav-wrapper"><ul class="nav">
			<li><a class="button nav-first" href="//pokemonshowdown.com/"><img src="//pokemonshowdown.com/images/pokemonshowdownbeta.png" srcset="//pokemonshowdown.com/images/pokemonshowdownbeta.png 1x, //pokemonshowdown.com/images/pokemonshowdownbeta@2x.png 2x" alt="Pok&eacute;mon Showdown" width="146" height="44" /> Home</a></li>
			<li><a class="button" href="//pokemonshowdown.com/dex/">Pok&eacute;dex</a></li>
			<li><a class="button cur" href="/">Replays</a></li>
			<li><a class="button" href="//pokemonshowdown.com/ladder/">Ladder</a></li>
			<li><a class="button nav-last" href="//pokemonshowdown.com/forums/">Forum</a></li>
			<li><a class="button greenbutton nav-first nav-last" href="//play.pokemonshowdown.com/">Play</a></li>
		</ul></div>
	</header>

	<div class="main" id="main">

		<noscript><section class="section">You need to enable JavaScript to use this page; sorry!</section></noscript>

	</div>

</div>

<script defer nomodule src="//play.pokemonshowdown.com/js/lib/ps-polyfill.js"></script>
<script defer src="//play.pokemonshowdown.com/js/lib/preact.min.js"></script>

<script defer src="//play.pokemonshowdown.com/config/config.js?2bddbc15"></script>
<script defer src="//play.pokemonshowdown.com/js/lib/jquery-1.11.0.min.js"></script>
<script defer src="//play.pokemonshowdown.com/js/lib/html-sanitizer-minified.js"></script>
<script defer src="//play.pokemonshowdown.com/js/battle-sound.js"></script>
<script defer src="//play.pokemonshowdown.com/js/battledata.js?0.7209276989879541"></script>
<script defer src="//play.pokemonshowdown.com/data/pokedex-mini.js?0.6111056340867951"></script>
<script defer src="//play.pokemonshowdown.com/data/pokedex-mini-bw.js?0.3532142036491459"></script>
<script defer src="//play.pokemonshowdown.com/data/graphics.js?0.24223875632456182"></script>
<script defer src="//play.pokemonshowdown.com/data/pokedex.js?0.38839984266356864"></script>
<script defer src="//play.pokemonshowdown.com/data/moves.js?0.21866028504024015"></script>
<script defer src="//play.pokemonshowdown.com/data/abilities.js?0.2005157953846628"></script>
<script defer src="//play.pokemonshowdown.com/data/items.js?0.9894211263848525"></script>
<script defer src="//play.pokemonshowdown.com/data/teambuilder-tables.js?0.6008791140282215"></script>
<script defer src="//play.pokemonshowdown.com/js/battle-tooltips.js?0.7580118955022959"></script>
<script defer src="//play.pokemonshowdown.com/js/battle.js?0.6057722274234274"></script>

<script defer src="js/utils.js?e31f9a17"></script>
<script defer src="js/replays-battle.js?7008c182"></script>

<!-- don't scrape this data! just add .json or .log after the URL!
Full API docs: https://github.com/smogon/pokemon-showdown-client/blob/master/WEB-API.md -->
<script type="text/plain" class="log" id="replaylog-smogtours-gen3ou-797890">
|inactive|Battle timer is ON: inactive players will automatically lose when time's up.
|t:|1728778866
|gametype|singles
|player|p1|RBVengeance|leaf-masters2|
|player|p2|xlimexheep|schoolkidf|
|teamsize|p1|6
|teamsize|p2|6
|gen|3
|tier|[Gen 3] OU
|rule|Sleep Clause Mod: Limit one foe put to sleep
|rule|Switch Priority Clause Mod: Faster Pokémon switch first
|rule|Species Clause: Limit one of each Pokémon
|rule|OHKO Clause: OHKO moves are banned
|rule|Evasion Items Clause: Evasion items are banned
|rule|Evasion Moves Clause: Evasion moves are banned
|rule|Endless Battle Clause: Forcing endless battles is banned
|rule|HP Percentage Mod: HP is shown in percentages
|rule|One Boost Passer Clause: Limit one Baton Passer that has a way to boost its stats
|rule|Freeze Clause Mod: Limit one foe frozen
|
|t:|1728778866
|start
|switch|p1a: Borealis|Suicune|100/100
|switch|p2a: tryra|Tyranitar, F|100/100
|-weather|Sandstorm|[from] ability: Sand Stream|[of] p2a: tryra
|turn|1
|c|☆RBVengeance|hf
|
|t:|1728778891
|switch|p2a: lappy|Lapras, F, shiny|100/100
|move|p1a: Borealis|Surf|p2a: lappy
|-immune|p2a: lappy|[from] ability: Water Absorb
|
|-weather|Sandstorm|[upkeep]
|-damage|p1a: Borealis|94/100|[from] Sandstorm
|-damage|p2a: lappy|94/100|[from] Sandstorm
|-heal|p1a: Borealis|100/100|[from] item: Leftovers
|-heal|p2a: lappy|100/100|[from] item: Leftovers
|upkeep
|turn|2
|
|t:|1728778911
|switch|p1a: MAAAAAAA|Magneton|100/100
|move|p2a: lappy|Thunderbolt|p1a: MAAAAAAA
|-resisted|p1a: MAAAAAAA
|-damage|p1a: MAAAAAAA|75/100
|
|-weather|Sandstorm|[upkeep]
|-damage|p2a: lappy|94/100|[from] Sandstorm
|-heal|p2a: lappy|100/100|[from] item: Leftovers
|upkeep
|turn|3
|
|t:|1728778919
|switch|p2a: literal doll|Claydol|100/100
|move|p1a: MAAAAAAA|Thunder Wave|p2a: literal doll
|-immune|p2a: literal doll
|
|-weather|Sandstorm|[upkeep]
|upkeep
|turn|4
|inactive|RBVengeance has 270 seconds left.
|
|t:|1728778968
|switch|p1a: Slamamence|Salamence, M|100/100
|-ability|p1a: Slamamence|Intimidate|boost
|-unboost|p2a: literal doll|atk|1
|move|p2a: literal doll|Rock Slide|p1a: Slamamence
|-supereffective|p1a: Slamamence
|-damage|p1a: Slamamence|71/100
|
|-weather|Sandstorm|[upkeep]
|-damage|p1a: Slamamence|65/100|[from] Sandstorm
|-heal|p1a: Slamamence|71/100|[from] item: Leftovers
|upkeep
|turn|5
|
|t:|1728778991
|move|p1a: Slamamence|Hidden Power|p2a: literal doll
|-supereffective|p2a: literal doll
|-damage|p2a: literal doll|56/100
|move|p2a: literal doll|Explosion|p1a: Slamamence
|-damage|p1a: Slamamence|0 fnt
|faint|p2a: literal doll
|faint|p1a: Slamamence
|
|t:|1728779004
|switch|p1a: ur mom|Snorlax, F|100/100
|switch|p2a: flamin dyke|Charizard, F|100/100
|
|-weather|Sandstorm|[upkeep]
|-damage|p2a: flamin dyke|94/100|[from] Sandstorm
|-damage|p1a: ur mom|94/100|[from] Sandstorm
|-heal|p2a: flamin dyke|100/100|[from] item: Leftovers
|-heal|p1a: ur mom|100/100|[from] item: Leftovers
|upkeep
|turn|6
|
|t:|1728779012
|move|p2a: flamin dyke|Substitute|p2a: flamin dyke
|-start|p2a: flamin dyke|Substitute
|-damage|p2a: flamin dyke|76/100
|move|p1a: ur mom|Body Slam|p2a: flamin dyke
|-end|p2a: flamin dyke|Substitute
|
|-weather|Sandstorm|[upkeep]
|-damage|p2a: flamin dyke|70/100|[from] Sandstorm
|-damage|p1a: ur mom|94/100|[from] Sandstorm
|-heal|p2a: flamin dyke|76/100|[from] item: Leftovers
|-heal|p1a: ur mom|100/100|[from] item: Leftovers
|upkeep
|turn|7
|
|t:|1728779021
|switch|p2a: yucker|Metagross|100/100
|move|p1a: ur mom|Body Slam|p2a: yucker
|-resisted|p2a: yucker
|-damage|p2a: yucker|83/100
|
|-weather|Sandstorm|[upkeep]
|-damage|p1a: ur mom|94/100|[from] Sandstorm
|-heal|p2a: yucker|89/100|[from] item: Leftovers
|-heal|p1a: ur mom|100/100|[from] item: Leftovers
|upkeep
|turn|8
|
|t:|1728779034
|switch|p1a: MAAAAAAA|Magneton|75/100
|move|p2a: yucker|Agility|p2a: yucker
|-boost|p2a: yucker|spe|2
|
|-weather|Sandstorm|[upkeep]
|-heal|p2a: yucker|96/100|[from] item: Leftovers
|upkeep
|turn|9
|
|t:|1728779055
|switch|p1a: Borealis|Suicune|100/100
|move|p2a: yucker|Earthquake|p1a: Borealis
|-damage|p1a: Borealis|66/100
|
|-weather|Sandstorm|[upkeep]
|-damage|p1a: Borealis|60/100|[from] Sandstorm
|-heal|p2a: yucker|100/100|[from] item: Leftovers
|-heal|p1a: Borealis|66/100|[from] item: Leftovers
|upkeep
|turn|10
|
|t:|1728779064
|switch|p2a: lappy|Lapras, F, shiny|100/100
|move|p1a: Borealis|Surf|p2a: lappy
|-immune|p2a: lappy|[from] ability: Water Absorb
|
|-weather|Sandstorm|[upkeep]
|-damage|p1a: Borealis|60/100|[from] Sandstorm
|-damage|p2a: lappy|94/100|[from] Sandstorm
|-heal|p1a: Borealis|66/100|[from] item: Leftovers
|-heal|p2a: lappy|100/100|[from] item: Leftovers
|upkeep
|turn|11
|
|t:|1728779076
|switch|p1a: Ciniks|Metagross|100/100
|move|p2a: lappy|Perish Song|p2a: lappy
|-start|p1a: Ciniks|perish3|[silent]
|-start|p2a: lappy|perish3|[silent]
|-fieldactivate|move: Perish Song
|
|-weather|Sandstorm|[upkeep]
|-damage|p2a: lappy|94/100|[from] Sandstorm
|-heal|p2a: lappy|100/100|[from] item: Leftovers
|-start|p1a: Ciniks|perish3
|-start|p2a: lappy|perish3
|upkeep
|turn|12
|
|t:|1728779090
|switch|p2a: flamin dyke|Charizard, F|76/100
|move|p1a: Ciniks|Rock Slide|p2a: flamin dyke|[miss]
|-miss|p1a: Ciniks|p2a: flamin dyke
|
|-weather|Sandstorm|[upkeep]
|-damage|p2a: flamin dyke|70/100|[from] Sandstorm
|-heal|p2a: flamin dyke|76/100|[from] item: Leftovers
|-start|p1a: Ciniks|perish2
|upkeep
|turn|13
|
|t:|1728779103
|switch|p1a: Borealis|Suicune|66/100
|move|p2a: flamin dyke|Substitute|p2a: flamin dyke
|-start|p2a: flamin dyke|Substitute
|-damage|p2a: flamin dyke|51/100
|
|-weather|Sandstorm|[upkeep]
|-damage|p2a: flamin dyke|45/100|[from] Sandstorm
|-damage|p1a: Borealis|60/100|[from] Sandstorm
|-heal|p2a: flamin dyke|51/100|[from] item: Leftovers
|-heal|p1a: Borealis|66/100|[from] item: Leftovers
|upkeep
|turn|14
|
|t:|1728779112
|move|p2a: flamin dyke|Hidden Power|p1a: Borealis
|-supereffective|p1a: Borealis
|-damage|p1a: Borealis|25/100
|move|p1a: Borealis|Surf|p2a: flamin dyke
|-supereffective|p2a: flamin dyke
|-end|p2a: flamin dyke|Substitute
|
|-weather|Sandstorm|[upkeep]
|-damage|p2a: flamin dyke|45/100|[from] Sandstorm
|-damage|p1a: Borealis|19/100|[from] Sandstorm
|-heal|p2a: flamin dyke|51/100|[from] item: Leftovers
|-heal|p1a: Borealis|25/100|[from] item: Leftovers
|upkeep
|turn|15
|inactive|RBVengeance has 270 seconds left.
|
|t:|1728779123
|switch|p1a: ur mom|Snorlax, F|100/100
|move|p2a: flamin dyke|Hidden Power|p1a: ur mom
|-damage|p1a: ur mom|85/100
|
|-weather|Sandstorm|[upkeep]
|-damage|p2a: flamin dyke|45/100|[from] Sandstorm
|-damage|p1a: ur mom|79/100|[from] Sandstorm
|-heal|p2a: flamin dyke|51/100|[from] item: Leftovers
|-heal|p1a: ur mom|85/100|[from] item: Leftovers
|upkeep
|turn|16
|inactive|RBVengeance has 270 seconds left.
|
|t:|1728779145
|switch|p2a: snowball|Snorlax, F, shiny|100/100
|move|p1a: ur mom|Body Slam|p2a: snowball
|-damage|p2a: snowball|64/100
|
|-weather|Sandstorm|[upkeep]
|-damage|p1a: ur mom|79/100|[from] Sandstorm
|-damage|p2a: snowball|57/100|[from] Sandstorm
|-heal|p1a: ur mom|85/100|[from] item: Leftovers
|-heal|p2a: snowball|64/100|[from] item: Leftovers
|upkeep
|turn|17
|inactive|RBVengeance has 270 seconds left.
|
|t:|1728779159
|move|p1a: ur mom|Body Slam|p2a: snowball
|-damage|p2a: snowball|28/100
|move|p2a: snowball|Body Slam|p1a: ur mom
|-damage|p1a: ur mom|50/100
|
|-weather|Sandstorm|[upkeep]
|-damage|p1a: ur mom|44/100|[from] Sandstorm
|-damage|p2a: snowball|22/100|[from] Sandstorm
|-heal|p1a: ur mom|50/100|[from] item: Leftovers
|-heal|p2a: snowball|28/100|[from] item: Leftovers
|upkeep
|turn|18
|inactive|RBVengeance has 270 seconds left.
|
|t:|1728779170
|switch|p2a: yucker|Metagross|100/100
|move|p1a: ur mom|Body Slam|p2a: yucker
|-resisted|p2a: yucker
|-damage|p2a: yucker|82/100
|
|-weather|Sandstorm|[upkeep]
|-damage|p1a: ur mom|44/100|[from] Sandstorm
|-heal|p2a: yucker|89/100|[from] item: Leftovers
|-heal|p1a: ur mom|50/100|[from] item: Leftovers
|upkeep
|turn|19
|
|t:|1728779180
|move|p2a: yucker|Agility|p2a: yucker
|-boost|p2a: yucker|spe|2
|move|p1a: ur mom|Earthquake|p2a: yucker
|-supereffective|p2a: yucker
|-damage|p2a: yucker|31/100
|
|-weather|Sandstorm|[upkeep]
|-damage|p1a: ur mom|44/100|[from] Sandstorm
|-heal|p2a: yucker|38/100|[from] item: Leftovers
|-heal|p1a: ur mom|50/100|[from] item: Leftovers
|upkeep
|turn|20
|inactive|RBVengeance has 270 seconds left.
|
|t:|1728779198
|move|p2a: yucker|Meteor Mash|p1a: ur mom
|-damage|p1a: ur mom|0 fnt
|-boost|p2a: yucker|atk|1
|faint|p1a: ur mom
|inactive|RBVengeance has 270 seconds left.
|
|t:|1728779223
|switch|p1a: Ciniks|Metagross|100/100
|
|-weather|Sandstorm|[upkeep]
|-heal|p2a: yucker|44/100|[from] item: Leftovers
|upkeep
|turn|21
|
|t:|1728779229
|move|p2a: yucker|Earthquake|p1a: Ciniks
|-supereffective|p1a: Ciniks
|-crit|p1a: Ciniks
|-damage|p1a: Ciniks|0 fnt
|faint|p1a: Ciniks
|c|☆xlimexheep|mb
|c|☆RBVengeance|Comeuppance for double crit, happens
|
|t:|1728779254
|switch|p1a: Bugzzy|Heracross, M|100/100
|
|-weather|Sandstorm|[upkeep]
|-damage|p1a: Bugzzy|94/100|[from] Sandstorm
|-heal|p2a: yucker|50/100|[from] item: Leftovers
|upkeep
|turn|22
|
|t:|1728779260
|move|p2a: yucker|Meteor Mash|p1a: Bugzzy|[miss]
|-miss|p2a: yucker|p1a: Bugzzy
|move|p1a: Bugzzy|Megahorn|p2a: yucker
|-damage|p2a: yucker|0 fnt
|faint|p2a: yucker
|
|t:|1728779268
|switch|p2a: flamin dyke|Charizard, F|51/100
|
|-weather|Sandstorm|[upkeep]
|-damage|p2a: flamin dyke|45/100|[from] Sandstorm
|-damage|p1a: Bugzzy|88/100|[from] Sandstorm
|-heal|p2a: flamin dyke|51/100|[from] item: Leftovers
|upkeep
|turn|23
|
|t:|1728779277
|move|p2a: flamin dyke|Substitute|p2a: flamin dyke
|-start|p2a: flamin dyke|Substitute
|-damage|p2a: flamin dyke|26/100
|move|p1a: Bugzzy|Rock Slide|p2a: flamin dyke
|-supereffective|p2a: flamin dyke
|-end|p2a: flamin dyke|Substitute
|
|-weather|Sandstorm|[upkeep]
|-damage|p2a: flamin dyke|20/100|[from] Sandstorm
|-damage|p1a: Bugzzy|82/100|[from] Sandstorm
|-heal|p2a: flamin dyke|26/100|[from] item: Leftovers
|upkeep
|turn|24
|
|t:|1728779294
|switch|p1a: Borealis|Suicune|25/100
|move|p2a: flamin dyke|Fire Blast|p1a: Borealis
|-resisted|p1a: Borealis
|-damage|p1a: Borealis|0 fnt
|faint|p1a: Borealis
|
|t:|1728779302
|switch|p1a: Bugzzy|Heracross, M|82/100
|
|-weather|Sandstorm|[upkeep]
|-damage|p2a: flamin dyke|20/100|[from] Sandstorm
|-damage|p1a: Bugzzy|76/100|[from] Sandstorm
|-heal|p2a: flamin dyke|26/100|[from] item: Leftovers
|upkeep
|turn|25
|
|t:|1728779309
|move|p2a: flamin dyke|Fire Blast|p1a: Bugzzy
|-supereffective|p1a: Bugzzy
|-damage|p1a: Bugzzy|0 fnt
|faint|p1a: Bugzzy
|
|t:|1728779314
|switch|p1a: MAAAAAAA|Magneton|75/100
|
|-weather|Sandstorm|[upkeep]
|-damage|p2a: flamin dyke|20/100|[from] Sandstorm
|-heal|p2a: flamin dyke|26/100|[from] item: Leftovers
|upkeep
|turn|26
|inactive|RBVengeance has 270 seconds left.
|
|t:|1728779319
|move|p2a: flamin dyke|Fire Blast|p1a: MAAAAAAA
|-supereffective|p1a: MAAAAAAA
|-damage|p1a: MAAAAAAA|0 fnt
|faint|p1a: MAAAAAAA
|
|win|xlimexheep
|c|☆RBVengeance|gg
|c|☆xlimexheep|ggwp

</script>
<script type="application/json" class="data" id="replaydata-smogtours-gen3ou-797890">
{"id":"smogtours-gen3ou-797890","format":"[Gen 3] OU","players":["RBVengeance","xlimexheep"],"uploadtime":1728779319,"views":89,"formatid":"gen3ou","rating":null,"private":0,"password":null}
</script>

<script defer src="js/replays.js?9d40a366"></script>
