<!DOCTYPE html>
<meta charset="utf-8" />
<meta name="viewport" content="width=device-width" />

<title>[Gen 3] OU: Spreek vs. A Plague Doc - Replays - Pok&eacute;mon Showdown!</title>

<meta name="description" content="Watch a replay of a Pok&eacute;mon battle between Spreek and A Plague Doc! Format: [Gen 3] OU; Date: Oct 28, 2024" />
<!--

Hey, you! Looking in the source for the replay log?

You can find them in JSON format, just add `.json` at the end of a replay URL.

https://replay.pokemonshowdown.com/gen7randomdoublesbattle-865046831.json

Or, if you only need the log itself, add `.log` instead:

https://replay.pokemonshowdown.com/gen7randomdoublesbattle-865046831.log

-->

<link rel="stylesheet" href="//pokemonshowdown.com/style/global.css?0.767286132409787" />
<link rel="stylesheet" href="//play.pokemonshowdown.com/style/font-awesome.css?0.9266228007934947" />
<link rel="stylesheet" href="//play.pokemonshowdown.com/style/battle.css?0.7924700842790926" />
<link rel="stylesheet" href="//play.pokemonshowdown.com/style/utilichart.css?0.8777417872839479" />

<!-- Global site tag (gtag.js) - Google Analytics -->
<script async src="https://www.googletagmanager.com/gtag/js?id=UA-26211653-1"></script>
<script>
  window.dataLayer = window.dataLayer || [];
  function gtag(){dataLayer.push(arguments);}
  gtag('js', new Date());

  gtag('config', 'UA-26211653-1');
</script>
<!-- End Google Analytics -->
<!-- Venatus Ad Manager - Install in <HEAD> of page -->
	<script src="https://hb.vntsm.com/v3/live/ad-manager.min.js" type="text/javascript" data-site-id="642aba63ec9a7b11c3c9c1be" data-mode="scan" async></script>
<!-- / Venatus Ad Manager -->

<style>
	@media (max-width:820px) {
		.battle {
			margin: 0 auto;
		}
		.battle-log {
			margin: 7px auto 0;
			max-width: 640px;
			height: 300px;
			position: static;
		}
	}
	.optgroup {
		display: inline-block;
		line-height: 22px;
		font-size: 10pt;
	}
	.optgroup .button {
		height: 25px;
		padding-top: 0;
		padding-bottom: 0;
	}
	.optgroup button.button {
		padding-left: 12px;
		padding-right: 12px;
	}
	.linklist {
		list-style: none;
		margin: 0.5em 0;
		padding: 0;
	}
	.linklist li {
		padding: 2px 0;
	}
	.sidebar {
		float: left;
		width: 320px;
	}
	.bar-wrapper {
		max-width: 1100px;
		margin: 0 auto;
	}
	.bar-wrapper.has-sidebar {
		max-width: 1430px;
	}
	.mainbar {
		margin: 0;
		padding-right: 1px;
	}
	.mainbar.has-sidebar {
		margin-left: 330px;
	}
	@media (min-width: 1511px) {
		.sidebar {
			width: 400px;
		}
		.bar-wrapper.has-sidebar {
			max-width: 1510px;
		}
		.mainbar.has-sidebar {
			margin-left: 410px;
		}
	}
	.section.first-section {
		margin-top: 9px;
	}
	.blocklink small {
		white-space: normal;
	}
	.button {
		vertical-align: middle;
	}
	.replay-controls {
		padding-top: 10px;
	}
	.replay-controls h1 {
		font-size: 16pt;
		font-weight: normal;
		color: #CCC;
	}
	.pagelink {
		text-align: center;
	}
	.pagelink a {
		width: 150px;
	}
	.textbox, .button {
		font-size: 11pt;
		vertical-align: middle;
	}
	@media (max-width: 450px) {
		.button {
			font-size: 9pt;
		}
	}
</style>

<div>

	<header>
		<div class="nav-wrapper"><ul class="nav">
			<li><a class="button nav-first" href="//pokemonshowdown.com/"><img src="//pokemonshowdown.com/images/pokemonshowdownbeta.png" srcset="//pokemonshowdown.com/images/pokemonshowdownbeta.png 1x, //pokemonshowdown.com/images/pokemonshowdownbeta@2x.png 2x" alt="Pok&eacute;mon Showdown" width="146" height="44" /> Home</a></li>
			<li><a class="button" href="//pokemonshowdown.com/dex/">Pok&eacute;dex</a></li>
			<li><a class="button cur" href="/">Replays</a></li>
			<li><a class="button" href="//pokemonshowdown.com/ladder/">Ladder</a></li>
			<li><a class="button nav-last" href="//pokemonshowdown.com/forums/">Forum</a></li>
			<li><a class="button greenbutton nav-first nav-last" href="//play.pokemonshowdown.com/">Play</a></li>
		</ul></div>
	</header>

	<div class="main" id="main">

		<noscript><section class="section">You need to enable JavaScript to use this page; sorry!</section></noscript>

	</div>

</div>

<script defer nomodule src="//play.pokemonshowdown.com/js/lib/ps-polyfill.js"></script>
<script defer src="//play.pokemonshowdown.com/js/lib/preact.min.js"></script>

<script defer src="//play.pokemonshowdown.com/config/config.js?6dec07f6"></script>
<script defer src="//play.pokemonshowdown.com/js/lib/jquery-1.11.0.min.js"></script>
<script defer src="//play.pokemonshowdown.com/js/lib/html-sanitizer-minified.js"></script>
<script defer src="//play.pokemonshowdown.com/js/battle-sound.js"></script>
<script defer src="//play.pokemonshowdown.com/js/battledata.js?0.6315294753075389"></script>
<script defer src="//play.pokemonshowdown.com/data/pokedex-mini.js?0.7603743185311358"></script>
<script defer src="//play.pokemonshowdown.com/data/pokedex-mini-bw.js?0.030888842834281283"></script>
<script defer src="//play.pokemonshowdown.com/data/graphics.js?0.05593094747507488"></script>
<script defer src="//play.pokemonshowdown.com/data/pokedex.js?0.47064822249611904"></script>
<script defer src="//play.pokemonshowdown.com/data/moves.js?0.8583693120512459"></script>
<script defer src="//play.pokemonshowdown.com/data/abilities.js?0.16017181182386842"></script>
<script defer src="//play.pokemonshowdown.com/data/items.js?0.4163379185673943"></script>
<script defer src="//play.pokemonshowdown.com/data/teambuilder-tables.js?0.31075597372830477"></script>
<script defer src="//play.pokemonshowdown.com/js/battle-tooltips.js?0.6536193500708172"></script>
<script defer src="//play.pokemonshowdown.com/js/battle.js?0.1916591943277901"></script>

<script defer src="js/utils.js?e31f9a17"></script>
<script defer src="js/replays-battle.js?7008c182"></script>

<!-- don't scrape this data! just add .json or .log after the URL!
Full API docs: https://github.com/smogon/pokemon-showdown-client/blob/master/WEB-API.md -->
<script type="text/plain" class="log" id="replaylog-smogtours-gen3ou-803136">
|inactive|Battle timer is ON: inactive players will automatically lose when time's up.
|t:|1730149051
|gametype|singles
|player|p1|Spreek|1|
|player|p2|A Plague Doc|#agplviblackpink|
|teamsize|p1|6
|teamsize|p2|6
|gen|3
|tier|[Gen 3] OU
|rule|Sleep Clause Mod: Limit one foe put to sleep
|rule|Switch Priority Clause Mod: Faster Pokémon switch first
|rule|Species Clause: Limit one of each Pokémon
|rule|OHKO Clause: OHKO moves are banned
|rule|Evasion Items Clause: Evasion items are banned
|rule|Evasion Moves Clause: Evasion moves are banned
|rule|Endless Battle Clause: Forcing endless battles is banned
|rule|HP Percentage Mod: HP is shown in percentages
|rule|One Boost Passer Clause: Limit one Baton Passer that has a way to boost its stats
|rule|Freeze Clause Mod: Limit one foe frozen
|
|t:|1730149051
|start
|switch|p1a: Zapdos|Zapdos|100/100
|switch|p2a: Tyranitar|Tyranitar, F|100/100
|-weather|Sandstorm|[from] ability: Sand Stream|[of] p2a: Tyranitar
|turn|1
|c|☆Spreek|hf
|c|☆A Plague Doc|hf
|
|t:|1730149066
|-singleturn|p2a: Tyranitar|move: Focus Punch
|move|p1a: Zapdos|Baton Pass|p1a: Zapdos
|
|t:|1730149078
|switch|p1a: Swampert|Swampert, M|100/100|[from] Baton Pass
|move|p2a: Tyranitar|Focus Punch|p1a: Swampert
|-damage|p1a: Swampert|63/100
|
|-weather|Sandstorm|[upkeep]
|-heal|p1a: Swampert|69/100|[from] item: Leftovers
|upkeep
|turn|2
|inactive|Spreek has 270 seconds left.
|
|t:|1730149136
|switch|p2a: Skarmory|Skarmory, M|100/100
|move|p1a: Swampert|Surf|p2a: Skarmory
|-damage|p2a: Skarmory|74/100
|
|-weather|Sandstorm|[upkeep]
|-heal|p2a: Skarmory|80/100|[from] item: Leftovers
|-heal|p1a: Swampert|75/100|[from] item: Leftovers
|upkeep
|turn|3
|inactive|Spreek has 240 seconds left.
|inactive|A Plague Doc has 270 seconds left.
|
|t:|1730149160
|switch|p1a: Breloom|Breloom, M|100/100
|move|p2a: Skarmory|Spikes|p1a: Breloom
|-sidestart|p1: Spreek|Spikes
|
|-weather|Sandstorm|[upkeep]
|-damage|p1a: Breloom|94/100|[from] Sandstorm
|-heal|p1a: Breloom|100/100|[from] item: Leftovers
|-heal|p2a: Skarmory|86/100|[from] item: Leftovers
|upkeep
|turn|4
|inactive|A Plague Doc has 270 seconds left.
|inactive|A Plague Doc has 240 seconds left.
|inactive|A Plague Doc has 210 seconds left.
|inactive|A Plague Doc has 180 seconds left.
|
|t:|1730149260
|move|p1a: Breloom|Spore|p2a: Skarmory
|-status|p2a: Skarmory|slp|[from] move: Spore
|cant|p2a: Skarmory|slp
|
|-weather|Sandstorm|[upkeep]
|-damage|p1a: Breloom|94/100|[from] Sandstorm
|-heal|p1a: Breloom|100/100|[from] item: Leftovers
|-heal|p2a: Skarmory|93/100 slp|[from] item: Leftovers
|upkeep
|turn|5
|inactive|A Plague Doc has 180 seconds left.
|inactive|Spreek has 240 seconds left.
|
|t:|1730149288
|-singleturn|p1a: Breloom|move: Focus Punch
|switch|p2a: Starmie|Starmie|100/100
|move|p1a: Breloom|Focus Punch|p2a: Starmie
|-resisted|p2a: Starmie
|-damage|p2a: Starmie|37/100
|
|-weather|Sandstorm|[upkeep]
|-damage|p2a: Starmie|31/100|[from] Sandstorm
|-damage|p1a: Breloom|94/100|[from] Sandstorm
|-heal|p2a: Starmie|37/100|[from] item: Leftovers
|-heal|p1a: Breloom|100/100|[from] item: Leftovers
|upkeep
|turn|6
|inactive|Spreek has 240 seconds left.
|inactive|A Plague Doc has 180 seconds left.
|inactive|Spreek has 210 seconds left.
|
|t:|1730149341
|switch|p1a: Suicune|Suicune|100/100
|-damage|p1a: Suicune|88/100|[from] Spikes
|move|p2a: Starmie|Ice Beam|p1a: Suicune
|-resisted|p1a: Suicune
|-damage|p1a: Suicune|77/100
|-status|p1a: Suicune|frz
|
|-weather|Sandstorm|[upkeep]
|-damage|p2a: Starmie|31/100|[from] Sandstorm
|-damage|p1a: Suicune|71/100 frz|[from] Sandstorm
|-heal|p2a: Starmie|37/100|[from] item: Leftovers
|-heal|p1a: Suicune|77/100 frz|[from] item: Leftovers
|upkeep
|turn|7
|inactive|A Plague Doc has 180 seconds left.
|inactive|Spreek has 180 seconds left.
|
|t:|1730149387
|switch|p1a: Zapdos|Zapdos|100/100
|move|p2a: Starmie|Thunderbolt|p1a: Zapdos
|-damage|p1a: Zapdos|69/100
|
|-weather|Sandstorm|[upkeep]
|-damage|p2a: Starmie|31/100|[from] Sandstorm
|-damage|p1a: Zapdos|63/100|[from] Sandstorm
|-heal|p2a: Starmie|37/100|[from] item: Leftovers
|-heal|p1a: Zapdos|69/100|[from] item: Leftovers
|upkeep
|turn|8
|inactive|A Plague Doc has 180 seconds left.
|
|t:|1730149401
|switch|p2a: Blissey|Blissey, F|100/100
|move|p1a: Zapdos|Thunderbolt|p2a: Blissey
|-damage|p2a: Blissey|78/100
|
|-weather|Sandstorm|[upkeep]
|-damage|p1a: Zapdos|63/100|[from] Sandstorm
|-damage|p2a: Blissey|72/100|[from] Sandstorm
|-heal|p1a: Zapdos|69/100|[from] item: Leftovers
|-heal|p2a: Blissey|78/100|[from] item: Leftovers
|upkeep
|turn|9
|
|t:|1730149414
|move|p1a: Zapdos|Baton Pass|p1a: Zapdos
|
|t:|1730149420
|switch|p1a: Suicune|Suicune|77/100 frz|[from] Baton Pass
|-damage|p1a: Suicune|65/100 frz|[from] Spikes
|move|p2a: Blissey|Ice Beam|p1a: Suicune
|-resisted|p1a: Suicune
|-damage|p1a: Suicune|55/100 frz
|
|-weather|Sandstorm|[upkeep]
|-damage|p1a: Suicune|49/100 frz|[from] Sandstorm
|-damage|p2a: Blissey|72/100|[from] Sandstorm
|-heal|p1a: Suicune|55/100 frz|[from] item: Leftovers
|-heal|p2a: Blissey|78/100|[from] item: Leftovers
|upkeep
|turn|10
|
|t:|1730149436
|cant|p1a: Suicune|frz
|move|p2a: Blissey|Calm Mind|p2a: Blissey
|-boost|p2a: Blissey|spa|1
|-boost|p2a: Blissey|spd|1
|
|-weather|Sandstorm|[upkeep]
|-damage|p1a: Suicune|49/100 frz|[from] Sandstorm
|-damage|p2a: Blissey|72/100|[from] Sandstorm
|-heal|p1a: Suicune|55/100 frz|[from] item: Leftovers
|-heal|p2a: Blissey|78/100|[from] item: Leftovers
|upkeep
|turn|11
|
|t:|1730149442
|move|p2a: Blissey|Thunderbolt|p1a: Suicune
|-supereffective|p1a: Suicune
|-damage|p1a: Suicune|0 fnt
|faint|p1a: Suicune
|
|t:|1730149448
|switch|p1a: Breloom|Breloom, M|100/100
|-damage|p1a: Breloom|88/100|[from] Spikes
|
|-weather|Sandstorm|[upkeep]
|-damage|p1a: Breloom|82/100|[from] Sandstorm
|-damage|p2a: Blissey|72/100|[from] Sandstorm
|-heal|p1a: Breloom|88/100|[from] item: Leftovers
|-heal|p2a: Blissey|78/100|[from] item: Leftovers
|upkeep
|turn|12
|inactive|Spreek has 180 seconds left.
|
|t:|1730149463
|switch|p2a: Salamence|Salamence, F|100/100
|-ability|p2a: Salamence|Intimidate|boost
|-unboost|p1a: Breloom|atk|1
|move|p1a: Breloom|Sky Uppercut|p2a: Salamence
|-resisted|p2a: Salamence
|-damage|p2a: Salamence|80/100
|
|-weather|Sandstorm|[upkeep]
|-damage|p2a: Salamence|74/100|[from] Sandstorm
|-damage|p1a: Breloom|82/100|[from] Sandstorm
|-heal|p2a: Salamence|80/100|[from] item: Leftovers
|-heal|p1a: Breloom|88/100|[from] item: Leftovers
|upkeep
|turn|13
|inactive|Spreek has 150 seconds left.
|inactive|Spreek has 120 seconds left.
|
|t:|1730149537
|switch|p1a: Swampert|Swampert, M|75/100
|-damage|p1a: Swampert|63/100|[from] Spikes
|move|p2a: Salamence|Dragon Claw|p1a: Swampert
|-damage|p1a: Swampert|27/100
|
|-weather|Sandstorm|[upkeep]
|-damage|p2a: Salamence|74/100|[from] Sandstorm
|-heal|p2a: Salamence|80/100|[from] item: Leftovers
|-heal|p1a: Swampert|33/100|[from] item: Leftovers
|upkeep
|turn|14
|
|t:|1730149551
|switch|p1a: Zapdos|Zapdos|69/100
|move|p2a: Salamence|Hidden Power|p1a: Zapdos
|-resisted|p1a: Zapdos
|-damage|p1a: Zapdos|57/100
|
|-weather|Sandstorm|[upkeep]
|-damage|p2a: Salamence|74/100|[from] Sandstorm
|-damage|p1a: Zapdos|51/100|[from] Sandstorm
|-heal|p2a: Salamence|80/100|[from] item: Leftovers
|-heal|p1a: Zapdos|57/100|[from] item: Leftovers
|upkeep
|turn|15
|
|t:|1730149565
|switch|p2a: Blissey|Blissey, F|78/100
|move|p1a: Zapdos|Baton Pass|p1a: Zapdos
|
|t:|1730149567
|switch|p1a: Dugtrio|Dugtrio, F|100/100|[from] Baton Pass
|-damage|p1a: Dugtrio|88/100|[from] Spikes
|
|-weather|Sandstorm|[upkeep]
|-damage|p2a: Blissey|72/100|[from] Sandstorm
|-heal|p2a: Blissey|78/100|[from] item: Leftovers
|upkeep
|turn|16
|
|t:|1730149571
|move|p1a: Dugtrio|Beat Up|p2a: Blissey
|-damage|p2a: Blissey|68/100
|-damage|p2a: Blissey|58/100
|-damage|p2a: Blissey|41/100
|-damage|p2a: Blissey|27/100
|-damage|p2a: Blissey|14/100
|-hitcount|p2a: Blissey|5
|move|p2a: Blissey|Ice Beam|p1a: Dugtrio
|-supereffective|p1a: Dugtrio
|-damage|p1a: Dugtrio|13/100
|
|-weather|Sandstorm|[upkeep]
|-damage|p2a: Blissey|8/100|[from] Sandstorm
|-heal|p2a: Blissey|14/100|[from] item: Leftovers
|upkeep
|turn|17
|
|t:|1730149577
|move|p1a: Dugtrio|Beat Up|p2a: Blissey
|-damage|p2a: Blissey|3/100
|-damage|p2a: Blissey|0 fnt
|-hitcount|p2a: Blissey|2
|faint|p2a: Blissey
|inactive|A Plague Doc has 210 seconds left.
|inactive|A Plague Doc has 180 seconds left.
|
|t:|1730149635
|switch|p2a: Swampert|Swampert, M|100/100
|
|-weather|Sandstorm|[upkeep]
|upkeep
|turn|18
|inactive|Spreek has 150 seconds left.
|
|t:|1730149646
|move|p1a: Dugtrio|Beat Up|p2a: Swampert
|-damage|p2a: Swampert|99/100
|-damage|p2a: Swampert|97/100
|-damage|p2a: Swampert|94/100
|-damage|p2a: Swampert|90/100
|-damage|p2a: Swampert|88/100
|-hitcount|p2a: Swampert|5
|move|p2a: Swampert|Surf|p1a: Dugtrio
|-supereffective|p1a: Dugtrio
|-damage|p1a: Dugtrio|0 fnt
|faint|p1a: Dugtrio
|
|t:|1730149666
|switch|p1a: Swampert|Swampert, M|33/100
|-damage|p1a: Swampert|21/100|[from] Spikes
|
|-weather|Sandstorm|[upkeep]
|-heal|p1a: Swampert|27/100|[from] item: Leftovers
|-heal|p2a: Swampert|94/100|[from] item: Leftovers
|upkeep
|turn|19
|inactive|A Plague Doc has 180 seconds left.
|inactive|Spreek has 120 seconds left.
|
|t:|1730149702
|move|p1a: Swampert|Surf|p2a: Swampert
|-damage|p2a: Swampert|58/100
|move|p2a: Swampert|Surf|p1a: Swampert
|-damage|p1a: Swampert|2/100
|
|-weather|Sandstorm|[upkeep]
|-heal|p1a: Swampert|8/100|[from] item: Leftovers
|-heal|p2a: Swampert|64/100|[from] item: Leftovers
|upkeep
|turn|20
|
|t:|1730149730
|move|p2a: Swampert|Protect|p2a: Swampert
|-singleturn|p2a: Swampert|Protect
|move|p1a: Swampert|Toxic|p2a: Swampert
|-activate|p2a: Swampert|Protect
|
|-weather|Sandstorm|[upkeep]
|-heal|p1a: Swampert|15/100|[from] item: Leftovers
|-heal|p2a: Swampert|70/100|[from] item: Leftovers
|upkeep
|turn|21
|
|t:|1730149738
|move|p2a: Swampert|Surf|p1a: Swampert
|-damage|p1a: Swampert|0 fnt
|faint|p1a: Swampert
|
|t:|1730149742
|switch|p1a: Zapdos|Zapdos|57/100
|
|-weather|Sandstorm|[upkeep]
|-damage|p1a: Zapdos|51/100|[from] Sandstorm
|-heal|p1a: Zapdos|57/100|[from] item: Leftovers
|-heal|p2a: Swampert|76/100|[from] item: Leftovers
|upkeep
|turn|22
|inactive|A Plague Doc has 180 seconds left.
|
|t:|1730149756
|move|p2a: Swampert|Protect|p2a: Swampert
|-singleturn|p2a: Swampert|Protect
|move|p1a: Zapdos|Substitute|p1a: Zapdos
|-start|p1a: Zapdos|Substitute
|-damage|p1a: Zapdos|32/100
|
|-weather|Sandstorm|[upkeep]
|-damage|p1a: Zapdos|26/100|[from] Sandstorm
|-heal|p1a: Zapdos|32/100|[from] item: Leftovers
|-heal|p2a: Swampert|82/100|[from] item: Leftovers
|upkeep
|turn|23
|
|t:|1730149760
|move|p1a: Zapdos|Hidden Power|p2a: Swampert
|-supereffective|p2a: Swampert
|-damage|p2a: Swampert|0 fnt
|faint|p2a: Swampert
|inactive|A Plague Doc has 180 seconds left.
|
|t:|1730149777
|switch|p2a: Salamence|Salamence, F|80/100
|
|-weather|Sandstorm|[upkeep]
|-damage|p2a: Salamence|74/100|[from] Sandstorm
|-damage|p1a: Zapdos|26/100|[from] Sandstorm
|-heal|p2a: Salamence|80/100|[from] item: Leftovers
|-heal|p1a: Zapdos|32/100|[from] item: Leftovers
|upkeep
|turn|24
|
|t:|1730149786
|move|p2a: Salamence|Dragon Claw|p1a: Zapdos
|-crit|p1a: Zapdos
|-end|p1a: Zapdos|Substitute
|move|p1a: Zapdos|Thunderbolt|p2a: Salamence
|-damage|p2a: Salamence|20/100
|
|-weather|Sandstorm|[upkeep]
|-damage|p2a: Salamence|14/100|[from] Sandstorm
|-damage|p1a: Zapdos|26/100|[from] Sandstorm
|-heal|p2a: Salamence|20/100|[from] item: Leftovers
|-heal|p1a: Zapdos|32/100|[from] item: Leftovers
|upkeep
|turn|25
|inactive|Spreek has 120 seconds left.
|inactive|Spreek has 90 seconds left.
|
|t:|1730149846
|move|p2a: Salamence|Dragon Claw|p1a: Zapdos
|-damage|p1a: Zapdos|0 fnt
|faint|p1a: Zapdos
|
|t:|1730149849
|switch|p1a: Tyranitar|Tyranitar, F|100/100
|-damage|p1a: Tyranitar|88/100|[from] Spikes
|
|-weather|Sandstorm|[upkeep]
|-damage|p2a: Salamence|14/100|[from] Sandstorm
|-heal|p2a: Salamence|20/100|[from] item: Leftovers
|-heal|p1a: Tyranitar|94/100|[from] item: Leftovers
|upkeep
|turn|26
|inactive|Spreek has 90 seconds left.
|
|t:|1730149864
|move|p2a: Salamence|Brick Break|p1a: Tyranitar
|-supereffective|p1a: Tyranitar
|-crit|p1a: Tyranitar
|-damage|p1a: Tyranitar|0 fnt
|faint|p1a: Tyranitar
|
|t:|1730149870
|switch|p1a: Breloom|Breloom, M|88/100
|-damage|p1a: Breloom|76/100|[from] Spikes
|
|-weather|Sandstorm|[upkeep]
|-damage|p2a: Salamence|14/100|[from] Sandstorm
|-damage|p1a: Breloom|70/100|[from] Sandstorm
|-heal|p2a: Salamence|20/100|[from] item: Leftovers
|-heal|p1a: Breloom|76/100|[from] item: Leftovers
|upkeep
|turn|27
|
|t:|1730149875
|move|p2a: Salamence|Flamethrower|p1a: Breloom
|-supereffective|p1a: Breloom
|-crit|p1a: Breloom
|-damage|p1a: Breloom|0 fnt
|faint|p1a: Breloom
|
|win|A Plague Doc
|c|☆Spreek|gg
|c|☆A Plague Doc|gg

</script>
<script type="application/json" class="data" id="replaydata-smogtours-gen3ou-803136">
{"id":"smogtours-gen3ou-803136","format":"[Gen 3] OU","players":["Spreek","A Plague Doc"],"uploadtime":1730149875,"views":110,"formatid":"gen3ou","rating":null,"private":0,"password":null}
</script>

<script defer src="js/replays.js?9d40a366"></script>
