<!DOCTYPE html>
<meta charset="utf-8" />
<meta name="viewport" content="width=device-width" />

<title>[Gen 3] OU: Lady_Sundalia vs. DimmyJean - Replays - Pok&eacute;mon Showdown!</title>

<meta name="description" content="Watch a replay of a Pok&eacute;mon battle between Lady_Sundalia and DimmyJean! Format: [Gen 3] OU; Date: Oct 5, 2024" />
<!--

Hey, you! Looking in the source for the replay log?

You can find them in JSON format, just add `.json` at the end of a replay URL.

https://replay.pokemonshowdown.com/gen7randomdoublesbattle-865046831.json

Or, if you only need the log itself, add `.log` instead:

https://replay.pokemonshowdown.com/gen7randomdoublesbattle-865046831.log

-->

<link rel="stylesheet" href="//pokemonshowdown.com/style/global.css?0.023195364461161105" />
<link rel="stylesheet" href="//play.pokemonshowdown.com/style/font-awesome.css?0.13261647063804238" />
<link rel="stylesheet" href="//play.pokemonshowdown.com/style/battle.css?0.8753245789963631" />
<link rel="stylesheet" href="//play.pokemonshowdown.com/style/utilichart.css?0.8627959624976733" />

<!-- Global site tag (gtag.js) - Google Analytics -->
<script async src="https://www.googletagmanager.com/gtag/js?id=UA-26211653-1"></script>
<script>
  window.dataLayer = window.dataLayer || [];
  function gtag(){dataLayer.push(arguments);}
  gtag('js', new Date());

  gtag('config', 'UA-26211653-1');
</script>
<!-- End Google Analytics -->
<!-- Venatus Ad Manager - Install in <HEAD> of page -->
	<script src="https://hb.vntsm.com/v3/live/ad-manager.min.js" type="text/javascript" data-site-id="642aba63ec9a7b11c3c9c1be" data-mode="scan" async></script>
<!-- / Venatus Ad Manager -->

<style>
	@media (max-width:820px) {
		.battle {
			margin: 0 auto;
		}
		.battle-log {
			margin: 7px auto 0;
			max-width: 640px;
			height: 300px;
			position: static;
		}
	}
	.optgroup {
		display: inline-block;
		line-height: 22px;
		font-size: 10pt;
	}
	.optgroup .button {
		height: 25px;
		padding-top: 0;
		padding-bottom: 0;
	}
	.optgroup button.button {
		padding-left: 12px;
		padding-right: 12px;
	}
	.linklist {
		list-style: none;
		margin: 0.5em 0;
		padding: 0;
	}
	.linklist li {
		padding: 2px 0;
	}
	.sidebar {
		float: left;
		width: 320px;
	}
	.bar-wrapper {
		max-width: 1100px;
		margin: 0 auto;
	}
	.bar-wrapper.has-sidebar {
		max-width: 1430px;
	}
	.mainbar {
		margin: 0;
		padding-right: 1px;
	}
	.mainbar.has-sidebar {
		margin-left: 330px;
	}
	@media (min-width: 1511px) {
		.sidebar {
			width: 400px;
		}
		.bar-wrapper.has-sidebar {
			max-width: 1510px;
		}
		.mainbar.has-sidebar {
			margin-left: 410px;
		}
	}
	.section.first-section {
		margin-top: 9px;
	}
	.blocklink small {
		white-space: normal;
	}
	.button {
		vertical-align: middle;
	}
	.replay-controls {
		padding-top: 10px;
	}
	.replay-controls h1 {
		font-size: 16pt;
		font-weight: normal;
		color: #CCC;
	}
	.pagelink {
		text-align: center;
	}
	.pagelink a {
		width: 150px;
	}
	.textbox, .button {
		font-size: 11pt;
		vertical-align: middle;
	}
	@media (max-width: 450px) {
		.button {
			font-size: 9pt;
		}
	}
</style>

<div>

	<header>
		<div class="nav-wrapper"><ul class="nav">
			<li><a class="button nav-first" href="//pokemonshowdown.com/"><img src="//pokemonshowdown.com/images/pokemonshowdownbeta.png" srcset="//pokemonshowdown.com/images/pokemonshowdownbeta.png 1x, //pokemonshowdown.com/images/pokemonshowdownbeta@2x.png 2x" alt="Pok&eacute;mon Showdown" width="146" height="44" /> Home</a></li>
			<li><a class="button" href="//pokemonshowdown.com/dex/">Pok&eacute;dex</a></li>
			<li><a class="button cur" href="/">Replays</a></li>
			<li><a class="button" href="//pokemonshowdown.com/ladder/">Ladder</a></li>
			<li><a class="button nav-last" href="//pokemonshowdown.com/forums/">Forum</a></li>
			<li><a class="button greenbutton nav-first nav-last" href="//play.pokemonshowdown.com/">Play</a></li>
		</ul></div>
	</header>

	<div class="main" id="main">

		<noscript><section class="section">You need to enable JavaScript to use this page; sorry!</section></noscript>

	</div>

</div>

<script defer nomodule src="//play.pokemonshowdown.com/js/lib/ps-polyfill.js"></script>
<script defer src="//play.pokemonshowdown.com/js/lib/preact.min.js"></script>

<script defer src="//play.pokemonshowdown.com/config/config.js?2bddbc15"></script>
<script defer src="//play.pokemonshowdown.com/js/lib/jquery-1.11.0.min.js"></script>
<script defer src="//play.pokemonshowdown.com/js/lib/html-sanitizer-minified.js"></script>
<script defer src="//play.pokemonshowdown.com/js/battle-sound.js"></script>
<script defer src="//play.pokemonshowdown.com/js/battledata.js?0.7209276989879541"></script>
<script defer src="//play.pokemonshowdown.com/data/pokedex-mini.js?0.6111056340867951"></script>
<script defer src="//play.pokemonshowdown.com/data/pokedex-mini-bw.js?0.3532142036491459"></script>
<script defer src="//play.pokemonshowdown.com/data/graphics.js?0.24223875632456182"></script>
<script defer src="//play.pokemonshowdown.com/data/pokedex.js?0.38839984266356864"></script>
<script defer src="//play.pokemonshowdown.com/data/moves.js?0.21866028504024015"></script>
<script defer src="//play.pokemonshowdown.com/data/abilities.js?0.2005157953846628"></script>
<script defer src="//play.pokemonshowdown.com/data/items.js?0.9894211263848525"></script>
<script defer src="//play.pokemonshowdown.com/data/teambuilder-tables.js?0.6008791140282215"></script>
<script defer src="//play.pokemonshowdown.com/js/battle-tooltips.js?0.7580118955022959"></script>
<script defer src="//play.pokemonshowdown.com/js/battle.js?0.6057722274234274"></script>

<script defer src="js/utils.js?e31f9a17"></script>
<script defer src="js/replays-battle.js?7008c182"></script>

<!-- don't scrape this data! just add .json or .log after the URL!
Full API docs: https://github.com/smogon/pokemon-showdown-client/blob/master/WEB-API.md -->
<script type="text/plain" class="log" id="replaylog-smogtours-gen3ou-794811">
|inactive|Battle timer is ON: inactive players will automatically lose when time's up.
|t:|1728091379
|gametype|singles
|player|p1|Lady_Sundalia|waitress|
|player|p2|DimmyJean|psychic-gen2|
|teamsize|p1|6
|teamsize|p2|6
|gen|3
|tier|[Gen 3] OU
|rule|Sleep Clause Mod: Limit one foe put to sleep
|rule|Switch Priority Clause Mod: Faster Pokémon switch first
|rule|Species Clause: Limit one of each Pokémon
|rule|OHKO Clause: OHKO moves are banned
|rule|Evasion Items Clause: Evasion items are banned
|rule|Evasion Moves Clause: Evasion moves are banned
|rule|Endless Battle Clause: Forcing endless battles is banned
|rule|HP Percentage Mod: HP is shown in percentages
|rule|One Boost Passer Clause: Limit one Baton Passer that has a way to boost its stats
|rule|Freeze Clause Mod: Limit one foe frozen
|
|t:|1728091379
|start
|switch|p1a: The Waterrr|Swampert, M|100/100
|switch|p2a: Salamence|Salamence, M|100/100
|-ability|p2a: Salamence|Intimidate|boost
|-unboost|p1a: The Waterrr|atk|1
|turn|1
|
|t:|1728091388
|switch|p2a: Suicune|Suicune|100/100
|move|p1a: The Waterrr|Ice Beam|p2a: Suicune
|-resisted|p2a: Suicune
|-damage|p2a: Suicune|93/100
|-status|p2a: Suicune|frz
|
|-heal|p2a: Suicune|99/100 frz|[from] item: Leftovers
|upkeep
|turn|2
|
|t:|1728091406
|switch|p1a: The Wallerrr|Blissey, F|100/100
|cant|p2a: Suicune|frz
|
|-heal|p2a: Suicune|100/100 frz|[from] item: Leftovers
|upkeep
|turn|3
|
|t:|1728091421
|cant|p2a: Suicune|frz
|move|p1a: The Wallerrr|Seismic Toss|p2a: Suicune
|-damage|p2a: Suicune|76/100 frz
|
|-heal|p2a: Suicune|82/100 frz|[from] item: Leftovers
|upkeep
|turn|4
|
|t:|1728091429
|switch|p1a: The Jumperrr|Jumpluff, F|100/100
|cant|p2a: Suicune|frz
|
|-heal|p2a: Suicune|88/100 frz|[from] item: Leftovers
|upkeep
|turn|5
|
|t:|1728091438
|switch|p2a: Salamence|Salamence, M|100/100
|-ability|p2a: Salamence|Intimidate|boost
|-unboost|p1a: The Jumperrr|atk|1
|move|p1a: The Jumperrr|Substitute|p1a: The Jumperrr
|-start|p1a: The Jumperrr|Substitute
|-damage|p1a: The Jumperrr|76/100
|
|-heal|p1a: The Jumperrr|82/100|[from] item: Leftovers
|upkeep
|turn|6
|inactive|DimmyJean has 270 seconds left.
|
|t:|1728091470
|move|p1a: The Jumperrr|Leech Seed|p2a: Salamence
|-start|p2a: Salamence|move: Leech Seed
|move|p2a: Salamence|Dragon Claw|p1a: The Jumperrr
|-end|p1a: The Jumperrr|Substitute
|
|-heal|p1a: The Jumperrr|88/100|[from] item: Leftovers
|-damage|p2a: Salamence|88/100|[from] Leech Seed|[of] p1a: The Jumperrr
|-heal|p1a: The Jumperrr|100/100|[silent]
|upkeep
|turn|7
|inactive|DimmyJean has 270 seconds left.
|
|t:|1728091487
|switch|p2a: Shiftry|Shiftry, M|100/100
|move|p1a: The Jumperrr|Substitute|p1a: The Jumperrr
|-start|p1a: The Jumperrr|Substitute
|-damage|p1a: The Jumperrr|76/100
|
|-heal|p1a: The Jumperrr|82/100|[from] item: Leftovers
|upkeep
|turn|8
|
|t:|1728091491
|move|p1a: The Jumperrr|Sleep Powder|p2a: Shiftry
|-status|p2a: Shiftry|slp|[from] move: Sleep Powder
|cant|p2a: Shiftry|slp
|
|-heal|p1a: The Jumperrr|88/100|[from] item: Leftovers
|upkeep
|turn|9
|
|t:|1728091502
|move|p1a: The Jumperrr|Sleep Powder|p2a: Shiftry
|-fail|p2a: Shiftry|slp
|-curestatus|p2a: Shiftry|slp|[msg]
|move|p2a: Shiftry|Hidden Power|p1a: The Jumperrr
|-supereffective|p1a: The Jumperrr
|-end|p1a: The Jumperrr|Substitute
|
|-heal|p1a: The Jumperrr|94/100|[from] item: Leftovers
|upkeep
|turn|10
|
|t:|1728091514
|switch|p1a: The Wallerrr|Blissey, F|100/100
|switch|p2a: Suicune|Suicune|88/100 frz
|
|-heal|p2a: Suicune|94/100 frz|[from] item: Leftovers
|upkeep
|turn|11
|
|t:|1728091519
|switch|p1a: The Spikerrr|Forretress, F|100/100
|cant|p2a: Suicune|frz
|
|-heal|p2a: Suicune|100/100 frz|[from] item: Leftovers
|upkeep
|turn|12
|
|t:|1728091539
|switch|p2a: Salamence|Salamence, M|88/100
|-ability|p2a: Salamence|Intimidate|boost
|-unboost|p1a: The Spikerrr|atk|1
|move|p1a: The Spikerrr|Spikes|p2a: Salamence
|-sidestart|p2: DimmyJean|Spikes
|
|-heal|p2a: Salamence|94/100|[from] item: Leftovers
|upkeep
|turn|13
|
|t:|1728091549
|switch|p1a: The Waterrr|Swampert, M|100/100
|move|p2a: Salamence|Hidden Power|p1a: The Waterrr
|-supereffective|p1a: The Waterrr
|-damage|p1a: The Waterrr|9/100
|
|-heal|p2a: Salamence|99/100|[from] item: Leftovers
|-heal|p1a: The Waterrr|15/100|[from] item: Leftovers
|upkeep
|turn|14
|
|t:|1728091561
|move|p1a: The Waterrr|Protect|p1a: The Waterrr
|-singleturn|p1a: The Waterrr|Protect
|move|p2a: Salamence|Dragon Claw|p1a: The Waterrr
|-activate|p1a: The Waterrr|Protect
|
|-heal|p2a: Salamence|100/100|[from] item: Leftovers
|-heal|p1a: The Waterrr|22/100|[from] item: Leftovers
|upkeep
|turn|15
|
|t:|1728091567
|switch|p1a: The Jumperrr|Jumpluff, F|94/100
|move|p2a: Salamence|Dragon Claw|p1a: The Jumperrr
|-damage|p1a: The Jumperrr|49/100
|
|-heal|p1a: The Jumperrr|55/100|[from] item: Leftovers
|upkeep
|turn|16
|
|t:|1728091577
|switch|p2a: Claydol|Claydol|100/100
|move|p1a: The Jumperrr|Sleep Powder|p2a: Claydol
|-status|p2a: Claydol|slp|[from] move: Sleep Powder
|
|-heal|p1a: The Jumperrr|61/100|[from] item: Leftovers
|upkeep
|turn|17
|
|t:|1728091581
|switch|p2a: Shiftry|Shiftry, M|100/100
|-damage|p2a: Shiftry|88/100|[from] Spikes
|move|p1a: The Jumperrr|Leech Seed|p2a: Shiftry
|-immune|p2a: Shiftry
|
|-heal|p1a: The Jumperrr|67/100|[from] item: Leftovers
|-heal|p2a: Shiftry|94/100|[from] item: Leftovers
|upkeep
|turn|18
|
|t:|1728091591
|switch|p1a: The Wallerrr|Blissey, F|100/100
|move|p2a: Shiftry|Hidden Power|p1a: The Wallerrr
|-damage|p1a: The Wallerrr|92/100
|
|-heal|p2a: Shiftry|100/100|[from] item: Leftovers
|-heal|p1a: The Wallerrr|99/100|[from] item: Leftovers
|upkeep
|turn|19
|
|t:|1728091624
|switch|p2a: Regirock|Regirock|100/100
|-damage|p2a: Regirock|88/100|[from] Spikes
|move|p1a: The Wallerrr|Toxic|p2a: Regirock
|-status|p2a: Regirock|tox
|
|-heal|p1a: The Wallerrr|100/100|[from] item: Leftovers
|-heal|p2a: Regirock|94/100 tox|[from] item: Leftovers
|-damage|p2a: Regirock|88/100 tox|[from] psn
|upkeep
|turn|20
|
|t:|1728091634
|-singleturn|p2a: Regirock|move: Focus Punch
|switch|p1a: The Waterrr|Swampert, M|22/100
|move|p2a: Regirock|Focus Punch|p1a: The Waterrr
|-damage|p1a: The Waterrr|0 fnt
|faint|p1a: The Waterrr
|
|t:|1728091646
|switch|p1a: The Spikerrr|Forretress, F|100/100
|
|-heal|p2a: Regirock|94/100 tox|[from] item: Leftovers
|-damage|p2a: Regirock|82/100 tox|[from] psn
|upkeep
|turn|21
|
|t:|1728091662
|switch|p2a: Salamence|Salamence, M|100/100
|-ability|p2a: Salamence|Intimidate|boost
|-unboost|p1a: The Spikerrr|atk|1
|move|p1a: The Spikerrr|Spikes|p2a: Salamence
|-sidestart|p2: DimmyJean|Spikes
|
|upkeep
|turn|22
|
|t:|1728091671
|move|p2a: Salamence|Brick Break|p1a: The Spikerrr
|-damage|p1a: The Spikerrr|85/100
|move|p1a: The Spikerrr|Spikes|p2a: Salamence
|-sidestart|p2: DimmyJean|Spikes
|
|-heal|p1a: The Spikerrr|91/100|[from] item: Leftovers
|upkeep
|turn|23
|
|t:|1728091677
|move|p2a: Salamence|Fire Blast|p1a: The Spikerrr
|-supereffective|p1a: The Spikerrr
|-damage|p1a: The Spikerrr|0 fnt
|faint|p1a: The Spikerrr
|
|t:|1728091684
|switch|p1a: The Blockerrr|Gengar, F|100/100
|
|upkeep
|turn|24
|
|t:|1728091694
|switch|p2a: Regirock|Regirock|82/100 tox
|-damage|p2a: Regirock|57/100 tox|[from] Spikes
|move|p1a: The Blockerrr|Ice Punch|p2a: Regirock
|-damage|p2a: Regirock|37/100 tox
|
|-heal|p2a: Regirock|43/100 tox|[from] item: Leftovers
|-damage|p2a: Regirock|37/100 tox|[from] psn
|upkeep
|turn|25
|
|t:|1728091708
|switch|p1a: The Dancerrr|Tyranitar, F|100/100
|-weather|Sandstorm|[from] ability: Sand Stream|[of] p1a: The Dancerrr
|move|p2a: Regirock|Rock Slide|p1a: The Dancerrr
|-damage|p1a: The Dancerrr|76/100
|
|-weather|Sandstorm|[upkeep]
|-heal|p1a: The Dancerrr|83/100|[from] item: Leftovers
|-heal|p2a: Regirock|43/100 tox|[from] item: Leftovers
|-damage|p2a: Regirock|31/100 tox|[from] psn
|upkeep
|turn|26
|
|t:|1728091715
|-singleturn|p2a: Regirock|move: Focus Punch
|move|p1a: The Dancerrr|Crunch|p2a: Regirock
|-damage|p2a: Regirock|0 fnt
|faint|p2a: Regirock
|
|t:|1728091743
|switch|p2a: Salamence|Salamence, M|100/100
|-ability|p2a: Salamence|Intimidate|boost
|-unboost|p1a: The Dancerrr|atk|1
|
|-weather|Sandstorm|[upkeep]
|-damage|p2a: Salamence|94/100|[from] Sandstorm
|-heal|p2a: Salamence|100/100|[from] item: Leftovers
|-heal|p1a: The Dancerrr|89/100|[from] item: Leftovers
|upkeep
|turn|27
|
|t:|1728091752
|move|p2a: Salamence|Brick Break|p1a: The Dancerrr
|-supereffective|p1a: The Dancerrr
|-damage|p1a: The Dancerrr|19/100
|move|p1a: The Dancerrr|Thunder|p2a: Salamence
|-damage|p2a: Salamence|49/100
|
|-weather|Sandstorm|[upkeep]
|-damage|p2a: Salamence|42/100|[from] Sandstorm
|-heal|p2a: Salamence|49/100|[from] item: Leftovers
|-heal|p1a: The Dancerrr|25/100|[from] item: Leftovers
|upkeep
|turn|28
|
|t:|1728091770
|move|p2a: Salamence|Dragon Claw|p1a: The Dancerrr
|-damage|p1a: The Dancerrr|0 fnt
|faint|p1a: The Dancerrr
|
|t:|1728091774
|switch|p1a: The Blockerrr|Gengar, F|100/100
|
|-weather|Sandstorm|[upkeep]
|-damage|p1a: The Blockerrr|94/100|[from] Sandstorm
|-damage|p2a: Salamence|42/100|[from] Sandstorm
|-heal|p1a: The Blockerrr|100/100|[from] item: Leftovers
|-heal|p2a: Salamence|49/100|[from] item: Leftovers
|upkeep
|turn|29
|inactive|DimmyJean has 270 seconds left.
|
|t:|1728091796
|switch|p2a: Claydol|Claydol|100/100 slp
|move|p1a: The Blockerrr|Ice Punch|p2a: Claydol
|-supereffective|p2a: Claydol
|-damage|p2a: Claydol|59/100 slp
|
|-weather|Sandstorm|[upkeep]
|-damage|p1a: The Blockerrr|94/100|[from] Sandstorm
|-heal|p1a: The Blockerrr|100/100|[from] item: Leftovers
|-heal|p2a: Claydol|65/100 slp|[from] item: Leftovers
|upkeep
|turn|30
|
|t:|1728091803
|move|p1a: The Blockerrr|Ice Punch|p2a: Claydol
|-supereffective|p2a: Claydol
|-damage|p2a: Claydol|26/100 slp
|cant|p2a: Claydol|slp
|
|-weather|Sandstorm|[upkeep]
|-damage|p1a: The Blockerrr|94/100|[from] Sandstorm
|-heal|p1a: The Blockerrr|100/100|[from] item: Leftovers
|-heal|p2a: Claydol|32/100 slp|[from] item: Leftovers
|upkeep
|turn|31
|
|t:|1728091808
|move|p1a: The Blockerrr|Ice Punch|p2a: Claydol
|-supereffective|p2a: Claydol
|-damage|p2a: Claydol|0 fnt
|faint|p2a: Claydol
|
|t:|1728091822
|switch|p2a: Heracross|Heracross, M|100/100
|-damage|p2a: Heracross|75/100|[from] Spikes
|
|-weather|Sandstorm|[upkeep]
|-damage|p1a: The Blockerrr|94/100|[from] Sandstorm
|-damage|p2a: Heracross|69/100|[from] Sandstorm
|-heal|p1a: The Blockerrr|100/100|[from] item: Leftovers
|upkeep
|turn|32
|
|t:|1728091834
|move|p1a: The Blockerrr|Will-O-Wisp|p2a: Heracross|[miss]
|-miss|p1a: The Blockerrr|p2a: Heracross
|move|p2a: Heracross|Swords Dance|p2a: Heracross
|-boost|p2a: Heracross|atk|2
|
|-weather|Sandstorm|[upkeep]
|-damage|p1a: The Blockerrr|94/100|[from] Sandstorm
|-damage|p2a: Heracross|63/100|[from] Sandstorm
|-heal|p1a: The Blockerrr|100/100|[from] item: Leftovers
|upkeep
|turn|33
|
|t:|1728091837
|move|p1a: The Blockerrr|Taunt|p2a: Heracross
|-start|p2a: Heracross|move: Taunt
|cant|p2a: Heracross|move: Taunt|Substitute
|
|-weather|Sandstorm|[upkeep]
|-damage|p1a: The Blockerrr|94/100|[from] Sandstorm
|-damage|p2a: Heracross|57/100|[from] Sandstorm
|-heal|p1a: The Blockerrr|100/100|[from] item: Leftovers
|upkeep
|turn|34
|
|t:|1728091848
|switch|p1a: The Jumperrr|Jumpluff, F|67/100
|switch|p2a: Suicune|Suicune|100/100 frz
|-damage|p2a: Suicune|76/100 frz|[from] Spikes
|
|-weather|Sandstorm|[upkeep]
|-damage|p1a: The Jumperrr|61/100|[from] Sandstorm
|-damage|p2a: Suicune|69/100 frz|[from] Sandstorm
|-heal|p1a: The Jumperrr|67/100|[from] item: Leftovers
|-heal|p2a: Suicune|76/100 frz|[from] item: Leftovers
|upkeep
|turn|35
|
|t:|1728091852
|move|p1a: The Jumperrr|Substitute|p1a: The Jumperrr
|-start|p1a: The Jumperrr|Substitute
|-damage|p1a: The Jumperrr|42/100
|cant|p2a: Suicune|frz
|
|-weather|Sandstorm|[upkeep]
|-damage|p1a: The Jumperrr|36/100|[from] Sandstorm
|-damage|p2a: Suicune|69/100 frz|[from] Sandstorm
|-heal|p1a: The Jumperrr|42/100|[from] item: Leftovers
|-heal|p2a: Suicune|76/100 frz|[from] item: Leftovers
|upkeep
|turn|36
|
|t:|1728091873
|switch|p2a: Shiftry|Shiftry, M|100/100
|-damage|p2a: Shiftry|76/100|[from] Spikes
|move|p1a: The Jumperrr|Leech Seed|p2a: Shiftry
|-immune|p2a: Shiftry
|
|-weather|Sandstorm|[upkeep]
|-damage|p1a: The Jumperrr|36/100|[from] Sandstorm
|-damage|p2a: Shiftry|70/100|[from] Sandstorm
|-heal|p1a: The Jumperrr|42/100|[from] item: Leftovers
|-heal|p2a: Shiftry|76/100|[from] item: Leftovers
|upkeep
|turn|37
|
|t:|1728091881
|switch|p2a: Salamence|Salamence, M|49/100
|move|p1a: The Jumperrr|Sleep Powder|p2a: Salamence|[miss]
|-miss|p1a: The Jumperrr|p2a: Salamence
|
|-weather|Sandstorm|[upkeep]
|-damage|p1a: The Jumperrr|36/100|[from] Sandstorm
|-damage|p2a: Salamence|42/100|[from] Sandstorm
|-heal|p1a: The Jumperrr|42/100|[from] item: Leftovers
|-heal|p2a: Salamence|49/100|[from] item: Leftovers
|upkeep
|turn|38
|inactive|DimmyJean has 270 seconds left.
|
|t:|1728091914
|move|p1a: The Jumperrr|Leech Seed|p2a: Salamence
|-start|p2a: Salamence|move: Leech Seed
|move|p2a: Salamence|Dragon Claw|p1a: The Jumperrr
|-end|p1a: The Jumperrr|Substitute
|
|-weather|Sandstorm|[upkeep]
|-damage|p1a: The Jumperrr|36/100|[from] Sandstorm
|-damage|p2a: Salamence|42/100|[from] Sandstorm
|-heal|p1a: The Jumperrr|42/100|[from] item: Leftovers
|-heal|p2a: Salamence|49/100|[from] item: Leftovers
|-damage|p2a: Salamence|36/100|[from] Leech Seed|[of] p1a: The Jumperrr
|-heal|p1a: The Jumperrr|57/100|[silent]
|upkeep
|turn|39
|inactive|DimmyJean has 270 seconds left.
|
|t:|1728091922
|move|p1a: The Jumperrr|Substitute|p1a: The Jumperrr
|-start|p1a: The Jumperrr|Substitute
|-damage|p1a: The Jumperrr|32/100
|move|p2a: Salamence|Dragon Claw|p1a: The Jumperrr
|-end|p1a: The Jumperrr|Substitute
|
|-weather|Sandstorm|[upkeep]
|-damage|p1a: The Jumperrr|26/100|[from] Sandstorm
|-damage|p2a: Salamence|30/100|[from] Sandstorm
|-heal|p1a: The Jumperrr|32/100|[from] item: Leftovers
|-heal|p2a: Salamence|36/100|[from] item: Leftovers
|-damage|p2a: Salamence|24/100|[from] Leech Seed|[of] p1a: The Jumperrr
|-heal|p1a: The Jumperrr|46/100|[silent]
|upkeep
|turn|40
|
|t:|1728091927
|move|p1a: The Jumperrr|Substitute|p1a: The Jumperrr
|-start|p1a: The Jumperrr|Substitute
|-damage|p1a: The Jumperrr|21/100
|move|p2a: Salamence|Dragon Claw|p1a: The Jumperrr
|-end|p1a: The Jumperrr|Substitute
|
|-weather|Sandstorm|[upkeep]
|-damage|p1a: The Jumperrr|15/100|[from] Sandstorm
|-damage|p2a: Salamence|18/100|[from] Sandstorm
|-heal|p1a: The Jumperrr|21/100|[from] item: Leftovers
|-heal|p2a: Salamence|24/100|[from] item: Leftovers
|-damage|p2a: Salamence|11/100|[from] Leech Seed|[of] p1a: The Jumperrr
|-heal|p1a: The Jumperrr|35/100|[silent]
|upkeep
|turn|41
|
|t:|1728091930
|move|p1a: The Jumperrr|Substitute|p1a: The Jumperrr
|-start|p1a: The Jumperrr|Substitute
|-damage|p1a: The Jumperrr|10/100
|move|p2a: Salamence|Dragon Claw|p1a: The Jumperrr
|-end|p1a: The Jumperrr|Substitute
|
|-weather|Sandstorm|[upkeep]
|-damage|p1a: The Jumperrr|4/100|[from] Sandstorm
|-damage|p2a: Salamence|5/100|[from] Sandstorm
|-heal|p1a: The Jumperrr|10/100|[from] item: Leftovers
|-heal|p2a: Salamence|11/100|[from] item: Leftovers
|-damage|p2a: Salamence|0 fnt|[from] Leech Seed|[of] p1a: The Jumperrr
|-heal|p1a: The Jumperrr|23/100|[silent]
|faint|p2a: Salamence
|upkeep
|
|t:|1728091936
|switch|p2a: Suicune|Suicune|76/100 frz
|-damage|p2a: Suicune|51/100 frz|[from] Spikes
|turn|42
|
|t:|1728091940
|move|p1a: The Jumperrr|Leech Seed|p2a: Suicune
|-start|p2a: Suicune|move: Leech Seed
|cant|p2a: Suicune|frz
|
|-weather|Sandstorm|[upkeep]
|-damage|p1a: The Jumperrr|17/100|[from] Sandstorm
|-damage|p2a: Suicune|44/100 frz|[from] Sandstorm
|-heal|p1a: The Jumperrr|23/100|[from] item: Leftovers
|-heal|p2a: Suicune|51/100 frz|[from] item: Leftovers
|-damage|p2a: Suicune|38/100 frz|[from] Leech Seed|[of] p1a: The Jumperrr
|-heal|p1a: The Jumperrr|40/100|[silent]
|upkeep
|turn|43
|
|t:|1728091944
|move|p1a: The Jumperrr|Substitute|p1a: The Jumperrr
|-start|p1a: The Jumperrr|Substitute
|-damage|p1a: The Jumperrr|15/100
|cant|p2a: Suicune|frz
|
|-weather|Sandstorm|[upkeep]
|-damage|p1a: The Jumperrr|9/100|[from] Sandstorm
|-damage|p2a: Suicune|32/100 frz|[from] Sandstorm
|-heal|p1a: The Jumperrr|15/100|[from] item: Leftovers
|-heal|p2a: Suicune|38/100 frz|[from] item: Leftovers
|-damage|p2a: Suicune|26/100 frz|[from] Leech Seed|[of] p1a: The Jumperrr
|-heal|p1a: The Jumperrr|32/100|[silent]
|upkeep
|turn|44
|
|t:|1728091948
|move|p1a: The Jumperrr|Sleep Powder||[still]
|-fail|p1a: The Jumperrr
|cant|p2a: Suicune|frz
|
|-weather|Sandstorm|[upkeep]
|-damage|p1a: The Jumperrr|26/100|[from] Sandstorm
|-damage|p2a: Suicune|19/100 frz|[from] Sandstorm
|-heal|p1a: The Jumperrr|32/100|[from] item: Leftovers
|-heal|p2a: Suicune|26/100 frz|[from] item: Leftovers
|-damage|p2a: Suicune|13/100 frz|[from] Leech Seed|[of] p1a: The Jumperrr
|-heal|p1a: The Jumperrr|50/100|[silent]
|upkeep
|turn|45
|
|t:|1728091952
|move|p1a: The Jumperrr|Sleep Powder|p2a: Suicune|[miss]
|-miss|p1a: The Jumperrr|p2a: Suicune
|cant|p2a: Suicune|frz
|
|-weather|Sandstorm|[upkeep]
|-damage|p1a: The Jumperrr|43/100|[from] Sandstorm
|-damage|p2a: Suicune|7/100 frz|[from] Sandstorm
|-heal|p1a: The Jumperrr|50/100|[from] item: Leftovers
|-heal|p2a: Suicune|13/100 frz|[from] item: Leftovers
|-damage|p2a: Suicune|1/100 frz|[from] Leech Seed|[of] p1a: The Jumperrr
|-heal|p1a: The Jumperrr|67/100|[silent]
|upkeep
|turn|46
|c|☆Lady_Sundalia|rly sry ab this
|
|t:|1728091963
|move|p1a: The Jumperrr|Encore||[still]
|-fail|p1a: The Jumperrr
|cant|p2a: Suicune|frz
|
|-weather|Sandstorm|[upkeep]
|-damage|p1a: The Jumperrr|61/100|[from] Sandstorm
|-damage|p2a: Suicune|0 fnt|[from] Sandstorm
|faint|p2a: Suicune
|-heal|p1a: The Jumperrr|67/100|[from] item: Leftovers
|upkeep
|
|t:|1728091967
|switch|p2a: Shiftry|Shiftry, M|76/100
|-damage|p2a: Shiftry|51/100|[from] Spikes
|turn|47
|
|t:|1728091971
|move|p1a: The Jumperrr|Sleep Powder|p2a: Shiftry
|-status|p2a: Shiftry|slp|[from] move: Sleep Powder
|cant|p2a: Shiftry|slp
|
|-weather|Sandstorm|[upkeep]
|-damage|p1a: The Jumperrr|61/100|[from] Sandstorm
|-damage|p2a: Shiftry|45/100 slp|[from] Sandstorm
|-heal|p1a: The Jumperrr|67/100|[from] item: Leftovers
|-heal|p2a: Shiftry|51/100 slp|[from] item: Leftovers
|upkeep
|turn|48
|c|☆DimmyJean|it happens lol
|
|t:|1728091982
|switch|p1a: The Wallerrr|Blissey, F|100/100
|cant|p2a: Shiftry|slp
|
|-weather|Sandstorm|[upkeep]
|-damage|p2a: Shiftry|45/100 slp|[from] Sandstorm
|-damage|p1a: The Wallerrr|94/100|[from] Sandstorm
|-heal|p2a: Shiftry|51/100 slp|[from] item: Leftovers
|-heal|p1a: The Wallerrr|100/100|[from] item: Leftovers
|upkeep
|turn|49
|
|t:|1728091984
|cant|p2a: Shiftry|slp
|move|p1a: The Wallerrr|Seismic Toss|p2a: Shiftry
|-damage|p2a: Shiftry|23/100 slp
|
|-weather|Sandstorm|[upkeep]
|-damage|p2a: Shiftry|17/100 slp|[from] Sandstorm
|-damage|p1a: The Wallerrr|94/100|[from] Sandstorm
|-heal|p2a: Shiftry|23/100 slp|[from] item: Leftovers
|-heal|p1a: The Wallerrr|100/100|[from] item: Leftovers
|upkeep
|turn|50
|
|t:|1728091986
|cant|p2a: Shiftry|slp
|move|p1a: The Wallerrr|Seismic Toss|p2a: Shiftry
|-damage|p2a: Shiftry|0 fnt
|faint|p2a: Shiftry
|
|t:|1728091988
|switch|p2a: Heracross|Heracross, M|57/100
|-damage|p2a: Heracross|32/100|[from] Spikes
|
|-weather|Sandstorm|[upkeep]
|-damage|p2a: Heracross|26/100|[from] Sandstorm
|-damage|p1a: The Wallerrr|94/100|[from] Sandstorm
|-heal|p1a: The Wallerrr|100/100|[from] item: Leftovers
|upkeep
|turn|51
|
|t:|1728091994
|switch|p1a: The Jumperrr|Jumpluff, F|67/100
|move|p2a: Heracross|Megahorn|p1a: The Jumperrr
|-damage|p1a: The Jumperrr|0 fnt
|faint|p1a: The Jumperrr
|
|t:|1728091997
|switch|p1a: The Blockerrr|Gengar, F|100/100
|
|-weather|Sandstorm|[upkeep]
|-damage|p1a: The Blockerrr|94/100|[from] Sandstorm
|-damage|p2a: Heracross|20/100|[from] Sandstorm
|-heal|p1a: The Blockerrr|100/100|[from] item: Leftovers
|-enditem|p2a: Heracross|Salac Berry|[eat]
|-boost|p2a: Heracross|spe|1|[from] item: Salac Berry
|upkeep
|turn|52
|
|t:|1728092000
|move|p2a: Heracross|Rock Slide|p1a: The Blockerrr
|-damage|p1a: The Blockerrr|54/100
|cant|p1a: The Blockerrr|flinch
|
|-weather|Sandstorm|[upkeep]
|-damage|p2a: Heracross|15/100|[from] Sandstorm
|-damage|p1a: The Blockerrr|48/100|[from] Sandstorm
|-heal|p1a: The Blockerrr|54/100|[from] item: Leftovers
|upkeep
|turn|53
|
|t:|1728092004
|move|p2a: Heracross|Rock Slide|p1a: The Blockerrr
|-damage|p1a: The Blockerrr|4/100
|move|p1a: The Blockerrr|Thunderbolt|p2a: Heracross
|-damage|p2a: Heracross|0 fnt
|faint|p2a: Heracross
|
|win|Lady_Sundalia
|c|☆DimmyJean|ggs
|c|☆Lady_Sundalia|ggs

</script>
<script type="application/json" class="data" id="replaydata-smogtours-gen3ou-794811">
{"id":"smogtours-gen3ou-794811","format":"[Gen 3] OU","players":["Lady_Sundalia","DimmyJean"],"uploadtime":1728092004,"views":163,"formatid":"gen3ou","rating":null,"private":0,"password":null}
</script>

<script defer src="js/replays.js?9d40a366"></script>
