<!DOCTYPE html>
<meta charset="utf-8" />
<meta name="viewport" content="width=device-width" />

<title>[Gen 3] OU: LexiTG vs. kug98 - Replays - Pok&eacute;mon Showdown!</title>

<meta name="description" content="Watch a replay of a Pok&eacute;mon battle between LexiTG and kug98! Format: [Gen 3] OU; Date: Oct 2, 2024" />
<!--

Hey, you! Looking in the source for the replay log?

You can find them in JSON format, just add `.json` at the end of a replay URL.

https://replay.pokemonshowdown.com/gen7randomdoublesbattle-865046831.json

Or, if you only need the log itself, add `.log` instead:

https://replay.pokemonshowdown.com/gen7randomdoublesbattle-865046831.log

-->

<link rel="stylesheet" href="//pokemonshowdown.com/style/global.css?0.767286132409787" />
<link rel="stylesheet" href="//play.pokemonshowdown.com/style/font-awesome.css?0.9266228007934947" />
<link rel="stylesheet" href="//play.pokemonshowdown.com/style/battle.css?0.7924700842790926" />
<link rel="stylesheet" href="//play.pokemonshowdown.com/style/utilichart.css?0.8777417872839479" />

<!-- Global site tag (gtag.js) - Google Analytics -->
<script async src="https://www.googletagmanager.com/gtag/js?id=UA-26211653-1"></script>
<script>
  window.dataLayer = window.dataLayer || [];
  function gtag(){dataLayer.push(arguments);}
  gtag('js', new Date());

  gtag('config', 'UA-26211653-1');
</script>
<!-- End Google Analytics -->
<!-- Venatus Ad Manager - Install in <HEAD> of page -->
	<script src="https://hb.vntsm.com/v3/live/ad-manager.min.js" type="text/javascript" data-site-id="642aba63ec9a7b11c3c9c1be" data-mode="scan" async></script>
<!-- / Venatus Ad Manager -->

<style>
	@media (max-width:820px) {
		.battle {
			margin: 0 auto;
		}
		.battle-log {
			margin: 7px auto 0;
			max-width: 640px;
			height: 300px;
			position: static;
		}
	}
	.optgroup {
		display: inline-block;
		line-height: 22px;
		font-size: 10pt;
	}
	.optgroup .button {
		height: 25px;
		padding-top: 0;
		padding-bottom: 0;
	}
	.optgroup button.button {
		padding-left: 12px;
		padding-right: 12px;
	}
	.linklist {
		list-style: none;
		margin: 0.5em 0;
		padding: 0;
	}
	.linklist li {
		padding: 2px 0;
	}
	.sidebar {
		float: left;
		width: 320px;
	}
	.bar-wrapper {
		max-width: 1100px;
		margin: 0 auto;
	}
	.bar-wrapper.has-sidebar {
		max-width: 1430px;
	}
	.mainbar {
		margin: 0;
		padding-right: 1px;
	}
	.mainbar.has-sidebar {
		margin-left: 330px;
	}
	@media (min-width: 1511px) {
		.sidebar {
			width: 400px;
		}
		.bar-wrapper.has-sidebar {
			max-width: 1510px;
		}
		.mainbar.has-sidebar {
			margin-left: 410px;
		}
	}
	.section.first-section {
		margin-top: 9px;
	}
	.blocklink small {
		white-space: normal;
	}
	.button {
		vertical-align: middle;
	}
	.replay-controls {
		padding-top: 10px;
	}
	.replay-controls h1 {
		font-size: 16pt;
		font-weight: normal;
		color: #CCC;
	}
	.pagelink {
		text-align: center;
	}
	.pagelink a {
		width: 150px;
	}
	.textbox, .button {
		font-size: 11pt;
		vertical-align: middle;
	}
	@media (max-width: 450px) {
		.button {
			font-size: 9pt;
		}
	}
</style>

<div>

	<header>
		<div class="nav-wrapper"><ul class="nav">
			<li><a class="button nav-first" href="//pokemonshowdown.com/"><img src="//pokemonshowdown.com/images/pokemonshowdownbeta.png" srcset="//pokemonshowdown.com/images/pokemonshowdownbeta.png 1x, //pokemonshowdown.com/images/pokemonshowdownbeta@2x.png 2x" alt="Pok&eacute;mon Showdown" width="146" height="44" /> Home</a></li>
			<li><a class="button" href="//pokemonshowdown.com/dex/">Pok&eacute;dex</a></li>
			<li><a class="button cur" href="/">Replays</a></li>
			<li><a class="button" href="//pokemonshowdown.com/ladder/">Ladder</a></li>
			<li><a class="button nav-last" href="//pokemonshowdown.com/forums/">Forum</a></li>
			<li><a class="button greenbutton nav-first nav-last" href="//play.pokemonshowdown.com/">Play</a></li>
		</ul></div>
	</header>

	<div class="main" id="main">

		<noscript><section class="section">You need to enable JavaScript to use this page; sorry!</section></noscript>

	</div>

</div>

<script defer nomodule src="//play.pokemonshowdown.com/js/lib/ps-polyfill.js"></script>
<script defer src="//play.pokemonshowdown.com/js/lib/preact.min.js"></script>

<script defer src="//play.pokemonshowdown.com/config/config.js?6dec07f6"></script>
<script defer src="//play.pokemonshowdown.com/js/lib/jquery-1.11.0.min.js"></script>
<script defer src="//play.pokemonshowdown.com/js/lib/html-sanitizer-minified.js"></script>
<script defer src="//play.pokemonshowdown.com/js/battle-sound.js"></script>
<script defer src="//play.pokemonshowdown.com/js/battledata.js?0.6315294753075389"></script>
<script defer src="//play.pokemonshowdown.com/data/pokedex-mini.js?0.7603743185311358"></script>
<script defer src="//play.pokemonshowdown.com/data/pokedex-mini-bw.js?0.030888842834281283"></script>
<script defer src="//play.pokemonshowdown.com/data/graphics.js?0.05593094747507488"></script>
<script defer src="//play.pokemonshowdown.com/data/pokedex.js?0.47064822249611904"></script>
<script defer src="//play.pokemonshowdown.com/data/moves.js?0.8583693120512459"></script>
<script defer src="//play.pokemonshowdown.com/data/abilities.js?0.16017181182386842"></script>
<script defer src="//play.pokemonshowdown.com/data/items.js?0.4163379185673943"></script>
<script defer src="//play.pokemonshowdown.com/data/teambuilder-tables.js?0.31075597372830477"></script>
<script defer src="//play.pokemonshowdown.com/js/battle-tooltips.js?0.6536193500708172"></script>
<script defer src="//play.pokemonshowdown.com/js/battle.js?0.1916591943277901"></script>

<script defer src="js/utils.js?e31f9a17"></script>
<script defer src="js/replays-battle.js?7008c182"></script>

<!-- don't scrape this data! just add .json or .log after the URL!
Full API docs: https://github.com/smogon/pokemon-showdown-client/blob/master/WEB-API.md -->
<script type="text/plain" class="log" id="replaylog-smogtours-gen3ou-793890">
|inactive|Battle timer is ON: inactive players will automatically lose when time's up.
|t:|1727833134
|gametype|singles
|player|p1|LexiTG|1|
|player|p2|kug98|1|
|teamsize|p1|6
|teamsize|p2|6
|gen|3
|tier|[Gen 3] OU
|rule|Sleep Clause Mod: Limit one foe put to sleep
|rule|Switch Priority Clause Mod: Faster Pokémon switch first
|rule|Species Clause: Limit one of each Pokémon
|rule|OHKO Clause: OHKO moves are banned
|rule|Evasion Items Clause: Evasion items are banned
|rule|Evasion Moves Clause: Evasion moves are banned
|rule|Endless Battle Clause: Forcing endless battles is banned
|rule|HP Percentage Mod: HP is shown in percentages
|rule|One Boost Passer Clause: Limit one Baton Passer that has a way to boost its stats
|rule|Freeze Clause Mod: Limit one foe frozen
|
|t:|1727833134
|start
|switch|p1a: Skarmory|Skarmory, F|100/100
|switch|p2a: Nidoking|Nidoking, M|100/100
|turn|1
|
|t:|1727833139
|move|p2a: Nidoking|Fire Blast|p1a: Skarmory
|-supereffective|p1a: Skarmory
|-damage|p1a: Skarmory|49/100
|move|p1a: Skarmory|Spikes|p2a: Nidoking
|-sidestart|p2: kug98|Spikes
|
|-heal|p1a: Skarmory|55/100|[from] item: Leftovers
|upkeep
|turn|2
|
|t:|1727833146
|switch|p2a: Charizard|Charizard, M|100/100
|move|p1a: Skarmory|Protect||[still]
|-fail|p1a: Skarmory
|
|-heal|p1a: Skarmory|61/100|[from] item: Leftovers
|upkeep
|turn|3
|
|t:|1727833152
|switch|p1a: Blissey|Blissey, F, shiny|100/100
|move|p2a: Charizard|Fire Blast|p1a: Blissey
|-damage|p1a: Blissey|76/100
|
|-heal|p1a: Blissey|82/100|[from] item: Leftovers
|upkeep
|turn|4
|
|t:|1727833169
|switch|p2a: Milotic|Milotic, F|100/100
|-damage|p2a: Milotic|88/100|[from] Spikes
|move|p1a: Blissey|Toxic|p2a: Milotic
|-status|p2a: Milotic|tox
|
|-heal|p2a: Milotic|94/100 tox|[from] item: Leftovers
|-damage|p2a: Milotic|88/100 tox|[from] psn
|-heal|p1a: Blissey|88/100|[from] item: Leftovers
|upkeep
|turn|5
|
|t:|1727833176
|switch|p1a: Skarmory|Skarmory, F|61/100
|move|p2a: Milotic|Surf|p1a: Skarmory
|-damage|p1a: Skarmory|30/100
|
|-heal|p2a: Milotic|94/100 tox|[from] item: Leftovers
|-damage|p2a: Milotic|82/100 tox|[from] psn
|-heal|p1a: Skarmory|36/100|[from] item: Leftovers
|upkeep
|turn|6
|
|t:|1727833182
|move|p2a: Milotic|Surf|p1a: Skarmory
|-damage|p1a: Skarmory|6/100
|move|p1a: Skarmory|Spikes|p2a: Milotic
|-sidestart|p2: kug98|Spikes
|
|-heal|p2a: Milotic|88/100 tox|[from] item: Leftovers
|-damage|p2a: Milotic|70/100 tox|[from] psn
|-heal|p1a: Skarmory|12/100|[from] item: Leftovers
|upkeep
|turn|7
|
|t:|1727833185
|move|p1a: Skarmory|Protect|p1a: Skarmory
|-singleturn|p1a: Skarmory|Protect
|move|p2a: Milotic|Refresh|p2a: Milotic
|-curestatus|p2a: Milotic|tox|[msg]
|
|-heal|p2a: Milotic|76/100|[from] item: Leftovers
|-heal|p1a: Skarmory|18/100|[from] item: Leftovers
|upkeep
|turn|8
|
|t:|1727833192
|switch|p1a: Blissey|Blissey, F, shiny|88/100
|move|p2a: Milotic|Toxic|p1a: Blissey
|-status|p1a: Blissey|tox
|
|-heal|p2a: Milotic|82/100|[from] item: Leftovers
|-heal|p1a: Blissey|95/100 tox|[from] item: Leftovers
|-damage|p1a: Blissey|88/100 tox|[from] psn
|upkeep
|turn|9
|
|t:|1727833200
|move|p2a: Milotic|Surf|p1a: Blissey
|-damage|p1a: Blissey|75/100 tox
|move|p1a: Blissey|Ice Beam|p2a: Milotic
|-resisted|p2a: Milotic
|-damage|p2a: Milotic|73/100
|
|-heal|p2a: Milotic|79/100|[from] item: Leftovers
|-heal|p1a: Blissey|81/100 tox|[from] item: Leftovers
|-damage|p1a: Blissey|69/100 tox|[from] psn
|upkeep
|turn|10
|
|t:|1727833202
|move|p2a: Milotic|Surf|p1a: Blissey
|-damage|p1a: Blissey|56/100 tox
|move|p1a: Blissey|Soft-Boiled|p1a: Blissey
|-heal|p1a: Blissey|100/100 tox
|
|-heal|p2a: Milotic|86/100|[from] item: Leftovers
|-damage|p1a: Blissey|82/100 tox|[from] psn
|upkeep
|turn|11
|
|t:|1727833210
|move|p2a: Milotic|Toxic|p1a: Blissey
|-fail|p1a: Blissey|tox
|move|p1a: Blissey|Toxic|p2a: Milotic
|-status|p2a: Milotic|tox
|
|-heal|p2a: Milotic|92/100 tox|[from] item: Leftovers
|-damage|p2a: Milotic|86/100 tox|[from] psn
|-heal|p1a: Blissey|88/100 tox|[from] item: Leftovers
|-damage|p1a: Blissey|64/100 tox|[from] psn
|upkeep
|turn|12
|
|t:|1727833215
|move|p2a: Milotic|Surf|p1a: Blissey
|-damage|p1a: Blissey|51/100 tox
|move|p1a: Blissey|Soft-Boiled|p1a: Blissey
|-heal|p1a: Blissey|100/100 tox
|
|-heal|p2a: Milotic|92/100 tox|[from] item: Leftovers
|-damage|p2a: Milotic|79/100 tox|[from] psn
|-damage|p1a: Blissey|70/100 tox|[from] psn
|upkeep
|turn|13
|
|t:|1727833218
|-curestatus|p1a: Blissey|tox|[from] ability: Natural Cure
|switch|p1a: Skarmory|Skarmory, F|18/100
|move|p2a: Milotic|Refresh|p2a: Milotic
|-curestatus|p2a: Milotic|tox|[msg]
|
|-heal|p2a: Milotic|86/100|[from] item: Leftovers
|-heal|p1a: Skarmory|24/100|[from] item: Leftovers
|upkeep
|turn|14
|
|t:|1727833223
|move|p1a: Skarmory|Protect|p1a: Skarmory
|-singleturn|p1a: Skarmory|Protect
|move|p2a: Milotic|Surf|p1a: Skarmory
|-activate|p1a: Skarmory|Protect
|
|-heal|p2a: Milotic|92/100|[from] item: Leftovers
|-heal|p1a: Skarmory|30/100|[from] item: Leftovers
|upkeep
|turn|15
|
|t:|1727833232
|switch|p1a: Blissey|Blissey, F, shiny|70/100
|move|p2a: Milotic|Surf|p1a: Blissey
|-damage|p1a: Blissey|57/100
|
|-heal|p2a: Milotic|98/100|[from] item: Leftovers
|-heal|p1a: Blissey|63/100|[from] item: Leftovers
|upkeep
|turn|16
|
|t:|1727833239
|switch|p2a: Tyranitar|Tyranitar, F|100/100
|-damage|p2a: Tyranitar|84/100|[from] Spikes
|-weather|Sandstorm|[from] ability: Sand Stream|[of] p2a: Tyranitar
|move|p1a: Blissey|Toxic|p2a: Tyranitar
|-status|p2a: Tyranitar|tox
|
|-weather|Sandstorm|[upkeep]
|-damage|p1a: Blissey|57/100|[from] Sandstorm
|-damage|p2a: Tyranitar|78/100 tox|[from] psn
|-heal|p1a: Blissey|63/100|[from] item: Leftovers
|upkeep
|turn|17
|
|t:|1727833245
|-singleturn|p2a: Tyranitar|move: Focus Punch
|switch|p1a: Swampert|Swampert, F|100/100
|move|p2a: Tyranitar|Focus Punch|p1a: Swampert
|-damage|p1a: Swampert|40/100
|
|-weather|Sandstorm|[upkeep]
|-damage|p2a: Tyranitar|65/100 tox|[from] psn
|-heal|p1a: Swampert|46/100|[from] item: Leftovers
|upkeep
|turn|18
|
|t:|1727833254
|switch|p2a: Milotic|Milotic, F|98/100
|-damage|p2a: Milotic|81/100|[from] Spikes
|switch|p1a: Gengar|Gengar, F|100/100
|
|-weather|Sandstorm|[upkeep]
|-damage|p1a: Gengar|95/100|[from] Sandstorm
|-damage|p2a: Milotic|75/100|[from] Sandstorm
|-heal|p1a: Gengar|100/100|[from] item: Leftovers
|-heal|p2a: Milotic|81/100|[from] item: Leftovers
|upkeep
|turn|19
|
|t:|1727833279
|move|p1a: Gengar|Thunderbolt|p2a: Milotic
|-supereffective|p2a: Milotic
|-damage|p2a: Milotic|40/100
|move|p2a: Milotic|Recover|p2a: Milotic
|-heal|p2a: Milotic|90/100
|
|-weather|Sandstorm|[upkeep]
|-damage|p1a: Gengar|95/100|[from] Sandstorm
|-damage|p2a: Milotic|84/100|[from] Sandstorm
|-heal|p1a: Gengar|100/100|[from] item: Leftovers
|-heal|p2a: Milotic|90/100|[from] item: Leftovers
|upkeep
|turn|20
|
|t:|1727833297
|switch|p1a: Blissey|Blissey, F, shiny|63/100
|move|p2a: Milotic|Recover|p2a: Milotic
|-heal|p2a: Milotic|100/100
|
|-weather|Sandstorm|[upkeep]
|-damage|p2a: Milotic|94/100|[from] Sandstorm
|-damage|p1a: Blissey|57/100|[from] Sandstorm
|-heal|p2a: Milotic|100/100|[from] item: Leftovers
|-heal|p1a: Blissey|63/100|[from] item: Leftovers
|upkeep
|turn|21
|
|t:|1727833307
|switch|p1a: Skarmory|Skarmory, F|30/100
|move|p2a: Milotic|Toxic|p1a: Skarmory
|-immune|p1a: Skarmory
|
|-weather|Sandstorm|[upkeep]
|-damage|p2a: Milotic|94/100|[from] Sandstorm
|-heal|p2a: Milotic|100/100|[from] item: Leftovers
|-heal|p1a: Skarmory|36/100|[from] item: Leftovers
|upkeep
|turn|22
|
|t:|1727833312
|move|p2a: Milotic|Surf|p1a: Skarmory
|-damage|p1a: Skarmory|5/100
|move|p1a: Skarmory|Spikes|p2a: Milotic
|-sidestart|p2: kug98|Spikes
|
|-weather|Sandstorm|[upkeep]
|-damage|p2a: Milotic|94/100|[from] Sandstorm
|-heal|p2a: Milotic|100/100|[from] item: Leftovers
|-heal|p1a: Skarmory|11/100|[from] item: Leftovers
|upkeep
|turn|23
|
|t:|1727833315
|move|p1a: Skarmory|Protect|p1a: Skarmory
|-singleturn|p1a: Skarmory|Protect
|move|p2a: Milotic|Surf|p1a: Skarmory
|-activate|p1a: Skarmory|Protect
|
|-weather|Sandstorm|[upkeep]
|-damage|p2a: Milotic|94/100|[from] Sandstorm
|-heal|p2a: Milotic|100/100|[from] item: Leftovers
|-heal|p1a: Skarmory|17/100|[from] item: Leftovers
|upkeep
|turn|24
|
|t:|1727833317
|switch|p1a: Blissey|Blissey, F, shiny|63/100
|move|p2a: Milotic|Surf|p1a: Blissey
|-damage|p1a: Blissey|50/100
|
|-weather|Sandstorm|[upkeep]
|-damage|p2a: Milotic|94/100|[from] Sandstorm
|-damage|p1a: Blissey|44/100|[from] Sandstorm
|-heal|p2a: Milotic|100/100|[from] item: Leftovers
|-heal|p1a: Blissey|50/100|[from] item: Leftovers
|upkeep
|turn|25
|
|t:|1727833323
|switch|p2a: Tyranitar|Tyranitar, F|65/100 tox
|-damage|p2a: Tyranitar|40/100 tox|[from] Spikes
|move|p1a: Blissey|Soft-Boiled|p1a: Blissey
|-heal|p1a: Blissey|99/100
|
|-weather|Sandstorm|[upkeep]
|-damage|p1a: Blissey|94/100|[from] Sandstorm
|-damage|p2a: Tyranitar|34/100 tox|[from] psn
|-heal|p1a: Blissey|99/100|[from] item: Leftovers
|upkeep
|turn|26
|
|t:|1727833326
|move|p2a: Tyranitar|Rock Slide|p1a: Blissey
|-damage|p1a: Blissey|38/100
|cant|p1a: Blissey|flinch
|
|-weather|Sandstorm|[upkeep]
|-damage|p1a: Blissey|32/100|[from] Sandstorm
|-damage|p2a: Tyranitar|22/100 tox|[from] psn
|-heal|p1a: Blissey|38/100|[from] item: Leftovers
|upkeep
|turn|27
|
|t:|1727833332
|switch|p1a: Swampert|Swampert, F|46/100
|move|p2a: Tyranitar|Rock Slide|p1a: Swampert
|-resisted|p1a: Swampert
|-damage|p1a: Swampert|22/100
|
|-weather|Sandstorm|[upkeep]
|-damage|p2a: Tyranitar|3/100 tox|[from] psn
|-heal|p1a: Swampert|29/100|[from] item: Leftovers
|upkeep
|turn|28
|
|t:|1727833335
|move|p1a: Swampert|Protect|p1a: Swampert
|-singleturn|p1a: Swampert|Protect
|move|p2a: Tyranitar|Rock Slide|p1a: Swampert
|-activate|p1a: Swampert|Protect
|
|-weather|Sandstorm|[upkeep]
|-damage|p2a: Tyranitar|0 fnt|[from] psn
|faint|p2a: Tyranitar
|-heal|p1a: Swampert|35/100|[from] item: Leftovers
|upkeep
|
|t:|1727833340
|switch|p2a: Charizard|Charizard, M|100/100
|turn|29
|
|t:|1727833349
|-singleturn|p2a: Charizard|move: Focus Punch
|move|p1a: Swampert|Hydro Pump|p2a: Charizard
|-supereffective|p2a: Charizard
|-crit|p2a: Charizard
|-damage|p2a: Charizard|0 fnt
|faint|p2a: Charizard
|
|t:|1727833357
|switch|p2a: Milotic|Milotic, F|100/100
|-damage|p2a: Milotic|76/100|[from] Spikes
|
|-weather|Sandstorm|[upkeep]
|-damage|p2a: Milotic|70/100|[from] Sandstorm
|-heal|p2a: Milotic|76/100|[from] item: Leftovers
|-heal|p1a: Swampert|41/100|[from] item: Leftovers
|upkeep
|turn|30
|
|t:|1727833364
|switch|p1a: Blissey|Blissey, F, shiny|38/100
|move|p2a: Milotic|Surf|p1a: Blissey
|-damage|p1a: Blissey|24/100
|
|-weather|Sandstorm|[upkeep]
|-damage|p2a: Milotic|70/100|[from] Sandstorm
|-damage|p1a: Blissey|18/100|[from] Sandstorm
|-heal|p2a: Milotic|76/100|[from] item: Leftovers
|-heal|p1a: Blissey|24/100|[from] item: Leftovers
|upkeep
|turn|31
|
|t:|1727833366
|move|p2a: Milotic|Toxic|p1a: Blissey|[miss]
|-miss|p2a: Milotic|p1a: Blissey
|move|p1a: Blissey|Soft-Boiled|p1a: Blissey
|-heal|p1a: Blissey|74/100
|
|-weather|Sandstorm|[upkeep]
|-damage|p2a: Milotic|70/100|[from] Sandstorm
|-damage|p1a: Blissey|67/100|[from] Sandstorm
|-heal|p2a: Milotic|76/100|[from] item: Leftovers
|-heal|p1a: Blissey|74/100|[from] item: Leftovers
|upkeep
|turn|32
|
|t:|1727833368
|move|p2a: Milotic|Toxic|p1a: Blissey
|-status|p1a: Blissey|tox
|move|p1a: Blissey|Toxic|p2a: Milotic
|-status|p2a: Milotic|tox
|
|-weather|Sandstorm|[upkeep]
|-damage|p2a: Milotic|70/100 tox|[from] Sandstorm
|-damage|p1a: Blissey|67/100 tox|[from] Sandstorm
|-heal|p2a: Milotic|76/100 tox|[from] item: Leftovers
|-damage|p2a: Milotic|70/100 tox|[from] psn
|-heal|p1a: Blissey|74/100 tox|[from] item: Leftovers
|-damage|p1a: Blissey|67/100 tox|[from] psn
|upkeep
|turn|33
|
|t:|1727833371
|move|p2a: Milotic|Refresh|p2a: Milotic
|-curestatus|p2a: Milotic|tox|[msg]
|move|p1a: Blissey|Soft-Boiled|p1a: Blissey
|-heal|p1a: Blissey|100/100 tox
|
|-weather|Sandstorm|[upkeep]
|-damage|p2a: Milotic|63/100|[from] Sandstorm
|-damage|p1a: Blissey|94/100 tox|[from] Sandstorm
|-heal|p2a: Milotic|70/100|[from] item: Leftovers
|-heal|p1a: Blissey|100/100 tox|[from] item: Leftovers
|-damage|p1a: Blissey|88/100 tox|[from] psn
|upkeep
|turn|34
|
|t:|1727833376
|move|p2a: Milotic|Recover|p2a: Milotic
|-heal|p2a: Milotic|100/100
|move|p1a: Blissey|Toxic|p2a: Milotic|[miss]
|-miss|p1a: Blissey|p2a: Milotic
|
|-weather|Sandstorm|[upkeep]
|-damage|p2a: Milotic|94/100|[from] Sandstorm
|-damage|p1a: Blissey|82/100 tox|[from] Sandstorm
|-heal|p2a: Milotic|100/100|[from] item: Leftovers
|-heal|p1a: Blissey|88/100 tox|[from] item: Leftovers
|-damage|p1a: Blissey|70/100 tox|[from] psn
|upkeep
|turn|35
|
|t:|1727833381
|-curestatus|p1a: Blissey|tox|[from] ability: Natural Cure
|switch|p1a: Skarmory|Skarmory, F|17/100
|move|p2a: Milotic|Surf|p1a: Skarmory
|-damage|p1a: Skarmory|0 fnt
|faint|p1a: Skarmory
|
|t:|1727833384
|switch|p1a: Zapdos|Zapdos|100/100
|
|-weather|Sandstorm|[upkeep]
|-damage|p1a: Zapdos|94/100|[from] Sandstorm
|-damage|p2a: Milotic|94/100|[from] Sandstorm
|-heal|p1a: Zapdos|100/100|[from] item: Leftovers
|-heal|p2a: Milotic|100/100|[from] item: Leftovers
|upkeep
|turn|36
|
|t:|1727833406
|switch|p1a: Gengar|Gengar, F|100/100
|move|p2a: Milotic|Surf|p1a: Gengar
|-damage|p1a: Gengar|60/100
|
|-weather|Sandstorm|[upkeep]
|-damage|p1a: Gengar|54/100|[from] Sandstorm
|-damage|p2a: Milotic|94/100|[from] Sandstorm
|-heal|p1a: Gengar|60/100|[from] item: Leftovers
|-heal|p2a: Milotic|100/100|[from] item: Leftovers
|upkeep
|turn|37
|
|t:|1727833427
|switch|p2a: Zapdos|Zapdos|100/100
|move|p1a: Gengar|Thunderbolt|p2a: Zapdos
|-damage|p2a: Zapdos|66/100
|
|-weather|Sandstorm|[upkeep]
|-damage|p1a: Gengar|54/100|[from] Sandstorm
|-damage|p2a: Zapdos|60/100|[from] Sandstorm
|-heal|p1a: Gengar|60/100|[from] item: Leftovers
|-heal|p2a: Zapdos|66/100|[from] item: Leftovers
|upkeep
|turn|38
|
|t:|1727833432
|switch|p2a: Nidoking|Nidoking, M|100/100
|-damage|p2a: Nidoking|76/100|[from] Spikes
|move|p1a: Gengar|Explosion|p2a: Nidoking
|-damage|p2a: Nidoking|0 fnt
|faint|p1a: Gengar
|faint|p2a: Nidoking
|
|t:|1727833444
|switch|p1a: Zapdos|Zapdos|100/100
|switch|p2a: Zapdos|Zapdos|66/100
|
|-weather|Sandstorm|[upkeep]
|-damage|p2a: Zapdos|60/100|[from] Sandstorm
|-damage|p1a: Zapdos|94/100|[from] Sandstorm
|-heal|p2a: Zapdos|66/100|[from] item: Leftovers
|-heal|p1a: Zapdos|100/100|[from] item: Leftovers
|upkeep
|turn|39
|
|t:|1727833451
|move|p2a: Zapdos|Thunderbolt|p1a: Zapdos
|-damage|p1a: Zapdos|47/100
|move|p1a: Zapdos|Thunderbolt|p2a: Zapdos
|-damage|p2a: Zapdos|11/100
|
|-weather|Sandstorm|[upkeep]
|-damage|p1a: Zapdos|41/100|[from] Sandstorm
|-damage|p2a: Zapdos|5/100|[from] Sandstorm
|-heal|p1a: Zapdos|47/100|[from] item: Leftovers
|-heal|p2a: Zapdos|11/100|[from] item: Leftovers
|upkeep
|turn|40
|
|t:|1727833465
|switch|p1a: Blissey|Blissey, F, shiny|70/100
|move|p2a: Zapdos|Hidden Power|p1a: Blissey
|-damage|p1a: Blissey|60/100
|
|-weather|Sandstorm|[upkeep]
|-damage|p2a: Zapdos|5/100|[from] Sandstorm
|-damage|p1a: Blissey|54/100|[from] Sandstorm
|-heal|p2a: Zapdos|11/100|[from] item: Leftovers
|-heal|p1a: Blissey|60/100|[from] item: Leftovers
|upkeep
|turn|41
|
|t:|1727833477
|switch|p2a: Milotic|Milotic, F|100/100
|-damage|p2a: Milotic|76/100|[from] Spikes
|move|p1a: Blissey|Toxic|p2a: Milotic
|-status|p2a: Milotic|tox
|
|-weather|Sandstorm|[upkeep]
|-damage|p2a: Milotic|70/100 tox|[from] Sandstorm
|-damage|p1a: Blissey|54/100|[from] Sandstorm
|-heal|p2a: Milotic|76/100 tox|[from] item: Leftovers
|-damage|p2a: Milotic|70/100 tox|[from] psn
|-heal|p1a: Blissey|60/100|[from] item: Leftovers
|upkeep
|turn|42
|
|t:|1727833481
|switch|p1a: Zapdos|Zapdos|47/100
|move|p2a: Milotic|Refresh|p2a: Milotic
|-curestatus|p2a: Milotic|tox|[msg]
|
|-weather|Sandstorm|[upkeep]
|-damage|p1a: Zapdos|41/100|[from] Sandstorm
|-damage|p2a: Milotic|63/100|[from] Sandstorm
|-heal|p1a: Zapdos|47/100|[from] item: Leftovers
|-heal|p2a: Milotic|70/100|[from] item: Leftovers
|upkeep
|turn|43
|
|t:|1727833492
|switch|p2a: Starmie|Starmie|100/100
|-damage|p2a: Starmie|76/100|[from] Spikes
|move|p1a: Zapdos|Thunderbolt|p2a: Starmie
|-supereffective|p2a: Starmie
|-damage|p2a: Starmie|0 fnt
|faint|p2a: Starmie
|
|t:|1727833493
|switch|p2a: Zapdos|Zapdos|11/100
|
|-weather|Sandstorm|[upkeep]
|-damage|p2a: Zapdos|5/100|[from] Sandstorm
|-damage|p1a: Zapdos|41/100|[from] Sandstorm
|-heal|p1a: Zapdos|47/100|[from] item: Leftovers
|-heal|p2a: Zapdos|11/100|[from] item: Leftovers
|upkeep
|turn|44
|
|t:|1727833495
|switch|p1a: Blissey|Blissey, F, shiny|60/100
|move|p2a: Zapdos|Roar|p1a: Blissey
|drag|p1a: Zapdos|Zapdos|47/100
|
|-weather|Sandstorm|[upkeep]
|-damage|p2a: Zapdos|5/100|[from] Sandstorm
|-damage|p1a: Zapdos|41/100|[from] Sandstorm
|-heal|p1a: Zapdos|47/100|[from] item: Leftovers
|-heal|p2a: Zapdos|11/100|[from] item: Leftovers
|upkeep
|turn|45
|
|t:|1727833500
|move|p1a: Zapdos|Thunderbolt|p2a: Zapdos
|-damage|p2a: Zapdos|0 fnt
|faint|p2a: Zapdos
|c|☆kug98|gg
|c|☆kug98|was a speed tie
|c|☆LexiTG|gg
|
|t:|1727833510
|switch|p2a: Milotic|Milotic, F|70/100
|-damage|p2a: Milotic|45/100|[from] Spikes
|
|-weather|Sandstorm|[upkeep]
|-damage|p1a: Zapdos|41/100|[from] Sandstorm
|-damage|p2a: Milotic|39/100|[from] Sandstorm
|-heal|p1a: Zapdos|47/100|[from] item: Leftovers
|-heal|p2a: Milotic|45/100|[from] item: Leftovers
|upkeep
|turn|46
|c|☆LexiTG|yea
|c|☆LexiTG|sry for the hax b4
|
|t:|1727833517
|move|p1a: Zapdos|Thunderbolt|p2a: Milotic
|-supereffective|p2a: Milotic
|-damage|p2a: Milotic|0 fnt
|faint|p2a: Milotic
|
|win|LexiTG
|c|☆kug98|its ok bro

</script>
<script type="application/json" class="data" id="replaydata-smogtours-gen3ou-793890">
{"id":"smogtours-gen3ou-793890","format":"[Gen 3] OU","players":["LexiTG","kug98"],"uploadtime":1727833517,"views":131,"formatid":"gen3ou","rating":null,"private":0,"password":null}
</script>

<script defer src="js/replays.js?9d40a366"></script>
