<!DOCTYPE html>
<meta charset="utf-8" />
<meta name="viewport" content="width=device-width" />

<title>[Gen 3] OU: guebor vs. TefoShark - Replays - Pok&eacute;mon Showdown!</title>

<meta name="description" content="Watch a replay of a Pok&eacute;mon battle between guebor and TefoShark! Format: [Gen 3] OU; Date: Oct 16, 2024" />
<!--

Hey, you! Looking in the source for the replay log?

You can find them in JSON format, just add `.json` at the end of a replay URL.

https://replay.pokemonshowdown.com/gen7randomdoublesbattle-865046831.json

Or, if you only need the log itself, add `.log` instead:

https://replay.pokemonshowdown.com/gen7randomdoublesbattle-865046831.log

-->

<link rel="stylesheet" href="//pokemonshowdown.com/style/global.css?0.023195364461161105" />
<link rel="stylesheet" href="//play.pokemonshowdown.com/style/font-awesome.css?0.13261647063804238" />
<link rel="stylesheet" href="//play.pokemonshowdown.com/style/battle.css?0.8753245789963631" />
<link rel="stylesheet" href="//play.pokemonshowdown.com/style/utilichart.css?0.8627959624976733" />

<!-- Global site tag (gtag.js) - Google Analytics -->
<script async src="https://www.googletagmanager.com/gtag/js?id=UA-26211653-1"></script>
<script>
  window.dataLayer = window.dataLayer || [];
  function gtag(){dataLayer.push(arguments);}
  gtag('js', new Date());

  gtag('config', 'UA-26211653-1');
</script>
<!-- End Google Analytics -->
<!-- Venatus Ad Manager - Install in <HEAD> of page -->
	<script src="https://hb.vntsm.com/v3/live/ad-manager.min.js" type="text/javascript" data-site-id="642aba63ec9a7b11c3c9c1be" data-mode="scan" async></script>
<!-- / Venatus Ad Manager -->

<style>
	@media (max-width:820px) {
		.battle {
			margin: 0 auto;
		}
		.battle-log {
			margin: 7px auto 0;
			max-width: 640px;
			height: 300px;
			position: static;
		}
	}
	.optgroup {
		display: inline-block;
		line-height: 22px;
		font-size: 10pt;
	}
	.optgroup .button {
		height: 25px;
		padding-top: 0;
		padding-bottom: 0;
	}
	.optgroup button.button {
		padding-left: 12px;
		padding-right: 12px;
	}
	.linklist {
		list-style: none;
		margin: 0.5em 0;
		padding: 0;
	}
	.linklist li {
		padding: 2px 0;
	}
	.sidebar {
		float: left;
		width: 320px;
	}
	.bar-wrapper {
		max-width: 1100px;
		margin: 0 auto;
	}
	.bar-wrapper.has-sidebar {
		max-width: 1430px;
	}
	.mainbar {
		margin: 0;
		padding-right: 1px;
	}
	.mainbar.has-sidebar {
		margin-left: 330px;
	}
	@media (min-width: 1511px) {
		.sidebar {
			width: 400px;
		}
		.bar-wrapper.has-sidebar {
			max-width: 1510px;
		}
		.mainbar.has-sidebar {
			margin-left: 410px;
		}
	}
	.section.first-section {
		margin-top: 9px;
	}
	.blocklink small {
		white-space: normal;
	}
	.button {
		vertical-align: middle;
	}
	.replay-controls {
		padding-top: 10px;
	}
	.replay-controls h1 {
		font-size: 16pt;
		font-weight: normal;
		color: #CCC;
	}
	.pagelink {
		text-align: center;
	}
	.pagelink a {
		width: 150px;
	}
	.textbox, .button {
		font-size: 11pt;
		vertical-align: middle;
	}
	@media (max-width: 450px) {
		.button {
			font-size: 9pt;
		}
	}
</style>

<div>

	<header>
		<div class="nav-wrapper"><ul class="nav">
			<li><a class="button nav-first" href="//pokemonshowdown.com/"><img src="//pokemonshowdown.com/images/pokemonshowdownbeta.png" srcset="//pokemonshowdown.com/images/pokemonshowdownbeta.png 1x, //pokemonshowdown.com/images/pokemonshowdownbeta@2x.png 2x" alt="Pok&eacute;mon Showdown" width="146" height="44" /> Home</a></li>
			<li><a class="button" href="//pokemonshowdown.com/dex/">Pok&eacute;dex</a></li>
			<li><a class="button cur" href="/">Replays</a></li>
			<li><a class="button" href="//pokemonshowdown.com/ladder/">Ladder</a></li>
			<li><a class="button nav-last" href="//pokemonshowdown.com/forums/">Forum</a></li>
			<li><a class="button greenbutton nav-first nav-last" href="//play.pokemonshowdown.com/">Play</a></li>
		</ul></div>
	</header>

	<div class="main" id="main">

		<noscript><section class="section">You need to enable JavaScript to use this page; sorry!</section></noscript>

	</div>

</div>

<script defer nomodule src="//play.pokemonshowdown.com/js/lib/ps-polyfill.js"></script>
<script defer src="//play.pokemonshowdown.com/js/lib/preact.min.js"></script>

<script defer src="//play.pokemonshowdown.com/config/config.js?2bddbc15"></script>
<script defer src="//play.pokemonshowdown.com/js/lib/jquery-1.11.0.min.js"></script>
<script defer src="//play.pokemonshowdown.com/js/lib/html-sanitizer-minified.js"></script>
<script defer src="//play.pokemonshowdown.com/js/battle-sound.js"></script>
<script defer src="//play.pokemonshowdown.com/js/battledata.js?0.7209276989879541"></script>
<script defer src="//play.pokemonshowdown.com/data/pokedex-mini.js?0.6111056340867951"></script>
<script defer src="//play.pokemonshowdown.com/data/pokedex-mini-bw.js?0.3532142036491459"></script>
<script defer src="//play.pokemonshowdown.com/data/graphics.js?0.24223875632456182"></script>
<script defer src="//play.pokemonshowdown.com/data/pokedex.js?0.38839984266356864"></script>
<script defer src="//play.pokemonshowdown.com/data/moves.js?0.21866028504024015"></script>
<script defer src="//play.pokemonshowdown.com/data/abilities.js?0.2005157953846628"></script>
<script defer src="//play.pokemonshowdown.com/data/items.js?0.9894211263848525"></script>
<script defer src="//play.pokemonshowdown.com/data/teambuilder-tables.js?0.6008791140282215"></script>
<script defer src="//play.pokemonshowdown.com/js/battle-tooltips.js?0.7580118955022959"></script>
<script defer src="//play.pokemonshowdown.com/js/battle.js?0.6057722274234274"></script>

<script defer src="js/utils.js?e31f9a17"></script>
<script defer src="js/replays-battle.js?7008c182"></script>

<!-- don't scrape this data! just add .json or .log after the URL!
Full API docs: https://github.com/smogon/pokemon-showdown-client/blob/master/WEB-API.md -->
<script type="text/plain" class="log" id="replaylog-smogtours-gen3ou-799077">
|inactive|Battle timer is ON: inactive players will automatically lose when time's up.
|t:|1729037578
|gametype|singles
|player|p1|guebor|colress|
|player|p2|TefoShark|acetrainer|
|teamsize|p1|6
|teamsize|p2|6
|gen|3
|tier|[Gen 3] OU
|rule|Sleep Clause Mod: Limit one foe put to sleep
|rule|Switch Priority Clause Mod: Faster Pokémon switch first
|rule|Species Clause: Limit one of each Pokémon
|rule|OHKO Clause: OHKO moves are banned
|rule|Evasion Items Clause: Evasion items are banned
|rule|Evasion Moves Clause: Evasion moves are banned
|rule|Endless Battle Clause: Forcing endless battles is banned
|rule|HP Percentage Mod: HP is shown in percentages
|rule|One Boost Passer Clause: Limit one Baton Passer that has a way to boost its stats
|rule|Freeze Clause Mod: Limit one foe frozen
|
|t:|1729037578
|start
|switch|p1a: Andy|Zapdos|100/100
|switch|p2a: Salamence|Salamence, M|100/100
|-ability|p2a: Salamence|Intimidate|boost
|-unboost|p1a: Andy|atk|1
|turn|1
|
|t:|1729037593
|switch|p2a: Snorlax|Snorlax, M|100/100
|move|p1a: Andy|Thunder Wave|p2a: Snorlax
|-status|p2a: Snorlax|par
|
|upkeep
|turn|2
|
|t:|1729037604
|switch|p1a: Jimmi|Snorlax, M|100/100
|move|p2a: Snorlax|Body Slam|p1a: Jimmi
|-damage|p1a: Jimmi|68/100
|
|-heal|p1a: Jimmi|74/100|[from] item: Leftovers
|upkeep
|turn|3
|
|t:|1729037615
|switch|p2a: Celebi|Celebi|100/100
|move|p1a: Jimmi|Body Slam|p2a: Celebi
|-damage|p2a: Celebi|72/100
|-status|p2a: Celebi|par
|
|-heal|p1a: Jimmi|80/100|[from] item: Leftovers
|-heal|p2a: Celebi|78/100 par|[from] item: Leftovers
|upkeep
|turn|4
|
|t:|1729037637
|switch|p1a: Lucinda|Charizard, F|100/100
|-curestatus|p2a: Celebi|par|[from] ability: Natural Cure
|switch|p2a: Salamence|Salamence, M|100/100
|-ability|p2a: Salamence|Intimidate|boost
|-unboost|p1a: Lucinda|atk|1
|
|upkeep
|turn|5
|
|t:|1729037644
|move|p2a: Salamence|Hidden Power|p1a: Lucinda
|-damage|p1a: Lucinda|17/100
|move|p1a: Lucinda|Hidden Power|p2a: Salamence
|-supereffective|p2a: Salamence
|-damage|p2a: Salamence|0 fnt
|faint|p2a: Salamence
|
|t:|1729037651
|switch|p2a: Suicune|Suicune|100/100
|
|-heal|p1a: Lucinda|23/100|[from] item: Leftovers
|upkeep
|turn|6
|
|t:|1729037659
|switch|p1a: Andy|Zapdos|100/100
|move|p2a: Suicune|Surf|p1a: Andy
|-damage|p1a: Andy|64/100
|
|-heal|p1a: Andy|70/100|[from] item: Leftovers
|upkeep
|turn|7
|
|t:|1729037668
|switch|p2a: Celebi|Celebi|78/100
|move|p1a: Andy|Thunderbolt|p2a: Celebi
|-resisted|p2a: Celebi
|-damage|p2a: Celebi|59/100
|
|-heal|p1a: Andy|76/100|[from] item: Leftovers
|-heal|p2a: Celebi|65/100|[from] item: Leftovers
|upkeep
|turn|8
|
|t:|1729037684
|switch|p1a: Jimmi|Snorlax, M|80/100
|move|p2a: Celebi|Leech Seed|p1a: Jimmi
|-start|p1a: Jimmi|move: Leech Seed
|
|-heal|p2a: Celebi|71/100|[from] item: Leftovers
|-heal|p1a: Jimmi|87/100|[from] item: Leftovers
|-damage|p1a: Jimmi|74/100|[from] Leech Seed|[of] p2a: Celebi
|-heal|p2a: Celebi|86/100|[silent]
|upkeep
|turn|9
|
|t:|1729037708
|switch|p2a: Suicune|Suicune|100/100
|switch|p1a: Lucinda|Charizard, F|23/100
|
|-heal|p1a: Lucinda|29/100|[from] item: Leftovers
|upkeep
|turn|10
|
|t:|1729037720
|move|p1a: Lucinda|Toxic|p2a: Suicune
|-status|p2a: Suicune|tox
|move|p2a: Suicune|Surf|p1a: Lucinda
|-supereffective|p1a: Lucinda
|-damage|p1a: Lucinda|0 fnt
|faint|p1a: Lucinda
|inactive|guebor has 270 seconds left.
|
|t:|1729037736
|switch|p1a: Andy|Zapdos|76/100
|
|-heal|p1a: Andy|82/100|[from] item: Leftovers
|-damage|p2a: Suicune|94/100 tox|[from] psn
|upkeep
|turn|11
|
|t:|1729037743
|move|p1a: Andy|Thunderbolt|p2a: Suicune
|-supereffective|p2a: Suicune
|-damage|p2a: Suicune|17/100 tox
|move|p2a: Suicune|Rest|p2a: Suicune
|-status|p2a: Suicune|slp|[from] move: Rest
|-heal|p2a: Suicune|100/100 slp|[silent]
|
|-heal|p1a: Andy|89/100|[from] item: Leftovers
|upkeep
|turn|12
|
|t:|1729037754
|switch|p2a: Snorlax|Snorlax, M|100/100 par
|move|p1a: Andy|Thunderbolt|p2a: Snorlax
|-crit|p2a: Snorlax
|-damage|p2a: Snorlax|50/100 par
|
|-heal|p1a: Andy|95/100|[from] item: Leftovers
|-heal|p2a: Snorlax|57/100 par|[from] item: Leftovers
|upkeep
|turn|13
|c|☆guebor|my b
|
|t:|1729037765
|switch|p1a: Jeri|Tyranitar, M|100/100
|-weather|Sandstorm|[from] ability: Sand Stream|[of] p1a: Jeri
|move|p2a: Snorlax|Body Slam|p1a: Jeri
|-resisted|p1a: Jeri
|-damage|p1a: Jeri|86/100
|-status|p1a: Jeri|par
|
|-weather|Sandstorm|[upkeep]
|-damage|p2a: Snorlax|50/100 par|[from] Sandstorm
|-heal|p1a: Jeri|92/100 par|[from] item: Leftovers
|-heal|p2a: Snorlax|57/100 par|[from] item: Leftovers
|upkeep
|turn|14
|c|☆TefoShark|it happens xD
|
|t:|1729037777
|switch|p2a: Suicune|Suicune|100/100 slp
|move|p1a: Jeri|Brick Break|p2a: Suicune
|-damage|p2a: Suicune|89/100 slp
|
|-weather|Sandstorm|[upkeep]
|-damage|p2a: Suicune|82/100 slp|[from] Sandstorm
|-heal|p2a: Suicune|89/100 slp|[from] item: Leftovers
|-heal|p1a: Jeri|98/100 par|[from] item: Leftovers
|upkeep
|turn|15
|inactive|guebor disconnected and has 300 seconds to reconnect!
|player|p1|
|inactive|guebor reconnected and has 285 seconds left.
|player|p1|guebor|colress|
|
|t:|1729037797
|switch|p1a: Cain the Main Man|Swampert, M|100/100
|cant|p2a: Suicune|slp
|
|-weather|Sandstorm|[upkeep]
|-damage|p2a: Suicune|82/100 slp|[from] Sandstorm
|-heal|p2a: Suicune|89/100 slp|[from] item: Leftovers
|upkeep
|turn|16
|
|t:|1729037806
|cant|p2a: Suicune|slp
|move|p1a: Cain the Main Man|Earthquake|p2a: Suicune
|-damage|p2a: Suicune|66/100 slp
|
|-weather|Sandstorm|[upkeep]
|-damage|p2a: Suicune|59/100 slp|[from] Sandstorm
|-heal|p2a: Suicune|66/100 slp|[from] item: Leftovers
|upkeep
|turn|17
|
|t:|1729037814
|-singleturn|p1a: Cain the Main Man|move: Focus Punch
|-curestatus|p2a: Suicune|slp|[msg]
|move|p2a: Suicune|Surf|p1a: Cain the Main Man
|-damage|p1a: Cain the Main Man|72/100
|move|p1a: Cain the Main Man|Focus Punch||[still]
|cant|p1a: Cain the Main Man|Focus Punch|Focus Punch
|
|-weather|Sandstorm|[upkeep]
|-damage|p2a: Suicune|59/100|[from] Sandstorm
|-heal|p2a: Suicune|66/100|[from] item: Leftovers
|-heal|p1a: Cain the Main Man|78/100|[from] item: Leftovers
|upkeep
|turn|18
|
|t:|1729037825
|move|p2a: Suicune|Surf|p1a: Cain the Main Man
|-damage|p1a: Cain the Main Man|50/100
|move|p1a: Cain the Main Man|Earthquake|p2a: Suicune
|-crit|p2a: Suicune
|-damage|p2a: Suicune|23/100
|
|-weather|Sandstorm|[upkeep]
|-damage|p2a: Suicune|16/100|[from] Sandstorm
|-heal|p2a: Suicune|23/100|[from] item: Leftovers
|-heal|p1a: Cain the Main Man|56/100|[from] item: Leftovers
|upkeep
|turn|19
|
|t:|1729037839
|move|p2a: Suicune|Rest|p2a: Suicune
|-status|p2a: Suicune|slp|[from] move: Rest
|-heal|p2a: Suicune|100/100 slp|[silent]
|move|p1a: Cain the Main Man|Earthquake|p2a: Suicune
|-damage|p2a: Suicune|81/100 slp
|
|-weather|Sandstorm|[upkeep]
|-damage|p2a: Suicune|75/100 slp|[from] Sandstorm
|-heal|p2a: Suicune|81/100 slp|[from] item: Leftovers
|-heal|p1a: Cain the Main Man|62/100|[from] item: Leftovers
|upkeep
|turn|20
|
|t:|1729037850
|-singleturn|p1a: Cain the Main Man|move: Focus Punch
|switch|p2a: Celebi|Celebi|86/100
|move|p1a: Cain the Main Man|Focus Punch|p2a: Celebi
|-resisted|p2a: Celebi
|-damage|p2a: Celebi|73/100
|
|-weather|Sandstorm|[upkeep]
|-damage|p2a: Celebi|67/100|[from] Sandstorm
|-heal|p2a: Celebi|73/100|[from] item: Leftovers
|-heal|p1a: Cain the Main Man|68/100|[from] item: Leftovers
|upkeep
|turn|21
|
|t:|1729037863
|switch|p1a: Jeri|Tyranitar, M|98/100 par
|move|p2a: Celebi|Leech Seed|p1a: Jeri
|-start|p1a: Jeri|move: Leech Seed
|
|-weather|Sandstorm|[upkeep]
|-damage|p2a: Celebi|67/100|[from] Sandstorm
|-heal|p2a: Celebi|73/100|[from] item: Leftovers
|-heal|p1a: Jeri|100/100 par|[from] item: Leftovers
|-damage|p1a: Jeri|88/100 par|[from] Leech Seed|[of] p2a: Celebi
|-heal|p2a: Celebi|86/100|[silent]
|upkeep
|turn|22
|
|t:|1729037873
|move|p2a: Celebi|Hidden Power|p1a: Jeri
|-supereffective|p1a: Jeri
|-damage|p1a: Jeri|45/100 par
|cant|p1a: Jeri|par
|
|-weather|Sandstorm|[upkeep]
|-damage|p2a: Celebi|79/100|[from] Sandstorm
|-heal|p2a: Celebi|86/100|[from] item: Leftovers
|-heal|p1a: Jeri|51/100 par|[from] item: Leftovers
|-damage|p1a: Jeri|39/100 par|[from] Leech Seed|[of] p2a: Celebi
|-heal|p2a: Celebi|98/100|[silent]
|upkeep
|turn|23
|
|t:|1729037886
|switch|p1a: Jimmi|Snorlax, M|74/100
|move|p2a: Celebi|Hidden Power|p1a: Jimmi
|-damage|p1a: Jimmi|60/100
|
|-weather|Sandstorm|[upkeep]
|-damage|p2a: Celebi|92/100|[from] Sandstorm
|-damage|p1a: Jimmi|53/100|[from] Sandstorm
|-heal|p2a: Celebi|98/100|[from] item: Leftovers
|-heal|p1a: Jimmi|60/100|[from] item: Leftovers
|upkeep
|turn|24
|
|t:|1729037896
|move|p2a: Celebi|Leech Seed|p1a: Jimmi
|-start|p1a: Jimmi|move: Leech Seed
|move|p1a: Jimmi|Body Slam|p2a: Celebi
|-damage|p2a: Celebi|70/100
|
|-weather|Sandstorm|[upkeep]
|-damage|p2a: Celebi|64/100|[from] Sandstorm
|-damage|p1a: Jimmi|53/100|[from] Sandstorm
|-heal|p2a: Celebi|70/100|[from] item: Leftovers
|-heal|p1a: Jimmi|60/100|[from] item: Leftovers
|-damage|p1a: Jimmi|47/100|[from] Leech Seed|[of] p2a: Celebi
|-heal|p2a: Celebi|85/100|[silent]
|upkeep
|turn|25
|
|t:|1729037921
|switch|p1a: Jeri|Tyranitar, M|39/100 par
|move|p2a: Celebi|Hidden Power|p1a: Jeri
|-supereffective|p1a: Jeri
|-damage|p1a: Jeri|0 fnt
|faint|p1a: Jeri
|
|t:|1729037935
|switch|p1a: Jimmi|Snorlax, M|47/100
|
|-weather|Sandstorm|[upkeep]
|-damage|p2a: Celebi|79/100|[from] Sandstorm
|-damage|p1a: Jimmi|41/100|[from] Sandstorm
|-heal|p2a: Celebi|85/100|[from] item: Leftovers
|-heal|p1a: Jimmi|47/100|[from] item: Leftovers
|upkeep
|turn|26
|
|t:|1729037942
|switch|p2a: Magneton|Magneton|100/100
|move|p1a: Jimmi|Body Slam|p2a: Magneton
|-resisted|p2a: Magneton
|-damage|p2a: Magneton|77/100
|
|-weather|Sandstorm|[upkeep]
|-damage|p1a: Jimmi|41/100|[from] Sandstorm
|-heal|p2a: Magneton|83/100|[from] item: Leftovers
|-heal|p1a: Jimmi|47/100|[from] item: Leftovers
|upkeep
|turn|27
|
|t:|1729037951
|switch|p2a: Claydol|Claydol|100/100
|move|p1a: Jimmi|Earthquake|p2a: Claydol
|-immune|p2a: Claydol
|
|-weather|Sandstorm|[upkeep]
|-damage|p1a: Jimmi|41/100|[from] Sandstorm
|-heal|p1a: Jimmi|47/100|[from] item: Leftovers
|upkeep
|turn|28
|
|t:|1729037962
|switch|p1a: Malcolm|Breloom, M|100/100
|move|p2a: Claydol|Earthquake|p1a: Malcolm
|-resisted|p1a: Malcolm
|-damage|p1a: Malcolm|75/100
|
|-weather|Sandstorm|[upkeep]
|-damage|p1a: Malcolm|69/100|[from] Sandstorm
|-heal|p1a: Malcolm|75/100|[from] item: Leftovers
|upkeep
|turn|29
|
|t:|1729037971
|move|p1a: Malcolm|Spore|p2a: Claydol
|-status|p2a: Claydol|slp|[from] move: Spore
|cant|p2a: Claydol|slp
|
|-weather|Sandstorm|[upkeep]
|-damage|p1a: Malcolm|69/100|[from] Sandstorm
|-heal|p1a: Malcolm|75/100|[from] item: Leftovers
|upkeep
|turn|30
|
|t:|1729037985
|-singleturn|p1a: Malcolm|move: Focus Punch
|-curestatus|p2a: Claydol|slp|[msg]
|move|p2a: Claydol|Psychic|p1a: Malcolm
|-supereffective|p1a: Malcolm
|-damage|p1a: Malcolm|0 fnt
|faint|p1a: Malcolm
|c|☆TefoShark|srry
|c|☆guebor|uh oh!
|c|☆TefoShark|that was luccky
|c|☆guebor|nah you're good hahah
|
|t:|1729038007
|switch|p1a: Cain the Main Man|Swampert, M|68/100
|
|-weather|Sandstorm|[upkeep]
|-heal|p1a: Cain the Main Man|74/100|[from] item: Leftovers
|upkeep
|turn|31
|c|☆guebor|Bad team to bring
|
|t:|1729038018
|switch|p2a: Magneton|Magneton|83/100
|move|p1a: Cain the Main Man|Hydro Pump|p2a: Magneton
|-damage|p2a: Magneton|0 fnt
|faint|p2a: Magneton
|
|t:|1729038023
|switch|p2a: Celebi|Celebi|85/100
|
|-weather|Sandstorm|[upkeep]
|-damage|p2a: Celebi|79/100|[from] Sandstorm
|-heal|p2a: Celebi|85/100|[from] item: Leftovers
|-heal|p1a: Cain the Main Man|80/100|[from] item: Leftovers
|upkeep
|turn|32
|
|t:|1729038031
|switch|p1a: Jimmi|Snorlax, M|47/100
|move|p2a: Celebi|Hidden Power|p1a: Jimmi
|-damage|p1a: Jimmi|34/100
|
|-weather|Sandstorm|[upkeep]
|-damage|p2a: Celebi|79/100|[from] Sandstorm
|-damage|p1a: Jimmi|28/100|[from] Sandstorm
|-heal|p2a: Celebi|85/100|[from] item: Leftovers
|-heal|p1a: Jimmi|34/100|[from] item: Leftovers
|upkeep
|turn|33
|
|t:|1729038041
|switch|p2a: Suicune|Suicune|81/100 slp
|move|p1a: Jimmi|Body Slam|p2a: Suicune
|-damage|p2a: Suicune|57/100 slp
|
|-weather|Sandstorm|[upkeep]
|-damage|p2a: Suicune|51/100 slp|[from] Sandstorm
|-damage|p1a: Jimmi|28/100|[from] Sandstorm
|-heal|p2a: Suicune|57/100 slp|[from] item: Leftovers
|-heal|p1a: Jimmi|34/100|[from] item: Leftovers
|upkeep
|turn|34
|
|t:|1729038050
|cant|p2a: Suicune|slp
|move|p1a: Jimmi|Self-Destruct|p2a: Suicune
|-damage|p2a: Suicune|0 fnt
|faint|p1a: Jimmi
|faint|p2a: Suicune
|
|t:|1729038058
|switch|p2a: Claydol|Claydol|100/100
|switch|p1a: Andy|Zapdos|95/100
|
|-weather|Sandstorm|[upkeep]
|-damage|p1a: Andy|89/100|[from] Sandstorm
|-heal|p1a: Andy|95/100|[from] item: Leftovers
|upkeep
|turn|35
|
|t:|1729038065
|move|p1a: Andy|Hidden Power|p2a: Claydol
|-supereffective|p2a: Claydol
|-damage|p2a: Claydol|54/100
|move|p2a: Claydol|Explosion|p1a: Andy
|-damage|p1a: Andy|0 fnt
|faint|p2a: Claydol
|faint|p1a: Andy
|
|t:|1729038072
|switch|p1a: Cain the Main Man|Swampert, M|80/100
|switch|p2a: Celebi|Celebi|85/100
|
|-weather|Sandstorm|[upkeep]
|-damage|p2a: Celebi|79/100|[from] Sandstorm
|-heal|p2a: Celebi|85/100|[from] item: Leftovers
|-heal|p1a: Cain the Main Man|86/100|[from] item: Leftovers
|upkeep
|turn|36
|c|☆guebor|ggs
|c|☆TefoShark|gg
|
|t:|1729038080
|move|p2a: Celebi|Hidden Power|p1a: Cain the Main Man
|-supereffective|p1a: Cain the Main Man
|-damage|p1a: Cain the Main Man|0 fnt
|faint|p1a: Cain the Main Man
|
|win|TefoShark

</script>
<script type="application/json" class="data" id="replaydata-smogtours-gen3ou-799077">
{"id":"smogtours-gen3ou-799077","format":"[Gen 3] OU","players":["guebor","TefoShark"],"uploadtime":1729038080,"views":95,"formatid":"gen3ou","rating":null,"private":0,"password":null}
</script>

<script defer src="js/replays.js?9d40a366"></script>
