<!DOCTYPE html>
<meta charset="utf-8" />
<meta name="viewport" content="width=device-width" />

<title>[Gen 3] OU: draccuscomun vs. aldrich_unfaithful - Replays - Pok&eacute;mon Showdown!</title>

<meta name="description" content="Watch a replay of a Pok&eacute;mon battle between draccuscomun and aldrich_unfaithful! Format: [Gen 3] OU; Date: Oct 24, 2024" />
<!--

Hey, you! Looking in the source for the replay log?

You can find them in JSON format, just add `.json` at the end of a replay URL.

https://replay.pokemonshowdown.com/gen7randomdoublesbattle-865046831.json

Or, if you only need the log itself, add `.log` instead:

https://replay.pokemonshowdown.com/gen7randomdoublesbattle-865046831.log

-->

<link rel="stylesheet" href="//pokemonshowdown.com/style/global.css?0.767286132409787" />
<link rel="stylesheet" href="//play.pokemonshowdown.com/style/font-awesome.css?0.9266228007934947" />
<link rel="stylesheet" href="//play.pokemonshowdown.com/style/battle.css?0.7924700842790926" />
<link rel="stylesheet" href="//play.pokemonshowdown.com/style/utilichart.css?0.8777417872839479" />

<!-- Global site tag (gtag.js) - Google Analytics -->
<script async src="https://www.googletagmanager.com/gtag/js?id=UA-26211653-1"></script>
<script>
  window.dataLayer = window.dataLayer || [];
  function gtag(){dataLayer.push(arguments);}
  gtag('js', new Date());

  gtag('config', 'UA-26211653-1');
</script>
<!-- End Google Analytics -->
<!-- Venatus Ad Manager - Install in <HEAD> of page -->
	<script src="https://hb.vntsm.com/v3/live/ad-manager.min.js" type="text/javascript" data-site-id="642aba63ec9a7b11c3c9c1be" data-mode="scan" async></script>
<!-- / Venatus Ad Manager -->

<style>
	@media (max-width:820px) {
		.battle {
			margin: 0 auto;
		}
		.battle-log {
			margin: 7px auto 0;
			max-width: 640px;
			height: 300px;
			position: static;
		}
	}
	.optgroup {
		display: inline-block;
		line-height: 22px;
		font-size: 10pt;
	}
	.optgroup .button {
		height: 25px;
		padding-top: 0;
		padding-bottom: 0;
	}
	.optgroup button.button {
		padding-left: 12px;
		padding-right: 12px;
	}
	.linklist {
		list-style: none;
		margin: 0.5em 0;
		padding: 0;
	}
	.linklist li {
		padding: 2px 0;
	}
	.sidebar {
		float: left;
		width: 320px;
	}
	.bar-wrapper {
		max-width: 1100px;
		margin: 0 auto;
	}
	.bar-wrapper.has-sidebar {
		max-width: 1430px;
	}
	.mainbar {
		margin: 0;
		padding-right: 1px;
	}
	.mainbar.has-sidebar {
		margin-left: 330px;
	}
	@media (min-width: 1511px) {
		.sidebar {
			width: 400px;
		}
		.bar-wrapper.has-sidebar {
			max-width: 1510px;
		}
		.mainbar.has-sidebar {
			margin-left: 410px;
		}
	}
	.section.first-section {
		margin-top: 9px;
	}
	.blocklink small {
		white-space: normal;
	}
	.button {
		vertical-align: middle;
	}
	.replay-controls {
		padding-top: 10px;
	}
	.replay-controls h1 {
		font-size: 16pt;
		font-weight: normal;
		color: #CCC;
	}
	.pagelink {
		text-align: center;
	}
	.pagelink a {
		width: 150px;
	}
	.textbox, .button {
		font-size: 11pt;
		vertical-align: middle;
	}
	@media (max-width: 450px) {
		.button {
			font-size: 9pt;
		}
	}
</style>

<div>

	<header>
		<div class="nav-wrapper"><ul class="nav">
			<li><a class="button nav-first" href="//pokemonshowdown.com/"><img src="//pokemonshowdown.com/images/pokemonshowdownbeta.png" srcset="//pokemonshowdown.com/images/pokemonshowdownbeta.png 1x, //pokemonshowdown.com/images/pokemonshowdownbeta@2x.png 2x" alt="Pok&eacute;mon Showdown" width="146" height="44" /> Home</a></li>
			<li><a class="button" href="//pokemonshowdown.com/dex/">Pok&eacute;dex</a></li>
			<li><a class="button cur" href="/">Replays</a></li>
			<li><a class="button" href="//pokemonshowdown.com/ladder/">Ladder</a></li>
			<li><a class="button nav-last" href="//pokemonshowdown.com/forums/">Forum</a></li>
			<li><a class="button greenbutton nav-first nav-last" href="//play.pokemonshowdown.com/">Play</a></li>
		</ul></div>
	</header>

	<div class="main" id="main">

		<noscript><section class="section">You need to enable JavaScript to use this page; sorry!</section></noscript>

	</div>

</div>

<script defer nomodule src="//play.pokemonshowdown.com/js/lib/ps-polyfill.js"></script>
<script defer src="//play.pokemonshowdown.com/js/lib/preact.min.js"></script>

<script defer src="//play.pokemonshowdown.com/config/config.js?6dec07f6"></script>
<script defer src="//play.pokemonshowdown.com/js/lib/jquery-1.11.0.min.js"></script>
<script defer src="//play.pokemonshowdown.com/js/lib/html-sanitizer-minified.js"></script>
<script defer src="//play.pokemonshowdown.com/js/battle-sound.js"></script>
<script defer src="//play.pokemonshowdown.com/js/battledata.js?0.6315294753075389"></script>
<script defer src="//play.pokemonshowdown.com/data/pokedex-mini.js?0.7603743185311358"></script>
<script defer src="//play.pokemonshowdown.com/data/pokedex-mini-bw.js?0.030888842834281283"></script>
<script defer src="//play.pokemonshowdown.com/data/graphics.js?0.05593094747507488"></script>
<script defer src="//play.pokemonshowdown.com/data/pokedex.js?0.47064822249611904"></script>
<script defer src="//play.pokemonshowdown.com/data/moves.js?0.8583693120512459"></script>
<script defer src="//play.pokemonshowdown.com/data/abilities.js?0.16017181182386842"></script>
<script defer src="//play.pokemonshowdown.com/data/items.js?0.4163379185673943"></script>
<script defer src="//play.pokemonshowdown.com/data/teambuilder-tables.js?0.31075597372830477"></script>
<script defer src="//play.pokemonshowdown.com/js/battle-tooltips.js?0.6536193500708172"></script>
<script defer src="//play.pokemonshowdown.com/js/battle.js?0.1916591943277901"></script>

<script defer src="js/utils.js?e31f9a17"></script>
<script defer src="js/replays-battle.js?7008c182"></script>

<!-- don't scrape this data! just add .json or .log after the URL!
Full API docs: https://github.com/smogon/pokemon-showdown-client/blob/master/WEB-API.md -->
<script type="text/plain" class="log" id="replaylog-smogtours-gen3ou-801541">
|inactive|Battle timer is ON: inactive players will automatically lose when time's up.
|t:|1729781021
|gametype|singles
|player|p1|draccuscomun|ruinmaniac|
|player|p2|aldrich_unfaithful|veteranf|
|teamsize|p1|6
|teamsize|p2|6
|gen|3
|tier|[Gen 3] OU
|rule|Sleep Clause Mod: Limit one foe put to sleep
|rule|Switch Priority Clause Mod: Faster Pokémon switch first
|rule|Species Clause: Limit one of each Pokémon
|rule|OHKO Clause: OHKO moves are banned
|rule|Evasion Items Clause: Evasion items are banned
|rule|Evasion Moves Clause: Evasion moves are banned
|rule|Endless Battle Clause: Forcing endless battles is banned
|rule|HP Percentage Mod: HP is shown in percentages
|rule|One Boost Passer Clause: Limit one Baton Passer that has a way to boost its stats
|rule|Freeze Clause Mod: Limit one foe frozen
|
|t:|1729781021
|start
|switch|p1a: Salamence|Salamence, F|100/100
|switch|p2a: Metagross|Metagross|100/100
|-ability|p1a: Salamence|Intimidate|boost
|-fail|p2a: Metagross|unboost|[from] ability: Clear Body|[of] p2a: Metagross
|turn|1
|c|☆aldrich_unfaithful|glhf
|c|☆draccuscomun|glhf
|
|t:|1729781049
|switch|p1a: Swampert|Swampert, M|100/100
|switch|p2a: Zapdos|Zapdos|100/100
|
|upkeep
|turn|2
|
|t:|1729781056
|switch|p1a: Snorlax|Snorlax, F|100/100
|move|p2a: Zapdos|Toxic|p1a: Snorlax|[miss]
|-miss|p2a: Zapdos|p1a: Snorlax
|
|upkeep
|turn|3
|
|t:|1729781062
|-singleturn|p1a: Snorlax|move: Focus Punch
|switch|p2a: Metagross|Metagross|100/100
|move|p1a: Snorlax|Focus Punch|p2a: Metagross
|-damage|p2a: Metagross|70/100
|
|-heal|p2a: Metagross|76/100|[from] item: Leftovers
|upkeep
|turn|4
|
|t:|1729781084
|switch|p1a: Umbreon|Umbreon, M, shiny|100/100
|move|p2a: Metagross|Meteor Mash|p1a: Umbreon
|-damage|p1a: Umbreon|63/100
|
|-heal|p2a: Metagross|82/100|[from] item: Leftovers
|-heal|p1a: Umbreon|69/100|[from] item: Leftovers
|upkeep
|turn|5
|
|t:|1729781104
|move|p2a: Metagross|Meteor Mash|p1a: Umbreon
|-damage|p1a: Umbreon|26/100
|move|p1a: Umbreon|Wish|p1a: Umbreon
|
|-heal|p2a: Metagross|88/100|[from] item: Leftovers
|-heal|p1a: Umbreon|32/100|[from] item: Leftovers
|upkeep
|turn|6
|
|t:|1729781115
|switch|p1a: Swampert|Swampert, M|100/100
|move|p2a: Metagross|Earthquake|p1a: Swampert
|-damage|p1a: Swampert|74/100
|
|-heal|p1a: Swampert|100/100|[from] move: Wish|[wisher] Umbreon
|-heal|p2a: Metagross|94/100|[from] item: Leftovers
|upkeep
|turn|7
|
|t:|1729781124
|switch|p2a: Zapdos|Zapdos|100/100
|move|p1a: Swampert|Ice Beam|p2a: Zapdos
|-supereffective|p2a: Zapdos
|-damage|p2a: Zapdos|73/100
|
|-heal|p2a: Zapdos|79/100|[from] item: Leftovers
|upkeep
|turn|8
|
|t:|1729781138
|switch|p2a: Metagross|Metagross|94/100
|switch|p1a: Umbreon|Umbreon, M, shiny|32/100
|
|-heal|p2a: Metagross|99/100|[from] item: Leftovers
|-heal|p1a: Umbreon|38/100|[from] item: Leftovers
|upkeep
|turn|9
|
|t:|1729781148
|switch|p1a: Swampert|Swampert, M|100/100
|move|p2a: Metagross|Meteor Mash|p1a: Swampert
|-resisted|p1a: Swampert
|-damage|p1a: Swampert|83/100
|
|-heal|p2a: Metagross|100/100|[from] item: Leftovers
|-heal|p1a: Swampert|89/100|[from] item: Leftovers
|upkeep
|turn|10
|
|t:|1729781160
|switch|p2a: Blissey|Blissey, F|100/100
|move|p1a: Swampert|Earthquake|p2a: Blissey
|-damage|p2a: Blissey|64/100
|
|-heal|p2a: Blissey|70/100|[from] item: Leftovers
|-heal|p1a: Swampert|95/100|[from] item: Leftovers
|upkeep
|turn|11
|
|t:|1729781169
|switch|p1a: Umbreon|Umbreon, M, shiny|38/100
|move|p2a: Blissey|Toxic|p1a: Umbreon|[miss]
|-miss|p2a: Blissey|p1a: Umbreon
|
|-heal|p1a: Umbreon|45/100|[from] item: Leftovers
|-heal|p2a: Blissey|76/100|[from] item: Leftovers
|upkeep
|turn|12
|
|t:|1729781176
|move|p1a: Umbreon|Wish|p1a: Umbreon
|move|p2a: Blissey|Toxic|p1a: Umbreon
|-status|p1a: Umbreon|tox
|-status|p2a: Blissey|psn|[from] ability: Synchronize|[of] p1a: Umbreon
|
|-heal|p1a: Umbreon|51/100 tox|[from] item: Leftovers
|-damage|p1a: Umbreon|45/100 tox|[from] psn
|-heal|p2a: Blissey|82/100 psn|[from] item: Leftovers
|-damage|p2a: Blissey|70/100 psn|[from] psn
|upkeep
|turn|13
|
|t:|1729781189
|-curestatus|p2a: Blissey|psn|[from] ability: Natural Cure
|switch|p2a: Metagross|Metagross|100/100
|move|p1a: Umbreon|Taunt|p2a: Metagross
|-start|p2a: Metagross|move: Taunt
|
|-heal|p1a: Umbreon|94/100 tox|[from] move: Wish|[wisher] Umbreon
|-heal|p1a: Umbreon|100/100 tox|[from] item: Leftovers
|-damage|p1a: Umbreon|88/100 tox|[from] psn
|upkeep
|turn|14
|
|t:|1729781199
|switch|p2a: Zapdos|Zapdos|79/100
|switch|p1a: Swampert|Swampert, M|95/100
|
|-heal|p2a: Zapdos|86/100|[from] item: Leftovers
|-heal|p1a: Swampert|100/100|[from] item: Leftovers
|upkeep
|turn|15
|
|t:|1729781207
|switch|p2a: Metagross|Metagross|100/100
|switch|p1a: Snorlax|Snorlax, F|100/100
|
|upkeep
|turn|16
|
|t:|1729781215
|switch|p1a: Swampert|Swampert, M|100/100
|move|p2a: Metagross|Meteor Mash|p1a: Swampert
|-resisted|p1a: Swampert
|-damage|p1a: Swampert|82/100
|-boost|p2a: Metagross|atk|1
|
|-heal|p1a: Swampert|88/100|[from] item: Leftovers
|upkeep
|turn|17
|
|t:|1729781226
|switch|p2a: Zapdos|Zapdos|86/100
|move|p1a: Swampert|Earthquake|p2a: Zapdos
|-immune|p2a: Zapdos
|
|-heal|p2a: Zapdos|92/100|[from] item: Leftovers
|-heal|p1a: Swampert|94/100|[from] item: Leftovers
|upkeep
|turn|18
|
|t:|1729781240
|switch|p1a: Gengar|Gengar, F, shiny|100/100
|move|p2a: Zapdos|Thunderbolt|p1a: Gengar
|-damage|p1a: Gengar|51/100
|
|-heal|p1a: Gengar|57/100|[from] item: Leftovers
|-heal|p2a: Zapdos|98/100|[from] item: Leftovers
|upkeep
|turn|19
|
|t:|1729781252
|move|p1a: Gengar|Ice Punch|p2a: Zapdos
|-supereffective|p2a: Zapdos
|-damage|p2a: Zapdos|68/100
|move|p2a: Zapdos|Thunderbolt|p1a: Gengar
|-damage|p1a: Gengar|12/100
|
|-heal|p1a: Gengar|18/100|[from] item: Leftovers
|-heal|p2a: Zapdos|75/100|[from] item: Leftovers
|upkeep
|turn|20
|
|t:|1729781263
|move|p1a: Gengar|Explosion|p2a: Zapdos
|-damage|p2a: Zapdos|0 fnt
|faint|p1a: Gengar
|faint|p2a: Zapdos
|
|t:|1729781294
|switch|p1a: Salamence|Salamence, F|100/100
|switch|p2a: Blissey|Blissey, F|70/100
|-ability|p1a: Salamence|Intimidate|boost
|-unboost|p2a: Blissey|atk|1
|
|-heal|p2a: Blissey|76/100|[from] item: Leftovers
|upkeep
|turn|21
|
|t:|1729781305
|switch|p1a: Umbreon|Umbreon, M, shiny|88/100 tox
|switch|p2a: Swampert|Swampert, F|100/100
|
|-heal|p1a: Umbreon|94/100 tox|[from] item: Leftovers
|-damage|p1a: Umbreon|88/100 tox|[from] psn
|upkeep
|turn|22
|
|t:|1729781316
|move|p1a: Umbreon|Curse|p1a: Umbreon
|-unboost|p1a: Umbreon|spe|1
|-boost|p1a: Umbreon|atk|1
|-boost|p1a: Umbreon|def|1
|move|p2a: Swampert|Surf|p1a: Umbreon
|-damage|p1a: Umbreon|73/100 tox
|
|-heal|p1a: Umbreon|79/100 tox|[from] item: Leftovers
|-damage|p1a: Umbreon|67/100 tox|[from] psn
|upkeep
|turn|23
|
|t:|1729781329
|move|p1a: Umbreon|Wish|p1a: Umbreon
|move|p2a: Swampert|Roar|p1a: Umbreon
|drag|p1a: Salamence|Salamence, F|100/100
|-ability|p1a: Salamence|Intimidate|boost
|-unboost|p2a: Swampert|atk|1
|
|upkeep
|turn|24
|
|t:|1729781340
|switch|p2a: Metagross|Metagross|100/100
|move|p1a: Salamence|Hidden Power|p2a: Metagross
|-resisted|p2a: Metagross
|-damage|p2a: Metagross|89/100
|
|-heal|p2a: Metagross|95/100|[from] item: Leftovers
|upkeep
|turn|25
|inactive|aldrich_unfaithful has 270 seconds left.
|
|t:|1729781380
|move|p1a: Salamence|Fire Blast|p2a: Metagross
|-supereffective|p2a: Metagross
|-damage|p2a: Metagross|17/100
|move|p2a: Metagross|Meteor Mash|p1a: Salamence
|-damage|p1a: Salamence|25/100
|
|-heal|p1a: Salamence|31/100|[from] item: Leftovers
|-heal|p2a: Metagross|23/100|[from] item: Leftovers
|upkeep
|turn|26
|inactive|aldrich_unfaithful has 270 seconds left.
|
|t:|1729781393
|switch|p2a: Dragonite|Dragonite, M|100/100
|move|p1a: Salamence|Fire Blast|p2a: Dragonite
|-resisted|p2a: Dragonite
|-damage|p2a: Dragonite|82/100
|
|-heal|p1a: Salamence|37/100|[from] item: Leftovers
|-heal|p2a: Dragonite|89/100|[from] item: Leftovers
|upkeep
|turn|27
|inactive|aldrich_unfaithful has 270 seconds left.
|inactive|draccuscomun has 270 seconds left.
|
|t:|1729781424
|switch|p1a: Umbreon|Umbreon, M, shiny|67/100 tox
|move|p2a: Dragonite|Hidden Power|p1a: Umbreon
|-damage|p1a: Umbreon|45/100 tox
|
|-heal|p2a: Dragonite|95/100|[from] item: Leftovers
|-heal|p1a: Umbreon|51/100 tox|[from] item: Leftovers
|-damage|p1a: Umbreon|45/100 tox|[from] psn
|upkeep
|turn|28
|inactive|draccuscomun has 270 seconds left.
|
|t:|1729781434
|move|p2a: Dragonite|Hidden Power|p1a: Umbreon
|-damage|p1a: Umbreon|22/100 tox
|move|p1a: Umbreon|Wish|p1a: Umbreon
|
|-heal|p2a: Dragonite|100/100|[from] item: Leftovers
|-heal|p1a: Umbreon|28/100 tox|[from] item: Leftovers
|-damage|p1a: Umbreon|16/100 tox|[from] psn
|upkeep
|turn|29
|
|t:|1729781442
|switch|p2a: Metagross|Metagross|23/100
|move|p1a: Umbreon|Baton Pass|p1a: Umbreon
|
|t:|1729781445
|switch|p1a: Salamence|Salamence, F|37/100|[from] Baton Pass
|-ability|p1a: Salamence|Intimidate|boost
|-fail|p2a: Metagross|unboost|[from] ability: Clear Body|[of] p2a: Metagross
|
|-heal|p1a: Salamence|87/100|[from] move: Wish|[wisher] Umbreon
|-heal|p1a: Salamence|93/100|[from] item: Leftovers
|-heal|p2a: Metagross|29/100|[from] item: Leftovers
|upkeep
|turn|30
|
|t:|1729781454
|switch|p2a: Blissey|Blissey, F|76/100
|move|p1a: Salamence|Dragon Claw|p2a: Blissey
|-damage|p2a: Blissey|59/100
|
|-heal|p1a: Salamence|99/100|[from] item: Leftovers
|-heal|p2a: Blissey|65/100|[from] item: Leftovers
|upkeep
|turn|31
|
|t:|1729781463
|switch|p1a: Umbreon|Umbreon, M, shiny|16/100 tox
|move|p2a: Blissey|Soft-Boiled|p2a: Blissey
|-heal|p2a: Blissey|100/100
|
|-heal|p1a: Umbreon|22/100 tox|[from] item: Leftovers
|-damage|p1a: Umbreon|16/100 tox|[from] psn
|upkeep
|turn|32
|
|t:|1729781470
|move|p1a: Umbreon|Wish|p1a: Umbreon
|move|p2a: Blissey|Calm Mind|p2a: Blissey
|-boost|p2a: Blissey|spa|1
|-boost|p2a: Blissey|spd|1
|
|-heal|p1a: Umbreon|22/100 tox|[from] item: Leftovers
|-damage|p1a: Umbreon|10/100 tox|[from] psn
|upkeep
|turn|33
|
|t:|1729781480
|move|p1a: Umbreon|Taunt|p2a: Blissey
|-start|p2a: Blissey|move: Taunt
|move|p2a: Blissey|Flamethrower|p1a: Umbreon
|-damage|p1a: Umbreon|0 fnt
|faint|p1a: Umbreon
|
|t:|1729781487
|switch|p1a: Snorlax|Snorlax, F|100/100
|
|upkeep
|turn|34
|
|t:|1729781496
|switch|p2a: Swampert|Swampert, F|100/100
|move|p1a: Snorlax|Return|p2a: Swampert
|-damage|p2a: Swampert|68/100
|
|-heal|p2a: Swampert|75/100|[from] item: Leftovers
|upkeep
|turn|35
|
|t:|1729781506
|move|p1a: Snorlax|Return|p2a: Swampert
|-damage|p2a: Swampert|47/100
|move|p2a: Swampert|Roar|p1a: Snorlax
|drag|p1a: Aerodactyl|Aerodactyl, F|100/100
|
|-heal|p2a: Swampert|53/100|[from] item: Leftovers
|upkeep
|turn|36
|
|t:|1729781520
|switch|p1a: Salamence|Salamence, F|99/100
|-ability|p1a: Salamence|Intimidate|boost
|-unboost|p2a: Swampert|atk|1
|move|p2a: Swampert|Rest|p2a: Swampert
|-status|p2a: Swampert|slp|[from] move: Rest
|-heal|p2a: Swampert|100/100 slp|[silent]
|
|-heal|p1a: Salamence|100/100|[from] item: Leftovers
|upkeep
|turn|37
|
|t:|1729781534
|switch|p2a: Blissey|Blissey, F|100/100
|move|p1a: Salamence|Brick Break|p2a: Blissey
|-supereffective|p2a: Blissey
|-damage|p2a: Blissey|51/100
|
|-heal|p2a: Blissey|57/100|[from] item: Leftovers
|upkeep
|turn|38
|
|t:|1729781544
|move|p1a: Salamence|Brick Break|p2a: Blissey
|-supereffective|p2a: Blissey
|-damage|p2a: Blissey|10/100
|move|p2a: Blissey|Soft-Boiled|p2a: Blissey
|-heal|p2a: Blissey|60/100
|
|-heal|p2a: Blissey|66/100|[from] item: Leftovers
|upkeep
|turn|39
|
|t:|1729781551
|move|p1a: Salamence|Brick Break|p2a: Blissey
|-supereffective|p2a: Blissey
|-damage|p2a: Blissey|22/100
|move|p2a: Blissey|Soft-Boiled|p2a: Blissey
|-heal|p2a: Blissey|72/100
|
|-heal|p2a: Blissey|78/100|[from] item: Leftovers
|upkeep
|turn|40
|
|t:|1729781559
|switch|p1a: Snorlax|Snorlax, F|100/100
|move|p2a: Blissey|Soft-Boiled|p2a: Blissey
|-heal|p2a: Blissey|100/100
|
|upkeep
|turn|41
|
|t:|1729781568
|-singleturn|p1a: Snorlax|move: Focus Punch
|switch|p2a: Metagross|Metagross|29/100
|move|p1a: Snorlax|Focus Punch|p2a: Metagross
|-damage|p2a: Metagross|0 fnt
|faint|p2a: Metagross
|
|t:|1729781575
|switch|p2a: Dragonite|Dragonite, M|100/100
|
|upkeep
|turn|42
|
|t:|1729781587
|switch|p1a: Aerodactyl|Aerodactyl, F|100/100
|move|p2a: Dragonite|Hidden Power|p1a: Aerodactyl
|-resisted|p1a: Aerodactyl
|-damage|p1a: Aerodactyl|75/100
|
|upkeep
|turn|43
|
|t:|1729781599
|switch|p2a: Swampert|Swampert, F|100/100 slp
|move|p1a: Aerodactyl|Double-Edge|p2a: Swampert
|-damage|p2a: Swampert|77/100 slp
|
|-heal|p2a: Swampert|84/100 slp|[from] item: Leftovers
|upkeep
|turn|44
|
|t:|1729781629
|switch|p1a: Salamence|Salamence, F|100/100
|-ability|p1a: Salamence|Intimidate|boost
|-unboost|p2a: Swampert|atk|1
|cant|p2a: Swampert|slp
|move|p2a: Swampert|Sleep Talk|p2a: Swampert
|move|p2a: Swampert|Roar|p1a: Salamence|[from]Sleep Talk
|drag|p1a: Snorlax|Snorlax, F|100/100
|
|-heal|p2a: Swampert|90/100 slp|[from] item: Leftovers
|upkeep
|turn|45
|
|t:|1729781641
|cant|p2a: Swampert|slp
|move|p2a: Swampert|Sleep Talk|p2a: Swampert
|move|p2a: Swampert|Roar|p1a: Snorlax|[from]Sleep Talk
|drag|p1a: Aerodactyl|Aerodactyl, F|75/100
|
|-heal|p2a: Swampert|96/100 slp|[from] item: Leftovers
|upkeep
|turn|46
|
|t:|1729781648
|switch|p1a: Snorlax|Snorlax, F|100/100
|-curestatus|p2a: Swampert|slp|[msg]
|move|p2a: Swampert|Surf|p1a: Snorlax
|-damage|p1a: Snorlax|86/100
|
|-heal|p2a: Swampert|100/100|[from] item: Leftovers
|-heal|p1a: Snorlax|92/100|[from] item: Leftovers
|upkeep
|turn|47
|
|t:|1729781658
|switch|p2a: Dragonite|Dragonite, M|100/100
|move|p1a: Snorlax|Return|p2a: Dragonite
|-damage|p2a: Dragonite|69/100
|
|-heal|p2a: Dragonite|76/100|[from] item: Leftovers
|-heal|p1a: Snorlax|98/100|[from] item: Leftovers
|upkeep
|turn|48
|
|t:|1729781667
|switch|p1a: Swampert|Swampert, M|94/100
|move|p2a: Dragonite|Hidden Power|p1a: Swampert
|-damage|p1a: Swampert|74/100
|
|-heal|p2a: Dragonite|82/100|[from] item: Leftovers
|-heal|p1a: Swampert|80/100|[from] item: Leftovers
|upkeep
|turn|49
|
|t:|1729781679
|switch|p2a: Swampert|Swampert, F|100/100
|switch|p1a: Snorlax|Snorlax, F|98/100
|
|-heal|p1a: Snorlax|100/100|[from] item: Leftovers
|upkeep
|turn|50
|
|t:|1729781699
|move|p2a: Swampert|Surf|p1a: Snorlax
|-damage|p1a: Snorlax|86/100
|move|p1a: Snorlax|Return|p2a: Swampert
|-damage|p2a: Swampert|71/100
|
|-heal|p2a: Swampert|78/100|[from] item: Leftovers
|-heal|p1a: Snorlax|92/100|[from] item: Leftovers
|upkeep
|turn|51
|
|t:|1729781708
|move|p2a: Swampert|Surf|p1a: Snorlax
|-damage|p1a: Snorlax|78/100
|move|p1a: Snorlax|Return|p2a: Swampert
|-damage|p2a: Swampert|50/100
|
|-heal|p2a: Swampert|56/100|[from] item: Leftovers
|-heal|p1a: Snorlax|84/100|[from] item: Leftovers
|upkeep
|turn|52
|
|t:|1729781720
|move|p2a: Swampert|Surf|p1a: Snorlax
|-damage|p1a: Snorlax|69/100
|move|p1a: Snorlax|Return|p2a: Swampert
|-damage|p2a: Swampert|27/100
|
|-heal|p2a: Swampert|33/100|[from] item: Leftovers
|-heal|p1a: Snorlax|76/100|[from] item: Leftovers
|upkeep
|turn|53
|
|t:|1729781729
|switch|p1a: Salamence|Salamence, F|100/100
|-ability|p1a: Salamence|Intimidate|boost
|-unboost|p2a: Swampert|atk|1
|move|p2a: Swampert|Rest|p2a: Swampert
|-status|p2a: Swampert|slp|[from] move: Rest
|-heal|p2a: Swampert|100/100 slp|[silent]
|
|upkeep
|turn|54
|
|t:|1729781740
|switch|p2a: Claydol|Claydol|100/100
|move|p1a: Salamence|Brick Break|p2a: Claydol
|-resisted|p2a: Claydol
|-damage|p2a: Claydol|90/100
|
|-heal|p2a: Claydol|96/100|[from] item: Leftovers
|upkeep
|turn|55
|
|t:|1729781748
|switch|p1a: Swampert|Swampert, M|80/100
|switch|p2a: Blissey|Blissey, F|100/100
|
|-heal|p1a: Swampert|86/100|[from] item: Leftovers
|upkeep
|turn|56
|
|t:|1729781755
|switch|p2a: Dragonite|Dragonite, M|82/100
|switch|p1a: Snorlax|Snorlax, F|76/100
|
|-heal|p2a: Dragonite|88/100|[from] item: Leftovers
|-heal|p1a: Snorlax|82/100|[from] item: Leftovers
|upkeep
|turn|57
|
|t:|1729781765
|switch|p1a: Swampert|Swampert, M|86/100
|move|p2a: Dragonite|Hidden Power|p1a: Swampert
|-damage|p1a: Swampert|65/100
|
|-heal|p2a: Dragonite|94/100|[from] item: Leftovers
|-heal|p1a: Swampert|71/100|[from] item: Leftovers
|upkeep
|turn|58
|
|t:|1729781778
|switch|p2a: Blissey|Blissey, F|100/100
|move|p1a: Swampert|Earthquake|p2a: Blissey
|-damage|p2a: Blissey|61/100
|
|-heal|p2a: Blissey|67/100|[from] item: Leftovers
|-heal|p1a: Swampert|77/100|[from] item: Leftovers
|upkeep
|turn|59
|
|t:|1729781788
|switch|p1a: Snorlax|Snorlax, F|82/100
|move|p2a: Blissey|Soft-Boiled|p2a: Blissey
|-heal|p2a: Blissey|100/100
|
|-heal|p1a: Snorlax|88/100|[from] item: Leftovers
|upkeep
|turn|60
|
|t:|1729781800
|switch|p2a: Dragonite|Dragonite, M|94/100
|switch|p1a: Salamence|Salamence, F|100/100
|-ability|p1a: Salamence|Intimidate|boost
|-unboost|p2a: Dragonite|atk|1
|
|-heal|p2a: Dragonite|100/100|[from] item: Leftovers
|upkeep
|turn|61
|
|t:|1729781808
|switch|p2a: Claydol|Claydol|96/100
|move|p1a: Salamence|Dragon Claw|p2a: Claydol
|-damage|p2a: Claydol|60/100
|
|-heal|p2a: Claydol|66/100|[from] item: Leftovers
|upkeep
|turn|62
|
|t:|1729781838
|switch|p2a: Blissey|Blissey, F|100/100
|move|p1a: Salamence|Hidden Power|p2a: Blissey
|-damage|p2a: Blissey|91/100
|
|-heal|p2a: Blissey|97/100|[from] item: Leftovers
|upkeep
|turn|63
|
|t:|1729781853
|switch|p1a: Snorlax|Snorlax, F|88/100
|move|p2a: Blissey|Flamethrower|p1a: Snorlax
|-damage|p1a: Snorlax|74/100
|
|-heal|p2a: Blissey|100/100|[from] item: Leftovers
|-heal|p1a: Snorlax|80/100|[from] item: Leftovers
|upkeep
|turn|64
|
|t:|1729781864
|switch|p2a: Dragonite|Dragonite, M|100/100
|move|p1a: Snorlax|Return|p2a: Dragonite
|-damage|p2a: Dragonite|73/100
|
|-heal|p2a: Dragonite|79/100|[from] item: Leftovers
|-heal|p1a: Snorlax|86/100|[from] item: Leftovers
|upkeep
|turn|65
|
|t:|1729781873
|move|p2a: Dragonite|Hidden Power|p1a: Snorlax
|-damage|p1a: Snorlax|60/100
|move|p1a: Snorlax|Return|p2a: Dragonite
|-crit|p2a: Dragonite
|-damage|p2a: Dragonite|17/100
|
|-heal|p2a: Dragonite|23/100|[from] item: Leftovers
|-heal|p1a: Snorlax|66/100|[from] item: Leftovers
|upkeep
|turn|66
|
|t:|1729781882
|move|p2a: Dragonite|Rest|p2a: Dragonite
|-status|p2a: Dragonite|slp|[from] move: Rest
|-heal|p2a: Dragonite|100/100 slp|[silent]
|move|p1a: Snorlax|Return|p2a: Dragonite
|-damage|p2a: Dragonite|72/100 slp
|
|-heal|p2a: Dragonite|78/100 slp|[from] item: Leftovers
|-heal|p1a: Snorlax|73/100|[from] item: Leftovers
|upkeep
|turn|67
|
|t:|1729781906
|switch|p1a: Salamence|Salamence, F|100/100
|-ability|p1a: Salamence|Intimidate|boost
|-unboost|p2a: Dragonite|atk|1
|cant|p2a: Dragonite|slp
|move|p2a: Dragonite|Sleep Talk|p2a: Dragonite
|move|p2a: Dragonite|Rest|p2a: Dragonite|[from]Sleep Talk
|
|-heal|p2a: Dragonite|84/100 slp|[from] item: Leftovers
|upkeep
|turn|68
|
|t:|1729781916
|switch|p2a: Blissey|Blissey, F|100/100
|move|p1a: Salamence|Brick Break|p2a: Blissey
|-supereffective|p2a: Blissey
|-damage|p2a: Blissey|53/100
|
|-heal|p2a: Blissey|59/100|[from] item: Leftovers
|upkeep
|turn|69
|
|t:|1729781922
|move|p1a: Salamence|Brick Break|p2a: Blissey
|-supereffective|p2a: Blissey
|-damage|p2a: Blissey|9/100
|move|p2a: Blissey|Soft-Boiled|p2a: Blissey
|-heal|p2a: Blissey|59/100
|
|-heal|p2a: Blissey|65/100|[from] item: Leftovers
|upkeep
|turn|70
|
|t:|1729781930
|move|p1a: Salamence|Brick Break|p2a: Blissey
|-supereffective|p2a: Blissey
|-damage|p2a: Blissey|20/100
|move|p2a: Blissey|Soft-Boiled|p2a: Blissey
|-heal|p2a: Blissey|70/100
|
|-heal|p2a: Blissey|77/100|[from] item: Leftovers
|upkeep
|turn|71
|
|t:|1729781937
|move|p1a: Salamence|Brick Break|p2a: Blissey
|-supereffective|p2a: Blissey
|-damage|p2a: Blissey|32/100
|move|p2a: Blissey|Soft-Boiled|p2a: Blissey
|-heal|p2a: Blissey|82/100
|
|-heal|p2a: Blissey|88/100|[from] item: Leftovers
|upkeep
|turn|72
|
|t:|1729781951
|switch|p1a: Snorlax|Snorlax, F|73/100
|move|p2a: Blissey|Toxic|p1a: Snorlax|[miss]
|-miss|p2a: Blissey|p1a: Snorlax
|
|-heal|p2a: Blissey|94/100|[from] item: Leftovers
|-heal|p1a: Snorlax|79/100|[from] item: Leftovers
|upkeep
|turn|73
|
|t:|1729781960
|switch|p2a: Dragonite|Dragonite, M|84/100 slp
|move|p1a: Snorlax|Return|p2a: Dragonite
|-damage|p2a: Dragonite|54/100 slp
|
|-heal|p2a: Dragonite|60/100 slp|[from] item: Leftovers
|-heal|p1a: Snorlax|85/100|[from] item: Leftovers
|upkeep
|turn|74
|
|t:|1729781977
|switch|p1a: Aerodactyl|Aerodactyl, F|75/100
|cant|p2a: Dragonite|slp
|move|p2a: Dragonite|Sleep Talk|p2a: Dragonite
|move|p2a: Dragonite|Hidden Power|p1a: Aerodactyl|[from]Sleep Talk
|-resisted|p1a: Aerodactyl
|-damage|p1a: Aerodactyl|49/100
|
|-heal|p2a: Dragonite|67/100 slp|[from] item: Leftovers
|upkeep
|turn|75
|
|t:|1729781990
|switch|p1a: Salamence|Salamence, F|100/100
|-ability|p1a: Salamence|Intimidate|boost
|-unboost|p2a: Dragonite|atk|1
|switch|p2a: Swampert|Swampert, F|100/100 slp
|
|upkeep
|turn|76
|
|t:|1729782000
|switch|p2a: Claydol|Claydol|66/100
|move|p1a: Salamence|Brick Break|p2a: Claydol
|-resisted|p2a: Claydol
|-damage|p2a: Claydol|56/100
|
|-heal|p2a: Claydol|62/100|[from] item: Leftovers
|upkeep
|turn|77
|
|t:|1729782013
|switch|p2a: Blissey|Blissey, F|94/100
|move|p1a: Salamence|Hidden Power|p2a: Blissey
|-damage|p2a: Blissey|85/100
|
|-heal|p2a: Blissey|91/100|[from] item: Leftovers
|upkeep
|turn|78
|
|t:|1729782026
|switch|p1a: Snorlax|Snorlax, F|85/100
|move|p2a: Blissey|Flamethrower|p1a: Snorlax
|-damage|p1a: Snorlax|72/100
|-status|p1a: Snorlax|brn
|
|-heal|p2a: Blissey|97/100|[from] item: Leftovers
|-heal|p1a: Snorlax|78/100 brn|[from] item: Leftovers
|-damage|p1a: Snorlax|66/100 brn|[from] brn
|upkeep
|turn|79
|
|t:|1729782040
|move|p2a: Blissey|Calm Mind|p2a: Blissey
|-boost|p2a: Blissey|spa|1
|-boost|p2a: Blissey|spd|1
|move|p1a: Snorlax|Self-Destruct|p2a: Blissey
|-damage|p2a: Blissey|3/100
|faint|p1a: Snorlax
|
|t:|1729782057
|switch|p1a: Salamence|Salamence, F|100/100
|-ability|p1a: Salamence|Intimidate|boost
|-unboost|p2a: Blissey|atk|1
|
|-heal|p2a: Blissey|9/100|[from] item: Leftovers
|upkeep
|turn|80
|inactive|aldrich_unfaithful has 270 seconds left.
|
|t:|1729782092
|switch|p2a: Claydol|Claydol|62/100
|move|p1a: Salamence|Brick Break|p2a: Claydol
|-resisted|p2a: Claydol
|-damage|p2a: Claydol|51/100
|
|-heal|p2a: Claydol|57/100|[from] item: Leftovers
|upkeep
|turn|81
|
|t:|1729782104
|switch|p1a: Aerodactyl|Aerodactyl, F|49/100
|move|p2a: Claydol|Psychic|p1a: Aerodactyl
|-damage|p1a: Aerodactyl|12/100
|
|-heal|p2a: Claydol|63/100|[from] item: Leftovers
|upkeep
|turn|82
|
|t:|1729782114
|move|p1a: Aerodactyl|Double-Edge|p2a: Claydol
|-damage|p2a: Claydol|27/100
|move|p2a: Claydol|Psychic|p1a: Aerodactyl
|-damage|p1a: Aerodactyl|0 fnt
|faint|p1a: Aerodactyl
|
|t:|1729782120
|switch|p1a: Salamence|Salamence, F|100/100
|-ability|p1a: Salamence|Intimidate|boost
|-unboost|p2a: Claydol|atk|1
|
|-heal|p2a: Claydol|33/100|[from] item: Leftovers
|upkeep
|turn|83
|
|t:|1729782137
|move|p1a: Salamence|Hidden Power|p2a: Claydol
|-supereffective|p2a: Claydol
|-damage|p2a: Claydol|0 fnt
|faint|p2a: Claydol
|
|t:|1729782146
|switch|p2a: Dragonite|Dragonite, M|67/100 slp
|
|-heal|p2a: Dragonite|73/100 slp|[from] item: Leftovers
|upkeep
|turn|84
|
|t:|1729782150
|move|p1a: Salamence|Dragon Claw|p2a: Dragonite
|-supereffective|p2a: Dragonite
|-damage|p2a: Dragonite|0 fnt
|faint|p2a: Dragonite
|
|t:|1729782153
|switch|p2a: Swampert|Swampert, F|100/100 slp
|
|upkeep
|turn|85
|
|t:|1729782157
|move|p1a: Salamence|Hidden Power|p2a: Swampert
|-supereffective|p2a: Swampert
|-damage|p2a: Swampert|20/100 slp
|cant|p2a: Swampert|slp
|move|p2a: Swampert|Sleep Talk|p2a: Swampert
|move|p2a: Swampert|Surf|p1a: Salamence|[from]Sleep Talk
|-resisted|p1a: Salamence
|-crit|p1a: Salamence
|-damage|p1a: Salamence|42/100
|
|-heal|p1a: Salamence|49/100|[from] item: Leftovers
|-heal|p2a: Swampert|27/100 slp|[from] item: Leftovers
|upkeep
|turn|86
|c|☆aldrich_unfaithful|gg
|
|t:|1729782168
|move|p1a: Salamence|Hidden Power|p2a: Swampert
|-supereffective|p2a: Swampert
|-damage|p2a: Swampert|0 fnt
|faint|p2a: Swampert
|
|t:|1729782171
|switch|p2a: Blissey|Blissey, F|9/100
|
|-heal|p1a: Salamence|55/100|[from] item: Leftovers
|-heal|p2a: Blissey|15/100|[from] item: Leftovers
|upkeep
|turn|87
|c|☆draccuscomun|gg wp
|
|t:|1729782177
|move|p1a: Salamence|Brick Break|p2a: Blissey
|-supereffective|p2a: Blissey
|-crit|p2a: Blissey
|-damage|p2a: Blissey|0 fnt
|faint|p2a: Blissey
|
|win|draccuscomun
|player|p1|

</script>
<script type="application/json" class="data" id="replaydata-smogtours-gen3ou-801541">
{"id":"smogtours-gen3ou-801541","format":"[Gen 3] OU","players":["draccuscomun","aldrich_unfaithful"],"uploadtime":1729782177,"views":82,"formatid":"gen3ou","rating":null,"private":0,"password":null}
</script>

<script defer src="js/replays.js?9d40a366"></script>
