<!DOCTYPE html>
<meta charset="utf-8" />
<meta name="viewport" content="width=device-width" />

<title>[Gen 3] OU: VZR vs. MeEsSm - Replays - Pok&eacute;mon Showdown!</title>

<meta name="description" content="Watch a replay of a Pok&eacute;mon battle between VZR and MeEsSm! Format: [Gen 3] OU; Date: Oct 29, 2024" />
<!--

Hey, you! Looking in the source for the replay log?

You can find them in JSON format, just add `.json` at the end of a replay URL.

https://replay.pokemonshowdown.com/gen7randomdoublesbattle-865046831.json

Or, if you only need the log itself, add `.log` instead:

https://replay.pokemonshowdown.com/gen7randomdoublesbattle-865046831.log

-->

<link rel="stylesheet" href="//pokemonshowdown.com/style/global.css?0.023195364461161105" />
<link rel="stylesheet" href="//play.pokemonshowdown.com/style/font-awesome.css?0.13261647063804238" />
<link rel="stylesheet" href="//play.pokemonshowdown.com/style/battle.css?0.8753245789963631" />
<link rel="stylesheet" href="//play.pokemonshowdown.com/style/utilichart.css?0.8627959624976733" />

<!-- Global site tag (gtag.js) - Google Analytics -->
<script async src="https://www.googletagmanager.com/gtag/js?id=UA-26211653-1"></script>
<script>
  window.dataLayer = window.dataLayer || [];
  function gtag(){dataLayer.push(arguments);}
  gtag('js', new Date());

  gtag('config', 'UA-26211653-1');
</script>
<!-- End Google Analytics -->
<!-- Venatus Ad Manager - Install in <HEAD> of page -->
	<script src="https://hb.vntsm.com/v3/live/ad-manager.min.js" type="text/javascript" data-site-id="642aba63ec9a7b11c3c9c1be" data-mode="scan" async></script>
<!-- / Venatus Ad Manager -->

<style>
	@media (max-width:820px) {
		.battle {
			margin: 0 auto;
		}
		.battle-log {
			margin: 7px auto 0;
			max-width: 640px;
			height: 300px;
			position: static;
		}
	}
	.optgroup {
		display: inline-block;
		line-height: 22px;
		font-size: 10pt;
	}
	.optgroup .button {
		height: 25px;
		padding-top: 0;
		padding-bottom: 0;
	}
	.optgroup button.button {
		padding-left: 12px;
		padding-right: 12px;
	}
	.linklist {
		list-style: none;
		margin: 0.5em 0;
		padding: 0;
	}
	.linklist li {
		padding: 2px 0;
	}
	.sidebar {
		float: left;
		width: 320px;
	}
	.bar-wrapper {
		max-width: 1100px;
		margin: 0 auto;
	}
	.bar-wrapper.has-sidebar {
		max-width: 1430px;
	}
	.mainbar {
		margin: 0;
		padding-right: 1px;
	}
	.mainbar.has-sidebar {
		margin-left: 330px;
	}
	@media (min-width: 1511px) {
		.sidebar {
			width: 400px;
		}
		.bar-wrapper.has-sidebar {
			max-width: 1510px;
		}
		.mainbar.has-sidebar {
			margin-left: 410px;
		}
	}
	.section.first-section {
		margin-top: 9px;
	}
	.blocklink small {
		white-space: normal;
	}
	.button {
		vertical-align: middle;
	}
	.replay-controls {
		padding-top: 10px;
	}
	.replay-controls h1 {
		font-size: 16pt;
		font-weight: normal;
		color: #CCC;
	}
	.pagelink {
		text-align: center;
	}
	.pagelink a {
		width: 150px;
	}
	.textbox, .button {
		font-size: 11pt;
		vertical-align: middle;
	}
	@media (max-width: 450px) {
		.button {
			font-size: 9pt;
		}
	}
</style>

<div>

	<header>
		<div class="nav-wrapper"><ul class="nav">
			<li><a class="button nav-first" href="//pokemonshowdown.com/"><img src="//pokemonshowdown.com/images/pokemonshowdownbeta.png" srcset="//pokemonshowdown.com/images/pokemonshowdownbeta.png 1x, //pokemonshowdown.com/images/pokemonshowdownbeta@2x.png 2x" alt="Pok&eacute;mon Showdown" width="146" height="44" /> Home</a></li>
			<li><a class="button" href="//pokemonshowdown.com/dex/">Pok&eacute;dex</a></li>
			<li><a class="button cur" href="/">Replays</a></li>
			<li><a class="button" href="//pokemonshowdown.com/ladder/">Ladder</a></li>
			<li><a class="button nav-last" href="//pokemonshowdown.com/forums/">Forum</a></li>
			<li><a class="button greenbutton nav-first nav-last" href="//play.pokemonshowdown.com/">Play</a></li>
		</ul></div>
	</header>

	<div class="main" id="main">

		<noscript><section class="section">You need to enable JavaScript to use this page; sorry!</section></noscript>

	</div>

</div>

<script defer nomodule src="//play.pokemonshowdown.com/js/lib/ps-polyfill.js"></script>
<script defer src="//play.pokemonshowdown.com/js/lib/preact.min.js"></script>

<script defer src="//play.pokemonshowdown.com/config/config.js?2bddbc15"></script>
<script defer src="//play.pokemonshowdown.com/js/lib/jquery-1.11.0.min.js"></script>
<script defer src="//play.pokemonshowdown.com/js/lib/html-sanitizer-minified.js"></script>
<script defer src="//play.pokemonshowdown.com/js/battle-sound.js"></script>
<script defer src="//play.pokemonshowdown.com/js/battledata.js?0.7209276989879541"></script>
<script defer src="//play.pokemonshowdown.com/data/pokedex-mini.js?0.6111056340867951"></script>
<script defer src="//play.pokemonshowdown.com/data/pokedex-mini-bw.js?0.3532142036491459"></script>
<script defer src="//play.pokemonshowdown.com/data/graphics.js?0.24223875632456182"></script>
<script defer src="//play.pokemonshowdown.com/data/pokedex.js?0.38839984266356864"></script>
<script defer src="//play.pokemonshowdown.com/data/moves.js?0.21866028504024015"></script>
<script defer src="//play.pokemonshowdown.com/data/abilities.js?0.2005157953846628"></script>
<script defer src="//play.pokemonshowdown.com/data/items.js?0.9894211263848525"></script>
<script defer src="//play.pokemonshowdown.com/data/teambuilder-tables.js?0.6008791140282215"></script>
<script defer src="//play.pokemonshowdown.com/js/battle-tooltips.js?0.7580118955022959"></script>
<script defer src="//play.pokemonshowdown.com/js/battle.js?0.6057722274234274"></script>

<script defer src="js/utils.js?e31f9a17"></script>
<script defer src="js/replays-battle.js?7008c182"></script>

<!-- don't scrape this data! just add .json or .log after the URL!
Full API docs: https://github.com/smogon/pokemon-showdown-client/blob/master/WEB-API.md -->
<script type="text/plain" class="log" id="replaylog-smogtours-gen3ou-803269">
|inactive|Battle timer is ON: inactive players will automatically lose when time's up.
|t:|1730227787
|gametype|singles
|player|p1|VZR|veteran|
|player|p2|MeEsSm|#roaplxyorknewyanma|
|teamsize|p1|6
|teamsize|p2|6
|gen|3
|tier|[Gen 3] OU
|rule|Sleep Clause Mod: Limit one foe put to sleep
|rule|Switch Priority Clause Mod: Faster Pokémon switch first
|rule|Species Clause: Limit one of each Pokémon
|rule|OHKO Clause: OHKO moves are banned
|rule|Evasion Items Clause: Evasion items are banned
|rule|Evasion Moves Clause: Evasion moves are banned
|rule|Endless Battle Clause: Forcing endless battles is banned
|rule|HP Percentage Mod: HP is shown in percentages
|rule|One Boost Passer Clause: Limit one Baton Passer that has a way to boost its stats
|rule|Freeze Clause Mod: Limit one foe frozen
|
|t:|1730227787
|start
|switch|p1a: S;F&2* QH$^m7<ZPn|Tyranitar, F|100/100
|switch|p2a: Metagross|Metagross|100/100
|-weather|Sandstorm|[from] ability: Sand Stream|[of] p1a: S;F&2* QH$^m7<ZPn
|turn|1
|c|☆VZR|hf
|
|t:|1730227796
|switch|p1a: M&Xwj/vBbmVLGy7. 6|Magneton|100/100
|move|p2a: Metagross|Meteor Mash|p1a: M&Xwj/vBbmVLGy7. 6
|-resisted|p1a: M&Xwj/vBbmVLGy7. 6
|-crit|p1a: M&Xwj/vBbmVLGy7. 6
|-damage|p1a: M&Xwj/vBbmVLGy7. 6|34/100
|-boost|p2a: Metagross|atk|1
|
|-weather|Sandstorm|[upkeep]
|upkeep
|turn|2
|
|t:|1730227805
|move|p1a: M&Xwj/vBbmVLGy7. 6|Thunderbolt|p2a: Metagross
|-damage|p2a: Metagross|36/100
|-status|p2a: Metagross|par
|cant|p2a: Metagross|par
|
|-weather|Sandstorm|[upkeep]
|upkeep
|turn|3
|c|+Fakes|lmao
|
|t:|1730227813
|move|p1a: M&Xwj/vBbmVLGy7. 6|Thunderbolt|p2a: Metagross
|-damage|p2a: Metagross|0 fnt
|faint|p2a: Metagross
|c|+Fakes|what a turn
|c|☆VZR|i'm sorry these have been so scuffed
|
|t:|1730227832
|switch|p2a: Magneton|Magneton|100/100
|
|-weather|Sandstorm|[upkeep]
|upkeep
|turn|4
|
|t:|1730227836
|move|p2a: Magneton|Hidden Power|p1a: M&Xwj/vBbmVLGy7. 6
|-supereffective|p1a: M&Xwj/vBbmVLGy7. 6
|-damage|p1a: M&Xwj/vBbmVLGy7. 6|0 fnt
|faint|p1a: M&Xwj/vBbmVLGy7. 6
|
|t:|1730227845
|switch|p1a: p>7`B3dAt/s2FUE^J+|Aerodactyl, M|100/100
|
|-weather|Sandstorm|[upkeep]
|upkeep
|turn|5
|
|t:|1730227855
|switch|p1a: y^t-K!$sHm PT'E&8S|Skarmory, M|100/100
|move|p2a: Magneton|Protect||[still]
|-fail|p2a: Magneton
|
|-weather|Sandstorm|[upkeep]
|upkeep
|turn|6
|
|t:|1730227864
|move|p2a: Magneton|Thunderbolt|p1a: y^t-K!$sHm PT'E&8S
|-supereffective|p1a: y^t-K!$sHm PT'E&8S
|-damage|p1a: y^t-K!$sHm PT'E&8S|0 fnt
|faint|p1a: y^t-K!$sHm PT'E&8S
|
|t:|1730227872
|switch|p1a: b 5L*u_tZr2dk Tg-}|Celebi|100/100
|
|-weather|Sandstorm|[upkeep]
|-damage|p1a: b 5L*u_tZr2dk Tg-}|94/100|[from] Sandstorm
|-heal|p1a: b 5L*u_tZr2dk Tg-}|100/100|[from] item: Leftovers
|upkeep
|turn|7
|c|☆MeEsSm|lmao
|
|t:|1730227881
|switch|p2a: Snorlax|Snorlax, F|100/100
|move|p1a: b 5L*u_tZr2dk Tg-}|Leech Seed|p2a: Snorlax
|-start|p2a: Snorlax|move: Leech Seed
|
|-weather|Sandstorm|[upkeep]
|-damage|p1a: b 5L*u_tZr2dk Tg-}|94/100|[from] Sandstorm
|-damage|p2a: Snorlax|94/100|[from] Sandstorm
|-heal|p1a: b 5L*u_tZr2dk Tg-}|100/100|[from] item: Leftovers
|-heal|p2a: Snorlax|100/100|[from] item: Leftovers
|-damage|p2a: Snorlax|88/100|[from] Leech Seed|[of] p1a: b 5L*u_tZr2dk Tg-}
|upkeep
|turn|8
|
|t:|1730227889
|switch|p1a: S;F&2* QH$^m7<ZPn|Tyranitar, F|100/100
|switch|p2a: Magneton|Magneton|100/100
|
|-weather|Sandstorm|[upkeep]
|upkeep
|turn|9
|
|t:|1730227901
|switch|p2a: Dugtrio|Dugtrio, M|100/100
|move|p1a: S;F&2* QH$^m7<ZPn|Brick Break|p2a: Dugtrio
|-damage|p2a: Dugtrio|55/100
|
|-weather|Sandstorm|[upkeep]
|upkeep
|turn|10
|
|t:|1730227906
|move|p2a: Dugtrio|Earthquake|p1a: S;F&2* QH$^m7<ZPn
|-supereffective|p1a: S;F&2* QH$^m7<ZPn
|-damage|p1a: S;F&2* QH$^m7<ZPn|9/100
|move|p1a: S;F&2* QH$^m7<ZPn|Crunch|p2a: Dugtrio
|-damage|p2a: Dugtrio|0 fnt
|faint|p2a: Dugtrio
|
|t:|1730227921
|switch|p2a: Gengar|Gengar, F|100/100
|
|-weather|Sandstorm|[upkeep]
|-damage|p2a: Gengar|94/100|[from] Sandstorm
|-heal|p2a: Gengar|100/100|[from] item: Leftovers
|-heal|p1a: S;F&2* QH$^m7<ZPn|16/100|[from] item: Leftovers
|upkeep
|turn|11
|
|t:|1730227931
|switch|p1a: F{ ^9@/'>A5J3dnh=N|Swampert, F|100/100
|move|p2a: Gengar|Night Shade|p1a: F{ ^9@/'>A5J3dnh=N
|-damage|p1a: F{ ^9@/'>A5J3dnh=N|76/100
|
|-weather|Sandstorm|[upkeep]
|-damage|p2a: Gengar|94/100|[from] Sandstorm
|-heal|p2a: Gengar|100/100|[from] item: Leftovers
|-heal|p1a: F{ ^9@/'>A5J3dnh=N|82/100|[from] item: Leftovers
|upkeep
|turn|12
|inactive|MeEsSm has 270 seconds left.
|
|t:|1730227962
|switch|p2a: Magneton|Magneton|100/100
|switch|p1a: S;F&2* QH$^m7<ZPn|Tyranitar, F|16/100
|
|-weather|Sandstorm|[upkeep]
|-heal|p1a: S;F&2* QH$^m7<ZPn|22/100|[from] item: Leftovers
|upkeep
|turn|13
|
|t:|1730227974
|switch|p1a: F{ ^9@/'>A5J3dnh=N|Swampert, F|82/100
|move|p2a: Magneton|Toxic|p1a: F{ ^9@/'>A5J3dnh=N
|-status|p1a: F{ ^9@/'>A5J3dnh=N|tox
|
|-weather|Sandstorm|[upkeep]
|-heal|p1a: F{ ^9@/'>A5J3dnh=N|88/100 tox|[from] item: Leftovers
|-damage|p1a: F{ ^9@/'>A5J3dnh=N|82/100 tox|[from] psn
|upkeep
|turn|14
|
|t:|1730227981
|switch|p2a: Snorlax|Snorlax, F|88/100
|move|p1a: F{ ^9@/'>A5J3dnh=N|Refresh|p1a: F{ ^9@/'>A5J3dnh=N
|-curestatus|p1a: F{ ^9@/'>A5J3dnh=N|tox|[msg]
|
|-weather|Sandstorm|[upkeep]
|-damage|p2a: Snorlax|82/100|[from] Sandstorm
|-heal|p1a: F{ ^9@/'>A5J3dnh=N|88/100|[from] item: Leftovers
|-heal|p2a: Snorlax|88/100|[from] item: Leftovers
|upkeep
|turn|15
|
|t:|1730227988
|switch|p1a: S;F&2* QH$^m7<ZPn|Tyranitar, F|22/100
|move|p2a: Snorlax|Curse|p2a: Snorlax
|-unboost|p2a: Snorlax|spe|1
|-boost|p2a: Snorlax|atk|1
|-boost|p2a: Snorlax|def|1
|
|-weather|Sandstorm|[upkeep]
|-damage|p2a: Snorlax|82/100|[from] Sandstorm
|-heal|p1a: S;F&2* QH$^m7<ZPn|28/100|[from] item: Leftovers
|-heal|p2a: Snorlax|88/100|[from] item: Leftovers
|upkeep
|turn|16
|
|t:|1730227995
|move|p1a: S;F&2* QH$^m7<ZPn|Brick Break|p2a: Snorlax
|-supereffective|p2a: Snorlax
|-damage|p2a: Snorlax|62/100
|move|p2a: Snorlax|Body Slam|p1a: S;F&2* QH$^m7<ZPn
|-resisted|p1a: S;F&2* QH$^m7<ZPn
|-damage|p1a: S;F&2* QH$^m7<ZPn|3/100
|-status|p1a: S;F&2* QH$^m7<ZPn|par
|
|-weather|Sandstorm|[upkeep]
|-damage|p2a: Snorlax|56/100|[from] Sandstorm
|-heal|p2a: Snorlax|62/100|[from] item: Leftovers
|-heal|p1a: S;F&2* QH$^m7<ZPn|9/100 par|[from] item: Leftovers
|upkeep
|turn|17
|
|t:|1730228004
|move|p2a: Snorlax|Body Slam|p1a: S;F&2* QH$^m7<ZPn
|-resisted|p1a: S;F&2* QH$^m7<ZPn
|-damage|p1a: S;F&2* QH$^m7<ZPn|0 fnt
|faint|p1a: S;F&2* QH$^m7<ZPn
|
|t:|1730228006
|switch|p1a: b 5L*u_tZr2dk Tg-}|Celebi|100/100
|
|-weather|Sandstorm|[upkeep]
|-damage|p1a: b 5L*u_tZr2dk Tg-}|94/100|[from] Sandstorm
|-damage|p2a: Snorlax|56/100|[from] Sandstorm
|-heal|p1a: b 5L*u_tZr2dk Tg-}|100/100|[from] item: Leftovers
|-heal|p2a: Snorlax|62/100|[from] item: Leftovers
|upkeep
|turn|18
|
|t:|1730228013
|move|p1a: b 5L*u_tZr2dk Tg-}|Leech Seed|p2a: Snorlax
|-start|p2a: Snorlax|move: Leech Seed
|move|p2a: Snorlax|Shadow Ball|p1a: b 5L*u_tZr2dk Tg-}
|-supereffective|p1a: b 5L*u_tZr2dk Tg-}
|-damage|p1a: b 5L*u_tZr2dk Tg-}|36/100
|-unboost|p1a: b 5L*u_tZr2dk Tg-}|spd|1
|
|-weather|Sandstorm|[upkeep]
|-damage|p1a: b 5L*u_tZr2dk Tg-}|30/100|[from] Sandstorm
|-damage|p2a: Snorlax|56/100|[from] Sandstorm
|-heal|p1a: b 5L*u_tZr2dk Tg-}|36/100|[from] item: Leftovers
|-heal|p2a: Snorlax|62/100|[from] item: Leftovers
|-damage|p2a: Snorlax|50/100|[from] Leech Seed|[of] p1a: b 5L*u_tZr2dk Tg-}
|-heal|p1a: b 5L*u_tZr2dk Tg-}|51/100|[silent]
|upkeep
|turn|19
|
|t:|1730228018
|switch|p2a: Gengar|Gengar, F|100/100
|move|p1a: b 5L*u_tZr2dk Tg-}|Recover|p1a: b 5L*u_tZr2dk Tg-}
|-heal|p1a: b 5L*u_tZr2dk Tg-}|100/100
|
|-weather|Sandstorm|[upkeep]
|-damage|p2a: Gengar|94/100|[from] Sandstorm
|-damage|p1a: b 5L*u_tZr2dk Tg-}|94/100|[from] Sandstorm
|-heal|p2a: Gengar|100/100|[from] item: Leftovers
|-heal|p1a: b 5L*u_tZr2dk Tg-}|100/100|[from] item: Leftovers
|upkeep
|turn|20
|
|t:|1730228028
|switch|p1a: F{ ^9@/'>A5J3dnh=N|Swampert, F|88/100
|move|p2a: Gengar|Rain Dance|p2a: Gengar
|-weather|RainDance
|
|-weather|RainDance|[upkeep]
|-heal|p1a: F{ ^9@/'>A5J3dnh=N|94/100|[from] item: Leftovers
|upkeep
|turn|21
|
|t:|1730228040
|move|p2a: Gengar|Night Shade|p1a: F{ ^9@/'>A5J3dnh=N
|-damage|p1a: F{ ^9@/'>A5J3dnh=N|69/100
|move|p1a: F{ ^9@/'>A5J3dnh=N|Surf|p2a: Gengar
|-crit|p2a: Gengar
|-damage|p2a: Gengar|0 fnt
|faint|p2a: Gengar
|
|t:|1730228046
|switch|p2a: Gyarados|Gyarados, M|100/100
|-ability|p2a: Gyarados|Intimidate|boost
|-unboost|p1a: F{ ^9@/'>A5J3dnh=N|atk|1
|
|-weather|RainDance|[upkeep]
|-heal|p1a: F{ ^9@/'>A5J3dnh=N|76/100|[from] item: Leftovers
|upkeep
|turn|22
|
|t:|1730228049
|move|p2a: Gyarados|Substitute|p2a: Gyarados
|-start|p2a: Gyarados|Substitute
|-damage|p2a: Gyarados|76/100
|move|p1a: F{ ^9@/'>A5J3dnh=N|Toxic|p2a: Gyarados|[miss]
|-miss|p1a: F{ ^9@/'>A5J3dnh=N|p2a: Gyarados
|
|-weather|RainDance|[upkeep]
|-heal|p1a: F{ ^9@/'>A5J3dnh=N|82/100|[from] item: Leftovers
|upkeep
|turn|23
|
|t:|1730228062
|switch|p1a: p>7`B3dAt/s2FUE^J+|Aerodactyl, M|100/100
|move|p2a: Gyarados|Dragon Dance|p2a: Gyarados
|-boost|p2a: Gyarados|atk|1
|-boost|p2a: Gyarados|spe|1
|
|-weather|RainDance|[upkeep]
|upkeep
|turn|24
|
|t:|1730228067
|move|p2a: Gyarados|Dragon Dance|p2a: Gyarados
|-boost|p2a: Gyarados|atk|1
|-boost|p2a: Gyarados|spe|1
|move|p1a: p>7`B3dAt/s2FUE^J+|Double-Edge|p2a: Gyarados
|-end|p2a: Gyarados|Substitute
|
|-weather|none
|upkeep
|turn|25
|
|t:|1730228073
|move|p2a: Gyarados|Substitute|p2a: Gyarados
|-start|p2a: Gyarados|Substitute
|-damage|p2a: Gyarados|51/100
|move|p1a: p>7`B3dAt/s2FUE^J+|Double-Edge|p2a: Gyarados
|-end|p2a: Gyarados|Substitute
|
|upkeep
|turn|26
|
|t:|1730228076
|move|p2a: Gyarados|Substitute|p2a: Gyarados
|-start|p2a: Gyarados|Substitute
|-damage|p2a: Gyarados|26/100
|move|p1a: p>7`B3dAt/s2FUE^J+|Double-Edge|p2a: Gyarados
|-end|p2a: Gyarados|Substitute
|
|upkeep
|turn|27
|
|t:|1730228079
|move|p2a: Gyarados|Substitute|p2a: Gyarados
|-start|p2a: Gyarados|Substitute
|-damage|p2a: Gyarados|1/100
|move|p1a: p>7`B3dAt/s2FUE^J+|Double-Edge|p2a: Gyarados
|-end|p2a: Gyarados|Substitute
|
|-enditem|p2a: Gyarados|Liechi Berry|[eat]
|-boost|p2a: Gyarados|atk|1|[from] item: Liechi Berry
|upkeep
|turn|28
|
|t:|1730228089
|switch|p1a: b 5L*u_tZr2dk Tg-}|Celebi|100/100
|move|p2a: Gyarados|Flail|p1a: b 5L*u_tZr2dk Tg-}
|-damage|p1a: b 5L*u_tZr2dk Tg-}|0 fnt
|faint|p1a: b 5L*u_tZr2dk Tg-}
|
|t:|1730228094
|switch|p1a: F{ ^9@/'>A5J3dnh=N|Swampert, F|82/100
|
|-heal|p1a: F{ ^9@/'>A5J3dnh=N|88/100|[from] item: Leftovers
|upkeep
|turn|29
|
|t:|1730228097
|move|p1a: F{ ^9@/'>A5J3dnh=N|Protect|p1a: F{ ^9@/'>A5J3dnh=N
|-singleturn|p1a: F{ ^9@/'>A5J3dnh=N|Protect
|move|p2a: Gyarados|Flail|p1a: F{ ^9@/'>A5J3dnh=N
|-activate|p1a: F{ ^9@/'>A5J3dnh=N|Protect
|
|-heal|p1a: F{ ^9@/'>A5J3dnh=N|94/100|[from] item: Leftovers
|upkeep
|turn|30
|
|t:|1730228104
|move|p1a: F{ ^9@/'>A5J3dnh=N|Protect||[still]
|-fail|p1a: F{ ^9@/'>A5J3dnh=N
|move|p2a: Gyarados|Flail|p1a: F{ ^9@/'>A5J3dnh=N
|-damage|p1a: F{ ^9@/'>A5J3dnh=N|0 fnt
|faint|p1a: F{ ^9@/'>A5J3dnh=N
|
|t:|1730228106
|switch|p1a: p>7`B3dAt/s2FUE^J+|Aerodactyl, M|100/100
|
|upkeep
|turn|31
|
|t:|1730228108
|move|p2a: Gyarados|Flail|p1a: p>7`B3dAt/s2FUE^J+
|-resisted|p1a: p>7`B3dAt/s2FUE^J+
|-damage|p1a: p>7`B3dAt/s2FUE^J+|0 fnt
|faint|p1a: p>7`B3dAt/s2FUE^J+
|
|win|MeEsSm
|c|☆MeEsSm|movie
|c|☆VZR|ggs
|c|☆MeEsSm|ggs
|c|+AC77|insane tech
|player|p1|

</script>
<script type="application/json" class="data" id="replaydata-smogtours-gen3ou-803269">
{"id":"smogtours-gen3ou-803269","format":"[Gen 3] OU","players":["VZR","MeEsSm"],"uploadtime":1730228108,"views":216,"formatid":"gen3ou","rating":null,"private":0,"password":null}
</script>

<script defer src="js/replays.js?9d40a366"></script>
