<!DOCTYPE html>
<meta charset="utf-8" />
<meta name="viewport" content="width=device-width" />

<title>[Gen 3] OU: bydy2 vs. big will 2024 - Replays - Pok&eacute;mon Showdown!</title>

<meta name="description" content="Watch a replay of a Pok&eacute;mon battle between bydy2 and big will 2024! Format: [Gen 3] OU; Date: Oct 3, 2024" />
<!--

Hey, you! Looking in the source for the replay log?

You can find them in JSON format, just add `.json` at the end of a replay URL.

https://replay.pokemonshowdown.com/gen7randomdoublesbattle-865046831.json

Or, if you only need the log itself, add `.log` instead:

https://replay.pokemonshowdown.com/gen7randomdoublesbattle-865046831.log

-->

<link rel="stylesheet" href="//pokemonshowdown.com/style/global.css?0.023195364461161105" />
<link rel="stylesheet" href="//play.pokemonshowdown.com/style/font-awesome.css?0.13261647063804238" />
<link rel="stylesheet" href="//play.pokemonshowdown.com/style/battle.css?0.8753245789963631" />
<link rel="stylesheet" href="//play.pokemonshowdown.com/style/utilichart.css?0.8627959624976733" />

<!-- Global site tag (gtag.js) - Google Analytics -->
<script async src="https://www.googletagmanager.com/gtag/js?id=UA-26211653-1"></script>
<script>
  window.dataLayer = window.dataLayer || [];
  function gtag(){dataLayer.push(arguments);}
  gtag('js', new Date());

  gtag('config', 'UA-26211653-1');
</script>
<!-- End Google Analytics -->
<!-- Venatus Ad Manager - Install in <HEAD> of page -->
	<script src="https://hb.vntsm.com/v3/live/ad-manager.min.js" type="text/javascript" data-site-id="642aba63ec9a7b11c3c9c1be" data-mode="scan" async></script>
<!-- / Venatus Ad Manager -->

<style>
	@media (max-width:820px) {
		.battle {
			margin: 0 auto;
		}
		.battle-log {
			margin: 7px auto 0;
			max-width: 640px;
			height: 300px;
			position: static;
		}
	}
	.optgroup {
		display: inline-block;
		line-height: 22px;
		font-size: 10pt;
	}
	.optgroup .button {
		height: 25px;
		padding-top: 0;
		padding-bottom: 0;
	}
	.optgroup button.button {
		padding-left: 12px;
		padding-right: 12px;
	}
	.linklist {
		list-style: none;
		margin: 0.5em 0;
		padding: 0;
	}
	.linklist li {
		padding: 2px 0;
	}
	.sidebar {
		float: left;
		width: 320px;
	}
	.bar-wrapper {
		max-width: 1100px;
		margin: 0 auto;
	}
	.bar-wrapper.has-sidebar {
		max-width: 1430px;
	}
	.mainbar {
		margin: 0;
		padding-right: 1px;
	}
	.mainbar.has-sidebar {
		margin-left: 330px;
	}
	@media (min-width: 1511px) {
		.sidebar {
			width: 400px;
		}
		.bar-wrapper.has-sidebar {
			max-width: 1510px;
		}
		.mainbar.has-sidebar {
			margin-left: 410px;
		}
	}
	.section.first-section {
		margin-top: 9px;
	}
	.blocklink small {
		white-space: normal;
	}
	.button {
		vertical-align: middle;
	}
	.replay-controls {
		padding-top: 10px;
	}
	.replay-controls h1 {
		font-size: 16pt;
		font-weight: normal;
		color: #CCC;
	}
	.pagelink {
		text-align: center;
	}
	.pagelink a {
		width: 150px;
	}
	.textbox, .button {
		font-size: 11pt;
		vertical-align: middle;
	}
	@media (max-width: 450px) {
		.button {
			font-size: 9pt;
		}
	}
</style>

<div>

	<header>
		<div class="nav-wrapper"><ul class="nav">
			<li><a class="button nav-first" href="//pokemonshowdown.com/"><img src="//pokemonshowdown.com/images/pokemonshowdownbeta.png" srcset="//pokemonshowdown.com/images/pokemonshowdownbeta.png 1x, //pokemonshowdown.com/images/pokemonshowdownbeta@2x.png 2x" alt="Pok&eacute;mon Showdown" width="146" height="44" /> Home</a></li>
			<li><a class="button" href="//pokemonshowdown.com/dex/">Pok&eacute;dex</a></li>
			<li><a class="button cur" href="/">Replays</a></li>
			<li><a class="button" href="//pokemonshowdown.com/ladder/">Ladder</a></li>
			<li><a class="button nav-last" href="//pokemonshowdown.com/forums/">Forum</a></li>
			<li><a class="button greenbutton nav-first nav-last" href="//play.pokemonshowdown.com/">Play</a></li>
		</ul></div>
	</header>

	<div class="main" id="main">

		<noscript><section class="section">You need to enable JavaScript to use this page; sorry!</section></noscript>

	</div>

</div>

<script defer nomodule src="//play.pokemonshowdown.com/js/lib/ps-polyfill.js"></script>
<script defer src="//play.pokemonshowdown.com/js/lib/preact.min.js"></script>

<script defer src="//play.pokemonshowdown.com/config/config.js?2bddbc15"></script>
<script defer src="//play.pokemonshowdown.com/js/lib/jquery-1.11.0.min.js"></script>
<script defer src="//play.pokemonshowdown.com/js/lib/html-sanitizer-minified.js"></script>
<script defer src="//play.pokemonshowdown.com/js/battle-sound.js"></script>
<script defer src="//play.pokemonshowdown.com/js/battledata.js?0.7209276989879541"></script>
<script defer src="//play.pokemonshowdown.com/data/pokedex-mini.js?0.6111056340867951"></script>
<script defer src="//play.pokemonshowdown.com/data/pokedex-mini-bw.js?0.3532142036491459"></script>
<script defer src="//play.pokemonshowdown.com/data/graphics.js?0.24223875632456182"></script>
<script defer src="//play.pokemonshowdown.com/data/pokedex.js?0.38839984266356864"></script>
<script defer src="//play.pokemonshowdown.com/data/moves.js?0.21866028504024015"></script>
<script defer src="//play.pokemonshowdown.com/data/abilities.js?0.2005157953846628"></script>
<script defer src="//play.pokemonshowdown.com/data/items.js?0.9894211263848525"></script>
<script defer src="//play.pokemonshowdown.com/data/teambuilder-tables.js?0.6008791140282215"></script>
<script defer src="//play.pokemonshowdown.com/js/battle-tooltips.js?0.7580118955022959"></script>
<script defer src="//play.pokemonshowdown.com/js/battle.js?0.6057722274234274"></script>

<script defer src="js/utils.js?e31f9a17"></script>
<script defer src="js/replays-battle.js?7008c182"></script>

<!-- don't scrape this data! just add .json or .log after the URL!
Full API docs: https://github.com/smogon/pokemon-showdown-client/blob/master/WEB-API.md -->
<script type="text/plain" class="log" id="replaylog-gen3ou-2215307132-af010zixt01adfyr7kqnq7n6yiifipapw">
|j|☆bydy2
|j|☆big will 2024
|t:|1727987126
|gametype|singles
|player|p1|bydy2|barry|
|player|p2|big will 2024|morty-gen2|
|teamsize|p1|6
|teamsize|p2|6
|gen|3
|tier|[Gen 3] OU
|rule|Sleep Clause Mod: Limit one foe put to sleep
|rule|Switch Priority Clause Mod: Faster Pokémon switch first
|rule|Species Clause: Limit one of each Pokémon
|rule|OHKO Clause: OHKO moves are banned
|rule|Evasion Items Clause: Evasion items are banned
|rule|Evasion Moves Clause: Evasion moves are banned
|rule|Endless Battle Clause: Forcing endless battles is banned
|rule|HP Percentage Mod: HP is shown in percentages
|rule|One Boost Passer Clause: Limit one Baton Passer that has a way to boost its stats
|rule|Freeze Clause Mod: Limit one foe frozen
|
|t:|1727987126
|start
|switch|p1a: Celebi|Celebi|100/100
|switch|p2a: Smeargle|Smeargle, F|100/100
|turn|1
|inactive|Battle timer is ON: inactive players will automatically lose when time's up. (requested by big will 2024)
|c|☆big will 2024|hf
|c|☆bydy2|u2
|inactive|bydy2 has 270 seconds left.
|
|t:|1727987175
|switch|p1a: Magneton|Magneton|100/100
|move|p2a: Smeargle|Spikes|p1a: Magneton
|-sidestart|p1: bydy2|Spikes
|
|upkeep
|turn|2
|
|t:|1727987179
|move|p2a: Smeargle|Spore|p1a: Magneton
|-status|p1a: Magneton|slp|[from] move: Spore
|cant|p1a: Magneton|slp
|
|upkeep
|turn|3
|inactive|bydy2 has 270 seconds left.
|
|t:|1727987232
|switch|p1a: Skarmory|Skarmory, F|100/100
|move|p2a: Smeargle|Spikes|p1a: Skarmory
|-sidestart|p1: bydy2|Spikes
|
|upkeep
|turn|4
|
|t:|1727987242
|move|p2a: Smeargle|Explosion|p1a: Skarmory
|-resisted|p1a: Skarmory
|-damage|p1a: Skarmory|79/100
|faint|p2a: Smeargle
|
|t:|1727987248
|switch|p2a: Gengar|Gengar, F|100/100
|
|-heal|p1a: Skarmory|85/100|[from] item: Leftovers
|upkeep
|turn|5
|inactive|bydy2 has 270 seconds left.
|
|t:|1727987260
|move|p1a: Skarmory|Protect|p1a: Skarmory
|-singleturn|p1a: Skarmory|Protect
|move|p2a: Gengar|Thunderbolt|p1a: Skarmory
|-activate|p1a: Skarmory|Protect
|
|-heal|p1a: Skarmory|91/100|[from] item: Leftovers
|upkeep
|turn|6
|
|t:|1727987264
|switch|p1a: Despotarcito|Tyranitar, F|100/100
|-damage|p1a: Despotarcito|84/100|[from] Spikes
|-weather|Sandstorm|[from] ability: Sand Stream|[of] p1a: Despotarcito
|move|p2a: Gengar|Thunderbolt|p1a: Despotarcito
|-damage|p1a: Despotarcito|58/100
|
|-weather|Sandstorm|[upkeep]
|-damage|p2a: Gengar|94/100|[from] Sandstorm
|-heal|p2a: Gengar|100/100|[from] item: Leftovers
|-heal|p1a: Despotarcito|64/100|[from] item: Leftovers
|upkeep
|turn|7
|
|t:|1727987272
|move|p2a: Gengar|Hidden Power|p1a: Despotarcito
|-supereffective|p1a: Despotarcito
|-damage|p1a: Despotarcito|28/100
|move|p1a: Despotarcito|Pursuit|p2a: Gengar
|-supereffective|p2a: Gengar
|-damage|p2a: Gengar|44/100
|
|-weather|Sandstorm|[upkeep]
|-damage|p2a: Gengar|38/100|[from] Sandstorm
|-heal|p2a: Gengar|44/100|[from] item: Leftovers
|-heal|p1a: Despotarcito|34/100|[from] item: Leftovers
|upkeep
|turn|8
|
|t:|1727987280
|move|p2a: Gengar|Hidden Power|p1a: Despotarcito
|-supereffective|p1a: Despotarcito
|-damage|p1a: Despotarcito|0 fnt
|faint|p1a: Despotarcito
|
|t:|1727987287
|switch|p1a: Aerodactyl|Aerodactyl, M|100/100
|
|-weather|Sandstorm|[upkeep]
|-damage|p2a: Gengar|38/100|[from] Sandstorm
|-heal|p2a: Gengar|44/100|[from] item: Leftovers
|upkeep
|turn|9
|
|t:|1727987301
|switch|p1a: Celebi|Celebi|100/100
|-damage|p1a: Celebi|84/100|[from] Spikes
|switch|p2a: Metagross|Metagross|100/100
|
|-weather|Sandstorm|[upkeep]
|-damage|p1a: Celebi|78/100|[from] Sandstorm
|-heal|p1a: Celebi|84/100|[from] item: Leftovers
|upkeep
|turn|10
|
|t:|1727987311
|switch|p2a: Salamence|Salamence, M|100/100
|-ability|p2a: Salamence|Intimidate|boost
|-unboost|p1a: Celebi|atk|1
|move|p1a: Celebi|Leech Seed|p2a: Salamence
|-start|p2a: Salamence|move: Leech Seed
|
|-weather|Sandstorm|[upkeep]
|-damage|p1a: Celebi|78/100|[from] Sandstorm
|-damage|p2a: Salamence|94/100|[from] Sandstorm
|-heal|p1a: Celebi|84/100|[from] item: Leftovers
|-heal|p2a: Salamence|100/100|[from] item: Leftovers
|-damage|p2a: Salamence|88/100|[from] Leech Seed|[of] p1a: Celebi
|-heal|p1a: Celebi|94/100|[silent]
|upkeep
|turn|11
|
|t:|1727987330
|switch|p1a: Skarmory|Skarmory, F|91/100
|move|p2a: Salamence|Rock Slide|p1a: Skarmory
|-damage|p1a: Skarmory|72/100
|
|-weather|Sandstorm|[upkeep]
|-damage|p2a: Salamence|82/100|[from] Sandstorm
|-heal|p2a: Salamence|88/100|[from] item: Leftovers
|-damage|p2a: Salamence|76/100|[from] Leech Seed|[of] p1a: Skarmory
|-heal|p1a: Skarmory|84/100|[silent]
|-heal|p1a: Skarmory|90/100|[from] item: Leftovers
|upkeep
|turn|12
|
|t:|1727987338
|move|p2a: Salamence|Fire Blast|p1a: Skarmory
|-supereffective|p1a: Skarmory
|-damage|p1a: Skarmory|22/100
|move|p1a: Skarmory|Spikes|p2a: Salamence
|-sidestart|p2: big will 2024|Spikes
|
|-weather|Sandstorm|[upkeep]
|-damage|p2a: Salamence|70/100|[from] Sandstorm
|-heal|p2a: Salamence|76/100|[from] item: Leftovers
|-damage|p2a: Salamence|63/100|[from] Leech Seed|[of] p1a: Skarmory
|-heal|p1a: Skarmory|34/100|[silent]
|-heal|p1a: Skarmory|40/100|[from] item: Leftovers
|upkeep
|turn|13
|
|t:|1727987342
|switch|p2a: Gengar|Gengar, F|44/100
|move|p1a: Skarmory|Protect||[still]
|-fail|p1a: Skarmory
|
|-weather|Sandstorm|[upkeep]
|-damage|p2a: Gengar|38/100|[from] Sandstorm
|-heal|p2a: Gengar|44/100|[from] item: Leftovers
|-heal|p1a: Skarmory|46/100|[from] item: Leftovers
|upkeep
|turn|14
|
|t:|1727987347
|move|p1a: Skarmory|Protect|p1a: Skarmory
|-singleturn|p1a: Skarmory|Protect
|move|p2a: Gengar|Thunderbolt|p1a: Skarmory
|-activate|p1a: Skarmory|Protect
|
|-weather|Sandstorm|[upkeep]
|-damage|p2a: Gengar|38/100|[from] Sandstorm
|-heal|p2a: Gengar|44/100|[from] item: Leftovers
|-heal|p1a: Skarmory|52/100|[from] item: Leftovers
|upkeep
|turn|15
|
|t:|1727987355
|switch|p1a: Celebi|Celebi|94/100
|-damage|p1a: Celebi|78/100|[from] Spikes
|move|p2a: Gengar|Ice Punch|p1a: Celebi
|-supereffective|p1a: Celebi
|-damage|p1a: Celebi|33/100
|
|-weather|Sandstorm|[upkeep]
|-damage|p2a: Gengar|38/100|[from] Sandstorm
|-damage|p1a: Celebi|27/100|[from] Sandstorm
|-heal|p2a: Gengar|44/100|[from] item: Leftovers
|-heal|p1a: Celebi|33/100|[from] item: Leftovers
|upkeep
|turn|16
|
|t:|1727987369
|move|p2a: Gengar|Ice Punch|p1a: Celebi
|-supereffective|p1a: Celebi
|-damage|p1a: Celebi|0 fnt
|faint|p1a: Celebi
|
|t:|1727987378
|switch|p1a: Aerodactyl|Aerodactyl, M|100/100
|
|-weather|Sandstorm|[upkeep]
|-damage|p2a: Gengar|38/100|[from] Sandstorm
|-heal|p2a: Gengar|44/100|[from] item: Leftovers
|upkeep
|turn|17
|
|t:|1727987392
|switch|p2a: Metagross|Metagross|100/100
|-damage|p2a: Metagross|88/100|[from] Spikes
|move|p1a: Aerodactyl|Rock Slide|p2a: Metagross
|-resisted|p2a: Metagross
|-damage|p2a: Metagross|70/100
|
|-weather|Sandstorm|[upkeep]
|-heal|p2a: Metagross|76/100|[from] item: Leftovers
|upkeep
|turn|18
|
|t:|1727987398
|switch|p1a: Swampert|Swampert, F|100/100
|-damage|p1a: Swampert|84/100|[from] Spikes
|move|p2a: Metagross|Meteor Mash|p1a: Swampert|[miss]
|-miss|p2a: Metagross|p1a: Swampert
|
|-weather|Sandstorm|[upkeep]
|-heal|p2a: Metagross|82/100|[from] item: Leftovers
|-heal|p1a: Swampert|90/100|[from] item: Leftovers
|upkeep
|turn|19
|
|t:|1727987413
|switch|p1a: Aerodactyl|Aerodactyl, M|100/100
|move|p2a: Metagross|Earthquake|p1a: Aerodactyl
|-immune|p1a: Aerodactyl
|
|-weather|Sandstorm|[upkeep]
|-heal|p2a: Metagross|88/100|[from] item: Leftovers
|upkeep
|turn|20
|
|t:|1727987437
|move|p1a: Aerodactyl|Earthquake|p2a: Metagross
|-supereffective|p2a: Metagross
|-damage|p2a: Metagross|17/100
|move|p2a: Metagross|Agility|p2a: Metagross
|-boost|p2a: Metagross|spe|2
|
|-weather|Sandstorm|[upkeep]
|-heal|p2a: Metagross|23/100|[from] item: Leftovers
|upkeep
|turn|21
|
|t:|1727987442
|switch|p1a: Swampert|Swampert, F|90/100
|-damage|p1a: Swampert|74/100|[from] Spikes
|move|p2a: Metagross|Meteor Mash|p1a: Swampert
|-resisted|p1a: Swampert
|-damage|p1a: Swampert|55/100
|
|-weather|Sandstorm|[upkeep]
|-heal|p2a: Metagross|29/100|[from] item: Leftovers
|-heal|p1a: Swampert|61/100|[from] item: Leftovers
|upkeep
|turn|22
|
|t:|1727987446
|move|p1a: Swampert|Protect|p1a: Swampert
|-singleturn|p1a: Swampert|Protect
|move|p2a: Metagross|Explosion|p1a: Swampert
|-activate|p1a: Swampert|Protect
|faint|p2a: Metagross
|
|t:|1727987448
|switch|p2a: Gengar|Gengar, F|44/100
|
|-weather|Sandstorm|[upkeep]
|-damage|p2a: Gengar|38/100|[from] Sandstorm
|-heal|p2a: Gengar|44/100|[from] item: Leftovers
|-heal|p1a: Swampert|67/100|[from] item: Leftovers
|upkeep
|turn|23
|
|t:|1727987458
|switch|p1a: Magneton|Magneton|100/100 slp
|-damage|p1a: Magneton|84/100 slp|[from] Spikes
|move|p2a: Gengar|Thunderbolt|p1a: Magneton
|-resisted|p1a: Magneton
|-damage|p1a: Magneton|55/100 slp
|
|-weather|Sandstorm|[upkeep]
|-damage|p2a: Gengar|38/100|[from] Sandstorm
|-heal|p2a: Gengar|44/100|[from] item: Leftovers
|upkeep
|turn|24
|
|t:|1727987478
|cant|p1a: Magneton|slp
|move|p2a: Gengar|Thunderbolt|p1a: Magneton
|-resisted|p1a: Magneton
|-damage|p1a: Magneton|28/100 slp
|
|-weather|Sandstorm|[upkeep]
|-damage|p2a: Gengar|38/100|[from] Sandstorm
|-heal|p2a: Gengar|44/100|[from] item: Leftovers
|upkeep
|turn|25
|
|t:|1727987489
|-curestatus|p1a: Magneton|slp|[msg]
|move|p1a: Magneton|Protect|p1a: Magneton
|-singleturn|p1a: Magneton|Protect
|move|p2a: Gengar|Thunderbolt|p1a: Magneton
|-activate|p1a: Magneton|Protect
|
|-weather|Sandstorm|[upkeep]
|-damage|p2a: Gengar|38/100|[from] Sandstorm
|-heal|p2a: Gengar|44/100|[from] item: Leftovers
|upkeep
|turn|26
|
|t:|1727987493
|move|p2a: Gengar|Thunderbolt|p1a: Magneton
|-resisted|p1a: Magneton
|-damage|p1a: Magneton|0 fnt
|faint|p1a: Magneton
|
|t:|1727987498
|switch|p1a: Aerodactyl|Aerodactyl, M|100/100
|
|-weather|Sandstorm|[upkeep]
|-damage|p2a: Gengar|38/100|[from] Sandstorm
|-heal|p2a: Gengar|44/100|[from] item: Leftovers
|upkeep
|turn|27
|
|t:|1727987504
|switch|p2a: Salamence|Salamence, M|63/100
|-ability|p2a: Salamence|Intimidate|boost
|-unboost|p1a: Aerodactyl|atk|1
|move|p1a: Aerodactyl|Rock Slide|p2a: Salamence|[miss]
|-miss|p1a: Aerodactyl|p2a: Salamence
|
|-weather|Sandstorm|[upkeep]
|-damage|p2a: Salamence|57/100|[from] Sandstorm
|-heal|p2a: Salamence|63/100|[from] item: Leftovers
|upkeep
|turn|28
|
|t:|1727987515
|switch|p1a: Skarmory|Skarmory, F|52/100
|move|p2a: Salamence|Rock Slide|p1a: Skarmory
|-damage|p1a: Skarmory|34/100
|
|-weather|Sandstorm|[upkeep]
|-damage|p2a: Salamence|57/100|[from] Sandstorm
|-heal|p2a: Salamence|63/100|[from] item: Leftovers
|-heal|p1a: Skarmory|40/100|[from] item: Leftovers
|upkeep
|turn|29
|
|t:|1727987520
|move|p1a: Skarmory|Protect|p1a: Skarmory
|-singleturn|p1a: Skarmory|Protect
|move|p2a: Salamence|Fire Blast|p1a: Skarmory
|-activate|p1a: Skarmory|Protect
|
|-weather|Sandstorm|[upkeep]
|-damage|p2a: Salamence|57/100|[from] Sandstorm
|-heal|p2a: Salamence|63/100|[from] item: Leftovers
|-heal|p1a: Skarmory|46/100|[from] item: Leftovers
|upkeep
|turn|30
|
|t:|1727987538
|move|p2a: Salamence|Fire Blast|p1a: Skarmory
|-supereffective|p1a: Skarmory
|-damage|p1a: Skarmory|0 fnt
|faint|p1a: Skarmory
|
|t:|1727987540
|switch|p1a: Aerodactyl|Aerodactyl, M|100/100
|
|-weather|Sandstorm|[upkeep]
|-damage|p2a: Salamence|57/100|[from] Sandstorm
|-heal|p2a: Salamence|63/100|[from] item: Leftovers
|upkeep
|turn|31
|
|t:|1727987543
|move|p1a: Aerodactyl|Rock Slide|p2a: Salamence
|-supereffective|p2a: Salamence
|-damage|p2a: Salamence|0 fnt
|faint|p2a: Salamence
|
|t:|1727987547
|switch|p2a: Tyranitar|Tyranitar, M|100/100
|-damage|p2a: Tyranitar|88/100|[from] Spikes
|
|-weather|Sandstorm|[upkeep]
|upkeep
|turn|32
|
|t:|1727987562
|switch|p2a: Gengar|Gengar, F|44/100
|move|p1a: Aerodactyl|Rock Slide|p2a: Gengar
|-damage|p2a: Gengar|0 fnt
|faint|p2a: Gengar
|
|t:|1727987566
|switch|p2a: Tyranitar|Tyranitar, M|88/100
|-damage|p2a: Tyranitar|76/100|[from] Spikes
|
|-weather|Sandstorm|[upkeep]
|upkeep
|turn|33
|
|t:|1727987587
|switch|p1a: Swampert|Swampert, F|67/100
|-damage|p1a: Swampert|51/100|[from] Spikes
|move|p2a: Tyranitar|Rock Slide|p1a: Swampert
|-resisted|p1a: Swampert
|-damage|p1a: Swampert|38/100
|
|-weather|Sandstorm|[upkeep]
|-heal|p1a: Swampert|44/100|[from] item: Leftovers
|upkeep
|turn|34
|inactive|bydy2 has 270 seconds left.
|
|t:|1727987611
|move|p2a: Tyranitar|Earthquake|p1a: Swampert
|-damage|p1a: Swampert|22/100
|move|p1a: Swampert|Surf|p2a: Tyranitar
|-supereffective|p2a: Tyranitar
|-damage|p2a: Tyranitar|7/100
|
|-weather|Sandstorm|[upkeep]
|-heal|p1a: Swampert|28/100|[from] item: Leftovers
|upkeep
|turn|35
|
|t:|1727987620
|move|p2a: Tyranitar|Earthquake|p1a: Swampert
|-damage|p1a: Swampert|6/100
|move|p1a: Swampert|Surf|p2a: Tyranitar
|-supereffective|p2a: Tyranitar
|-damage|p2a: Tyranitar|0 fnt
|faint|p2a: Tyranitar
|
|t:|1727987622
|switch|p2a: Aerodactyl|Aerodactyl, M|100/100
|
|-weather|Sandstorm|[upkeep]
|-heal|p1a: Swampert|12/100|[from] item: Leftovers
|upkeep
|turn|36
|inactive|bydy2 has 270 seconds left.
|
|t:|1727987658
|move|p1a: Swampert|Protect|p1a: Swampert
|-singleturn|p1a: Swampert|Protect
|move|p2a: Aerodactyl|Substitute|p2a: Aerodactyl
|-start|p2a: Aerodactyl|Substitute
|-damage|p2a: Aerodactyl|76/100
|
|-weather|Sandstorm|[upkeep]
|-heal|p1a: Swampert|18/100|[from] item: Leftovers
|upkeep
|turn|37
|
|t:|1727987660
|move|p2a: Aerodactyl|Double-Edge|p1a: Swampert
|-damage|p1a: Swampert|0 fnt
|faint|p1a: Swampert
|
|t:|1727987661
|switch|p1a: Aerodactyl|Aerodactyl, M|100/100
|
|-weather|Sandstorm|[upkeep]
|upkeep
|turn|38
|
|t:|1727987664
|move|p1a: Aerodactyl|Rock Slide|p2a: Aerodactyl
|-supereffective|p2a: Aerodactyl
|-end|p2a: Aerodactyl|Substitute
|move|p2a: Aerodactyl|Rock Slide|p1a: Aerodactyl
|-supereffective|p1a: Aerodactyl
|-damage|p1a: Aerodactyl|0 fnt
|faint|p1a: Aerodactyl
|
|win|big will 2024
|c|☆big will 2024|gg
|c|☆bydy2|ggs

</script>
<script type="application/json" class="data" id="replaydata-gen3ou-2215307132-af010zixt01adfyr7kqnq7n6yiifipapw">
{"id":"gen3ou-2215307132","format":"[Gen 3] OU","players":["bydy2","big will 2024"],"uploadtime":1727987667,"views":124,"formatid":"gen3ou","rating":null,"private":1,"password":"af010zixt01adfyr7kqnq7n6yiifipa"}
</script>

<script defer src="js/replays.js?9d40a366"></script>
