<!DOCTYPE html>
<meta charset="utf-8" />
<meta name="viewport" content="width=device-width" />

<title>[Gen 3] OU: ZPanther vs. b1urry - Replays - Pok&eacute;mon Showdown!</title>

<meta name="description" content="Watch a replay of a Pok&eacute;mon battle between ZPanther and b1urry! Format: [Gen 3] OU; Date: Oct 4, 2024" />
<!--

Hey, you! Looking in the source for the replay log?

You can find them in JSON format, just add `.json` at the end of a replay URL.

https://replay.pokemonshowdown.com/gen7randomdoublesbattle-865046831.json

Or, if you only need the log itself, add `.log` instead:

https://replay.pokemonshowdown.com/gen7randomdoublesbattle-865046831.log

-->

<link rel="stylesheet" href="//pokemonshowdown.com/style/global.css?0.023195364461161105" />
<link rel="stylesheet" href="//play.pokemonshowdown.com/style/font-awesome.css?0.13261647063804238" />
<link rel="stylesheet" href="//play.pokemonshowdown.com/style/battle.css?0.8753245789963631" />
<link rel="stylesheet" href="//play.pokemonshowdown.com/style/utilichart.css?0.8627959624976733" />

<!-- Global site tag (gtag.js) - Google Analytics -->
<script async src="https://www.googletagmanager.com/gtag/js?id=UA-26211653-1"></script>
<script>
  window.dataLayer = window.dataLayer || [];
  function gtag(){dataLayer.push(arguments);}
  gtag('js', new Date());

  gtag('config', 'UA-26211653-1');
</script>
<!-- End Google Analytics -->
<!-- Venatus Ad Manager - Install in <HEAD> of page -->
	<script src="https://hb.vntsm.com/v3/live/ad-manager.min.js" type="text/javascript" data-site-id="642aba63ec9a7b11c3c9c1be" data-mode="scan" async></script>
<!-- / Venatus Ad Manager -->

<style>
	@media (max-width:820px) {
		.battle {
			margin: 0 auto;
		}
		.battle-log {
			margin: 7px auto 0;
			max-width: 640px;
			height: 300px;
			position: static;
		}
	}
	.optgroup {
		display: inline-block;
		line-height: 22px;
		font-size: 10pt;
	}
	.optgroup .button {
		height: 25px;
		padding-top: 0;
		padding-bottom: 0;
	}
	.optgroup button.button {
		padding-left: 12px;
		padding-right: 12px;
	}
	.linklist {
		list-style: none;
		margin: 0.5em 0;
		padding: 0;
	}
	.linklist li {
		padding: 2px 0;
	}
	.sidebar {
		float: left;
		width: 320px;
	}
	.bar-wrapper {
		max-width: 1100px;
		margin: 0 auto;
	}
	.bar-wrapper.has-sidebar {
		max-width: 1430px;
	}
	.mainbar {
		margin: 0;
		padding-right: 1px;
	}
	.mainbar.has-sidebar {
		margin-left: 330px;
	}
	@media (min-width: 1511px) {
		.sidebar {
			width: 400px;
		}
		.bar-wrapper.has-sidebar {
			max-width: 1510px;
		}
		.mainbar.has-sidebar {
			margin-left: 410px;
		}
	}
	.section.first-section {
		margin-top: 9px;
	}
	.blocklink small {
		white-space: normal;
	}
	.button {
		vertical-align: middle;
	}
	.replay-controls {
		padding-top: 10px;
	}
	.replay-controls h1 {
		font-size: 16pt;
		font-weight: normal;
		color: #CCC;
	}
	.pagelink {
		text-align: center;
	}
	.pagelink a {
		width: 150px;
	}
	.textbox, .button {
		font-size: 11pt;
		vertical-align: middle;
	}
	@media (max-width: 450px) {
		.button {
			font-size: 9pt;
		}
	}
</style>

<div>

	<header>
		<div class="nav-wrapper"><ul class="nav">
			<li><a class="button nav-first" href="//pokemonshowdown.com/"><img src="//pokemonshowdown.com/images/pokemonshowdownbeta.png" srcset="//pokemonshowdown.com/images/pokemonshowdownbeta.png 1x, //pokemonshowdown.com/images/pokemonshowdownbeta@2x.png 2x" alt="Pok&eacute;mon Showdown" width="146" height="44" /> Home</a></li>
			<li><a class="button" href="//pokemonshowdown.com/dex/">Pok&eacute;dex</a></li>
			<li><a class="button cur" href="/">Replays</a></li>
			<li><a class="button" href="//pokemonshowdown.com/ladder/">Ladder</a></li>
			<li><a class="button nav-last" href="//pokemonshowdown.com/forums/">Forum</a></li>
			<li><a class="button greenbutton nav-first nav-last" href="//play.pokemonshowdown.com/">Play</a></li>
		</ul></div>
	</header>

	<div class="main" id="main">

		<noscript><section class="section">You need to enable JavaScript to use this page; sorry!</section></noscript>

	</div>

</div>

<script defer nomodule src="//play.pokemonshowdown.com/js/lib/ps-polyfill.js"></script>
<script defer src="//play.pokemonshowdown.com/js/lib/preact.min.js"></script>

<script defer src="//play.pokemonshowdown.com/config/config.js?2bddbc15"></script>
<script defer src="//play.pokemonshowdown.com/js/lib/jquery-1.11.0.min.js"></script>
<script defer src="//play.pokemonshowdown.com/js/lib/html-sanitizer-minified.js"></script>
<script defer src="//play.pokemonshowdown.com/js/battle-sound.js"></script>
<script defer src="//play.pokemonshowdown.com/js/battledata.js?0.7209276989879541"></script>
<script defer src="//play.pokemonshowdown.com/data/pokedex-mini.js?0.6111056340867951"></script>
<script defer src="//play.pokemonshowdown.com/data/pokedex-mini-bw.js?0.3532142036491459"></script>
<script defer src="//play.pokemonshowdown.com/data/graphics.js?0.24223875632456182"></script>
<script defer src="//play.pokemonshowdown.com/data/pokedex.js?0.38839984266356864"></script>
<script defer src="//play.pokemonshowdown.com/data/moves.js?0.21866028504024015"></script>
<script defer src="//play.pokemonshowdown.com/data/abilities.js?0.2005157953846628"></script>
<script defer src="//play.pokemonshowdown.com/data/items.js?0.9894211263848525"></script>
<script defer src="//play.pokemonshowdown.com/data/teambuilder-tables.js?0.6008791140282215"></script>
<script defer src="//play.pokemonshowdown.com/js/battle-tooltips.js?0.7580118955022959"></script>
<script defer src="//play.pokemonshowdown.com/js/battle.js?0.6057722274234274"></script>

<script defer src="js/utils.js?e31f9a17"></script>
<script defer src="js/replays-battle.js?7008c182"></script>

<!-- don't scrape this data! just add .json or .log after the URL!
Full API docs: https://github.com/smogon/pokemon-showdown-client/blob/master/WEB-API.md -->
<script type="text/plain" class="log" id="replaylog-smogtours-gen3ou-794484">
|inactive|Battle timer is ON: inactive players will automatically lose when time's up.
|t:|1728008816
|gametype|singles
|player|p1|ZPanther|rose-zerosuit|
|player|p2|b1urry|1|
|teamsize|p1|6
|teamsize|p2|6
|gen|3
|tier|[Gen 3] OU
|rule|Sleep Clause Mod: Limit one foe put to sleep
|rule|Switch Priority Clause Mod: Faster Pokémon switch first
|rule|Species Clause: Limit one of each Pokémon
|rule|OHKO Clause: OHKO moves are banned
|rule|Evasion Items Clause: Evasion items are banned
|rule|Evasion Moves Clause: Evasion moves are banned
|rule|Endless Battle Clause: Forcing endless battles is banned
|rule|HP Percentage Mod: HP is shown in percentages
|rule|One Boost Passer Clause: Limit one Baton Passer that has a way to boost its stats
|rule|Freeze Clause Mod: Limit one foe frozen
|
|t:|1728008816
|start
|switch|p1a: Metagross|Metagross|100/100
|switch|p2a: Jolteon|Jolteon, M|100/100
|turn|1
|c|☆b1urry|glhf
|c|☆ZPanther|hf
|
|t:|1728008841
|move|p2a: Jolteon|Substitute|p2a: Jolteon
|-start|p2a: Jolteon|Substitute
|-damage|p2a: Jolteon|76/100
|move|p1a: Metagross|Earthquake|p2a: Jolteon
|-supereffective|p2a: Jolteon
|-end|p2a: Jolteon|Substitute
|
|-heal|p2a: Jolteon|82/100|[from] item: Leftovers
|upkeep
|turn|2
|
|t:|1728008854
|switch|p2a: Swampert|Swampert, M|100/100
|move|p1a: Metagross|Meteor Mash|p2a: Swampert
|-resisted|p2a: Swampert
|-damage|p2a: Swampert|69/100
|
|upkeep
|turn|3
|
|t:|1728008870
|move|p2a: Swampert|Hydro Pump|p1a: Metagross|[miss]
|-miss|p2a: Swampert|p1a: Metagross
|move|p1a: Metagross|Earthquake|p2a: Swampert
|-damage|p2a: Swampert|27/100
|
|upkeep
|turn|4
|
|t:|1728008877
|move|p2a: Swampert|Substitute|p2a: Swampert
|-start|p2a: Swampert|Substitute
|-damage|p2a: Swampert|2/100
|move|p1a: Metagross|Earthquake|p2a: Swampert
|-end|p2a: Swampert|Substitute
|
|-enditem|p2a: Swampert|Salac Berry|[eat]
|-boost|p2a: Swampert|spe|1|[from] item: Salac Berry
|upkeep
|turn|5
|
|t:|1728008888
|switch|p1a: Breloom|Breloom, M|100/100
|move|p2a: Swampert|Endeavor|p1a: Breloom
|-damage|p1a: Breloom|2/100
|
|-heal|p1a: Breloom|8/100|[from] item: Leftovers
|upkeep
|turn|6
|
|t:|1728008895
|move|p1a: Breloom|Mach Punch|p2a: Swampert
|-damage|p2a: Swampert|0 fnt
|faint|p2a: Swampert
|
|t:|1728008903
|switch|p2a: Jolteon|Jolteon, M|82/100
|
|-heal|p2a: Jolteon|88/100|[from] item: Leftovers
|-heal|p1a: Breloom|14/100|[from] item: Leftovers
|upkeep
|turn|7
|
|t:|1728008906
|switch|p1a: Claydol|Claydol|100/100
|move|p2a: Jolteon|Substitute|p2a: Jolteon
|-start|p2a: Jolteon|Substitute
|-damage|p2a: Jolteon|63/100
|
|-heal|p2a: Jolteon|69/100|[from] item: Leftovers
|upkeep
|turn|8
|
|t:|1728008912
|move|p2a: Jolteon|Baton Pass|p2a: Jolteon
|
|t:|1728008913
|switch|p2a: Cloyster|Cloyster, M|100/100|[from] Baton Pass
|move|p1a: Claydol|Earthquake|p2a: Cloyster
|-end|p2a: Cloyster|Substitute
|
|upkeep
|turn|9
|
|t:|1728008928
|switch|p2a: Tyranicif|Tyranitar, M|100/100
|-weather|Sandstorm|[from] ability: Sand Stream|[of] p2a: Tyranicif
|switch|p1a: Breloom|Breloom, M|14/100
|
|-weather|Sandstorm|[upkeep]
|-damage|p1a: Breloom|8/100|[from] Sandstorm
|-heal|p1a: Breloom|14/100|[from] item: Leftovers
|upkeep
|turn|10
|
|t:|1728008939
|switch|p2a: Celebi|Celebi|100/100
|move|p1a: Breloom|Sky Uppercut|p2a: Celebi
|-resisted|p2a: Celebi
|-damage|p2a: Celebi|81/100
|
|-weather|Sandstorm|[upkeep]
|-damage|p2a: Celebi|75/100|[from] Sandstorm
|-damage|p1a: Breloom|8/100|[from] Sandstorm
|-heal|p2a: Celebi|81/100|[from] item: Leftovers
|-heal|p1a: Breloom|14/100|[from] item: Leftovers
|upkeep
|turn|11
|c|+violet river|zpanther vs feanixx so fire 
|
|t:|1728008954
|switch|p1a: Houndoom|Houndoom, M|100/100
|move|p2a: Celebi|Leech Seed|p1a: Houndoom
|-start|p1a: Houndoom|move: Leech Seed
|
|-weather|Sandstorm|[upkeep]
|-damage|p1a: Houndoom|94/100|[from] Sandstorm
|-damage|p2a: Celebi|75/100|[from] Sandstorm
|-heal|p1a: Houndoom|100/100|[from] item: Leftovers
|-damage|p1a: Houndoom|88/100|[from] Leech Seed|[of] p2a: Celebi
|-heal|p2a: Celebi|83/100|[silent]
|-heal|p2a: Celebi|90/100|[from] item: Leftovers
|upkeep
|turn|12
|
|t:|1728008965
|move|p1a: Houndoom|Pursuit|p2a: Celebi
|-supereffective|p2a: Celebi
|-damage|p2a: Celebi|65/100
|move|p2a: Celebi|Substitute|p2a: Celebi
|-start|p2a: Celebi|Substitute
|-damage|p2a: Celebi|40/100
|
|-weather|Sandstorm|[upkeep]
|-damage|p1a: Houndoom|82/100|[from] Sandstorm
|-damage|p2a: Celebi|34/100|[from] Sandstorm
|-heal|p1a: Houndoom|88/100|[from] item: Leftovers
|-damage|p1a: Houndoom|76/100|[from] Leech Seed|[of] p2a: Celebi
|-heal|p2a: Celebi|43/100|[silent]
|-heal|p2a: Celebi|49/100|[from] item: Leftovers
|upkeep
|turn|13
|
|t:|1728008974
|move|p1a: Houndoom|Fire Blast|p2a: Celebi
|-supereffective|p2a: Celebi
|-end|p2a: Celebi|Substitute
|move|p2a: Celebi|Baton Pass|p2a: Celebi
|
|t:|1728008985
|switch|p2a: Jolteon|Jolteon, M|69/100|[from] Baton Pass
|
|-weather|Sandstorm|[upkeep]
|-damage|p2a: Jolteon|63/100|[from] Sandstorm
|-damage|p1a: Houndoom|70/100|[from] Sandstorm
|-heal|p2a: Jolteon|69/100|[from] item: Leftovers
|-heal|p1a: Houndoom|76/100|[from] item: Leftovers
|-damage|p1a: Houndoom|63/100|[from] Leech Seed|[of] p2a: Jolteon
|-heal|p2a: Jolteon|82/100|[silent]
|upkeep
|turn|14
|
|t:|1728008998
|switch|p1a: Claydol|Claydol|100/100
|move|p2a: Jolteon|Hidden Power|p1a: Claydol
|-supereffective|p1a: Claydol
|-damage|p1a: Claydol|64/100
|
|-weather|Sandstorm|[upkeep]
|-damage|p2a: Jolteon|76/100|[from] Sandstorm
|-heal|p2a: Jolteon|82/100|[from] item: Leftovers
|-heal|p1a: Claydol|70/100|[from] item: Leftovers
|upkeep
|turn|15
|
|t:|1728009004
|switch|p2a: Cloyster|Cloyster, M|100/100
|move|p1a: Claydol|Earthquake|p2a: Cloyster
|-damage|p2a: Cloyster|78/100
|
|-weather|Sandstorm|[upkeep]
|-damage|p2a: Cloyster|72/100|[from] Sandstorm
|-heal|p2a: Cloyster|78/100|[from] item: Leftovers
|-heal|p1a: Claydol|76/100|[from] item: Leftovers
|upkeep
|turn|16
|
|t:|1728009011
|switch|p1a: Breloom|Breloom, M|14/100
|move|p2a: Cloyster|Surf|p1a: Breloom
|-resisted|p1a: Breloom
|-damage|p1a: Breloom|0 fnt
|faint|p1a: Breloom
|
|t:|1728009014
|switch|p1a: Raikou|Raikou|100/100
|
|-weather|Sandstorm|[upkeep]
|-damage|p1a: Raikou|94/100|[from] Sandstorm
|-damage|p2a: Cloyster|72/100|[from] Sandstorm
|-heal|p1a: Raikou|100/100|[from] item: Leftovers
|-heal|p2a: Cloyster|78/100|[from] item: Leftovers
|upkeep
|turn|17
|
|t:|1728009024
|switch|p2a: Tyranicif|Tyranitar, M|100/100
|move|p1a: Raikou|Thunderbolt|p2a: Tyranicif
|-damage|p2a: Tyranicif|67/100
|
|-weather|Sandstorm|[upkeep]
|-damage|p1a: Raikou|94/100|[from] Sandstorm
|-heal|p1a: Raikou|100/100|[from] item: Leftovers
|-heal|p2a: Tyranicif|73/100|[from] item: Leftovers
|upkeep
|turn|18
|
|t:|1728009044
|-activate|p1a: Raikou|move: Pursuit
|move|p2a: Tyranicif|Pursuit|p1a: Raikou|[from]Pursuit
|-damage|p1a: Raikou|68/100
|switch|p1a: Claydol|Claydol|76/100
|
|-weather|Sandstorm|[upkeep]
|-heal|p1a: Claydol|83/100|[from] item: Leftovers
|-heal|p2a: Tyranicif|79/100|[from] item: Leftovers
|upkeep
|turn|19
|
|t:|1728009063
|move|p1a: Claydol|Earthquake|p2a: Tyranicif
|-supereffective|p2a: Tyranicif
|-damage|p2a: Tyranicif|25/100
|move|p2a: Tyranicif|Hidden Power|p1a: Claydol
|-supereffective|p1a: Claydol
|-damage|p1a: Claydol|43/100
|
|-weather|Sandstorm|[upkeep]
|-heal|p1a: Claydol|50/100|[from] item: Leftovers
|-heal|p2a: Tyranicif|31/100|[from] item: Leftovers
|upkeep
|turn|20
|
|t:|1728009073
|switch|p2a: Aerodactyl|Aerodactyl, F|100/100
|move|p1a: Claydol|Earthquake|p2a: Aerodactyl
|-immune|p2a: Aerodactyl
|
|-weather|Sandstorm|[upkeep]
|-heal|p1a: Claydol|56/100|[from] item: Leftovers
|upkeep
|turn|21
|
|t:|1728009084
|move|p2a: Aerodactyl|Double-Edge|p1a: Claydol
|-damage|p1a: Claydol|0 fnt
|faint|p1a: Claydol
|
|t:|1728009087
|switch|p1a: Metagross|Metagross|100/100
|
|-weather|Sandstorm|[upkeep]
|upkeep
|turn|22
|
|t:|1728009094
|-activate|p2a: Aerodactyl|move: Pursuit
|move|p1a: Metagross|Pursuit|p2a: Aerodactyl|[from]Pursuit
|-damage|p2a: Aerodactyl|73/100
|switch|p2a: Tyranicif|Tyranitar, M|31/100
|
|-weather|Sandstorm|[upkeep]
|-heal|p2a: Tyranicif|37/100|[from] item: Leftovers
|upkeep
|turn|23
|
|t:|1728009100
|move|p2a: Tyranicif|Fire Blast|p1a: Metagross
|-supereffective|p1a: Metagross
|-damage|p1a: Metagross|30/100
|move|p1a: Metagross|Earthquake|p2a: Tyranicif
|-supereffective|p2a: Tyranicif
|-damage|p2a: Tyranicif|0 fnt
|faint|p2a: Tyranicif
|
|t:|1728009109
|switch|p2a: Aerodactyl|Aerodactyl, F|73/100
|
|-weather|Sandstorm|[upkeep]
|-heal|p1a: Metagross|36/100|[from] item: Leftovers
|upkeep
|turn|24
|
|t:|1728009113
|move|p2a: Aerodactyl|Earthquake|p1a: Metagross
|-supereffective|p1a: Metagross
|-damage|p1a: Metagross|0 fnt
|faint|p1a: Metagross
|
|t:|1728009116
|switch|p1a: Gyarados|Gyarados, F|100/100
|-ability|p1a: Gyarados|Intimidate|boost
|-unboost|p2a: Aerodactyl|atk|1
|
|-weather|Sandstorm|[upkeep]
|-damage|p1a: Gyarados|94/100|[from] Sandstorm
|-heal|p1a: Gyarados|100/100|[from] item: Leftovers
|upkeep
|turn|25
|
|t:|1728009130
|switch|p2a: Cloyster|Cloyster, M|78/100
|switch|p1a: Raikou|Raikou|68/100
|
|-weather|Sandstorm|[upkeep]
|-damage|p1a: Raikou|62/100|[from] Sandstorm
|-damage|p2a: Cloyster|72/100|[from] Sandstorm
|-heal|p1a: Raikou|68/100|[from] item: Leftovers
|-heal|p2a: Cloyster|78/100|[from] item: Leftovers
|upkeep
|turn|26
|
|t:|1728009150
|move|p1a: Raikou|Thunderbolt|p2a: Cloyster
|-supereffective|p2a: Cloyster
|-damage|p2a: Cloyster|0 fnt
|faint|p2a: Cloyster
|
|t:|1728009156
|switch|p2a: Celebi|Celebi|49/100
|
|-weather|Sandstorm|[upkeep]
|-damage|p1a: Raikou|62/100|[from] Sandstorm
|-damage|p2a: Celebi|43/100|[from] Sandstorm
|-heal|p1a: Raikou|68/100|[from] item: Leftovers
|-heal|p2a: Celebi|49/100|[from] item: Leftovers
|upkeep
|turn|27
|
|t:|1728009159
|move|p1a: Raikou|Substitute|p1a: Raikou
|-start|p1a: Raikou|Substitute
|-damage|p1a: Raikou|43/100
|move|p2a: Celebi|Leech Seed||[still]
|-fail|p2a: Celebi
|
|-weather|Sandstorm|[upkeep]
|-damage|p1a: Raikou|37/100|[from] Sandstorm
|-damage|p2a: Celebi|43/100|[from] Sandstorm
|-heal|p1a: Raikou|43/100|[from] item: Leftovers
|-heal|p2a: Celebi|49/100|[from] item: Leftovers
|upkeep
|turn|28
|
|t:|1728009163
|move|p1a: Raikou|Calm Mind|p1a: Raikou
|-boost|p1a: Raikou|spa|1
|-boost|p1a: Raikou|spd|1
|move|p2a: Celebi|Psychic|p1a: Raikou
|-activate|p1a: Raikou|Substitute|[damage]
|
|-weather|Sandstorm|[upkeep]
|-damage|p1a: Raikou|37/100|[from] Sandstorm
|-damage|p2a: Celebi|43/100|[from] Sandstorm
|-heal|p1a: Raikou|43/100|[from] item: Leftovers
|-heal|p2a: Celebi|49/100|[from] item: Leftovers
|upkeep
|turn|29
|
|t:|1728009174
|move|p1a: Raikou|Calm Mind|p1a: Raikou
|-boost|p1a: Raikou|spa|1
|-boost|p1a: Raikou|spd|1
|move|p2a: Celebi|Psychic|p1a: Raikou
|-end|p1a: Raikou|Substitute
|
|-weather|Sandstorm|[upkeep]
|-damage|p1a: Raikou|37/100|[from] Sandstorm
|-damage|p2a: Celebi|43/100|[from] Sandstorm
|-heal|p1a: Raikou|43/100|[from] item: Leftovers
|-heal|p2a: Celebi|49/100|[from] item: Leftovers
|upkeep
|turn|30
|
|t:|1728009193
|move|p1a: Raikou|Substitute|p1a: Raikou
|-start|p1a: Raikou|Substitute
|-damage|p1a: Raikou|18/100
|move|p2a: Celebi|Substitute|p2a: Celebi
|-start|p2a: Celebi|Substitute
|-damage|p2a: Celebi|24/100
|
|-weather|Sandstorm|[upkeep]
|-damage|p1a: Raikou|12/100|[from] Sandstorm
|-damage|p2a: Celebi|18/100|[from] Sandstorm
|-heal|p1a: Raikou|18/100|[from] item: Leftovers
|-heal|p2a: Celebi|24/100|[from] item: Leftovers
|upkeep
|turn|31
|
|t:|1728009198
|move|p1a: Raikou|Thunderbolt|p2a: Celebi
|-resisted|p2a: Celebi
|-end|p2a: Celebi|Substitute
|move|p2a: Celebi|Psychic|p1a: Raikou
|-activate|p1a: Raikou|Substitute|[damage]
|
|-weather|Sandstorm|[upkeep]
|-damage|p1a: Raikou|12/100|[from] Sandstorm
|-damage|p2a: Celebi|18/100|[from] Sandstorm
|-heal|p1a: Raikou|18/100|[from] item: Leftovers
|-heal|p2a: Celebi|24/100|[from] item: Leftovers
|upkeep
|turn|32
|
|t:|1728009216
|switch|p2a: Jolteon|Jolteon, M|82/100
|move|p1a: Raikou|Thunderbolt|p2a: Jolteon
|-heal|p2a: Jolteon|100/100|[from] ability: Volt Absorb|[of] p1a: Raikou
|
|-weather|Sandstorm|[upkeep]
|-damage|p2a: Jolteon|95/100|[from] Sandstorm
|-damage|p1a: Raikou|12/100|[from] Sandstorm
|-heal|p2a: Jolteon|100/100|[from] item: Leftovers
|-heal|p1a: Raikou|18/100|[from] item: Leftovers
|upkeep
|turn|33
|
|t:|1728009223
|move|p2a: Jolteon|Substitute|p2a: Jolteon
|-start|p2a: Jolteon|Substitute
|-damage|p2a: Jolteon|76/100
|move|p1a: Raikou|Hidden Power|p2a: Jolteon
|-end|p2a: Jolteon|Substitute
|
|-weather|Sandstorm|[upkeep]
|-damage|p2a: Jolteon|70/100|[from] Sandstorm
|-damage|p1a: Raikou|12/100|[from] Sandstorm
|-heal|p2a: Jolteon|76/100|[from] item: Leftovers
|-heal|p1a: Raikou|18/100|[from] item: Leftovers
|upkeep
|turn|34
|
|t:|1728009231
|move|p2a: Jolteon|Thunderbolt|p1a: Raikou
|-resisted|p1a: Raikou
|-end|p1a: Raikou|Substitute
|move|p1a: Raikou|Hidden Power|p2a: Jolteon
|-damage|p2a: Jolteon|20/100
|
|-weather|Sandstorm|[upkeep]
|-damage|p2a: Jolteon|15/100|[from] Sandstorm
|-damage|p1a: Raikou|12/100|[from] Sandstorm
|-heal|p2a: Jolteon|20/100|[from] item: Leftovers
|-heal|p1a: Raikou|18/100|[from] item: Leftovers
|upkeep
|turn|35
|
|t:|1728009241
|move|p2a: Jolteon|Thunderbolt|p1a: Raikou
|-resisted|p1a: Raikou
|-damage|p1a: Raikou|7/100
|move|p1a: Raikou|Hidden Power|p2a: Jolteon
|-damage|p2a: Jolteon|0 fnt
|faint|p2a: Jolteon
|
|t:|1728009250
|switch|p2a: Aerodactyl|Aerodactyl, F|73/100
|
|-weather|Sandstorm|[upkeep]
|-damage|p1a: Raikou|1/100|[from] Sandstorm
|-heal|p1a: Raikou|7/100|[from] item: Leftovers
|upkeep
|turn|36
|
|t:|1728009255
|move|p2a: Aerodactyl|Rock Slide|p1a: Raikou
|-damage|p1a: Raikou|0 fnt
|faint|p1a: Raikou
|
|t:|1728009257
|switch|p1a: Gyarados|Gyarados, F|100/100
|-ability|p1a: Gyarados|Intimidate|boost
|-unboost|p2a: Aerodactyl|atk|1
|
|-weather|Sandstorm|[upkeep]
|-damage|p1a: Gyarados|94/100|[from] Sandstorm
|-heal|p1a: Gyarados|100/100|[from] item: Leftovers
|upkeep
|turn|37
|
|t:|1728009263
|switch|p2a: Celebi|Celebi|24/100
|switch|p1a: Houndoom|Houndoom, M|63/100
|
|-weather|Sandstorm|[upkeep]
|-damage|p1a: Houndoom|57/100|[from] Sandstorm
|-damage|p2a: Celebi|18/100|[from] Sandstorm
|-heal|p1a: Houndoom|63/100|[from] item: Leftovers
|-heal|p2a: Celebi|24/100|[from] item: Leftovers
|upkeep
|turn|38
|
|t:|1728009280
|move|p1a: Houndoom|Pursuit|p2a: Celebi
|-supereffective|p2a: Celebi
|-damage|p2a: Celebi|0 fnt
|faint|p2a: Celebi
|
|t:|1728009283
|switch|p2a: Aerodactyl|Aerodactyl, F|73/100
|
|-weather|Sandstorm|[upkeep]
|-damage|p1a: Houndoom|57/100|[from] Sandstorm
|-heal|p1a: Houndoom|63/100|[from] item: Leftovers
|upkeep
|turn|39
|
|t:|1728009288
|move|p2a: Aerodactyl|Rock Slide|p1a: Houndoom
|-supereffective|p1a: Houndoom
|-damage|p1a: Houndoom|0 fnt
|faint|p1a: Houndoom
|
|t:|1728009291
|switch|p1a: Gyarados|Gyarados, F|100/100
|-ability|p1a: Gyarados|Intimidate|boost
|-unboost|p2a: Aerodactyl|atk|1
|
|-weather|Sandstorm|[upkeep]
|-damage|p1a: Gyarados|94/100|[from] Sandstorm
|-heal|p1a: Gyarados|100/100|[from] item: Leftovers
|upkeep
|turn|40
|
|t:|1728009293
|move|p2a: Aerodactyl|Rock Slide|p1a: Gyarados
|-supereffective|p1a: Gyarados
|-damage|p1a: Gyarados|3/100
|move|p1a: Gyarados|Dragon Dance|p1a: Gyarados
|-boost|p1a: Gyarados|atk|1
|-boost|p1a: Gyarados|spe|1
|
|-weather|Sandstorm|[upkeep]
|-damage|p1a: Gyarados|0 fnt|[from] Sandstorm
|faint|p1a: Gyarados
|
|win|b1urry
|upkeep
|c|☆ZPanther|gg
|c|☆b1urry|gg

</script>
<script type="application/json" class="data" id="replaydata-smogtours-gen3ou-794484">
{"id":"smogtours-gen3ou-794484","format":"[Gen 3] OU","players":["ZPanther","b1urry"],"uploadtime":1728009293,"views":143,"formatid":"gen3ou","rating":null,"private":0,"password":null}
</script>

<script defer src="js/replays.js?9d40a366"></script>
