<!DOCTYPE html>
<meta charset="utf-8" />
<meta name="viewport" content="width=device-width" />

<title>[Gen 3] OU: Kollin7 vs. RedCrimp - Replays - Pok&eacute;mon Showdown!</title>

<meta name="description" content="Watch a replay of a Pok&eacute;mon battle between Kollin7 and RedCrimp! Format: [Gen 3] OU; Date: Oct 29, 2024" />
<!--

Hey, you! Looking in the source for the replay log?

You can find them in JSON format, just add `.json` at the end of a replay URL.

https://replay.pokemonshowdown.com/gen7randomdoublesbattle-865046831.json

Or, if you only need the log itself, add `.log` instead:

https://replay.pokemonshowdown.com/gen7randomdoublesbattle-865046831.log

-->

<link rel="stylesheet" href="//pokemonshowdown.com/style/global.css?0.023195364461161105" />
<link rel="stylesheet" href="//play.pokemonshowdown.com/style/font-awesome.css?0.13261647063804238" />
<link rel="stylesheet" href="//play.pokemonshowdown.com/style/battle.css?0.8753245789963631" />
<link rel="stylesheet" href="//play.pokemonshowdown.com/style/utilichart.css?0.8627959624976733" />

<!-- Global site tag (gtag.js) - Google Analytics -->
<script async src="https://www.googletagmanager.com/gtag/js?id=UA-26211653-1"></script>
<script>
  window.dataLayer = window.dataLayer || [];
  function gtag(){dataLayer.push(arguments);}
  gtag('js', new Date());

  gtag('config', 'UA-26211653-1');
</script>
<!-- End Google Analytics -->
<!-- Venatus Ad Manager - Install in <HEAD> of page -->
	<script src="https://hb.vntsm.com/v3/live/ad-manager.min.js" type="text/javascript" data-site-id="642aba63ec9a7b11c3c9c1be" data-mode="scan" async></script>
<!-- / Venatus Ad Manager -->

<style>
	@media (max-width:820px) {
		.battle {
			margin: 0 auto;
		}
		.battle-log {
			margin: 7px auto 0;
			max-width: 640px;
			height: 300px;
			position: static;
		}
	}
	.optgroup {
		display: inline-block;
		line-height: 22px;
		font-size: 10pt;
	}
	.optgroup .button {
		height: 25px;
		padding-top: 0;
		padding-bottom: 0;
	}
	.optgroup button.button {
		padding-left: 12px;
		padding-right: 12px;
	}
	.linklist {
		list-style: none;
		margin: 0.5em 0;
		padding: 0;
	}
	.linklist li {
		padding: 2px 0;
	}
	.sidebar {
		float: left;
		width: 320px;
	}
	.bar-wrapper {
		max-width: 1100px;
		margin: 0 auto;
	}
	.bar-wrapper.has-sidebar {
		max-width: 1430px;
	}
	.mainbar {
		margin: 0;
		padding-right: 1px;
	}
	.mainbar.has-sidebar {
		margin-left: 330px;
	}
	@media (min-width: 1511px) {
		.sidebar {
			width: 400px;
		}
		.bar-wrapper.has-sidebar {
			max-width: 1510px;
		}
		.mainbar.has-sidebar {
			margin-left: 410px;
		}
	}
	.section.first-section {
		margin-top: 9px;
	}
	.blocklink small {
		white-space: normal;
	}
	.button {
		vertical-align: middle;
	}
	.replay-controls {
		padding-top: 10px;
	}
	.replay-controls h1 {
		font-size: 16pt;
		font-weight: normal;
		color: #CCC;
	}
	.pagelink {
		text-align: center;
	}
	.pagelink a {
		width: 150px;
	}
	.textbox, .button {
		font-size: 11pt;
		vertical-align: middle;
	}
	@media (max-width: 450px) {
		.button {
			font-size: 9pt;
		}
	}
</style>

<div>

	<header>
		<div class="nav-wrapper"><ul class="nav">
			<li><a class="button nav-first" href="//pokemonshowdown.com/"><img src="//pokemonshowdown.com/images/pokemonshowdownbeta.png" srcset="//pokemonshowdown.com/images/pokemonshowdownbeta.png 1x, //pokemonshowdown.com/images/pokemonshowdownbeta@2x.png 2x" alt="Pok&eacute;mon Showdown" width="146" height="44" /> Home</a></li>
			<li><a class="button" href="//pokemonshowdown.com/dex/">Pok&eacute;dex</a></li>
			<li><a class="button cur" href="/">Replays</a></li>
			<li><a class="button" href="//pokemonshowdown.com/ladder/">Ladder</a></li>
			<li><a class="button nav-last" href="//pokemonshowdown.com/forums/">Forum</a></li>
			<li><a class="button greenbutton nav-first nav-last" href="//play.pokemonshowdown.com/">Play</a></li>
		</ul></div>
	</header>

	<div class="main" id="main">

		<noscript><section class="section">You need to enable JavaScript to use this page; sorry!</section></noscript>

	</div>

</div>

<script defer nomodule src="//play.pokemonshowdown.com/js/lib/ps-polyfill.js"></script>
<script defer src="//play.pokemonshowdown.com/js/lib/preact.min.js"></script>

<script defer src="//play.pokemonshowdown.com/config/config.js?2bddbc15"></script>
<script defer src="//play.pokemonshowdown.com/js/lib/jquery-1.11.0.min.js"></script>
<script defer src="//play.pokemonshowdown.com/js/lib/html-sanitizer-minified.js"></script>
<script defer src="//play.pokemonshowdown.com/js/battle-sound.js"></script>
<script defer src="//play.pokemonshowdown.com/js/battledata.js?0.7209276989879541"></script>
<script defer src="//play.pokemonshowdown.com/data/pokedex-mini.js?0.6111056340867951"></script>
<script defer src="//play.pokemonshowdown.com/data/pokedex-mini-bw.js?0.3532142036491459"></script>
<script defer src="//play.pokemonshowdown.com/data/graphics.js?0.24223875632456182"></script>
<script defer src="//play.pokemonshowdown.com/data/pokedex.js?0.38839984266356864"></script>
<script defer src="//play.pokemonshowdown.com/data/moves.js?0.21866028504024015"></script>
<script defer src="//play.pokemonshowdown.com/data/abilities.js?0.2005157953846628"></script>
<script defer src="//play.pokemonshowdown.com/data/items.js?0.9894211263848525"></script>
<script defer src="//play.pokemonshowdown.com/data/teambuilder-tables.js?0.6008791140282215"></script>
<script defer src="//play.pokemonshowdown.com/js/battle-tooltips.js?0.7580118955022959"></script>
<script defer src="//play.pokemonshowdown.com/js/battle.js?0.6057722274234274"></script>

<script defer src="js/utils.js?e31f9a17"></script>
<script defer src="js/replays-battle.js?7008c182"></script>

<!-- don't scrape this data! just add .json or .log after the URL!
Full API docs: https://github.com/smogon/pokemon-showdown-client/blob/master/WEB-API.md -->
<script type="text/plain" class="log" id="replaylog-smogtours-gen3ou-803304">
|inactive|Battle timer is ON: inactive players will automatically lose when time's up.
|t:|1730232939
|gametype|singles
|player|p1|Kollin7|hiker-gen2|
|player|p2|RedCrimp|2|
|teamsize|p1|6
|teamsize|p2|6
|gen|3
|tier|[Gen 3] OU
|rule|Sleep Clause Mod: Limit one foe put to sleep
|rule|Switch Priority Clause Mod: Faster Pokémon switch first
|rule|Species Clause: Limit one of each Pokémon
|rule|OHKO Clause: OHKO moves are banned
|rule|Evasion Items Clause: Evasion items are banned
|rule|Evasion Moves Clause: Evasion moves are banned
|rule|Endless Battle Clause: Forcing endless battles is banned
|rule|HP Percentage Mod: HP is shown in percentages
|rule|One Boost Passer Clause: Limit one Baton Passer that has a way to boost its stats
|rule|Freeze Clause Mod: Limit one foe frozen
|
|t:|1730232939
|start
|switch|p1a: Medicham|Medicham, M|100/100
|switch|p2a: Salamence|Salamence, F|100/100
|-ability|p2a: Salamence|Intimidate|boost
|-unboost|p1a: Medicham|atk|1
|turn|1
|inactive|Kollin7 also wants the timer to be on.
|
|t:|1730232966
|switch|p1a: Suicune|Suicune|100/100
|move|p2a: Salamence|Dragon Claw|p1a: Suicune
|-damage|p1a: Suicune|75/100
|
|-heal|p1a: Suicune|81/100|[from] item: Leftovers
|upkeep
|turn|2
|
|t:|1730232994
|switch|p2a: Forretress|Forretress, F|100/100
|move|p1a: Suicune|Calm Mind|p1a: Suicune
|-boost|p1a: Suicune|spa|1
|-boost|p1a: Suicune|spd|1
|
|-heal|p1a: Suicune|88/100|[from] item: Leftovers
|upkeep
|turn|3
|
|t:|1730233001
|move|p1a: Suicune|Surf|p2a: Forretress
|-damage|p2a: Forretress|49/100
|move|p2a: Forretress|Spikes|p1a: Suicune
|-sidestart|p1: Kollin7|Spikes
|
|-heal|p1a: Suicune|94/100|[from] item: Leftovers
|-heal|p2a: Forretress|55/100|[from] item: Leftovers
|upkeep
|turn|4
|
|t:|1730233008
|switch|p1a: Magneton|Magneton|100/100
|-damage|p1a: Magneton|88/100|[from] Spikes
|switch|p2a: Blissey|Blissey, F|100/100
|
|upkeep
|turn|5
|
|t:|1730233031
|switch|p1a: Snorlax|Snorlax, F|100/100
|-damage|p1a: Snorlax|88/100|[from] Spikes
|move|p2a: Blissey|Ice Beam|p1a: Snorlax
|-damage|p1a: Snorlax|73/100
|
|-heal|p1a: Snorlax|79/100|[from] item: Leftovers
|upkeep
|turn|6
|inactive|RedCrimp has 270 seconds left.
|
|t:|1730233073
|switch|p2a: Tyranitar|Tyranitar, F|100/100
|-weather|Sandstorm|[from] ability: Sand Stream|[of] p2a: Tyranitar
|switch|p1a: Medicham|Medicham, M|100/100
|-damage|p1a: Medicham|88/100|[from] Spikes
|
|-weather|Sandstorm|[upkeep]
|-damage|p1a: Medicham|82/100|[from] Sandstorm
|upkeep
|turn|7
|inactive|RedCrimp has 240 seconds left.
|
|t:|1730233100
|-singleturn|p1a: Medicham|move: Focus Punch
|switch|p2a: Jirachi|Jirachi|100/100
|move|p1a: Medicham|Focus Punch|p2a: Jirachi
|-damage|p2a: Jirachi|21/100
|
|-weather|Sandstorm|[upkeep]
|-damage|p1a: Medicham|76/100|[from] Sandstorm
|-heal|p2a: Jirachi|27/100|[from] item: Leftovers
|upkeep
|turn|8
|inactive|RedCrimp has 240 seconds left.
|
|t:|1730233127
|move|p1a: Medicham|Brick Break|p2a: Jirachi
|-damage|p2a: Jirachi|0 fnt
|faint|p2a: Jirachi
|
|t:|1730233132
|switch|p2a: Salamence|Salamence, F|100/100
|-ability|p2a: Salamence|Intimidate|boost
|-unboost|p1a: Medicham|atk|1
|
|-weather|Sandstorm|[upkeep]
|-damage|p2a: Salamence|94/100|[from] Sandstorm
|-damage|p1a: Medicham|70/100|[from] Sandstorm
|-heal|p2a: Salamence|100/100|[from] item: Leftovers
|upkeep
|turn|9
|inactive|Kollin7 has 270 seconds left.
|
|t:|1730233191
|switch|p1a: Snorlax|Snorlax, F|79/100
|-damage|p1a: Snorlax|66/100|[from] Spikes
|move|p2a: Salamence|Dragon Claw|p1a: Snorlax
|-damage|p1a: Snorlax|45/100
|
|-weather|Sandstorm|[upkeep]
|-damage|p2a: Salamence|94/100|[from] Sandstorm
|-damage|p1a: Snorlax|38/100|[from] Sandstorm
|-heal|p2a: Salamence|100/100|[from] item: Leftovers
|-heal|p1a: Snorlax|45/100|[from] item: Leftovers
|upkeep
|turn|10
|inactive|Kollin7 has 240 seconds left.
|inactive|RedCrimp has 210 seconds left.
|inactive|Kollin7 has 210 seconds left.
|
|t:|1730233261
|switch|p2a: Forretress|Forretress, F|55/100
|move|p1a: Snorlax|Body Slam|p2a: Forretress
|-resisted|p2a: Forretress
|-damage|p2a: Forretress|40/100
|
|-weather|Sandstorm|[upkeep]
|-damage|p1a: Snorlax|38/100|[from] Sandstorm
|-heal|p1a: Snorlax|45/100|[from] item: Leftovers
|-heal|p2a: Forretress|47/100|[from] item: Leftovers
|upkeep
|turn|11
|
|t:|1730233273
|switch|p1a: Magneton|Magneton|88/100
|-damage|p1a: Magneton|76/100|[from] Spikes
|move|p2a: Forretress|Earthquake|p1a: Magneton
|-supereffective|p1a: Magneton
|-damage|p1a: Magneton|0 fnt
|faint|p1a: Magneton
|inactive|Kollin7 has 180 seconds left.
|
|t:|1730233297
|switch|p1a: Suicune|Suicune|94/100
|-damage|p1a: Suicune|81/100|[from] Spikes
|
|-weather|Sandstorm|[upkeep]
|-damage|p1a: Suicune|75/100|[from] Sandstorm
|-heal|p1a: Suicune|81/100|[from] item: Leftovers
|-heal|p2a: Forretress|53/100|[from] item: Leftovers
|upkeep
|turn|12
|inactive|RedCrimp has 210 seconds left.
|inactive|RedCrimp has 180 seconds left.
|
|t:|1730233335
|switch|p1a: Metagross|Metagross|100/100
|-damage|p1a: Metagross|88/100|[from] Spikes
|switch|p2a: Blissey|Blissey, F|100/100
|
|-weather|Sandstorm|[upkeep]
|-damage|p2a: Blissey|94/100|[from] Sandstorm
|-heal|p1a: Metagross|94/100|[from] item: Leftovers
|-heal|p2a: Blissey|100/100|[from] item: Leftovers
|upkeep
|turn|13
|inactive|RedCrimp has 180 seconds left.
|
|t:|1730233357
|switch|p2a: Swampert|Swampert, M|100/100
|move|p1a: Metagross|Meteor Mash|p2a: Swampert
|-resisted|p2a: Swampert
|-crit|p2a: Swampert
|-damage|p2a: Swampert|58/100
|
|-weather|Sandstorm|[upkeep]
|-heal|p1a: Metagross|100/100|[from] item: Leftovers
|-heal|p2a: Swampert|64/100|[from] item: Leftovers
|upkeep
|turn|14
|inactive|Kollin7 has 180 seconds left.
|
|t:|1730233393
|switch|p1a: Salamence|Salamence, M|100/100
|-ability|p1a: Salamence|Intimidate|boost
|-unboost|p2a: Swampert|atk|1
|move|p2a: Swampert|Protect||[still]
|-fail|p2a: Swampert
|
|-weather|Sandstorm|[upkeep]
|-damage|p1a: Salamence|94/100|[from] Sandstorm
|-heal|p1a: Salamence|100/100|[from] item: Leftovers
|-heal|p2a: Swampert|70/100|[from] item: Leftovers
|upkeep
|turn|15
|inactive|RedCrimp has 180 seconds left.
|inactive|RedCrimp disconnected and has 300 seconds to reconnect!
|player|p2|
|inactive|RedCrimp reconnected and has 155 seconds left.
|player|p2|RedCrimp|2|
|inactive|Kollin7 has 150 seconds left.
|inactive|RedCrimp has 150 seconds left.
|
|t:|1730233454
|switch|p1a: Suicune|Suicune|81/100
|-damage|p1a: Suicune|69/100|[from] Spikes
|switch|p2a: Blissey|Blissey, F|100/100
|
|-weather|Sandstorm|[upkeep]
|-damage|p1a: Suicune|63/100|[from] Sandstorm
|-damage|p2a: Blissey|94/100|[from] Sandstorm
|-heal|p1a: Suicune|69/100|[from] item: Leftovers
|-heal|p2a: Blissey|100/100|[from] item: Leftovers
|upkeep
|turn|16
|inactive|Kollin7 has 150 seconds left.
|inactive|RedCrimp has 150 seconds left.
|inactive|Kollin7 has 120 seconds left.
|
|t:|1730233502
|switch|p1a: Snorlax|Snorlax, F|45/100
|-damage|p1a: Snorlax|32/100|[from] Spikes
|switch|p2a: Swampert|Swampert, M|70/100
|
|-weather|Sandstorm|[upkeep]
|-damage|p1a: Snorlax|26/100|[from] Sandstorm
|-heal|p2a: Swampert|77/100|[from] item: Leftovers
|-heal|p1a: Snorlax|32/100|[from] item: Leftovers
|upkeep
|turn|17
|
|t:|1730233526
|switch|p2a: Tyranitar|Tyranitar, F|100/100
|move|p1a: Snorlax|Body Slam|p2a: Tyranitar
|-resisted|p2a: Tyranitar
|-damage|p2a: Tyranitar|84/100
|-status|p2a: Tyranitar|par
|
|-weather|Sandstorm|[upkeep]
|-damage|p1a: Snorlax|26/100|[from] Sandstorm
|-heal|p1a: Snorlax|32/100|[from] item: Leftovers
|-heal|p2a: Tyranitar|91/100 par|[from] item: Leftovers
|upkeep
|turn|18
|inactive|Kollin7 has 120 seconds left.
|inactive|Kollin7 has 90 seconds left.
|
|t:|1730233584
|move|p1a: Snorlax|Self-Destruct|p2a: Tyranitar
|-resisted|p2a: Tyranitar
|-damage|p2a: Tyranitar|20/100 par
|faint|p1a: Snorlax
|inactive|Kollin7 has 60 seconds left.
|inactive|Kollin7 has 30 seconds left.
|
|t:|1730233642
|switch|p1a: Suicune|Suicune|69/100
|-damage|p1a: Suicune|56/100|[from] Spikes
|
|-weather|Sandstorm|[upkeep]
|-damage|p1a: Suicune|50/100|[from] Sandstorm
|-heal|p1a: Suicune|56/100|[from] item: Leftovers
|-heal|p2a: Tyranitar|26/100 par|[from] item: Leftovers
|upkeep
|turn|19
|
|t:|1730233650
|switch|p2a: Blissey|Blissey, F|100/100
|move|p1a: Suicune|Surf|p2a: Blissey
|-damage|p2a: Blissey|86/100
|
|-weather|Sandstorm|[upkeep]
|-damage|p1a: Suicune|50/100|[from] Sandstorm
|-damage|p2a: Blissey|80/100|[from] Sandstorm
|-heal|p1a: Suicune|56/100|[from] item: Leftovers
|-heal|p2a: Blissey|86/100|[from] item: Leftovers
|upkeep
|turn|20
|inactive|RedCrimp has 150 seconds left.
|inactive|Kollin7 has 30 seconds left.
|inactive|Kollin7 has 20 seconds left.
|inactive|Kollin7 has 15 seconds left.
|inactive|Kollin7 has 10 seconds left.
|inactive|Kollin7 has 5 seconds left.
|
|t:|1730233697
|switch|p1a: Medicham|Medicham, M|70/100
|-damage|p1a: Medicham|58/100|[from] Spikes
|move|p2a: Blissey|Thunderbolt|p1a: Medicham
|-damage|p1a: Medicham|17/100
|
|-weather|Sandstorm|[upkeep]
|-damage|p1a: Medicham|10/100|[from] Sandstorm
|-damage|p2a: Blissey|80/100|[from] Sandstorm
|-heal|p2a: Blissey|86/100|[from] item: Leftovers
|upkeep
|turn|21
|inactive|Kollin7 has 15 seconds left this turn.
|inactive|Kollin7 has 10 seconds left.
|inactive|RedCrimp has 150 seconds left.
|
|t:|1730233709
|switch|p2a: Tyranitar|Tyranitar, F|26/100 par
|move|p1a: Medicham|Brick Break|p2a: Tyranitar
|-supereffective|p2a: Tyranitar
|-damage|p2a: Tyranitar|0 fnt
|faint|p2a: Tyranitar
|inactive|Kollin7 has 15 seconds left this turn.
|
|t:|1730233713
|switch|p2a: Salamence|Salamence, F|100/100
|-ability|p2a: Salamence|Intimidate|boost
|-unboost|p1a: Medicham|atk|1
|
|-weather|Sandstorm|[upkeep]
|-damage|p2a: Salamence|94/100|[from] Sandstorm
|-damage|p1a: Medicham|4/100|[from] Sandstorm
|-heal|p2a: Salamence|100/100|[from] item: Leftovers
|upkeep
|turn|22
|inactive|Kollin7 has 25 seconds left this turn.
|
|t:|1730233723
|move|p2a: Salamence|Dragon Claw|p1a: Medicham
|-damage|p1a: Medicham|0 fnt
|faint|p1a: Medicham
|inactive|Kollin7 has 30 seconds left this turn.
|
|t:|1730233728
|switch|p1a: Suicune|Suicune|56/100
|-damage|p1a: Suicune|44/100|[from] Spikes
|
|-weather|Sandstorm|[upkeep]
|-damage|p2a: Salamence|94/100|[from] Sandstorm
|-damage|p1a: Suicune|38/100|[from] Sandstorm
|-heal|p2a: Salamence|100/100|[from] item: Leftovers
|-heal|p1a: Suicune|44/100|[from] item: Leftovers
|upkeep
|turn|23
|
|t:|1730233736
|switch|p2a: Blissey|Blissey, F|86/100
|move|p1a: Suicune|Ice Beam|p2a: Blissey
|-damage|p2a: Blissey|76/100
|
|-weather|Sandstorm|[upkeep]
|-damage|p1a: Suicune|38/100|[from] Sandstorm
|-damage|p2a: Blissey|70/100|[from] Sandstorm
|-heal|p1a: Suicune|44/100|[from] item: Leftovers
|-heal|p2a: Blissey|76/100|[from] item: Leftovers
|upkeep
|turn|24
|inactive|Kollin7 has 30 seconds left.
|
|t:|1730233757
|switch|p2a: Swampert|Swampert, M|77/100
|move|p1a: Suicune|Calm Mind|p1a: Suicune
|-boost|p1a: Suicune|spa|1
|-boost|p1a: Suicune|spd|1
|
|-weather|Sandstorm|[upkeep]
|-damage|p1a: Suicune|38/100|[from] Sandstorm
|-heal|p1a: Suicune|44/100|[from] item: Leftovers
|-heal|p2a: Swampert|83/100|[from] item: Leftovers
|upkeep
|turn|25
|
|t:|1730233764
|switch|p2a: Blissey|Blissey, F|76/100
|move|p1a: Suicune|Surf|p2a: Blissey
|-damage|p2a: Blissey|55/100
|
|-weather|Sandstorm|[upkeep]
|-damage|p1a: Suicune|38/100|[from] Sandstorm
|-damage|p2a: Blissey|49/100|[from] Sandstorm
|-heal|p1a: Suicune|44/100|[from] item: Leftovers
|-heal|p2a: Blissey|55/100|[from] item: Leftovers
|upkeep
|turn|26
|
|t:|1730233773
|move|p1a: Suicune|Calm Mind|p1a: Suicune
|-boost|p1a: Suicune|spa|1
|-boost|p1a: Suicune|spd|1
|move|p2a: Blissey|Soft-Boiled|p2a: Blissey
|-heal|p2a: Blissey|100/100
|
|-weather|Sandstorm|[upkeep]
|-damage|p1a: Suicune|38/100|[from] Sandstorm
|-damage|p2a: Blissey|94/100|[from] Sandstorm
|-heal|p1a: Suicune|44/100|[from] item: Leftovers
|-heal|p2a: Blissey|100/100|[from] item: Leftovers
|upkeep
|turn|27
|
|t:|1730233779
|move|p1a: Suicune|Rest|p1a: Suicune
|-status|p1a: Suicune|slp|[from] move: Rest
|-heal|p1a: Suicune|100/100 slp|[silent]
|move|p2a: Blissey|Thunderbolt|p1a: Suicune
|-supereffective|p1a: Suicune
|-damage|p1a: Suicune|84/100 slp
|
|-weather|Sandstorm|[upkeep]
|-damage|p1a: Suicune|78/100 slp|[from] Sandstorm
|-damage|p2a: Blissey|94/100|[from] Sandstorm
|-heal|p1a: Suicune|84/100 slp|[from] item: Leftovers
|-heal|p2a: Blissey|100/100|[from] item: Leftovers
|upkeep
|turn|28
|
|t:|1730233782
|cant|p1a: Suicune|slp
|move|p2a: Blissey|Calm Mind|p2a: Blissey
|-boost|p2a: Blissey|spa|1
|-boost|p2a: Blissey|spd|1
|
|-weather|Sandstorm|[upkeep]
|-damage|p1a: Suicune|78/100 slp|[from] Sandstorm
|-damage|p2a: Blissey|94/100|[from] Sandstorm
|-heal|p1a: Suicune|84/100 slp|[from] item: Leftovers
|-heal|p2a: Blissey|100/100|[from] item: Leftovers
|upkeep
|turn|29
|
|t:|1730233786
|cant|p1a: Suicune|slp
|move|p2a: Blissey|Thunderbolt|p1a: Suicune
|-supereffective|p1a: Suicune
|-damage|p1a: Suicune|59/100 slp
|
|-weather|Sandstorm|[upkeep]
|-damage|p1a: Suicune|53/100 slp|[from] Sandstorm
|-damage|p2a: Blissey|94/100|[from] Sandstorm
|-heal|p1a: Suicune|59/100 slp|[from] item: Leftovers
|-heal|p2a: Blissey|100/100|[from] item: Leftovers
|upkeep
|turn|30
|
|t:|1730233795
|switch|p1a: Metagross|Metagross|100/100
|-damage|p1a: Metagross|88/100|[from] Spikes
|move|p2a: Blissey|Calm Mind|p2a: Blissey
|-boost|p2a: Blissey|spa|1
|-boost|p2a: Blissey|spd|1
|
|-weather|Sandstorm|[upkeep]
|-damage|p2a: Blissey|94/100|[from] Sandstorm
|-heal|p1a: Metagross|94/100|[from] item: Leftovers
|-heal|p2a: Blissey|100/100|[from] item: Leftovers
|upkeep
|turn|31
|inactive|Kollin7 has 60 seconds left.
|
|t:|1730233830
|switch|p2a: Swampert|Swampert, M|83/100
|move|p1a: Metagross|Meteor Mash|p2a: Swampert
|-resisted|p2a: Swampert
|-damage|p2a: Swampert|62/100
|
|-weather|Sandstorm|[upkeep]
|-heal|p1a: Metagross|100/100|[from] item: Leftovers
|-heal|p2a: Swampert|68/100|[from] item: Leftovers
|upkeep
|turn|32
|
|t:|1730233841
|move|p1a: Metagross|Meteor Mash|p2a: Swampert
|-resisted|p2a: Swampert
|-damage|p2a: Swampert|47/100
|move|p2a: Swampert|Roar|p1a: Metagross
|drag|p1a: Suicune|Suicune|59/100 slp
|-damage|p1a: Suicune|47/100 slp|[from] Spikes
|
|-weather|Sandstorm|[upkeep]
|-damage|p1a: Suicune|40/100 slp|[from] Sandstorm
|-heal|p1a: Suicune|47/100 slp|[from] item: Leftovers
|-heal|p2a: Swampert|53/100|[from] item: Leftovers
|upkeep
|turn|33
|
|t:|1730233864
|switch|p2a: Blissey|Blissey, F|100/100
|-curestatus|p1a: Suicune|slp|[msg]
|move|p1a: Suicune|Calm Mind|p1a: Suicune
|-boost|p1a: Suicune|spa|1
|-boost|p1a: Suicune|spd|1
|
|-weather|Sandstorm|[upkeep]
|-damage|p1a: Suicune|40/100|[from] Sandstorm
|-damage|p2a: Blissey|94/100|[from] Sandstorm
|-heal|p1a: Suicune|47/100|[from] item: Leftovers
|-heal|p2a: Blissey|100/100|[from] item: Leftovers
|upkeep
|turn|34
|
|t:|1730233874
|move|p1a: Suicune|Calm Mind|p1a: Suicune
|-boost|p1a: Suicune|spa|1
|-boost|p1a: Suicune|spd|1
|move|p2a: Blissey|Calm Mind|p2a: Blissey
|-boost|p2a: Blissey|spa|1
|-boost|p2a: Blissey|spd|1
|
|-weather|Sandstorm|[upkeep]
|-damage|p1a: Suicune|40/100|[from] Sandstorm
|-damage|p2a: Blissey|94/100|[from] Sandstorm
|-heal|p1a: Suicune|47/100|[from] item: Leftovers
|-heal|p2a: Blissey|100/100|[from] item: Leftovers
|upkeep
|turn|35
|
|t:|1730233883
|move|p1a: Suicune|Rest|p1a: Suicune
|-status|p1a: Suicune|slp|[from] move: Rest
|-heal|p1a: Suicune|100/100 slp|[silent]
|move|p2a: Blissey|Calm Mind|p2a: Blissey
|-boost|p2a: Blissey|spa|1
|-boost|p2a: Blissey|spd|1
|
|-weather|Sandstorm|[upkeep]
|-damage|p1a: Suicune|94/100 slp|[from] Sandstorm
|-damage|p2a: Blissey|94/100|[from] Sandstorm
|-heal|p1a: Suicune|100/100 slp|[from] item: Leftovers
|-heal|p2a: Blissey|100/100|[from] item: Leftovers
|upkeep
|turn|36
|
|t:|1730233886
|cant|p1a: Suicune|slp
|move|p2a: Blissey|Calm Mind|p2a: Blissey
|-boost|p2a: Blissey|spa|1
|-boost|p2a: Blissey|spd|1
|
|-weather|Sandstorm|[upkeep]
|-damage|p1a: Suicune|94/100 slp|[from] Sandstorm
|-damage|p2a: Blissey|94/100|[from] Sandstorm
|-heal|p1a: Suicune|100/100 slp|[from] item: Leftovers
|-heal|p2a: Blissey|100/100|[from] item: Leftovers
|upkeep
|turn|37
|inactive|Kollin7 has 60 seconds left.
|
|t:|1730233916
|switch|p1a: Metagross|Metagross|100/100
|-damage|p1a: Metagross|88/100|[from] Spikes
|move|p2a: Blissey|Calm Mind|p2a: Blissey
|-boost|p2a: Blissey|spa|1
|-boost|p2a: Blissey|spd|1
|
|-weather|Sandstorm|[upkeep]
|-damage|p2a: Blissey|94/100|[from] Sandstorm
|-heal|p1a: Metagross|94/100|[from] item: Leftovers
|-heal|p2a: Blissey|100/100|[from] item: Leftovers
|upkeep
|turn|38
|
|t:|1730233924
|switch|p2a: Forretress|Forretress, F|53/100
|move|p1a: Metagross|Meteor Mash|p2a: Forretress
|-resisted|p2a: Forretress
|-damage|p2a: Forretress|34/100
|-boost|p1a: Metagross|atk|1
|
|-weather|Sandstorm|[upkeep]
|-heal|p1a: Metagross|100/100|[from] item: Leftovers
|-heal|p2a: Forretress|40/100|[from] item: Leftovers
|upkeep
|turn|39
|
|t:|1730233952
|move|p1a: Metagross|Earthquake|p2a: Forretress
|-damage|p2a: Forretress|1/100
|move|p2a: Forretress|Earthquake|p1a: Metagross
|-supereffective|p1a: Metagross
|-damage|p1a: Metagross|64/100
|
|-weather|Sandstorm|[upkeep]
|-heal|p1a: Metagross|70/100|[from] item: Leftovers
|-heal|p2a: Forretress|7/100|[from] item: Leftovers
|upkeep
|turn|40
|inactive|Kollin7 has 60 seconds left.
|
|t:|1730233964
|move|p1a: Metagross|Earthquake|p2a: Forretress
|-damage|p2a: Forretress|0 fnt
|faint|p2a: Forretress
|inactive|RedCrimp has 240 seconds left.
|
|t:|1730233991
|switch|p2a: Salamence|Salamence, F|100/100
|-ability|p2a: Salamence|Intimidate|boost
|-fail|p1a: Metagross|unboost|[from] ability: Clear Body|[of] p1a: Metagross
|
|-weather|Sandstorm|[upkeep]
|-damage|p2a: Salamence|94/100|[from] Sandstorm
|-heal|p2a: Salamence|100/100|[from] item: Leftovers
|-heal|p1a: Metagross|77/100|[from] item: Leftovers
|upkeep
|turn|41
|inactive|Kollin7 has 60 seconds left.
|inactive|Kollin7 has 30 seconds left.
|
|t:|1730234032
|switch|p1a: Suicune|Suicune|100/100 slp
|-damage|p1a: Suicune|88/100 slp|[from] Spikes
|move|p2a: Salamence|Fire Blast|p1a: Suicune
|-resisted|p1a: Suicune
|-damage|p1a: Suicune|75/100 slp
|
|-weather|Sandstorm|[upkeep]
|-damage|p2a: Salamence|94/100|[from] Sandstorm
|-damage|p1a: Suicune|69/100 slp|[from] Sandstorm
|-heal|p2a: Salamence|100/100|[from] item: Leftovers
|-heal|p1a: Suicune|75/100 slp|[from] item: Leftovers
|upkeep
|turn|42
|inactive|Kollin7 has 30 seconds left.
|inactive|Kollin7 has 20 seconds left.
|inactive|Kollin7 has 15 seconds left.
|
|t:|1730234059
|switch|p1a: Metagross|Metagross|77/100
|-damage|p1a: Metagross|64/100|[from] Spikes
|move|p2a: Salamence|Hidden Power|p1a: Metagross
|-resisted|p1a: Metagross
|-damage|p1a: Metagross|53/100
|
|-weather|Sandstorm|[upkeep]
|-damage|p2a: Salamence|94/100|[from] Sandstorm
|-heal|p2a: Salamence|100/100|[from] item: Leftovers
|-heal|p1a: Metagross|59/100|[from] item: Leftovers
|upkeep
|turn|43
|inactive|Kollin7 has 25 seconds left this turn.
|inactive|Kollin7 has 20 seconds left.
|inactive|Kollin7 has 15 seconds left.
|
|t:|1730234074
|switch|p1a: Suicune|Suicune|75/100 slp
|-damage|p1a: Suicune|63/100 slp|[from] Spikes
|move|p2a: Salamence|Fire Blast|p1a: Suicune
|-resisted|p1a: Suicune
|-damage|p1a: Suicune|50/100 slp
|
|-weather|Sandstorm|[upkeep]
|-damage|p2a: Salamence|94/100|[from] Sandstorm
|-damage|p1a: Suicune|44/100 slp|[from] Sandstorm
|-heal|p2a: Salamence|100/100|[from] item: Leftovers
|-heal|p1a: Suicune|50/100 slp|[from] item: Leftovers
|upkeep
|turn|44
|inactive|Kollin7 has 25 seconds left this turn.
|inactive|Kollin7 has 20 seconds left.
|inactive|Kollin7 has 15 seconds left.
|
|t:|1730234085
|switch|p1a: Salamence|Salamence, M|100/100
|-ability|p1a: Salamence|Intimidate|boost
|-unboost|p2a: Salamence|atk|1
|move|p2a: Salamence|Hidden Power|p1a: Salamence
|-resisted|p1a: Salamence
|-damage|p1a: Salamence|96/100
|
|-weather|Sandstorm|[upkeep]
|-damage|p2a: Salamence|94/100|[from] Sandstorm
|-damage|p1a: Salamence|90/100|[from] Sandstorm
|-heal|p2a: Salamence|100/100|[from] item: Leftovers
|-heal|p1a: Salamence|96/100|[from] item: Leftovers
|upkeep
|turn|45
|inactive|Kollin7 has 25 seconds left this turn.
|inactive|Kollin7 has 20 seconds left.
|inactive|Kollin7 has 15 seconds left.
|
|t:|1730234113
|move|p2a: Salamence|Dragon Claw|p1a: Salamence
|-supereffective|p1a: Salamence
|-damage|p1a: Salamence|25/100
|move|p1a: Salamence|Dragon Dance|p1a: Salamence
|-boost|p1a: Salamence|atk|1
|-boost|p1a: Salamence|spe|1
|
|-weather|Sandstorm|[upkeep]
|-damage|p1a: Salamence|19/100|[from] Sandstorm
|-damage|p2a: Salamence|94/100|[from] Sandstorm
|-heal|p1a: Salamence|25/100|[from] item: Leftovers
|-heal|p2a: Salamence|100/100|[from] item: Leftovers
|upkeep
|turn|46
|inactive|Kollin7 has 25 seconds left this turn.
|inactive|Kollin7 has 20 seconds left.
|inactive|Kollin7 has 15 seconds left.
|inactive|RedCrimp has 210 seconds left.
|inactive|Kollin7 has 10 seconds left.
|
|t:|1730234152
|switch|p2a: Swampert|Swampert, M|53/100
|move|p1a: Salamence|Dragon Dance|p1a: Salamence
|-boost|p1a: Salamence|atk|1
|-boost|p1a: Salamence|spe|1
|
|-weather|Sandstorm|[upkeep]
|-damage|p1a: Salamence|19/100|[from] Sandstorm
|-heal|p1a: Salamence|25/100|[from] item: Leftovers
|-heal|p2a: Swampert|59/100|[from] item: Leftovers
|upkeep
|turn|47
|inactive|Kollin7 has 20 seconds left this turn.
|inactive|Kollin7 has 15 seconds left.
|inactive|Kollin7 has 10 seconds left.
|
|t:|1730234166
|move|p1a: Salamence|Hidden Power|p2a: Swampert
|-damage|p2a: Swampert|7/100
|move|p2a: Swampert|Roar|p1a: Salamence
|drag|p1a: Metagross|Metagross|59/100
|-damage|p1a: Metagross|47/100|[from] Spikes
|
|-weather|Sandstorm|[upkeep]
|-heal|p1a: Metagross|53/100|[from] item: Leftovers
|-heal|p2a: Swampert|13/100|[from] item: Leftovers
|upkeep
|turn|48
|inactive|Kollin7 has 20 seconds left this turn.
|inactive|Kollin7 has 15 seconds left.
|
|t:|1730234177
|move|p1a: Metagross|Agility|p1a: Metagross
|-boost|p1a: Metagross|spe|2
|move|p2a: Swampert|Surf|p1a: Metagross
|-damage|p1a: Metagross|5/100
|
|-weather|Sandstorm|[upkeep]
|-heal|p1a: Metagross|11/100|[from] item: Leftovers
|-heal|p2a: Swampert|19/100|[from] item: Leftovers
|upkeep
|turn|49
|inactive|Kollin7 has 25 seconds left this turn.
|inactive|Kollin7 has 20 seconds left.
|inactive|Kollin7 has 15 seconds left.
|
|t:|1730234197
|move|p2a: Swampert|Protect|p2a: Swampert
|-singleturn|p2a: Swampert|Protect
|move|p1a: Metagross|Earthquake|p2a: Swampert
|-activate|p2a: Swampert|Protect
|
|-weather|Sandstorm|[upkeep]
|-heal|p1a: Metagross|17/100|[from] item: Leftovers
|-heal|p2a: Swampert|26/100|[from] item: Leftovers
|upkeep
|turn|50
|inactive|Kollin7 has 25 seconds left this turn.
|inactive|Kollin7 has 20 seconds left.
|inactive|Kollin7 has 15 seconds left.
|inactive|Kollin7 has 10 seconds left.
|
|t:|1730234215
|move|p1a: Metagross|Earthquake|p2a: Swampert
|-damage|p2a: Swampert|0 fnt
|faint|p2a: Swampert
|inactive|Kollin7 has 15 seconds left this turn.
|inactive|RedCrimp has 180 seconds left.
|inactive|RedCrimp has 150 seconds left.
|
|t:|1730234271
|switch|p2a: Blissey|Blissey, F|100/100
|
|-weather|Sandstorm|[upkeep]
|-damage|p2a: Blissey|94/100|[from] Sandstorm
|-heal|p1a: Metagross|23/100|[from] item: Leftovers
|-heal|p2a: Blissey|100/100|[from] item: Leftovers
|upkeep
|turn|51
|inactive|Kollin7 has 25 seconds left this turn.
|inactive|Kollin7 has 20 seconds left.
|inactive|Kollin7 has 15 seconds left.
|
|t:|1730234284
|move|p1a: Metagross|Meteor Mash|p2a: Blissey
|-damage|p2a: Blissey|37/100
|move|p2a: Blissey|Thunderbolt|p1a: Metagross
|-damage|p1a: Metagross|0 fnt
|faint|p1a: Metagross
|inactive|Kollin7 has 20 seconds left this turn.
|inactive|Kollin7 has 15 seconds left.
|
|t:|1730234294
|switch|p1a: Suicune|Suicune|50/100 slp
|-damage|p1a: Suicune|38/100 slp|[from] Spikes
|
|-weather|Sandstorm|[upkeep]
|-damage|p1a: Suicune|32/100 slp|[from] Sandstorm
|-damage|p2a: Blissey|30/100|[from] Sandstorm
|-heal|p1a: Suicune|38/100 slp|[from] item: Leftovers
|-heal|p2a: Blissey|37/100|[from] item: Leftovers
|upkeep
|turn|52
|inactive|Kollin7 has 25 seconds left this turn.
|
|t:|1730234298
|cant|p1a: Suicune|slp
|move|p2a: Blissey|Thunderbolt|p1a: Suicune
|-supereffective|p1a: Suicune
|-damage|p1a: Suicune|6/100 slp
|
|-weather|Sandstorm|[upkeep]
|-damage|p1a: Suicune|0 fnt|[from] Sandstorm
|-damage|p2a: Blissey|30/100|[from] Sandstorm
|faint|p1a: Suicune
|-heal|p2a: Blissey|37/100|[from] item: Leftovers
|upkeep
|inactive|Kollin7 has 30 seconds left this turn.
|
|t:|1730234300
|switch|p1a: Salamence|Salamence, M|25/100
|-ability|p1a: Salamence|Intimidate|boost
|-unboost|p2a: Blissey|atk|1
|turn|53
|inactive|Kollin7 has 30 seconds left.
|inactive|Kollin7 has 20 seconds left.
|
|t:|1730234323
|move|p1a: Salamence|Dragon Dance|p1a: Salamence
|-boost|p1a: Salamence|atk|1
|-boost|p1a: Salamence|spe|1
|move|p2a: Blissey|Ice Beam|p1a: Salamence
|-supereffective|p1a: Salamence
|-damage|p1a: Salamence|0 fnt
|faint|p1a: Salamence
|
|win|RedCrimp
|inactive|Kollin7 has 25 seconds left this turn.
|c|☆Kollin7|gg
|c|☆RedCrimp|gg

</script>
<script type="application/json" class="data" id="replaydata-smogtours-gen3ou-803304">
{"id":"smogtours-gen3ou-803304","format":"[Gen 3] OU","players":["Kollin7","RedCrimp"],"uploadtime":1730234323,"views":104,"formatid":"gen3ou","rating":null,"private":0,"password":null}
</script>

<script defer src="js/replays.js?9d40a366"></script>
