<!DOCTYPE html>
<meta charset="utf-8" />
<meta name="viewport" content="width=device-width" />

<title>[Gen 3] OU: Eduardo Carapinga vs. donk27 - Replays - Pok&eacute;mon Showdown!</title>

<meta name="description" content="Watch a replay of a Pok&eacute;mon battle between Eduardo Carapinga and donk27! Format: [Gen 3] OU; Date: Nov 6, 2024" />
<!--

Hey, you! Looking in the source for the replay log?

You can find them in JSON format, just add `.json` at the end of a replay URL.

https://replay.pokemonshowdown.com/gen7randomdoublesbattle-865046831.json

Or, if you only need the log itself, add `.log` instead:

https://replay.pokemonshowdown.com/gen7randomdoublesbattle-865046831.log

-->

<link rel="stylesheet" href="//pokemonshowdown.com/style/global.css?0.023195364461161105" />
<link rel="stylesheet" href="//play.pokemonshowdown.com/style/font-awesome.css?0.13261647063804238" />
<link rel="stylesheet" href="//play.pokemonshowdown.com/style/battle.css?0.8753245789963631" />
<link rel="stylesheet" href="//play.pokemonshowdown.com/style/utilichart.css?0.8627959624976733" />

<!-- Global site tag (gtag.js) - Google Analytics -->
<script async src="https://www.googletagmanager.com/gtag/js?id=UA-26211653-1"></script>
<script>
  window.dataLayer = window.dataLayer || [];
  function gtag(){dataLayer.push(arguments);}
  gtag('js', new Date());

  gtag('config', 'UA-26211653-1');
</script>
<!-- End Google Analytics -->
<!-- Venatus Ad Manager - Install in <HEAD> of page -->
	<script src="https://hb.vntsm.com/v3/live/ad-manager.min.js" type="text/javascript" data-site-id="642aba63ec9a7b11c3c9c1be" data-mode="scan" async></script>
<!-- / Venatus Ad Manager -->

<style>
	@media (max-width:820px) {
		.battle {
			margin: 0 auto;
		}
		.battle-log {
			margin: 7px auto 0;
			max-width: 640px;
			height: 300px;
			position: static;
		}
	}
	.optgroup {
		display: inline-block;
		line-height: 22px;
		font-size: 10pt;
	}
	.optgroup .button {
		height: 25px;
		padding-top: 0;
		padding-bottom: 0;
	}
	.optgroup button.button {
		padding-left: 12px;
		padding-right: 12px;
	}
	.linklist {
		list-style: none;
		margin: 0.5em 0;
		padding: 0;
	}
	.linklist li {
		padding: 2px 0;
	}
	.sidebar {
		float: left;
		width: 320px;
	}
	.bar-wrapper {
		max-width: 1100px;
		margin: 0 auto;
	}
	.bar-wrapper.has-sidebar {
		max-width: 1430px;
	}
	.mainbar {
		margin: 0;
		padding-right: 1px;
	}
	.mainbar.has-sidebar {
		margin-left: 330px;
	}
	@media (min-width: 1511px) {
		.sidebar {
			width: 400px;
		}
		.bar-wrapper.has-sidebar {
			max-width: 1510px;
		}
		.mainbar.has-sidebar {
			margin-left: 410px;
		}
	}
	.section.first-section {
		margin-top: 9px;
	}
	.blocklink small {
		white-space: normal;
	}
	.button {
		vertical-align: middle;
	}
	.replay-controls {
		padding-top: 10px;
	}
	.replay-controls h1 {
		font-size: 16pt;
		font-weight: normal;
		color: #CCC;
	}
	.pagelink {
		text-align: center;
	}
	.pagelink a {
		width: 150px;
	}
	.textbox, .button {
		font-size: 11pt;
		vertical-align: middle;
	}
	@media (max-width: 450px) {
		.button {
			font-size: 9pt;
		}
	}
</style>

<div>

	<header>
		<div class="nav-wrapper"><ul class="nav">
			<li><a class="button nav-first" href="//pokemonshowdown.com/"><img src="//pokemonshowdown.com/images/pokemonshowdownbeta.png" srcset="//pokemonshowdown.com/images/pokemonshowdownbeta.png 1x, //pokemonshowdown.com/images/pokemonshowdownbeta@2x.png 2x" alt="Pok&eacute;mon Showdown" width="146" height="44" /> Home</a></li>
			<li><a class="button" href="//pokemonshowdown.com/dex/">Pok&eacute;dex</a></li>
			<li><a class="button cur" href="/">Replays</a></li>
			<li><a class="button" href="//pokemonshowdown.com/ladder/">Ladder</a></li>
			<li><a class="button nav-last" href="//pokemonshowdown.com/forums/">Forum</a></li>
			<li><a class="button greenbutton nav-first nav-last" href="//play.pokemonshowdown.com/">Play</a></li>
		</ul></div>
	</header>

	<div class="main" id="main">

		<noscript><section class="section">You need to enable JavaScript to use this page; sorry!</section></noscript>

	</div>

</div>

<script defer nomodule src="//play.pokemonshowdown.com/js/lib/ps-polyfill.js"></script>
<script defer src="//play.pokemonshowdown.com/js/lib/preact.min.js"></script>

<script defer src="//play.pokemonshowdown.com/config/config.js?2bddbc15"></script>
<script defer src="//play.pokemonshowdown.com/js/lib/jquery-1.11.0.min.js"></script>
<script defer src="//play.pokemonshowdown.com/js/lib/html-sanitizer-minified.js"></script>
<script defer src="//play.pokemonshowdown.com/js/battle-sound.js"></script>
<script defer src="//play.pokemonshowdown.com/js/battledata.js?0.7209276989879541"></script>
<script defer src="//play.pokemonshowdown.com/data/pokedex-mini.js?0.6111056340867951"></script>
<script defer src="//play.pokemonshowdown.com/data/pokedex-mini-bw.js?0.3532142036491459"></script>
<script defer src="//play.pokemonshowdown.com/data/graphics.js?0.24223875632456182"></script>
<script defer src="//play.pokemonshowdown.com/data/pokedex.js?0.38839984266356864"></script>
<script defer src="//play.pokemonshowdown.com/data/moves.js?0.21866028504024015"></script>
<script defer src="//play.pokemonshowdown.com/data/abilities.js?0.2005157953846628"></script>
<script defer src="//play.pokemonshowdown.com/data/items.js?0.9894211263848525"></script>
<script defer src="//play.pokemonshowdown.com/data/teambuilder-tables.js?0.6008791140282215"></script>
<script defer src="//play.pokemonshowdown.com/js/battle-tooltips.js?0.7580118955022959"></script>
<script defer src="//play.pokemonshowdown.com/js/battle.js?0.6057722274234274"></script>

<script defer src="js/utils.js?e31f9a17"></script>
<script defer src="js/replays-battle.js?7008c182"></script>

<!-- don't scrape this data! just add .json or .log after the URL!
Full API docs: https://github.com/smogon/pokemon-showdown-client/blob/master/WEB-API.md -->
<script type="text/plain" class="log" id="replaylog-smogtours-gen3ou-805047">
|inactive|Battle timer is ON: inactive players will automatically lose when time's up.
|t:|1730934604
|gametype|singles
|player|p1|Eduardo Carapinga|#splxvraiders|
|player|p2|donk27|jasmine|
|teamsize|p1|6
|teamsize|p2|6
|gen|3
|tier|[Gen 3] OU
|rule|Sleep Clause Mod: Limit one foe put to sleep
|rule|Switch Priority Clause Mod: Faster Pokémon switch first
|rule|Species Clause: Limit one of each Pokémon
|rule|OHKO Clause: OHKO moves are banned
|rule|Evasion Items Clause: Evasion items are banned
|rule|Evasion Moves Clause: Evasion moves are banned
|rule|Endless Battle Clause: Forcing endless battles is banned
|rule|HP Percentage Mod: HP is shown in percentages
|rule|One Boost Passer Clause: Limit one Baton Passer that has a way to boost its stats
|rule|Freeze Clause Mod: Limit one foe frozen
|
|t:|1730934604
|start
|switch|p1a: Zapdos|Zapdos|100/100
|switch|p2a: Jynx|Jynx, F|100/100
|turn|1
|inactive|Eduardo Carapinga also wants the timer to be on.
|c|☆donk27|glhf
|
|t:|1730934632
|move|p1a: Zapdos|Baton Pass|p1a: Zapdos
|
|t:|1730934634
|switch|p1a: Tyranitar|Tyranitar, M|100/100|[from] Baton Pass
|-weather|Sandstorm|[from] ability: Sand Stream|[of] p1a: Tyranitar
|move|p2a: Jynx|Ice Beam|p1a: Tyranitar
|-damage|p1a: Tyranitar|65/100
|
|-weather|Sandstorm|[upkeep]
|-damage|p2a: Jynx|94/100|[from] Sandstorm
|-heal|p2a: Jynx|100/100|[from] item: Leftovers
|-heal|p1a: Tyranitar|71/100|[from] item: Leftovers
|upkeep
|turn|2
|
|t:|1730934655
|move|p2a: Jynx|Lovely Kiss|p1a: Tyranitar
|-status|p1a: Tyranitar|slp|[from] move: Lovely Kiss
|cant|p1a: Tyranitar|slp
|
|-weather|Sandstorm|[upkeep]
|-damage|p2a: Jynx|94/100|[from] Sandstorm
|-heal|p2a: Jynx|100/100|[from] item: Leftovers
|-heal|p1a: Tyranitar|77/100 slp|[from] item: Leftovers
|upkeep
|turn|3
|
|t:|1730934662
|move|p2a: Jynx|Substitute|p2a: Jynx
|-start|p2a: Jynx|Substitute
|-damage|p2a: Jynx|76/100
|cant|p1a: Tyranitar|slp
|
|-weather|Sandstorm|[upkeep]
|-damage|p2a: Jynx|69/100|[from] Sandstorm
|-heal|p2a: Jynx|76/100|[from] item: Leftovers
|-heal|p1a: Tyranitar|83/100 slp|[from] item: Leftovers
|upkeep
|turn|4
|
|t:|1730934665
|move|p2a: Jynx|Calm Mind|p2a: Jynx
|-boost|p2a: Jynx|spa|1
|-boost|p2a: Jynx|spd|1
|cant|p1a: Tyranitar|slp
|
|-weather|Sandstorm|[upkeep]
|-damage|p2a: Jynx|69/100|[from] Sandstorm
|-heal|p2a: Jynx|76/100|[from] item: Leftovers
|-heal|p1a: Tyranitar|90/100 slp|[from] item: Leftovers
|upkeep
|turn|5
|
|t:|1730934668
|move|p2a: Jynx|Ice Beam|p1a: Tyranitar
|-damage|p1a: Tyranitar|33/100 slp
|cant|p1a: Tyranitar|slp
|
|-weather|Sandstorm|[upkeep]
|-damage|p2a: Jynx|69/100|[from] Sandstorm
|-heal|p2a: Jynx|76/100|[from] item: Leftovers
|-heal|p1a: Tyranitar|39/100 slp|[from] item: Leftovers
|upkeep
|turn|6
|c|☆donk27|mb
|
|t:|1730934676
|switch|p1a: Jirachi|Jirachi|100/100
|move|p2a: Jynx|Ice Beam|p1a: Jirachi
|-resisted|p1a: Jirachi
|-damage|p1a: Jirachi|71/100
|
|-weather|Sandstorm|[upkeep]
|-damage|p2a: Jynx|69/100|[from] Sandstorm
|-heal|p1a: Jirachi|77/100|[from] item: Leftovers
|-heal|p2a: Jynx|76/100|[from] item: Leftovers
|upkeep
|turn|7
|
|t:|1730934683
|move|p1a: Jirachi|Calm Mind|p1a: Jirachi
|-boost|p1a: Jirachi|spa|1
|-boost|p1a: Jirachi|spd|1
|move|p2a: Jynx|Ice Beam|p1a: Jirachi
|-resisted|p1a: Jirachi
|-damage|p1a: Jirachi|57/100
|
|-weather|Sandstorm|[upkeep]
|-damage|p2a: Jynx|69/100|[from] Sandstorm
|-heal|p1a: Jirachi|63/100|[from] item: Leftovers
|-heal|p2a: Jynx|76/100|[from] item: Leftovers
|upkeep
|turn|8
|
|t:|1730934690
|move|p1a: Jirachi|Hidden Power|p2a: Jynx
|-activate|p2a: Jynx|Substitute|[damage]
|move|p2a: Jynx|Calm Mind|p2a: Jynx
|-boost|p2a: Jynx|spa|1
|-boost|p2a: Jynx|spd|1
|
|-weather|Sandstorm|[upkeep]
|-damage|p2a: Jynx|69/100|[from] Sandstorm
|-heal|p1a: Jirachi|69/100|[from] item: Leftovers
|-heal|p2a: Jynx|76/100|[from] item: Leftovers
|upkeep
|turn|9
|
|t:|1730934697
|move|p1a: Jirachi|Calm Mind|p1a: Jirachi
|-boost|p1a: Jirachi|spa|1
|-boost|p1a: Jirachi|spd|1
|move|p2a: Jynx|Calm Mind|p2a: Jynx
|-boost|p2a: Jynx|spa|1
|-boost|p2a: Jynx|spd|1
|
|-weather|Sandstorm|[upkeep]
|-damage|p2a: Jynx|69/100|[from] Sandstorm
|-heal|p1a: Jirachi|75/100|[from] item: Leftovers
|-heal|p2a: Jynx|76/100|[from] item: Leftovers
|upkeep
|turn|10
|
|t:|1730934700
|move|p1a: Jirachi|Calm Mind|p1a: Jirachi
|-boost|p1a: Jirachi|spa|1
|-boost|p1a: Jirachi|spd|1
|move|p2a: Jynx|Ice Beam|p1a: Jirachi
|-resisted|p1a: Jirachi
|-damage|p1a: Jirachi|55/100
|
|-weather|Sandstorm|[upkeep]
|-damage|p2a: Jynx|69/100|[from] Sandstorm
|-heal|p1a: Jirachi|61/100|[from] item: Leftovers
|-heal|p2a: Jynx|76/100|[from] item: Leftovers
|upkeep
|turn|11
|
|t:|1730934704
|move|p1a: Jirachi|Calm Mind|p1a: Jirachi
|-boost|p1a: Jirachi|spa|1
|-boost|p1a: Jirachi|spd|1
|move|p2a: Jynx|Calm Mind|p2a: Jynx
|-boost|p2a: Jynx|spa|1
|-boost|p2a: Jynx|spd|1
|
|-weather|Sandstorm|[upkeep]
|-damage|p2a: Jynx|69/100|[from] Sandstorm
|-heal|p1a: Jirachi|67/100|[from] item: Leftovers
|-heal|p2a: Jynx|76/100|[from] item: Leftovers
|upkeep
|turn|12
|
|t:|1730934707
|move|p1a: Jirachi|Calm Mind|p1a: Jirachi
|-boost|p1a: Jirachi|spa|1
|-boost|p1a: Jirachi|spd|1
|move|p2a: Jynx|Calm Mind|p2a: Jynx
|-boost|p2a: Jynx|spa|1
|-boost|p2a: Jynx|spd|1
|
|-weather|Sandstorm|[upkeep]
|-damage|p2a: Jynx|69/100|[from] Sandstorm
|-heal|p1a: Jirachi|73/100|[from] item: Leftovers
|-heal|p2a: Jynx|76/100|[from] item: Leftovers
|upkeep
|turn|13
|
|t:|1730934711
|move|p1a: Jirachi|Calm Mind|p1a: Jirachi
|-boost|p1a: Jirachi|spa|1
|-boost|p1a: Jirachi|spd|1
|move|p2a: Jynx|Calm Mind|p2a: Jynx
|-boost|p2a: Jynx|spa|1
|-boost|p2a: Jynx|spd|1
|
|-weather|Sandstorm|[upkeep]
|-damage|p2a: Jynx|69/100|[from] Sandstorm
|-heal|p1a: Jirachi|79/100|[from] item: Leftovers
|-heal|p2a: Jynx|76/100|[from] item: Leftovers
|upkeep
|turn|14
|
|t:|1730934714
|move|p1a: Jirachi|Hidden Power|p2a: Jynx
|-end|p2a: Jynx|Substitute
|move|p2a: Jynx|Ice Beam|p1a: Jirachi
|-resisted|p1a: Jirachi
|-damage|p1a: Jirachi|60/100
|
|-weather|Sandstorm|[upkeep]
|-damage|p2a: Jynx|69/100|[from] Sandstorm
|-heal|p1a: Jirachi|66/100|[from] item: Leftovers
|-heal|p2a: Jynx|76/100|[from] item: Leftovers
|upkeep
|turn|15
|
|t:|1730934719
|move|p1a: Jirachi|Fire Punch|p2a: Jynx
|-supereffective|p2a: Jynx
|-damage|p2a: Jynx|28/100
|move|p2a: Jynx|Ice Beam|p1a: Jirachi
|-resisted|p1a: Jirachi
|-damage|p1a: Jirachi|44/100
|
|-weather|Sandstorm|[upkeep]
|-damage|p2a: Jynx|22/100|[from] Sandstorm
|-heal|p1a: Jirachi|50/100|[from] item: Leftovers
|-heal|p2a: Jynx|28/100|[from] item: Leftovers
|upkeep
|turn|16
|
|t:|1730934729
|move|p1a: Jirachi|Fire Punch|p2a: Jynx
|-supereffective|p2a: Jynx
|-damage|p2a: Jynx|0 fnt
|faint|p2a: Jynx
|
|t:|1730934732
|switch|p2a: Dugtrio|Dugtrio, M|100/100
|
|-weather|Sandstorm|[upkeep]
|-heal|p1a: Jirachi|56/100|[from] item: Leftovers
|upkeep
|turn|17
|
|t:|1730934734
|move|p2a: Dugtrio|Earthquake|p1a: Jirachi
|-supereffective|p1a: Jirachi
|-crit|p1a: Jirachi
|-damage|p1a: Jirachi|0 fnt
|faint|p1a: Jirachi
|
|t:|1730934736
|switch|p1a: Breloom|Breloom, M|100/100
|
|-weather|Sandstorm|[upkeep]
|-damage|p1a: Breloom|94/100|[from] Sandstorm
|-heal|p1a: Breloom|100/100|[from] item: Leftovers
|upkeep
|turn|18
|
|t:|1730934758
|move|p2a: Dugtrio|Earthquake|p1a: Breloom
|-resisted|p1a: Breloom
|-damage|p1a: Breloom|60/100
|move|p1a: Breloom|Spore|p2a: Dugtrio
|-status|p2a: Dugtrio|slp|[from] move: Spore
|
|-weather|Sandstorm|[upkeep]
|-damage|p1a: Breloom|53/100|[from] Sandstorm
|-heal|p1a: Breloom|60/100|[from] item: Leftovers
|upkeep
|turn|19
|
|t:|1730934762
|-singleturn|p1a: Breloom|move: Focus Punch
|switch|p2a: Zapdos|Zapdos|100/100
|move|p1a: Breloom|Focus Punch|p2a: Zapdos
|-resisted|p2a: Zapdos
|-damage|p2a: Zapdos|61/100
|
|-weather|Sandstorm|[upkeep]
|-damage|p2a: Zapdos|54/100|[from] Sandstorm
|-damage|p1a: Breloom|53/100|[from] Sandstorm
|-heal|p2a: Zapdos|61/100|[from] item: Leftovers
|-heal|p1a: Breloom|60/100|[from] item: Leftovers
|upkeep
|turn|20
|
|t:|1730934770
|switch|p1a: Tyranitar|Tyranitar, M|39/100 slp
|move|p2a: Zapdos|Thunderbolt|p1a: Tyranitar
|-damage|p1a: Tyranitar|0 fnt
|faint|p1a: Tyranitar
|
|t:|1730934775
|switch|p1a: Zapdos|Zapdos|100/100
|
|-weather|Sandstorm|[upkeep]
|-damage|p1a: Zapdos|94/100|[from] Sandstorm
|-damage|p2a: Zapdos|54/100|[from] Sandstorm
|-heal|p1a: Zapdos|100/100|[from] item: Leftovers
|-heal|p2a: Zapdos|61/100|[from] item: Leftovers
|upkeep
|turn|21
|
|t:|1730934779
|switch|p2a: Regice|Regice|100/100
|move|p1a: Zapdos|Thunderbolt|p2a: Regice
|-damage|p2a: Regice|77/100
|
|-weather|Sandstorm|[upkeep]
|-damage|p1a: Zapdos|94/100|[from] Sandstorm
|-damage|p2a: Regice|71/100|[from] Sandstorm
|-heal|p1a: Zapdos|100/100|[from] item: Leftovers
|-heal|p2a: Regice|77/100|[from] item: Leftovers
|upkeep
|turn|22
|
|t:|1730934783
|move|p1a: Zapdos|Baton Pass|p1a: Zapdos
|
|t:|1730934785
|switch|p1a: Suicune|Suicune|100/100|[from] Baton Pass
|move|p2a: Regice|Thunder Wave|p1a: Suicune
|-status|p1a: Suicune|par
|
|-weather|Sandstorm|[upkeep]
|-damage|p2a: Regice|71/100|[from] Sandstorm
|-damage|p1a: Suicune|94/100 par|[from] Sandstorm
|-heal|p2a: Regice|77/100|[from] item: Leftovers
|-heal|p1a: Suicune|100/100 par|[from] item: Leftovers
|upkeep
|turn|23
|
|t:|1730934788
|move|p2a: Regice|Thunderbolt|p1a: Suicune
|-supereffective|p1a: Suicune
|-damage|p1a: Suicune|59/100 par
|move|p1a: Suicune|Calm Mind|p1a: Suicune
|-boost|p1a: Suicune|spa|1
|-boost|p1a: Suicune|spd|1
|
|-weather|Sandstorm|[upkeep]
|-damage|p2a: Regice|71/100|[from] Sandstorm
|-damage|p1a: Suicune|53/100 par|[from] Sandstorm
|-heal|p2a: Regice|77/100|[from] item: Leftovers
|-heal|p1a: Suicune|59/100 par|[from] item: Leftovers
|upkeep
|turn|24
|
|t:|1730934791
|switch|p2a: Zapdos|Zapdos|61/100
|move|p1a: Suicune|Hydro Pump|p2a: Zapdos
|-crit|p2a: Zapdos
|-damage|p2a: Zapdos|0 fnt
|faint|p2a: Zapdos
|
|t:|1730934797
|switch|p2a: Regice|Regice|77/100
|
|-weather|Sandstorm|[upkeep]
|-damage|p2a: Regice|71/100|[from] Sandstorm
|-damage|p1a: Suicune|53/100 par|[from] Sandstorm
|-heal|p2a: Regice|77/100|[from] item: Leftovers
|-heal|p1a: Suicune|59/100 par|[from] item: Leftovers
|upkeep
|turn|25
|
|t:|1730934800
|move|p2a: Regice|Thunderbolt|p1a: Suicune
|-supereffective|p1a: Suicune
|-damage|p1a: Suicune|29/100 par
|cant|p1a: Suicune|par
|
|-weather|Sandstorm|[upkeep]
|-damage|p2a: Regice|71/100|[from] Sandstorm
|-damage|p1a: Suicune|23/100 par|[from] Sandstorm
|-heal|p2a: Regice|77/100|[from] item: Leftovers
|-heal|p1a: Suicune|29/100 par|[from] item: Leftovers
|upkeep
|turn|26
|
|t:|1730934803
|move|p2a: Regice|Thunderbolt|p1a: Suicune
|-supereffective|p1a: Suicune
|-damage|p1a: Suicune|0 fnt
|faint|p1a: Suicune
|
|t:|1730934805
|switch|p1a: Breloom|Breloom, M|60/100
|
|-weather|Sandstorm|[upkeep]
|-damage|p1a: Breloom|53/100|[from] Sandstorm
|-damage|p2a: Regice|71/100|[from] Sandstorm
|-heal|p1a: Breloom|60/100|[from] item: Leftovers
|-heal|p2a: Regice|77/100|[from] item: Leftovers
|upkeep
|turn|27
|
|t:|1730934811
|switch|p2a: Metagross|Metagross|100/100
|move|p1a: Breloom|Sky Uppercut|p2a: Metagross
|-crit|p2a: Metagross
|-damage|p2a: Metagross|42/100
|
|-weather|Sandstorm|[upkeep]
|-damage|p1a: Breloom|53/100|[from] Sandstorm
|-heal|p1a: Breloom|60/100|[from] item: Leftovers
|upkeep
|turn|28
|
|t:|1730934816
|move|p1a: Breloom|Sky Uppercut|p2a: Metagross
|-damage|p2a: Metagross|11/100
|move|p2a: Metagross|Explosion|p1a: Breloom
|-damage|p1a: Breloom|0 fnt
|faint|p2a: Metagross
|faint|p1a: Breloom
|
|t:|1730934823
|switch|p1a: Dugtrio|Dugtrio, F|100/100
|switch|p2a: Regice|Regice|77/100
|
|-weather|Sandstorm|[upkeep]
|-damage|p2a: Regice|71/100|[from] Sandstorm
|-heal|p2a: Regice|77/100|[from] item: Leftovers
|upkeep
|turn|29
|
|t:|1730934826
|move|p1a: Dugtrio|Earthquake|p2a: Regice
|-damage|p2a: Regice|22/100
|move|p2a: Regice|Ice Beam|p1a: Dugtrio
|-supereffective|p1a: Dugtrio
|-damage|p1a: Dugtrio|0 fnt
|faint|p1a: Dugtrio
|
|t:|1730934828
|switch|p1a: Zapdos|Zapdos|100/100
|
|-weather|Sandstorm|[upkeep]
|-damage|p1a: Zapdos|94/100|[from] Sandstorm
|-damage|p2a: Regice|16/100|[from] Sandstorm
|-heal|p1a: Zapdos|100/100|[from] item: Leftovers
|-heal|p2a: Regice|22/100|[from] item: Leftovers
|upkeep
|turn|30
|
|t:|1730934831
|move|p1a: Zapdos|Substitute|p1a: Zapdos
|-start|p1a: Zapdos|Substitute
|-damage|p1a: Zapdos|76/100
|move|p2a: Regice|Ice Beam|p1a: Zapdos
|-supereffective|p1a: Zapdos
|-end|p1a: Zapdos|Substitute
|
|-weather|Sandstorm|[upkeep]
|-damage|p1a: Zapdos|69/100|[from] Sandstorm
|-damage|p2a: Regice|16/100|[from] Sandstorm
|-heal|p1a: Zapdos|76/100|[from] item: Leftovers
|-heal|p2a: Regice|22/100|[from] item: Leftovers
|upkeep
|turn|31
|
|t:|1730934832
|move|p1a: Zapdos|Thunderbolt|p2a: Regice
|-damage|p2a: Regice|0 fnt
|faint|p2a: Regice
|
|t:|1730934834
|switch|p2a: Kingdra|Kingdra, F|100/100
|
|-weather|Sandstorm|[upkeep]
|-damage|p1a: Zapdos|69/100|[from] Sandstorm
|-damage|p2a: Kingdra|95/100|[from] Sandstorm
|-heal|p1a: Zapdos|76/100|[from] item: Leftovers
|-heal|p2a: Kingdra|100/100|[from] item: Leftovers
|upkeep
|turn|32
|
|t:|1730934837
|move|p1a: Zapdos|Thunderbolt|p2a: Kingdra
|-damage|p2a: Kingdra|50/100
|move|p2a: Kingdra|Rain Dance|p2a: Kingdra
|-weather|RainDance
|
|-weather|RainDance|[upkeep]
|-heal|p2a: Kingdra|55/100|[from] item: Leftovers
|-heal|p1a: Zapdos|82/100|[from] item: Leftovers
|upkeep
|turn|33
|
|t:|1730934840
|move|p2a: Kingdra|Hydro Pump|p1a: Zapdos
|-damage|p1a: Zapdos|0 fnt
|faint|p1a: Zapdos
|
|win|donk27
|c|☆donk27|gg

</script>
<script type="application/json" class="data" id="replaydata-smogtours-gen3ou-805047">
{"id":"smogtours-gen3ou-805047","format":"[Gen 3] OU","players":["Eduardo Carapinga","donk27"],"uploadtime":1730934840,"views":65,"formatid":"gen3ou","rating":null,"private":1,"password":null}
</script>

<script defer src="js/replays.js?9d40a366"></script>
