<!DOCTYPE html>
<meta charset="utf-8" />
<meta name="viewport" content="width=device-width" />

<title>[Gen 3] OU: Scansafatiche vs. xtina xendrix - Replays - Pok&eacute;mon Showdown!</title>

<meta name="description" content="Watch a replay of a Pok&eacute;mon battle between Scansafatiche and xtina xendrix! Format: [Gen 3] OU; Date: Oct 12, 2024" />
<!--

Hey, you! Looking in the source for the replay log?

You can find them in JSON format, just add `.json` at the end of a replay URL.

https://replay.pokemonshowdown.com/gen7randomdoublesbattle-865046831.json

Or, if you only need the log itself, add `.log` instead:

https://replay.pokemonshowdown.com/gen7randomdoublesbattle-865046831.log

-->

<link rel="stylesheet" href="//pokemonshowdown.com/style/global.css?0.023195364461161105" />
<link rel="stylesheet" href="//play.pokemonshowdown.com/style/font-awesome.css?0.13261647063804238" />
<link rel="stylesheet" href="//play.pokemonshowdown.com/style/battle.css?0.8753245789963631" />
<link rel="stylesheet" href="//play.pokemonshowdown.com/style/utilichart.css?0.8627959624976733" />

<!-- Global site tag (gtag.js) - Google Analytics -->
<script async src="https://www.googletagmanager.com/gtag/js?id=UA-26211653-1"></script>
<script>
  window.dataLayer = window.dataLayer || [];
  function gtag(){dataLayer.push(arguments);}
  gtag('js', new Date());

  gtag('config', 'UA-26211653-1');
</script>
<!-- End Google Analytics -->
<!-- Venatus Ad Manager - Install in <HEAD> of page -->
	<script src="https://hb.vntsm.com/v3/live/ad-manager.min.js" type="text/javascript" data-site-id="642aba63ec9a7b11c3c9c1be" data-mode="scan" async></script>
<!-- / Venatus Ad Manager -->

<style>
	@media (max-width:820px) {
		.battle {
			margin: 0 auto;
		}
		.battle-log {
			margin: 7px auto 0;
			max-width: 640px;
			height: 300px;
			position: static;
		}
	}
	.optgroup {
		display: inline-block;
		line-height: 22px;
		font-size: 10pt;
	}
	.optgroup .button {
		height: 25px;
		padding-top: 0;
		padding-bottom: 0;
	}
	.optgroup button.button {
		padding-left: 12px;
		padding-right: 12px;
	}
	.linklist {
		list-style: none;
		margin: 0.5em 0;
		padding: 0;
	}
	.linklist li {
		padding: 2px 0;
	}
	.sidebar {
		float: left;
		width: 320px;
	}
	.bar-wrapper {
		max-width: 1100px;
		margin: 0 auto;
	}
	.bar-wrapper.has-sidebar {
		max-width: 1430px;
	}
	.mainbar {
		margin: 0;
		padding-right: 1px;
	}
	.mainbar.has-sidebar {
		margin-left: 330px;
	}
	@media (min-width: 1511px) {
		.sidebar {
			width: 400px;
		}
		.bar-wrapper.has-sidebar {
			max-width: 1510px;
		}
		.mainbar.has-sidebar {
			margin-left: 410px;
		}
	}
	.section.first-section {
		margin-top: 9px;
	}
	.blocklink small {
		white-space: normal;
	}
	.button {
		vertical-align: middle;
	}
	.replay-controls {
		padding-top: 10px;
	}
	.replay-controls h1 {
		font-size: 16pt;
		font-weight: normal;
		color: #CCC;
	}
	.pagelink {
		text-align: center;
	}
	.pagelink a {
		width: 150px;
	}
	.textbox, .button {
		font-size: 11pt;
		vertical-align: middle;
	}
	@media (max-width: 450px) {
		.button {
			font-size: 9pt;
		}
	}
</style>

<div>

	<header>
		<div class="nav-wrapper"><ul class="nav">
			<li><a class="button nav-first" href="//pokemonshowdown.com/"><img src="//pokemonshowdown.com/images/pokemonshowdownbeta.png" srcset="//pokemonshowdown.com/images/pokemonshowdownbeta.png 1x, //pokemonshowdown.com/images/pokemonshowdownbeta@2x.png 2x" alt="Pok&eacute;mon Showdown" width="146" height="44" /> Home</a></li>
			<li><a class="button" href="//pokemonshowdown.com/dex/">Pok&eacute;dex</a></li>
			<li><a class="button cur" href="/">Replays</a></li>
			<li><a class="button" href="//pokemonshowdown.com/ladder/">Ladder</a></li>
			<li><a class="button nav-last" href="//pokemonshowdown.com/forums/">Forum</a></li>
			<li><a class="button greenbutton nav-first nav-last" href="//play.pokemonshowdown.com/">Play</a></li>
		</ul></div>
	</header>

	<div class="main" id="main">

		<noscript><section class="section">You need to enable JavaScript to use this page; sorry!</section></noscript>

	</div>

</div>

<script defer nomodule src="//play.pokemonshowdown.com/js/lib/ps-polyfill.js"></script>
<script defer src="//play.pokemonshowdown.com/js/lib/preact.min.js"></script>

<script defer src="//play.pokemonshowdown.com/config/config.js?2bddbc15"></script>
<script defer src="//play.pokemonshowdown.com/js/lib/jquery-1.11.0.min.js"></script>
<script defer src="//play.pokemonshowdown.com/js/lib/html-sanitizer-minified.js"></script>
<script defer src="//play.pokemonshowdown.com/js/battle-sound.js"></script>
<script defer src="//play.pokemonshowdown.com/js/battledata.js?0.7209276989879541"></script>
<script defer src="//play.pokemonshowdown.com/data/pokedex-mini.js?0.6111056340867951"></script>
<script defer src="//play.pokemonshowdown.com/data/pokedex-mini-bw.js?0.3532142036491459"></script>
<script defer src="//play.pokemonshowdown.com/data/graphics.js?0.24223875632456182"></script>
<script defer src="//play.pokemonshowdown.com/data/pokedex.js?0.38839984266356864"></script>
<script defer src="//play.pokemonshowdown.com/data/moves.js?0.21866028504024015"></script>
<script defer src="//play.pokemonshowdown.com/data/abilities.js?0.2005157953846628"></script>
<script defer src="//play.pokemonshowdown.com/data/items.js?0.9894211263848525"></script>
<script defer src="//play.pokemonshowdown.com/data/teambuilder-tables.js?0.6008791140282215"></script>
<script defer src="//play.pokemonshowdown.com/js/battle-tooltips.js?0.7580118955022959"></script>
<script defer src="//play.pokemonshowdown.com/js/battle.js?0.6057722274234274"></script>

<script defer src="js/utils.js?e31f9a17"></script>
<script defer src="js/replays-battle.js?7008c182"></script>

<!-- don't scrape this data! just add .json or .log after the URL!
Full API docs: https://github.com/smogon/pokemon-showdown-client/blob/master/WEB-API.md -->
<script type="text/plain" class="log" id="replaylog-smogtours-gen3ou-797839">
|inactive|Battle timer is ON: inactive players will automatically lose when time's up.
|t:|1728769793
|gametype|singles
|player|p1|Scansafatiche|n|
|player|p2|xtina xendrix|lorelei-gen1|
|teamsize|p1|6
|teamsize|p2|6
|gen|3
|tier|[Gen 3] OU
|rule|Sleep Clause Mod: Limit one foe put to sleep
|rule|Switch Priority Clause Mod: Faster Pokémon switch first
|rule|Species Clause: Limit one of each Pokémon
|rule|OHKO Clause: OHKO moves are banned
|rule|Evasion Items Clause: Evasion items are banned
|rule|Evasion Moves Clause: Evasion moves are banned
|rule|Endless Battle Clause: Forcing endless battles is banned
|rule|HP Percentage Mod: HP is shown in percentages
|rule|One Boost Passer Clause: Limit one Baton Passer that has a way to boost its stats
|rule|Freeze Clause Mod: Limit one foe frozen
|
|t:|1728769793
|start
|switch|p1a: SDJ|Salamence, M|100/100
|switch|p2a: Zapdos|Zapdos|100/100
|-ability|p1a: SDJ|Intimidate|boost
|-unboost|p2a: Zapdos|atk|1
|turn|1
|c|☆xtina xendrix|hf!
|c|☆Scansafatiche|u2
|
|t:|1728769812
|switch|p1a: Fives|Tyranitar, F|100/100
|-weather|Sandstorm|[from] ability: Sand Stream|[of] p1a: Fives
|move|p2a: Zapdos|Toxic|p1a: Fives
|-status|p1a: Fives|tox
|
|-weather|Sandstorm|[upkeep]
|-damage|p2a: Zapdos|94/100|[from] Sandstorm
|-heal|p2a: Zapdos|100/100|[from] item: Leftovers
|-damage|p1a: Fives|94/100 tox|[from] psn
|upkeep
|turn|2
|inactive|xtina xendrix has 270 seconds left.
|
|t:|1728769861
|switch|p2a: Metagross|Metagross|100/100
|switch|p1a: Lily|Blissey, F|100/100
|
|-weather|Sandstorm|[upkeep]
|-damage|p1a: Lily|94/100|[from] Sandstorm
|-heal|p1a: Lily|100/100|[from] item: Leftovers
|upkeep
|turn|3
|inactive|xtina xendrix has 240 seconds left.
|
|t:|1728769893
|move|p2a: Metagross|Meteor Mash|p1a: Lily|[miss]
|-miss|p2a: Metagross|p1a: Lily
|move|p1a: Lily|Counter|p2a: Metagross
|
|-weather|Sandstorm|[upkeep]
|-damage|p1a: Lily|94/100|[from] Sandstorm
|-heal|p1a: Lily|100/100|[from] item: Leftovers
|upkeep
|turn|4
|inactive|xtina xendrix has 240 seconds left.
|
|t:|1728769914
|switch|p1a: rabit!|Jirachi|100/100
|move|p2a: Metagross|Hidden Power|p1a: rabit!
|-supereffective|p1a: rabit!
|-damage|p1a: rabit!|67/100
|
|-weather|Sandstorm|[upkeep]
|-heal|p1a: rabit!|73/100|[from] item: Leftovers
|upkeep
|turn|5
|inactive|xtina xendrix has 210 seconds left.
|
|t:|1728769967
|move|p1a: rabit!|Wish|p1a: rabit!
|move|p2a: Metagross|Hidden Power|p1a: rabit!
|-supereffective|p1a: rabit!
|-damage|p1a: rabit!|34/100
|
|-weather|Sandstorm|[upkeep]
|-heal|p1a: rabit!|40/100|[from] item: Leftovers
|upkeep
|turn|6
|
|t:|1728769979
|move|p1a: rabit!|Protect|p1a: rabit!
|-singleturn|p1a: rabit!|Protect
|move|p2a: Metagross|Hidden Power|p1a: rabit!
|-activate|p1a: rabit!|Protect
|
|-heal|p1a: rabit!|90/100|[from] move: Wish|[wisher] rabit!
|-weather|Sandstorm|[upkeep]
|-heal|p1a: rabit!|96/100|[from] item: Leftovers
|upkeep
|turn|7
|inactive|xtina xendrix has 180 seconds left.
|inactive|xtina xendrix has 150 seconds left.
|
|t:|1728770038
|move|p1a: rabit!|Fire Punch|p2a: Metagross
|-supereffective|p2a: Metagross
|-crit|p2a: Metagross
|-damage|p2a: Metagross|12/100
|move|p2a: Metagross|Hidden Power|p1a: rabit!
|-supereffective|p1a: rabit!
|-damage|p1a: rabit!|60/100
|
|-weather|Sandstorm|[upkeep]
|-heal|p1a: rabit!|66/100|[from] item: Leftovers
|-heal|p2a: Metagross|18/100|[from] item: Leftovers
|upkeep
|turn|8
|
|t:|1728770048
|switch|p2a: Tyranitar|Tyranitar, F|100/100
|move|p1a: rabit!|Fire Punch|p2a: Tyranitar
|-resisted|p2a: Tyranitar
|-damage|p2a: Tyranitar|93/100
|
|-weather|Sandstorm|[upkeep]
|-heal|p1a: rabit!|72/100|[from] item: Leftovers
|-heal|p2a: Tyranitar|99/100|[from] item: Leftovers
|upkeep
|turn|9
|
|t:|1728770054
|move|p1a: rabit!|Toxic|p2a: Tyranitar
|-status|p2a: Tyranitar|tox
|move|p2a: Tyranitar|Dragon Dance|p2a: Tyranitar
|-boost|p2a: Tyranitar|atk|1
|-boost|p2a: Tyranitar|spe|1
|
|-weather|Sandstorm|[upkeep]
|-heal|p2a: Tyranitar|100/100 tox|[from] item: Leftovers
|-damage|p2a: Tyranitar|94/100 tox|[from] psn
|-heal|p1a: rabit!|78/100|[from] item: Leftovers
|upkeep
|turn|10
|inactive|xtina xendrix has 150 seconds left.
|
|t:|1728770080
|switch|p1a: SDJ|Salamence, M|100/100
|-ability|p1a: SDJ|Intimidate|boost
|-unboost|p2a: Tyranitar|atk|1
|move|p2a: Tyranitar|Dragon Dance|p2a: Tyranitar
|-boost|p2a: Tyranitar|atk|1
|-boost|p2a: Tyranitar|spe|1
|
|-weather|Sandstorm|[upkeep]
|-damage|p1a: SDJ|95/100|[from] Sandstorm
|-heal|p2a: Tyranitar|100/100 tox|[from] item: Leftovers
|-damage|p2a: Tyranitar|88/100 tox|[from] psn
|-heal|p1a: SDJ|100/100|[from] item: Leftovers
|upkeep
|turn|11
|
|t:|1728770090
|switch|p1a: rabit!|Jirachi|78/100
|move|p2a: Tyranitar|Rock Slide|p1a: rabit!
|-resisted|p1a: rabit!
|-damage|p1a: rabit!|60/100
|
|-weather|Sandstorm|[upkeep]
|-heal|p2a: Tyranitar|94/100 tox|[from] item: Leftovers
|-damage|p2a: Tyranitar|76/100 tox|[from] psn
|-heal|p1a: rabit!|66/100|[from] item: Leftovers
|upkeep
|turn|12
|
|t:|1728770103
|move|p1a: rabit!|Protect|p1a: rabit!
|-singleturn|p1a: rabit!|Protect
|move|p2a: Tyranitar|Earthquake|p1a: rabit!
|-activate|p1a: rabit!|Protect
|
|-weather|Sandstorm|[upkeep]
|-heal|p2a: Tyranitar|82/100 tox|[from] item: Leftovers
|-damage|p2a: Tyranitar|57/100 tox|[from] psn
|-heal|p1a: rabit!|73/100|[from] item: Leftovers
|upkeep
|turn|13
|inactive|Scansafatiche has 270 seconds left.
|
|t:|1728770125
|move|p2a: Tyranitar|Earthquake|p1a: rabit!
|-supereffective|p1a: rabit!
|-damage|p1a: rabit!|11/100
|move|p1a: rabit!|Wish|p1a: rabit!
|
|-weather|Sandstorm|[upkeep]
|-heal|p2a: Tyranitar|63/100 tox|[from] item: Leftovers
|-damage|p2a: Tyranitar|32/100 tox|[from] psn
|-heal|p1a: rabit!|17/100|[from] item: Leftovers
|upkeep
|turn|14
|
|t:|1728770135
|move|p1a: rabit!|Protect|p1a: rabit!
|-singleturn|p1a: rabit!|Protect
|move|p2a: Tyranitar|Dragon Dance|p2a: Tyranitar
|-boost|p2a: Tyranitar|atk|1
|-boost|p2a: Tyranitar|spe|1
|
|-heal|p1a: rabit!|67/100|[from] move: Wish|[wisher] rabit!
|-weather|Sandstorm|[upkeep]
|-heal|p2a: Tyranitar|38/100 tox|[from] item: Leftovers
|-damage|p2a: Tyranitar|1/100 tox|[from] psn
|-heal|p1a: rabit!|73/100|[from] item: Leftovers
|upkeep
|turn|15
|
|t:|1728770143
|switch|p1a: SDJ|Salamence, M|100/100
|-ability|p1a: SDJ|Intimidate|boost
|-unboost|p2a: Tyranitar|atk|1
|move|p2a: Tyranitar|Earthquake|p1a: SDJ
|-immune|p1a: SDJ
|
|-weather|Sandstorm|[upkeep]
|-damage|p1a: SDJ|95/100|[from] Sandstorm
|-heal|p2a: Tyranitar|7/100 tox|[from] item: Leftovers
|-damage|p2a: Tyranitar|0 fnt|[from] psn
|faint|p2a: Tyranitar
|-heal|p1a: SDJ|100/100|[from] item: Leftovers
|upkeep
|inactive|xtina xendrix has 150 seconds left.
|inactive|xtina xendrix has 120 seconds left.
|
|t:|1728770197
|switch|p2a: Zapdos|Zapdos|100/100
|turn|16
|
|t:|1728770202
|move|p2a: Zapdos|Hidden Power|p1a: SDJ
|-supereffective|p1a: SDJ
|-damage|p1a: SDJ|0 fnt
|faint|p1a: SDJ
|
|t:|1728770206
|switch|p1a: rabit!|Jirachi|73/100
|
|-weather|Sandstorm|[upkeep]
|-damage|p2a: Zapdos|94/100|[from] Sandstorm
|-heal|p2a: Zapdos|100/100|[from] item: Leftovers
|-heal|p1a: rabit!|79/100|[from] item: Leftovers
|upkeep
|turn|17
|
|t:|1728770209
|move|p2a: Zapdos|Thunder Wave|p1a: rabit!
|-status|p1a: rabit!|par
|cant|p1a: rabit!|par
|
|-weather|Sandstorm|[upkeep]
|-damage|p2a: Zapdos|94/100|[from] Sandstorm
|-heal|p2a: Zapdos|100/100|[from] item: Leftovers
|-heal|p1a: rabit!|86/100 par|[from] item: Leftovers
|upkeep
|turn|18
|inactive|xtina xendrix has 150 seconds left.
|
|t:|1728770222
|switch|p2a: Metagross|Metagross|18/100
|move|p1a: rabit!|Toxic|p2a: Metagross
|-immune|p2a: Metagross
|
|-weather|Sandstorm|[upkeep]
|-heal|p2a: Metagross|24/100|[from] item: Leftovers
|-heal|p1a: rabit!|92/100 par|[from] item: Leftovers
|upkeep
|turn|19
|inactive|xtina xendrix has 150 seconds left.
|
|t:|1728770238
|move|p2a: Metagross|Hidden Power|p1a: rabit!
|-supereffective|p1a: rabit!
|-damage|p1a: rabit!|55/100 par
|move|p1a: rabit!|Fire Punch|p2a: Metagross
|-supereffective|p2a: Metagross
|-damage|p2a: Metagross|0 fnt
|faint|p2a: Metagross
|
|t:|1728770250
|switch|p2a: Swampert|Swampert, F|100/100
|
|-weather|Sandstorm|[upkeep]
|-heal|p1a: rabit!|61/100 par|[from] item: Leftovers
|upkeep
|turn|20
|inactive|xtina xendrix has 120 seconds left.
|
|t:|1728770277
|switch|p1a: Fahey|Forretress, M|100/100
|move|p2a: Swampert|Curse|p2a: Swampert
|-unboost|p2a: Swampert|spe|1
|-boost|p2a: Swampert|atk|1
|-boost|p2a: Swampert|def|1
|
|-weather|Sandstorm|[upkeep]
|upkeep
|turn|21
|
|t:|1728770286
|move|p1a: Fahey|Spikes|p2a: Swampert
|-sidestart|p2: xtina xendrix|Spikes
|move|p2a: Swampert|Curse|p2a: Swampert
|-unboost|p2a: Swampert|spe|1
|-boost|p2a: Swampert|atk|1
|-boost|p2a: Swampert|def|1
|
|-weather|Sandstorm|[upkeep]
|upkeep
|turn|22
|inactive|xtina xendrix has 120 seconds left.
|
|t:|1728770311
|move|p1a: Fahey|Spikes|p2a: Swampert
|-sidestart|p2: xtina xendrix|Spikes
|move|p2a: Swampert|Curse|p2a: Swampert
|-unboost|p2a: Swampert|spe|1
|-boost|p2a: Swampert|atk|1
|-boost|p2a: Swampert|def|1
|
|-weather|Sandstorm|[upkeep]
|upkeep
|turn|23
|
|t:|1728770330
|move|p1a: Fahey|Spikes|p2a: Swampert
|-sidestart|p2: xtina xendrix|Spikes
|move|p2a: Swampert|Earthquake|p1a: Fahey
|-crit|p1a: Fahey
|-damage|p1a: Fahey|0 fnt
|faint|p1a: Fahey
|
|t:|1728770334
|switch|p1a: rabit!|Jirachi|61/100 par
|
|-weather|Sandstorm|[upkeep]
|-heal|p1a: rabit!|68/100 par|[from] item: Leftovers
|upkeep
|turn|24
|
|t:|1728770337
|move|p1a: rabit!|Toxic|p2a: Swampert
|-status|p2a: Swampert|tox
|move|p2a: Swampert|Earthquake|p1a: rabit!
|-supereffective|p1a: rabit!
|-damage|p1a: rabit!|0 fnt
|faint|p1a: rabit!
|
|t:|1728770342
|switch|p1a: Fives|Tyranitar, F|94/100 tox
|
|-weather|Sandstorm|[upkeep]
|-heal|p1a: Fives|100/100 tox|[from] item: Leftovers
|-damage|p1a: Fives|94/100 tox|[from] psn
|-damage|p2a: Swampert|94/100 tox|[from] psn
|upkeep
|turn|25
|
|t:|1728770346
|switch|p1a: Dunce|Aerodactyl, M|100/100
|move|p2a: Swampert|Earthquake|p1a: Dunce
|-immune|p1a: Dunce
|
|-weather|Sandstorm|[upkeep]
|-heal|p2a: Swampert|100/100 tox|[from] item: Leftovers
|-damage|p2a: Swampert|88/100 tox|[from] psn
|upkeep
|turn|26
|
|t:|1728770353
|switch|p1a: Fives|Tyranitar, F|94/100 tox
|move|p2a: Swampert|Earthquake|p1a: Fives
|-supereffective|p1a: Fives
|-damage|p1a: Fives|0 fnt
|faint|p1a: Fives
|
|t:|1728770356
|switch|p1a: Lily|Blissey, F|100/100
|
|-weather|Sandstorm|[upkeep]
|-damage|p1a: Lily|94/100|[from] Sandstorm
|-heal|p1a: Lily|100/100|[from] item: Leftovers
|-heal|p2a: Swampert|94/100 tox|[from] item: Leftovers
|-damage|p2a: Swampert|76/100 tox|[from] psn
|upkeep
|turn|27
|
|t:|1728770364
|move|p1a: Lily|Seismic Toss|p2a: Swampert
|-damage|p2a: Swampert|51/100 tox
|move|p2a: Swampert|Earthquake|p1a: Lily
|-damage|p1a: Lily|25/100
|
|-weather|Sandstorm|[upkeep]
|-damage|p1a: Lily|19/100|[from] Sandstorm
|-heal|p1a: Lily|25/100|[from] item: Leftovers
|-heal|p2a: Swampert|57/100 tox|[from] item: Leftovers
|-damage|p2a: Swampert|32/100 tox|[from] psn
|upkeep
|turn|28
|
|t:|1728770373
|move|p1a: Lily|Soft-Boiled|p1a: Lily
|-heal|p1a: Lily|75/100
|move|p2a: Swampert|Hydro Pump|p1a: Lily
|-damage|p1a: Lily|46/100
|
|-weather|Sandstorm|[upkeep]
|-damage|p1a: Lily|40/100|[from] Sandstorm
|-heal|p1a: Lily|46/100|[from] item: Leftovers
|-heal|p2a: Swampert|38/100 tox|[from] item: Leftovers
|-damage|p2a: Swampert|7/100 tox|[from] psn
|upkeep
|turn|29
|
|t:|1728770379
|move|p1a: Lily|Seismic Toss|p2a: Swampert
|-damage|p2a: Swampert|0 fnt
|faint|p2a: Swampert
|
|t:|1728770385
|switch|p2a: Zapdos|Zapdos|100/100
|
|-weather|Sandstorm|[upkeep]
|-damage|p2a: Zapdos|94/100|[from] Sandstorm
|-damage|p1a: Lily|40/100|[from] Sandstorm
|-heal|p2a: Zapdos|100/100|[from] item: Leftovers
|-heal|p1a: Lily|46/100|[from] item: Leftovers
|upkeep
|turn|30
|
|t:|1728770390
|move|p2a: Zapdos|Toxic|p1a: Lily
|-status|p1a: Lily|tox
|move|p1a: Lily|Thunder Wave|p2a: Zapdos
|-status|p2a: Zapdos|par
|
|-weather|Sandstorm|[upkeep]
|-damage|p1a: Lily|40/100 tox|[from] Sandstorm
|-damage|p2a: Zapdos|94/100 par|[from] Sandstorm
|-heal|p1a: Lily|46/100 tox|[from] item: Leftovers
|-damage|p1a: Lily|40/100 tox|[from] psn
|-heal|p2a: Zapdos|100/100 par|[from] item: Leftovers
|upkeep
|turn|31
|
|t:|1728770396
|move|p1a: Lily|Soft-Boiled|p1a: Lily
|-heal|p1a: Lily|90/100 tox
|move|p2a: Zapdos|Thunderbolt|p1a: Lily
|-damage|p1a: Lily|74/100 tox
|
|-weather|Sandstorm|[upkeep]
|-damage|p1a: Lily|68/100 tox|[from] Sandstorm
|-damage|p2a: Zapdos|94/100 par|[from] Sandstorm
|-heal|p1a: Lily|74/100 tox|[from] item: Leftovers
|-damage|p1a: Lily|61/100 tox|[from] psn
|-heal|p2a: Zapdos|100/100 par|[from] item: Leftovers
|upkeep
|turn|32
|
|t:|1728770404
|-curestatus|p1a: Lily|tox|[from] ability: Natural Cure
|switch|p1a: Dunce|Aerodactyl, M|100/100
|cant|p2a: Zapdos|par
|
|-weather|Sandstorm|[upkeep]
|-damage|p2a: Zapdos|94/100 par|[from] Sandstorm
|-heal|p2a: Zapdos|100/100 par|[from] item: Leftovers
|upkeep
|turn|33
|c|☆xtina xendrix|oh no lmao
|
|t:|1728770423
|move|p1a: Dunce|Rock Slide|p2a: Zapdos|[miss]
|-miss|p1a: Dunce|p2a: Zapdos
|move|p2a: Zapdos|Thunderbolt|p1a: Dunce
|-supereffective|p1a: Dunce
|-damage|p1a: Dunce|0 fnt
|faint|p1a: Dunce
|c|☆Scansafatiche|omg
|
|t:|1728770429
|switch|p1a: Lily|Blissey, F|61/100
|
|-weather|Sandstorm|[upkeep]
|-damage|p1a: Lily|55/100|[from] Sandstorm
|-damage|p2a: Zapdos|94/100 par|[from] Sandstorm
|-heal|p1a: Lily|61/100|[from] item: Leftovers
|-heal|p2a: Zapdos|100/100 par|[from] item: Leftovers
|upkeep
|turn|34
|
|t:|1728770432
|move|p1a: Lily|Seismic Toss|p2a: Zapdos
|-damage|p2a: Zapdos|74/100 par
|move|p2a: Zapdos|Toxic|p1a: Lily
|-status|p1a: Lily|tox
|
|-weather|Sandstorm|[upkeep]
|-damage|p1a: Lily|55/100 tox|[from] Sandstorm
|-damage|p2a: Zapdos|68/100 par|[from] Sandstorm
|-heal|p1a: Lily|61/100 tox|[from] item: Leftovers
|-damage|p1a: Lily|55/100 tox|[from] psn
|-heal|p2a: Zapdos|74/100 par|[from] item: Leftovers
|upkeep
|turn|35
|-message|Scansafatiche forfeited.
|
|win|xtina xendrix
|c|☆Scansafatiche|gg
|c|☆xtina xendrix|gg
|player|p1|
|c|☆xtina xendrix|/log xtina xendrix made the replay of this battle unlisted.

</script>
<script type="application/json" class="data" id="replaydata-smogtours-gen3ou-797839">
{"id":"smogtours-gen3ou-797839","format":"[Gen 3] OU","players":["Scansafatiche","xtina xendrix"],"uploadtime":1728770438,"views":161,"formatid":"gen3ou","rating":null,"private":1,"password":null}
</script>

<script defer src="js/replays.js?9d40a366"></script>
