<!DOCTYPE html>
<meta charset="utf-8" />
<meta name="viewport" content="width=device-width" />

<title>[Gen 3] OU: jeem16 vs. keeping it icy - Replays - Pok&eacute;mon Showdown!</title>

<meta name="description" content="Watch a replay of a Pok&eacute;mon battle between jeem16 and keeping it icy! Format: [Gen 3] OU; Date: Nov 2, 2024" />
<!--

Hey, you! Looking in the source for the replay log?

You can find them in JSON format, just add `.json` at the end of a replay URL.

https://replay.pokemonshowdown.com/gen7randomdoublesbattle-865046831.json

Or, if you only need the log itself, add `.log` instead:

https://replay.pokemonshowdown.com/gen7randomdoublesbattle-865046831.log

-->

<link rel="stylesheet" href="//pokemonshowdown.com/style/global.css?0.023195364461161105" />
<link rel="stylesheet" href="//play.pokemonshowdown.com/style/font-awesome.css?0.13261647063804238" />
<link rel="stylesheet" href="//play.pokemonshowdown.com/style/battle.css?0.8753245789963631" />
<link rel="stylesheet" href="//play.pokemonshowdown.com/style/utilichart.css?0.8627959624976733" />

<!-- Global site tag (gtag.js) - Google Analytics -->
<script async src="https://www.googletagmanager.com/gtag/js?id=UA-26211653-1"></script>
<script>
  window.dataLayer = window.dataLayer || [];
  function gtag(){dataLayer.push(arguments);}
  gtag('js', new Date());

  gtag('config', 'UA-26211653-1');
</script>
<!-- End Google Analytics -->
<!-- Venatus Ad Manager - Install in <HEAD> of page -->
	<script src="https://hb.vntsm.com/v3/live/ad-manager.min.js" type="text/javascript" data-site-id="642aba63ec9a7b11c3c9c1be" data-mode="scan" async></script>
<!-- / Venatus Ad Manager -->

<style>
	@media (max-width:820px) {
		.battle {
			margin: 0 auto;
		}
		.battle-log {
			margin: 7px auto 0;
			max-width: 640px;
			height: 300px;
			position: static;
		}
	}
	.optgroup {
		display: inline-block;
		line-height: 22px;
		font-size: 10pt;
	}
	.optgroup .button {
		height: 25px;
		padding-top: 0;
		padding-bottom: 0;
	}
	.optgroup button.button {
		padding-left: 12px;
		padding-right: 12px;
	}
	.linklist {
		list-style: none;
		margin: 0.5em 0;
		padding: 0;
	}
	.linklist li {
		padding: 2px 0;
	}
	.sidebar {
		float: left;
		width: 320px;
	}
	.bar-wrapper {
		max-width: 1100px;
		margin: 0 auto;
	}
	.bar-wrapper.has-sidebar {
		max-width: 1430px;
	}
	.mainbar {
		margin: 0;
		padding-right: 1px;
	}
	.mainbar.has-sidebar {
		margin-left: 330px;
	}
	@media (min-width: 1511px) {
		.sidebar {
			width: 400px;
		}
		.bar-wrapper.has-sidebar {
			max-width: 1510px;
		}
		.mainbar.has-sidebar {
			margin-left: 410px;
		}
	}
	.section.first-section {
		margin-top: 9px;
	}
	.blocklink small {
		white-space: normal;
	}
	.button {
		vertical-align: middle;
	}
	.replay-controls {
		padding-top: 10px;
	}
	.replay-controls h1 {
		font-size: 16pt;
		font-weight: normal;
		color: #CCC;
	}
	.pagelink {
		text-align: center;
	}
	.pagelink a {
		width: 150px;
	}
	.textbox, .button {
		font-size: 11pt;
		vertical-align: middle;
	}
	@media (max-width: 450px) {
		.button {
			font-size: 9pt;
		}
	}
</style>

<div>

	<header>
		<div class="nav-wrapper"><ul class="nav">
			<li><a class="button nav-first" href="//pokemonshowdown.com/"><img src="//pokemonshowdown.com/images/pokemonshowdownbeta.png" srcset="//pokemonshowdown.com/images/pokemonshowdownbeta.png 1x, //pokemonshowdown.com/images/pokemonshowdownbeta@2x.png 2x" alt="Pok&eacute;mon Showdown" width="146" height="44" /> Home</a></li>
			<li><a class="button" href="//pokemonshowdown.com/dex/">Pok&eacute;dex</a></li>
			<li><a class="button cur" href="/">Replays</a></li>
			<li><a class="button" href="//pokemonshowdown.com/ladder/">Ladder</a></li>
			<li><a class="button nav-last" href="//pokemonshowdown.com/forums/">Forum</a></li>
			<li><a class="button greenbutton nav-first nav-last" href="//play.pokemonshowdown.com/">Play</a></li>
		</ul></div>
	</header>

	<div class="main" id="main">

		<noscript><section class="section">You need to enable JavaScript to use this page; sorry!</section></noscript>

	</div>

</div>

<script defer nomodule src="//play.pokemonshowdown.com/js/lib/ps-polyfill.js"></script>
<script defer src="//play.pokemonshowdown.com/js/lib/preact.min.js"></script>

<script defer src="//play.pokemonshowdown.com/config/config.js?2bddbc15"></script>
<script defer src="//play.pokemonshowdown.com/js/lib/jquery-1.11.0.min.js"></script>
<script defer src="//play.pokemonshowdown.com/js/lib/html-sanitizer-minified.js"></script>
<script defer src="//play.pokemonshowdown.com/js/battle-sound.js"></script>
<script defer src="//play.pokemonshowdown.com/js/battledata.js?0.7209276989879541"></script>
<script defer src="//play.pokemonshowdown.com/data/pokedex-mini.js?0.6111056340867951"></script>
<script defer src="//play.pokemonshowdown.com/data/pokedex-mini-bw.js?0.3532142036491459"></script>
<script defer src="//play.pokemonshowdown.com/data/graphics.js?0.24223875632456182"></script>
<script defer src="//play.pokemonshowdown.com/data/pokedex.js?0.38839984266356864"></script>
<script defer src="//play.pokemonshowdown.com/data/moves.js?0.21866028504024015"></script>
<script defer src="//play.pokemonshowdown.com/data/abilities.js?0.2005157953846628"></script>
<script defer src="//play.pokemonshowdown.com/data/items.js?0.9894211263848525"></script>
<script defer src="//play.pokemonshowdown.com/data/teambuilder-tables.js?0.6008791140282215"></script>
<script defer src="//play.pokemonshowdown.com/js/battle-tooltips.js?0.7580118955022959"></script>
<script defer src="//play.pokemonshowdown.com/js/battle.js?0.6057722274234274"></script>

<script defer src="js/utils.js?e31f9a17"></script>
<script defer src="js/replays-battle.js?7008c182"></script>

<!-- don't scrape this data! just add .json or .log after the URL!
Full API docs: https://github.com/smogon/pokemon-showdown-client/blob/master/WEB-API.md -->
<script type="text/plain" class="log" id="replaylog-smogtours-gen3ou-803917">
|inactive|Battle timer is ON: inactive players will automatically lose when time's up.
|t:|1730554731
|gametype|singles
|player|p1|jeem16|alder|
|player|p2|keeping it icy|skier-gen2|
|teamsize|p1|6
|teamsize|p2|6
|gen|3
|tier|[Gen 3] OU
|rule|Sleep Clause Mod: Limit one foe put to sleep
|rule|Switch Priority Clause Mod: Faster Pokémon switch first
|rule|Species Clause: Limit one of each Pokémon
|rule|OHKO Clause: OHKO moves are banned
|rule|Evasion Items Clause: Evasion items are banned
|rule|Evasion Moves Clause: Evasion moves are banned
|rule|Endless Battle Clause: Forcing endless battles is banned
|rule|HP Percentage Mod: HP is shown in percentages
|rule|One Boost Passer Clause: Limit one Baton Passer that has a way to boost its stats
|rule|Freeze Clause Mod: Limit one foe frozen
|
|t:|1730554731
|start
|switch|p1a: Slapster|Hariyama, F|100/100
|switch|p2a: Tyranitar|Tyranitar, F|100/100
|-weather|Sandstorm|[from] ability: Sand Stream|[of] p2a: Tyranitar
|turn|1
|
|t:|1730554745
|switch|p2a: Skarmory|Skarmory, F|100/100
|move|p1a: Slapster|Brick Break|p2a: Skarmory
|-crit|p2a: Skarmory
|-damage|p2a: Skarmory|49/100
|
|-weather|Sandstorm|[upkeep]
|-damage|p1a: Slapster|94/100|[from] Sandstorm
|-heal|p2a: Skarmory|55/100|[from] item: Leftovers
|-heal|p1a: Slapster|100/100|[from] item: Leftovers
|upkeep
|turn|2
|
|t:|1730554751
|move|p2a: Skarmory|Spikes|p1a: Slapster
|-sidestart|p1: jeem16|Spikes
|move|p1a: Slapster|Knock Off|p2a: Skarmory
|-resisted|p2a: Skarmory
|-damage|p2a: Skarmory|54/100
|-enditem|p2a: Skarmory|Leftovers|[from] move: Knock Off|[of] p1a: Slapster
|-hint|In Gens 3-4, Knock Off only makes the target's item unusable; it cannot obtain a new item.
|
|-weather|Sandstorm|[upkeep]
|-damage|p1a: Slapster|94/100|[from] Sandstorm
|-heal|p1a: Slapster|100/100|[from] item: Leftovers
|upkeep
|turn|3
|
|t:|1730554759
|move|p2a: Skarmory|Toxic|p1a: Slapster
|-status|p1a: Slapster|tox
|move|p1a: Slapster|Brick Break|p2a: Skarmory
|-damage|p2a: Skarmory|9/100
|
|-weather|Sandstorm|[upkeep]
|-damage|p1a: Slapster|94/100 tox|[from] Sandstorm
|-heal|p1a: Slapster|100/100 tox|[from] item: Leftovers
|-damage|p1a: Slapster|94/100 tox|[from] psn
|upkeep
|turn|4
|
|t:|1730554766
|move|p2a: Skarmory|Protect|p2a: Skarmory
|-singleturn|p2a: Skarmory|Protect
|move|p1a: Slapster|Brick Break|p2a: Skarmory
|-activate|p2a: Skarmory|Protect
|
|-weather|Sandstorm|[upkeep]
|-damage|p1a: Slapster|88/100 tox|[from] Sandstorm
|-heal|p1a: Slapster|94/100 tox|[from] item: Leftovers
|-damage|p1a: Slapster|82/100 tox|[from] psn
|upkeep
|turn|5
|
|t:|1730554776
|switch|p2a: Flygon|Flygon, M|100/100
|move|p1a: Slapster|Brick Break|p2a: Flygon
|-damage|p2a: Flygon|52/100
|
|-weather|Sandstorm|[upkeep]
|-damage|p1a: Slapster|76/100 tox|[from] Sandstorm
|-heal|p2a: Flygon|58/100|[from] item: Leftovers
|-heal|p1a: Slapster|82/100 tox|[from] item: Leftovers
|-damage|p1a: Slapster|64/100 tox|[from] psn
|upkeep
|turn|6
|
|t:|1730554791
|switch|p2a: Moltres|Moltres|100/100
|switch|p1a: Carousel|Claydol|100/100
|
|-weather|Sandstorm|[upkeep]
|-damage|p2a: Moltres|94/100|[from] Sandstorm
|-heal|p2a: Moltres|100/100|[from] item: Leftovers
|upkeep
|turn|7
|
|t:|1730554798
|move|p2a: Moltres|Flamethrower|p1a: Carousel
|-damage|p1a: Carousel|47/100
|move|p1a: Carousel|Rapid Spin|p2a: Moltres
|-damage|p2a: Moltres|94/100
|-sideend|p1: jeem16|Spikes|[from] move: Rapid Spin|[of] p1a: Carousel
|
|-weather|Sandstorm|[upkeep]
|-damage|p2a: Moltres|88/100|[from] Sandstorm
|-heal|p2a: Moltres|94/100|[from] item: Leftovers
|-heal|p1a: Carousel|53/100|[from] item: Leftovers
|upkeep
|turn|8
|
|t:|1730554806
|switch|p1a: Elsa|Suicune|100/100
|move|p2a: Moltres|Will-O-Wisp|p1a: Elsa
|-status|p1a: Elsa|brn
|
|-weather|Sandstorm|[upkeep]
|-damage|p2a: Moltres|88/100|[from] Sandstorm
|-damage|p1a: Elsa|94/100 brn|[from] Sandstorm
|-heal|p2a: Moltres|94/100|[from] item: Leftovers
|-heal|p1a: Elsa|100/100 brn|[from] item: Leftovers
|-damage|p1a: Elsa|88/100 brn|[from] brn
|upkeep
|turn|9
|
|t:|1730554813
|switch|p2a: Blissey|Blissey, F|100/100
|move|p1a: Elsa|Surf|p2a: Blissey
|-damage|p2a: Blissey|89/100
|
|-weather|Sandstorm|[upkeep]
|-damage|p1a: Elsa|82/100 brn|[from] Sandstorm
|-damage|p2a: Blissey|82/100|[from] Sandstorm
|-heal|p1a: Elsa|88/100 brn|[from] item: Leftovers
|-damage|p1a: Elsa|76/100 brn|[from] brn
|-heal|p2a: Blissey|89/100|[from] item: Leftovers
|upkeep
|turn|10
|
|t:|1730554824
|switch|p1a: Kill Jester|Jirachi|100/100
|move|p2a: Blissey|Thunderbolt|p1a: Kill Jester
|-damage|p1a: Kill Jester|85/100
|
|-weather|Sandstorm|[upkeep]
|-damage|p2a: Blissey|82/100|[from] Sandstorm
|-heal|p1a: Kill Jester|91/100|[from] item: Leftovers
|-heal|p2a: Blissey|89/100|[from] item: Leftovers
|upkeep
|turn|11
|
|t:|1730554832
|move|p1a: Kill Jester|Toxic|p2a: Blissey
|-status|p2a: Blissey|tox
|move|p2a: Blissey|Thunder Wave|p1a: Kill Jester
|-status|p1a: Kill Jester|par
|
|-weather|Sandstorm|[upkeep]
|-damage|p2a: Blissey|82/100 tox|[from] Sandstorm
|-heal|p2a: Blissey|89/100 tox|[from] item: Leftovers
|-damage|p2a: Blissey|82/100 tox|[from] psn
|-heal|p1a: Kill Jester|97/100 par|[from] item: Leftovers
|upkeep
|turn|12
|
|t:|1730554842
|-curestatus|p2a: Blissey|tox|[from] ability: Natural Cure
|switch|p2a: Tyranitar|Tyranitar, F|100/100
|move|p1a: Kill Jester|Wish|p1a: Kill Jester
|
|-weather|Sandstorm|[upkeep]
|-heal|p1a: Kill Jester|100/100 par|[from] item: Leftovers
|upkeep
|turn|13
|
|t:|1730554852
|switch|p2a: Skarmory|Skarmory, F|9/100
|switch|p1a: Slapster|Hariyama, F|64/100 tox
|
|-heal|p1a: Slapster|100/100 tox|[from] move: Wish|[wisher] Kill Jester
|-weather|Sandstorm|[upkeep]
|-damage|p1a: Slapster|94/100 tox|[from] Sandstorm
|-heal|p1a: Slapster|100/100 tox|[from] item: Leftovers
|-damage|p1a: Slapster|94/100 tox|[from] psn
|upkeep
|turn|14
|
|t:|1730554859
|move|p2a: Skarmory|Spikes|p1a: Slapster
|-sidestart|p1: jeem16|Spikes
|move|p1a: Slapster|Brick Break|p2a: Skarmory
|-damage|p2a: Skarmory|0 fnt
|faint|p2a: Skarmory
|
|t:|1730554865
|switch|p2a: Jirachi|Jirachi|100/100
|
|-weather|Sandstorm|[upkeep]
|-damage|p1a: Slapster|88/100 tox|[from] Sandstorm
|-heal|p1a: Slapster|94/100 tox|[from] item: Leftovers
|-damage|p1a: Slapster|82/100 tox|[from] psn
|upkeep
|turn|15
|
|t:|1730554869
|move|p2a: Jirachi|Substitute|p2a: Jirachi
|-start|p2a: Jirachi|Substitute
|-damage|p2a: Jirachi|75/100
|move|p1a: Slapster|Knock Off|p2a: Jirachi
|-activate|p2a: Jirachi|Substitute|[damage]
|
|-weather|Sandstorm|[upkeep]
|-damage|p1a: Slapster|76/100 tox|[from] Sandstorm
|-heal|p2a: Jirachi|82/100|[from] item: Leftovers
|-heal|p1a: Slapster|82/100 tox|[from] item: Leftovers
|-damage|p1a: Slapster|64/100 tox|[from] psn
|upkeep
|turn|16
|
|t:|1730554883
|switch|p1a: Elsa|Suicune|76/100 brn
|-damage|p1a: Elsa|63/100 brn|[from] Spikes
|move|p2a: Jirachi|Calm Mind|p2a: Jirachi
|-boost|p2a: Jirachi|spa|1
|-boost|p2a: Jirachi|spd|1
|
|-weather|Sandstorm|[upkeep]
|-damage|p1a: Elsa|57/100 brn|[from] Sandstorm
|-heal|p2a: Jirachi|88/100|[from] item: Leftovers
|-heal|p1a: Elsa|63/100 brn|[from] item: Leftovers
|-damage|p1a: Elsa|51/100 brn|[from] brn
|upkeep
|turn|17
|
|t:|1730554887
|move|p2a: Jirachi|Thunderbolt|p1a: Elsa
|-supereffective|p1a: Elsa
|-damage|p1a: Elsa|4/100 brn
|move|p1a: Elsa|Calm Mind|p1a: Elsa
|-boost|p1a: Elsa|spa|1
|-boost|p1a: Elsa|spd|1
|
|-weather|Sandstorm|[upkeep]
|-damage|p1a: Elsa|0 fnt|[from] Sandstorm
|faint|p1a: Elsa
|-heal|p2a: Jirachi|94/100|[from] item: Leftovers
|upkeep
|
|t:|1730554902
|switch|p1a: Specialn't|Blissey, F|100/100
|-damage|p1a: Specialn't|88/100|[from] Spikes
|turn|18
|
|t:|1730554906
|move|p2a: Jirachi|Calm Mind|p2a: Jirachi
|-boost|p2a: Jirachi|spa|1
|-boost|p2a: Jirachi|spd|1
|move|p1a: Specialn't|Calm Mind|p1a: Specialn't
|-boost|p1a: Specialn't|spa|1
|-boost|p1a: Specialn't|spd|1
|
|-weather|Sandstorm|[upkeep]
|-damage|p1a: Specialn't|82/100|[from] Sandstorm
|-heal|p2a: Jirachi|99/100|[from] item: Leftovers
|-heal|p1a: Specialn't|88/100|[from] item: Leftovers
|upkeep
|turn|19
|
|t:|1730554908
|switch|p2a: Tyranitar|Tyranitar, F|100/100
|move|p1a: Specialn't|Calm Mind|p1a: Specialn't
|-boost|p1a: Specialn't|spa|1
|-boost|p1a: Specialn't|spd|1
|
|-weather|Sandstorm|[upkeep]
|-damage|p1a: Specialn't|82/100|[from] Sandstorm
|-heal|p1a: Specialn't|88/100|[from] item: Leftovers
|upkeep
|turn|20
|
|t:|1730554929
|move|p2a: Tyranitar|Rock Slide|p1a: Specialn't
|-damage|p1a: Specialn't|51/100
|cant|p1a: Specialn't|flinch
|
|-weather|Sandstorm|[upkeep]
|-damage|p1a: Specialn't|45/100|[from] Sandstorm
|-heal|p1a: Specialn't|51/100|[from] item: Leftovers
|upkeep
|turn|21
|
|t:|1730554936
|move|p2a: Tyranitar|Rock Slide|p1a: Specialn't
|-damage|p1a: Specialn't|11/100
|move|p1a: Specialn't|Soft-Boiled|p1a: Specialn't
|-heal|p1a: Specialn't|61/100
|
|-weather|Sandstorm|[upkeep]
|-damage|p1a: Specialn't|55/100|[from] Sandstorm
|-heal|p1a: Specialn't|61/100|[from] item: Leftovers
|upkeep
|turn|22
|
|t:|1730554942
|move|p2a: Tyranitar|Rock Slide|p1a: Specialn't
|-damage|p1a: Specialn't|24/100
|move|p1a: Specialn't|Soft-Boiled|p1a: Specialn't
|-heal|p1a: Specialn't|74/100
|
|-weather|Sandstorm|[upkeep]
|-damage|p1a: Specialn't|68/100|[from] Sandstorm
|-heal|p1a: Specialn't|74/100|[from] item: Leftovers
|upkeep
|turn|23
|
|t:|1730554947
|-singleturn|p2a: Tyranitar|move: Focus Punch
|move|p1a: Specialn't|Ice Beam|p2a: Tyranitar
|-damage|p2a: Tyranitar|71/100
|move|p2a: Tyranitar|Focus Punch||[still]
|cant|p2a: Tyranitar|Focus Punch|Focus Punch
|
|-weather|Sandstorm|[upkeep]
|-damage|p1a: Specialn't|68/100|[from] Sandstorm
|-heal|p2a: Tyranitar|77/100|[from] item: Leftovers
|-heal|p1a: Specialn't|74/100|[from] item: Leftovers
|upkeep
|turn|24
|
|t:|1730554956
|move|p2a: Tyranitar|Rock Slide|p1a: Specialn't|[miss]
|-miss|p2a: Tyranitar|p1a: Specialn't
|move|p1a: Specialn't|Thunderbolt|p2a: Tyranitar
|-damage|p2a: Tyranitar|50/100
|
|-weather|Sandstorm|[upkeep]
|-damage|p1a: Specialn't|68/100|[from] Sandstorm
|-heal|p2a: Tyranitar|57/100|[from] item: Leftovers
|-heal|p1a: Specialn't|74/100|[from] item: Leftovers
|upkeep
|turn|25
|
|t:|1730554967
|move|p2a: Tyranitar|Rock Slide|p1a: Specialn't|[miss]
|-miss|p2a: Tyranitar|p1a: Specialn't
|move|p1a: Specialn't|Ice Beam|p2a: Tyranitar
|-damage|p2a: Tyranitar|29/100
|
|-weather|Sandstorm|[upkeep]
|-damage|p1a: Specialn't|68/100|[from] Sandstorm
|-heal|p2a: Tyranitar|35/100|[from] item: Leftovers
|-heal|p1a: Specialn't|74/100|[from] item: Leftovers
|upkeep
|turn|26
|
|t:|1730554977
|move|p2a: Tyranitar|Rock Slide|p1a: Specialn't
|-damage|p1a: Specialn't|36/100
|cant|p1a: Specialn't|flinch
|
|-weather|Sandstorm|[upkeep]
|-damage|p1a: Specialn't|29/100|[from] Sandstorm
|-heal|p2a: Tyranitar|41/100|[from] item: Leftovers
|-heal|p1a: Specialn't|36/100|[from] item: Leftovers
|upkeep
|turn|27
|
|t:|1730554988
|switch|p1a: Kill Jester|Jirachi|100/100 par
|-damage|p1a: Kill Jester|88/100 par|[from] Spikes
|move|p2a: Tyranitar|Rock Slide|p1a: Kill Jester|[miss]
|-miss|p2a: Tyranitar|p1a: Kill Jester
|
|-weather|Sandstorm|[upkeep]
|-heal|p2a: Tyranitar|47/100|[from] item: Leftovers
|-heal|p1a: Kill Jester|94/100 par|[from] item: Leftovers
|upkeep
|turn|28
|
|t:|1730555011
|move|p2a: Tyranitar|Earthquake|p1a: Kill Jester
|-supereffective|p1a: Kill Jester
|-damage|p1a: Kill Jester|38/100 par
|move|p1a: Kill Jester|Fire Punch|p2a: Tyranitar
|-resisted|p2a: Tyranitar
|-damage|p2a: Tyranitar|40/100
|-status|p2a: Tyranitar|brn
|
|-weather|Sandstorm|[upkeep]
|-heal|p2a: Tyranitar|46/100 brn|[from] item: Leftovers
|-damage|p2a: Tyranitar|34/100 brn|[from] brn
|-heal|p1a: Kill Jester|44/100 par|[from] item: Leftovers
|upkeep
|turn|29
|
|t:|1730555024
|switch|p2a: Moltres|Moltres|94/100
|cant|p1a: Kill Jester|par
|
|-weather|Sandstorm|[upkeep]
|-damage|p2a: Moltres|88/100|[from] Sandstorm
|-heal|p2a: Moltres|94/100|[from] item: Leftovers
|-heal|p1a: Kill Jester|50/100 par|[from] item: Leftovers
|upkeep
|turn|30
|
|t:|1730555044
|switch|p1a: Specialn't|Blissey, F|36/100
|-damage|p1a: Specialn't|23/100|[from] Spikes
|move|p2a: Moltres|Flamethrower|p1a: Specialn't
|-damage|p1a: Specialn't|4/100
|-status|p1a: Specialn't|brn
|
|-weather|Sandstorm|[upkeep]
|-damage|p2a: Moltres|88/100|[from] Sandstorm
|-damage|p1a: Specialn't|0 fnt|[from] Sandstorm
|faint|p1a: Specialn't
|-heal|p2a: Moltres|94/100|[from] item: Leftovers
|upkeep
|
|t:|1730555050
|switch|p1a: Slapster|Hariyama, F|64/100 tox
|-damage|p1a: Slapster|52/100 tox|[from] Spikes
|turn|31
|
|t:|1730555060
|switch|p2a: Tyranitar|Tyranitar, F|34/100 brn
|move|p1a: Slapster|Knock Off|p2a: Tyranitar
|-resisted|p2a: Tyranitar
|-damage|p2a: Tyranitar|33/100 brn
|-enditem|p2a: Tyranitar|Leftovers|[from] move: Knock Off|[of] p1a: Slapster
|
|-weather|Sandstorm|[upkeep]
|-damage|p1a: Slapster|46/100 tox|[from] Sandstorm
|-damage|p2a: Tyranitar|21/100 brn|[from] brn
|-heal|p1a: Slapster|52/100 tox|[from] item: Leftovers
|-damage|p1a: Slapster|46/100 tox|[from] psn
|upkeep
|turn|32
|
|t:|1730555071
|switch|p1a: Angeryboi|Salamence, M|100/100
|-ability|p1a: Angeryboi|Intimidate|boost
|-unboost|p2a: Tyranitar|atk|1
|move|p2a: Tyranitar|Hidden Power|p1a: Angeryboi
|-resisted|p1a: Angeryboi
|-damage|p1a: Angeryboi|95/100
|
|-weather|Sandstorm|[upkeep]
|-damage|p1a: Angeryboi|89/100|[from] Sandstorm
|-damage|p2a: Tyranitar|8/100 brn|[from] brn
|upkeep
|turn|33
|
|t:|1730555090
|move|p1a: Angeryboi|Hidden Power|p2a: Tyranitar
|-resisted|p2a: Tyranitar
|-damage|p2a: Tyranitar|0 fnt
|faint|p2a: Tyranitar
|
|t:|1730555093
|switch|p2a: Blissey|Blissey, F|82/100
|
|-weather|Sandstorm|[upkeep]
|-damage|p1a: Angeryboi|83/100|[from] Sandstorm
|-damage|p2a: Blissey|76/100|[from] Sandstorm
|-heal|p2a: Blissey|82/100|[from] item: Leftovers
|upkeep
|turn|34
|
|t:|1730555103
|move|p1a: Angeryboi|Hidden Power|p2a: Blissey
|-damage|p2a: Blissey|24/100
|move|p2a: Blissey|Ice Beam|p1a: Angeryboi
|-supereffective|p1a: Angeryboi
|-damage|p1a: Angeryboi|0 fnt
|faint|p1a: Angeryboi
|
|t:|1730555106
|switch|p1a: Kill Jester|Jirachi|50/100 par
|-damage|p1a: Kill Jester|38/100 par|[from] Spikes
|
|-weather|Sandstorm|[upkeep]
|-damage|p2a: Blissey|17/100|[from] Sandstorm
|-heal|p2a: Blissey|24/100|[from] item: Leftovers
|-heal|p1a: Kill Jester|44/100 par|[from] item: Leftovers
|upkeep
|turn|35
|
|t:|1730555113
|move|p2a: Blissey|Soft-Boiled|p2a: Blissey
|-heal|p2a: Blissey|73/100
|move|p1a: Kill Jester|Wish|p1a: Kill Jester
|
|-weather|Sandstorm|[upkeep]
|-damage|p2a: Blissey|67/100|[from] Sandstorm
|-heal|p2a: Blissey|73/100|[from] item: Leftovers
|-heal|p1a: Kill Jester|50/100 par|[from] item: Leftovers
|upkeep
|turn|36
|
|t:|1730555118
|move|p2a: Blissey|Soft-Boiled|p2a: Blissey
|-heal|p2a: Blissey|100/100
|move|p1a: Kill Jester|Fire Punch|p2a: Blissey
|-damage|p2a: Blissey|94/100
|-status|p2a: Blissey|brn
|
|-heal|p1a: Kill Jester|100/100 par|[from] move: Wish|[wisher] Kill Jester
|-weather|Sandstorm|[upkeep]
|-damage|p2a: Blissey|87/100 brn|[from] Sandstorm
|-heal|p2a: Blissey|94/100 brn|[from] item: Leftovers
|-damage|p2a: Blissey|81/100 brn|[from] brn
|upkeep
|turn|37
|
|t:|1730555122
|-curestatus|p2a: Blissey|brn|[from] ability: Natural Cure
|switch|p2a: Moltres|Moltres|94/100
|move|p1a: Kill Jester|Fire Punch|p2a: Moltres
|-resisted|p2a: Moltres
|-damage|p2a: Moltres|84/100
|
|-weather|Sandstorm|[upkeep]
|-damage|p2a: Moltres|77/100|[from] Sandstorm
|-heal|p2a: Moltres|84/100|[from] item: Leftovers
|upkeep
|turn|38
|
|t:|1730555125
|move|p2a: Moltres|Flamethrower|p1a: Kill Jester
|-supereffective|p1a: Kill Jester
|-damage|p1a: Kill Jester|28/100 par
|move|p1a: Kill Jester|Toxic|p2a: Moltres
|-status|p2a: Moltres|tox
|
|-weather|Sandstorm|[upkeep]
|-damage|p2a: Moltres|77/100 tox|[from] Sandstorm
|-heal|p2a: Moltres|84/100 tox|[from] item: Leftovers
|-damage|p2a: Moltres|77/100 tox|[from] psn
|-heal|p1a: Kill Jester|34/100 par|[from] item: Leftovers
|upkeep
|turn|39
|
|t:|1730555128
|move|p1a: Kill Jester|Protect|p1a: Kill Jester
|-singleturn|p1a: Kill Jester|Protect
|move|p2a: Moltres|Flamethrower|p1a: Kill Jester
|-activate|p1a: Kill Jester|Protect
|
|-weather|Sandstorm|[upkeep]
|-damage|p2a: Moltres|71/100 tox|[from] Sandstorm
|-heal|p2a: Moltres|77/100 tox|[from] item: Leftovers
|-damage|p2a: Moltres|65/100 tox|[from] psn
|-heal|p1a: Kill Jester|40/100 par|[from] item: Leftovers
|upkeep
|turn|40
|
|t:|1730555132
|switch|p1a: Carousel|Claydol|53/100
|move|p2a: Moltres|Flamethrower|p1a: Carousel
|-damage|p1a: Carousel|4/100
|
|-weather|Sandstorm|[upkeep]
|-damage|p2a: Moltres|59/100 tox|[from] Sandstorm
|-heal|p2a: Moltres|65/100 tox|[from] item: Leftovers
|-damage|p2a: Moltres|46/100 tox|[from] psn
|-heal|p1a: Carousel|10/100|[from] item: Leftovers
|upkeep
|turn|41
|
|t:|1730555139
|move|p2a: Moltres|Flamethrower|p1a: Carousel
|-damage|p1a: Carousel|0 fnt
|faint|p1a: Carousel
|
|t:|1730555140
|switch|p1a: Slapster|Hariyama, F|46/100 tox
|-damage|p1a: Slapster|33/100 tox|[from] Spikes
|
|-weather|Sandstorm|[upkeep]
|-damage|p2a: Moltres|40/100 tox|[from] Sandstorm
|-damage|p1a: Slapster|27/100 tox|[from] Sandstorm
|-heal|p2a: Moltres|46/100 tox|[from] item: Leftovers
|-damage|p2a: Moltres|21/100 tox|[from] psn
|-heal|p1a: Slapster|33/100 tox|[from] item: Leftovers
|-damage|p1a: Slapster|27/100 tox|[from] psn
|upkeep
|turn|42
|
|t:|1730555146
|move|p2a: Moltres|Flamethrower|p1a: Slapster
|-damage|p1a: Slapster|0 fnt
|faint|p1a: Slapster
|
|t:|1730555147
|switch|p1a: Kill Jester|Jirachi|40/100 par
|-damage|p1a: Kill Jester|28/100 par|[from] Spikes
|
|-weather|Sandstorm|[upkeep]
|-damage|p2a: Moltres|15/100 tox|[from] Sandstorm
|-heal|p2a: Moltres|21/100 tox|[from] item: Leftovers
|-damage|p2a: Moltres|0 fnt|[from] psn
|faint|p2a: Moltres
|-heal|p1a: Kill Jester|34/100 par|[from] item: Leftovers
|upkeep
|
|t:|1730555148
|switch|p2a: Flygon|Flygon, M|58/100
|turn|43
|
|t:|1730555151
|move|p1a: Kill Jester|Protect|p1a: Kill Jester
|-singleturn|p1a: Kill Jester|Protect
|move|p2a: Flygon|Earthquake|p1a: Kill Jester
|-activate|p1a: Kill Jester|Protect
|
|-weather|Sandstorm|[upkeep]
|-heal|p2a: Flygon|64/100|[from] item: Leftovers
|-heal|p1a: Kill Jester|40/100 par|[from] item: Leftovers
|upkeep
|turn|44
|
|t:|1730555154
|move|p2a: Flygon|Earthquake|p1a: Kill Jester
|-supereffective|p1a: Kill Jester
|-damage|p1a: Kill Jester|0 fnt
|faint|p1a: Kill Jester
|
|win|keeping it icy
|c|☆jeem16|ggwp
|c|☆keeping it icy|gg.
|player|p1|

</script>
<script type="application/json" class="data" id="replaydata-smogtours-gen3ou-803917">
{"id":"smogtours-gen3ou-803917","format":"[Gen 3] OU","players":["jeem16","keeping it icy"],"uploadtime":1730555154,"views":49,"formatid":"gen3ou","rating":null,"private":0,"password":null}
</script>

<script defer src="js/replays.js?9d40a366"></script>
