<!DOCTYPE html>
<meta charset="utf-8" />
<meta name="viewport" content="width=device-width" />

<title>[Gen 3] OU: WraxiusGaming vs. Kollin7 - Replays - Pok&eacute;mon Showdown!</title>

<meta name="description" content="Watch a replay of a Pok&eacute;mon battle between WraxiusGaming and Kollin7! Format: [Gen 3] OU; Date: Oct 5, 2024" />
<!--

Hey, you! Looking in the source for the replay log?

You can find them in JSON format, just add `.json` at the end of a replay URL.

https://replay.pokemonshowdown.com/gen7randomdoublesbattle-865046831.json

Or, if you only need the log itself, add `.log` instead:

https://replay.pokemonshowdown.com/gen7randomdoublesbattle-865046831.log

-->

<link rel="stylesheet" href="//pokemonshowdown.com/style/global.css?0.023195364461161105" />
<link rel="stylesheet" href="//play.pokemonshowdown.com/style/font-awesome.css?0.13261647063804238" />
<link rel="stylesheet" href="//play.pokemonshowdown.com/style/battle.css?0.8753245789963631" />
<link rel="stylesheet" href="//play.pokemonshowdown.com/style/utilichart.css?0.8627959624976733" />

<!-- Global site tag (gtag.js) - Google Analytics -->
<script async src="https://www.googletagmanager.com/gtag/js?id=UA-26211653-1"></script>
<script>
  window.dataLayer = window.dataLayer || [];
  function gtag(){dataLayer.push(arguments);}
  gtag('js', new Date());

  gtag('config', 'UA-26211653-1');
</script>
<!-- End Google Analytics -->
<!-- Venatus Ad Manager - Install in <HEAD> of page -->
	<script src="https://hb.vntsm.com/v3/live/ad-manager.min.js" type="text/javascript" data-site-id="642aba63ec9a7b11c3c9c1be" data-mode="scan" async></script>
<!-- / Venatus Ad Manager -->

<style>
	@media (max-width:820px) {
		.battle {
			margin: 0 auto;
		}
		.battle-log {
			margin: 7px auto 0;
			max-width: 640px;
			height: 300px;
			position: static;
		}
	}
	.optgroup {
		display: inline-block;
		line-height: 22px;
		font-size: 10pt;
	}
	.optgroup .button {
		height: 25px;
		padding-top: 0;
		padding-bottom: 0;
	}
	.optgroup button.button {
		padding-left: 12px;
		padding-right: 12px;
	}
	.linklist {
		list-style: none;
		margin: 0.5em 0;
		padding: 0;
	}
	.linklist li {
		padding: 2px 0;
	}
	.sidebar {
		float: left;
		width: 320px;
	}
	.bar-wrapper {
		max-width: 1100px;
		margin: 0 auto;
	}
	.bar-wrapper.has-sidebar {
		max-width: 1430px;
	}
	.mainbar {
		margin: 0;
		padding-right: 1px;
	}
	.mainbar.has-sidebar {
		margin-left: 330px;
	}
	@media (min-width: 1511px) {
		.sidebar {
			width: 400px;
		}
		.bar-wrapper.has-sidebar {
			max-width: 1510px;
		}
		.mainbar.has-sidebar {
			margin-left: 410px;
		}
	}
	.section.first-section {
		margin-top: 9px;
	}
	.blocklink small {
		white-space: normal;
	}
	.button {
		vertical-align: middle;
	}
	.replay-controls {
		padding-top: 10px;
	}
	.replay-controls h1 {
		font-size: 16pt;
		font-weight: normal;
		color: #CCC;
	}
	.pagelink {
		text-align: center;
	}
	.pagelink a {
		width: 150px;
	}
	.textbox, .button {
		font-size: 11pt;
		vertical-align: middle;
	}
	@media (max-width: 450px) {
		.button {
			font-size: 9pt;
		}
	}
</style>

<div>

	<header>
		<div class="nav-wrapper"><ul class="nav">
			<li><a class="button nav-first" href="//pokemonshowdown.com/"><img src="//pokemonshowdown.com/images/pokemonshowdownbeta.png" srcset="//pokemonshowdown.com/images/pokemonshowdownbeta.png 1x, //pokemonshowdown.com/images/pokemonshowdownbeta@2x.png 2x" alt="Pok&eacute;mon Showdown" width="146" height="44" /> Home</a></li>
			<li><a class="button" href="//pokemonshowdown.com/dex/">Pok&eacute;dex</a></li>
			<li><a class="button cur" href="/">Replays</a></li>
			<li><a class="button" href="//pokemonshowdown.com/ladder/">Ladder</a></li>
			<li><a class="button nav-last" href="//pokemonshowdown.com/forums/">Forum</a></li>
			<li><a class="button greenbutton nav-first nav-last" href="//play.pokemonshowdown.com/">Play</a></li>
		</ul></div>
	</header>

	<div class="main" id="main">

		<noscript><section class="section">You need to enable JavaScript to use this page; sorry!</section></noscript>

	</div>

</div>

<script defer nomodule src="//play.pokemonshowdown.com/js/lib/ps-polyfill.js"></script>
<script defer src="//play.pokemonshowdown.com/js/lib/preact.min.js"></script>

<script defer src="//play.pokemonshowdown.com/config/config.js?2bddbc15"></script>
<script defer src="//play.pokemonshowdown.com/js/lib/jquery-1.11.0.min.js"></script>
<script defer src="//play.pokemonshowdown.com/js/lib/html-sanitizer-minified.js"></script>
<script defer src="//play.pokemonshowdown.com/js/battle-sound.js"></script>
<script defer src="//play.pokemonshowdown.com/js/battledata.js?0.7209276989879541"></script>
<script defer src="//play.pokemonshowdown.com/data/pokedex-mini.js?0.6111056340867951"></script>
<script defer src="//play.pokemonshowdown.com/data/pokedex-mini-bw.js?0.3532142036491459"></script>
<script defer src="//play.pokemonshowdown.com/data/graphics.js?0.24223875632456182"></script>
<script defer src="//play.pokemonshowdown.com/data/pokedex.js?0.38839984266356864"></script>
<script defer src="//play.pokemonshowdown.com/data/moves.js?0.21866028504024015"></script>
<script defer src="//play.pokemonshowdown.com/data/abilities.js?0.2005157953846628"></script>
<script defer src="//play.pokemonshowdown.com/data/items.js?0.9894211263848525"></script>
<script defer src="//play.pokemonshowdown.com/data/teambuilder-tables.js?0.6008791140282215"></script>
<script defer src="//play.pokemonshowdown.com/js/battle-tooltips.js?0.7580118955022959"></script>
<script defer src="//play.pokemonshowdown.com/js/battle.js?0.6057722274234274"></script>

<script defer src="js/utils.js?e31f9a17"></script>
<script defer src="js/replays-battle.js?7008c182"></script>

<!-- don't scrape this data! just add .json or .log after the URL!
Full API docs: https://github.com/smogon/pokemon-showdown-client/blob/master/WEB-API.md -->
<script type="text/plain" class="log" id="replaylog-smogtours-gen3ou-795109">
|inactive|Battle timer is ON: inactive players will automatically lose when time's up.
|t:|1728154258
|gametype|singles
|player|p1|WraxiusGaming|marley|
|player|p2|Kollin7|hiker-gen2|
|teamsize|p1|6
|teamsize|p2|6
|gen|3
|tier|[Gen 3] OU
|rule|Sleep Clause Mod: Limit one foe put to sleep
|rule|Switch Priority Clause Mod: Faster Pokémon switch first
|rule|Species Clause: Limit one of each Pokémon
|rule|OHKO Clause: OHKO moves are banned
|rule|Evasion Items Clause: Evasion items are banned
|rule|Evasion Moves Clause: Evasion moves are banned
|rule|Endless Battle Clause: Forcing endless battles is banned
|rule|HP Percentage Mod: HP is shown in percentages
|rule|One Boost Passer Clause: Limit one Baton Passer that has a way to boost its stats
|rule|Freeze Clause Mod: Limit one foe frozen
|
|t:|1728154258
|start
|switch|p1a: Salamence|Salamence, M|100/100
|switch|p2a: Tyranitar|Tyranitar, M|100/100
|-ability|p1a: Salamence|Intimidate|boost
|-unboost|p2a: Tyranitar|atk|1
|-weather|Sandstorm|[from] ability: Sand Stream|[of] p2a: Tyranitar
|turn|1
|inactive|WraxiusGaming also wants the timer to be on.
|inactive|Kollin7 also wants the timer to be on.
|
|t:|1728154282
|switch|p2a: Skarmory|Skarmory, M|100/100
|move|p1a: Salamence|Dragon Claw|p2a: Skarmory
|-resisted|p2a: Skarmory
|-damage|p2a: Skarmory|84/100
|
|-weather|Sandstorm|[upkeep]
|-damage|p1a: Salamence|94/100|[from] Sandstorm
|-heal|p1a: Salamence|100/100|[from] item: Leftovers
|-heal|p2a: Skarmory|90/100|[from] item: Leftovers
|upkeep
|turn|2
|
|t:|1728154288
|switch|p2a: Blissey|Blissey, F|100/100
|move|p1a: Salamence|Fire Blast|p2a: Blissey|[miss]
|-miss|p1a: Salamence|p2a: Blissey
|
|-weather|Sandstorm|[upkeep]
|-damage|p1a: Salamence|94/100|[from] Sandstorm
|-damage|p2a: Blissey|94/100|[from] Sandstorm
|-heal|p1a: Salamence|100/100|[from] item: Leftovers
|-heal|p2a: Blissey|100/100|[from] item: Leftovers
|upkeep
|turn|3
|
|t:|1728154296
|switch|p1a: Jirachi|Jirachi|100/100
|switch|p2a: Skarmory|Skarmory, M|90/100
|
|-weather|Sandstorm|[upkeep]
|-heal|p2a: Skarmory|96/100|[from] item: Leftovers
|upkeep
|turn|4
|
|t:|1728154300
|switch|p1a: Forretress|Forretress, M|100/100
|move|p2a: Skarmory|Spikes|p1a: Forretress
|-sidestart|p1: WraxiusGaming|Spikes
|
|-weather|Sandstorm|[upkeep]
|-heal|p2a: Skarmory|100/100|[from] item: Leftovers
|upkeep
|turn|5
|
|t:|1728154320
|move|p2a: Skarmory|Drill Peck|p1a: Forretress
|-damage|p1a: Forretress|83/100
|move|p1a: Forretress|Spikes|p2a: Skarmory
|-sidestart|p2: Kollin7|Spikes
|
|-weather|Sandstorm|[upkeep]
|-heal|p1a: Forretress|89/100|[from] item: Leftovers
|upkeep
|turn|6
|
|t:|1728154329
|move|p2a: Skarmory|Drill Peck|p1a: Forretress
|-damage|p1a: Forretress|74/100
|move|p1a: Forretress|Rapid Spin|p2a: Skarmory
|-resisted|p2a: Skarmory
|-damage|p2a: Skarmory|99/100
|-sideend|p1: WraxiusGaming|Spikes|[from] move: Rapid Spin|[of] p1a: Forretress
|
|-weather|Sandstorm|[upkeep]
|-heal|p2a: Skarmory|100/100|[from] item: Leftovers
|-heal|p1a: Forretress|80/100|[from] item: Leftovers
|upkeep
|turn|7
|
|t:|1728154334
|move|p2a: Skarmory|Spikes|p1a: Forretress
|-sidestart|p1: WraxiusGaming|Spikes
|move|p1a: Forretress|Spikes|p2a: Skarmory
|-sidestart|p2: Kollin7|Spikes
|
|-weather|Sandstorm|[upkeep]
|-heal|p1a: Forretress|86/100|[from] item: Leftovers
|upkeep
|turn|8
|
|t:|1728154336
|move|p2a: Skarmory|Drill Peck|p1a: Forretress
|-damage|p1a: Forretress|71/100
|move|p1a: Forretress|Spikes|p2a: Skarmory
|-sidestart|p2: Kollin7|Spikes
|
|-weather|Sandstorm|[upkeep]
|-heal|p1a: Forretress|77/100|[from] item: Leftovers
|upkeep
|turn|9
|
|t:|1728154339
|move|p2a: Skarmory|Drill Peck|p1a: Forretress
|-damage|p1a: Forretress|61/100
|move|p1a: Forretress|Rapid Spin|p2a: Skarmory
|-resisted|p2a: Skarmory
|-damage|p2a: Skarmory|99/100
|-sideend|p1: WraxiusGaming|Spikes|[from] move: Rapid Spin|[of] p1a: Forretress
|
|-weather|Sandstorm|[upkeep]
|-heal|p2a: Skarmory|100/100|[from] item: Leftovers
|-heal|p1a: Forretress|67/100|[from] item: Leftovers
|upkeep
|turn|10
|
|t:|1728154347
|switch|p1a: Jirachi|Jirachi|100/100
|move|p2a: Skarmory|Drill Peck|p1a: Jirachi
|-resisted|p1a: Jirachi
|-damage|p1a: Jirachi|93/100
|
|-weather|Sandstorm|[upkeep]
|-heal|p1a: Jirachi|99/100|[from] item: Leftovers
|upkeep
|turn|11
|
|t:|1728154350
|move|p1a: Jirachi|Fire Punch|p2a: Skarmory
|-supereffective|p2a: Skarmory
|-damage|p2a: Skarmory|70/100
|move|p2a: Skarmory|Spikes|p1a: Jirachi
|-sidestart|p1: WraxiusGaming|Spikes
|
|-weather|Sandstorm|[upkeep]
|-heal|p1a: Jirachi|100/100|[from] item: Leftovers
|-heal|p2a: Skarmory|76/100|[from] item: Leftovers
|upkeep
|turn|12
|
|t:|1728154356
|switch|p2a: Charizard|Charizard, M|100/100
|move|p1a: Jirachi|Fire Punch|p2a: Charizard
|-resisted|p2a: Charizard
|-damage|p2a: Charizard|89/100
|
|-weather|Sandstorm|[upkeep]
|-damage|p2a: Charizard|83/100|[from] Sandstorm
|-heal|p2a: Charizard|89/100|[from] item: Leftovers
|upkeep
|turn|13
|c|+ALlCE|GO WRAX
|
|t:|1728154368
|switch|p1a: Salamence|Salamence, M|100/100
|-ability|p1a: Salamence|Intimidate|boost
|-unboost|p2a: Charizard|atk|1
|move|p2a: Charizard|Flamethrower|p1a: Salamence
|-resisted|p1a: Salamence
|-damage|p1a: Salamence|70/100
|
|-weather|Sandstorm|[upkeep]
|-damage|p2a: Charizard|83/100|[from] Sandstorm
|-damage|p1a: Salamence|64/100|[from] Sandstorm
|-heal|p1a: Salamence|70/100|[from] item: Leftovers
|-heal|p2a: Charizard|89/100|[from] item: Leftovers
|upkeep
|turn|14
|
|t:|1728154376
|switch|p2a: Blissey|Blissey, F|100/100
|-damage|p2a: Blissey|76/100|[from] Spikes
|move|p1a: Salamence|Dragon Claw|p2a: Blissey
|-damage|p2a: Blissey|60/100
|
|-weather|Sandstorm|[upkeep]
|-damage|p1a: Salamence|64/100|[from] Sandstorm
|-damage|p2a: Blissey|53/100|[from] Sandstorm
|-heal|p1a: Salamence|70/100|[from] item: Leftovers
|-heal|p2a: Blissey|60/100|[from] item: Leftovers
|upkeep
|turn|15
|
|t:|1728154382
|switch|p1a: Forretress|Forretress, M|67/100
|-damage|p1a: Forretress|55/100|[from] Spikes
|move|p2a: Blissey|Soft-Boiled|p2a: Blissey
|-heal|p2a: Blissey|100/100
|
|-weather|Sandstorm|[upkeep]
|-damage|p2a: Blissey|94/100|[from] Sandstorm
|-heal|p2a: Blissey|100/100|[from] item: Leftovers
|-heal|p1a: Forretress|61/100|[from] item: Leftovers
|upkeep
|turn|16
|
|t:|1728154390
|move|p2a: Blissey|Seismic Toss|p1a: Forretress
|-damage|p1a: Forretress|33/100
|move|p1a: Forretress|Rapid Spin|p2a: Blissey
|-damage|p2a: Blissey|97/100
|-sideend|p1: WraxiusGaming|Spikes|[from] move: Rapid Spin|[of] p1a: Forretress
|
|-weather|Sandstorm|[upkeep]
|-damage|p2a: Blissey|91/100|[from] Sandstorm
|-heal|p2a: Blissey|97/100|[from] item: Leftovers
|-heal|p1a: Forretress|39/100|[from] item: Leftovers
|upkeep
|turn|17
|
|t:|1728154405
|switch|p1a: Jirachi|Jirachi|100/100
|move|p2a: Blissey|Wish|p2a: Blissey
|
|-weather|Sandstorm|[upkeep]
|-damage|p2a: Blissey|91/100|[from] Sandstorm
|-heal|p2a: Blissey|97/100|[from] item: Leftovers
|upkeep
|turn|18
|inactive|Kollin7 has 270 seconds left.
|
|t:|1728154439
|switch|p2a: Skarmory|Skarmory, M|76/100
|move|p1a: Jirachi|Wish|p1a: Jirachi
|
|-heal|p2a: Skarmory|100/100|[from] move: Wish|[wisher] Blissey
|-weather|Sandstorm|[upkeep]
|upkeep
|turn|19
|inactive|Kollin7 has 270 seconds left.
|
|t:|1728154455
|switch|p1a: Forretress|Forretress, M|39/100
|move|p2a: Skarmory|Roar|p1a: Forretress
|drag|p1a: Blissey|Blissey, F|100/100
|
|-weather|Sandstorm|[upkeep]
|-damage|p1a: Blissey|94/100|[from] Sandstorm
|-heal|p1a: Blissey|100/100|[from] item: Leftovers
|upkeep
|turn|20
|
|t:|1728154464
|switch|p1a: Jirachi|Jirachi|100/100
|move|p2a: Skarmory|Spikes|p1a: Jirachi
|-sidestart|p1: WraxiusGaming|Spikes
|
|-weather|Sandstorm|[upkeep]
|upkeep
|turn|21
|
|t:|1728154468
|switch|p2a: Charizard|Charizard, M|89/100
|move|p1a: Jirachi|Fire Punch|p2a: Charizard
|-resisted|p2a: Charizard
|-damage|p2a: Charizard|78/100
|
|-weather|Sandstorm|[upkeep]
|-damage|p2a: Charizard|72/100|[from] Sandstorm
|-heal|p2a: Charizard|78/100|[from] item: Leftovers
|upkeep
|turn|22
|
|t:|1728154473
|move|p2a: Charizard|Flamethrower|p1a: Jirachi
|-supereffective|p1a: Jirachi
|-damage|p1a: Jirachi|25/100
|move|p1a: Jirachi|Toxic|p2a: Charizard
|-status|p2a: Charizard|tox
|
|-weather|Sandstorm|[upkeep]
|-damage|p2a: Charizard|72/100 tox|[from] Sandstorm
|-heal|p2a: Charizard|78/100 tox|[from] item: Leftovers
|-damage|p2a: Charizard|72/100 tox|[from] psn
|-heal|p1a: Jirachi|31/100|[from] item: Leftovers
|upkeep
|turn|23
|
|t:|1728154479
|move|p1a: Jirachi|Protect|p1a: Jirachi
|-singleturn|p1a: Jirachi|Protect
|move|p2a: Charizard|Flamethrower|p1a: Jirachi
|-activate|p1a: Jirachi|Protect
|
|-weather|Sandstorm|[upkeep]
|-damage|p2a: Charizard|65/100 tox|[from] Sandstorm
|-heal|p2a: Charizard|72/100 tox|[from] item: Leftovers
|-damage|p2a: Charizard|59/100 tox|[from] psn
|-heal|p1a: Jirachi|37/100|[from] item: Leftovers
|upkeep
|turn|24
|inactive|Kollin7 has 270 seconds left.
|
|t:|1728154525
|switch|p2a: Blissey|Blissey, F|97/100
|-damage|p2a: Blissey|72/100|[from] Spikes
|switch|p1a: Blissey|Blissey, F|100/100
|-damage|p1a: Blissey|88/100|[from] Spikes
|
|-weather|Sandstorm|[upkeep]
|-damage|p2a: Blissey|66/100|[from] Sandstorm
|-damage|p1a: Blissey|82/100|[from] Sandstorm
|-heal|p2a: Blissey|72/100|[from] item: Leftovers
|-heal|p1a: Blissey|88/100|[from] item: Leftovers
|upkeep
|turn|25
|
|t:|1728154544
|switch|p1a: Swampert|Swampert, F|100/100
|-damage|p1a: Swampert|88/100|[from] Spikes
|move|p2a: Blissey|Wish|p2a: Blissey
|
|-weather|Sandstorm|[upkeep]
|-damage|p2a: Blissey|66/100|[from] Sandstorm
|-heal|p1a: Swampert|94/100|[from] item: Leftovers
|-heal|p2a: Blissey|72/100|[from] item: Leftovers
|upkeep
|turn|26
|inactive|Kollin7 has 240 seconds left.
|inactive|Kollin7 has 210 seconds left.
|
|t:|1728154611
|move|p2a: Blissey|Soft-Boiled|p2a: Blissey
|-heal|p2a: Blissey|100/100
|move|p1a: Swampert|Roar|p2a: Blissey
|drag|p2a: Flygon|Flygon, F|100/100
|
|-weather|Sandstorm|[upkeep]
|-heal|p1a: Swampert|100/100|[from] item: Leftovers
|upkeep
|turn|27
|
|t:|1728154623
|switch|p2a: Skarmory|Skarmory, M|100/100
|move|p1a: Swampert|Protect||[still]
|-fail|p1a: Swampert
|
|-weather|Sandstorm|[upkeep]
|upkeep
|turn|28
|
|t:|1728154628
|switch|p1a: Jirachi|Jirachi|37/100
|-damage|p1a: Jirachi|25/100|[from] Spikes
|move|p2a: Skarmory|Roar|p1a: Jirachi
|drag|p1a: Forretress|Forretress, M|39/100
|-damage|p1a: Forretress|27/100|[from] Spikes
|
|-weather|Sandstorm|[upkeep]
|-heal|p1a: Forretress|33/100|[from] item: Leftovers
|upkeep
|turn|29
|
|t:|1728154634
|move|p2a: Skarmory|Drill Peck|p1a: Forretress
|-damage|p1a: Forretress|15/100
|move|p1a: Forretress|Rapid Spin|p2a: Skarmory
|-resisted|p2a: Skarmory
|-damage|p2a: Skarmory|99/100
|-sideend|p1: WraxiusGaming|Spikes|[from] move: Rapid Spin|[of] p1a: Forretress
|
|-weather|Sandstorm|[upkeep]
|-heal|p2a: Skarmory|100/100|[from] item: Leftovers
|-heal|p1a: Forretress|21/100|[from] item: Leftovers
|upkeep
|turn|30
|
|t:|1728154649
|switch|p1a: Jirachi|Jirachi|25/100
|move|p2a: Skarmory|Drill Peck|p1a: Jirachi
|-resisted|p1a: Jirachi
|-damage|p1a: Jirachi|17/100
|
|-weather|Sandstorm|[upkeep]
|-heal|p1a: Jirachi|24/100|[from] item: Leftovers
|upkeep
|turn|31
|
|t:|1728154652
|move|p1a: Jirachi|Wish|p1a: Jirachi
|move|p2a: Skarmory|Spikes|p1a: Jirachi
|-sidestart|p1: WraxiusGaming|Spikes
|
|-weather|Sandstorm|[upkeep]
|-heal|p1a: Jirachi|30/100|[from] item: Leftovers
|upkeep
|turn|32
|
|t:|1728154657
|move|p1a: Jirachi|Protect|p1a: Jirachi
|-singleturn|p1a: Jirachi|Protect
|move|p2a: Skarmory|Spikes|p1a: Jirachi
|-sidestart|p1: WraxiusGaming|Spikes
|
|-heal|p1a: Jirachi|80/100|[from] move: Wish|[wisher] Jirachi
|-weather|Sandstorm|[upkeep]
|-heal|p1a: Jirachi|86/100|[from] item: Leftovers
|upkeep
|turn|33
|
|t:|1728154659
|move|p1a: Jirachi|Wish|p1a: Jirachi
|move|p2a: Skarmory|Spikes|p1a: Jirachi
|-sidestart|p1: WraxiusGaming|Spikes
|
|-weather|Sandstorm|[upkeep]
|-heal|p1a: Jirachi|92/100|[from] item: Leftovers
|upkeep
|turn|34
|c|☆WraxiusGaming|wait
|c|☆WraxiusGaming|i cant read i thought my forre was at 27
|inactive|Kollin7 has 240 seconds left.
|c|☆WraxiusGaming|frick
|inactive|Kollin7 has 210 seconds left.
|inactive|Kollin7 has 180 seconds left.
|
|t:|1728154750
|move|p1a: Jirachi|Fire Punch|p2a: Skarmory
|-supereffective|p2a: Skarmory
|-damage|p2a: Skarmory|70/100
|move|p2a: Skarmory|Roar|p1a: Jirachi
|drag|p1a: Swampert|Swampert, F|100/100
|-damage|p1a: Swampert|76/100|[from] Spikes
|
|-heal|p1a: Swampert|100/100|[from] move: Wish|[wisher] Jirachi
|-weather|Sandstorm|[upkeep]
|-heal|p2a: Skarmory|76/100|[from] item: Leftovers
|upkeep
|turn|35
|
|t:|1728154762
|move|p2a: Skarmory|Toxic|p1a: Swampert
|-status|p1a: Swampert|tox
|move|p1a: Swampert|Roar|p2a: Skarmory
|drag|p2a: Tyranitar|Tyranitar, M|100/100
|-damage|p2a: Tyranitar|75/100|[from] Spikes
|
|-weather|Sandstorm|[upkeep]
|-heal|p2a: Tyranitar|82/100|[from] item: Leftovers
|-damage|p1a: Swampert|94/100 tox|[from] psn
|upkeep
|turn|36
|
|t:|1728154769
|switch|p2a: Blissey|Blissey, F|100/100
|-damage|p2a: Blissey|76/100|[from] Spikes
|move|p1a: Swampert|Refresh|p1a: Swampert
|-curestatus|p1a: Swampert|tox|[msg]
|
|-weather|Sandstorm|[upkeep]
|-damage|p2a: Blissey|69/100|[from] Sandstorm
|-heal|p1a: Swampert|100/100|[from] item: Leftovers
|-heal|p2a: Blissey|76/100|[from] item: Leftovers
|upkeep
|turn|37
|
|t:|1728154776
|move|p2a: Blissey|Soft-Boiled|p2a: Blissey
|-heal|p2a: Blissey|100/100
|move|p1a: Swampert|Roar|p2a: Blissey
|drag|p2a: Jirachi|Jirachi|100/100
|-damage|p2a: Jirachi|75/100|[from] Spikes
|
|-weather|Sandstorm|[upkeep]
|-heal|p2a: Jirachi|82/100|[from] item: Leftovers
|upkeep
|turn|38
|
|t:|1728154781
|move|p2a: Jirachi|Wish|p2a: Jirachi
|move|p1a: Swampert|Roar|p2a: Jirachi
|drag|p2a: Flygon|Flygon, F|100/100
|
|-weather|Sandstorm|[upkeep]
|upkeep
|turn|39
|inactive|Kollin7 has 180 seconds left.
|
|t:|1728154822
|move|p2a: Flygon|Earthquake|p1a: Swampert
|-damage|p1a: Swampert|56/100
|move|p1a: Swampert|Surf|p2a: Flygon
|-damage|p2a: Flygon|59/100
|
|-heal|p2a: Flygon|100/100|[from] move: Wish|[wisher] Jirachi
|-weather|Sandstorm|[upkeep]
|-heal|p1a: Swampert|62/100|[from] item: Leftovers
|upkeep
|turn|40
|
|t:|1728154831
|move|p1a: Swampert|Protect|p1a: Swampert
|-singleturn|p1a: Swampert|Protect
|move|p2a: Flygon|Earthquake|p1a: Swampert
|-activate|p1a: Swampert|Protect
|
|-weather|Sandstorm|[upkeep]
|-heal|p1a: Swampert|68/100|[from] item: Leftovers
|upkeep
|turn|41
|
|t:|1728154836
|switch|p1a: Salamence|Salamence, M|70/100
|-ability|p1a: Salamence|Intimidate|boost
|-unboost|p2a: Flygon|atk|1
|move|p2a: Flygon|Earthquake|p1a: Salamence
|-immune|p1a: Salamence
|
|-weather|Sandstorm|[upkeep]
|-damage|p1a: Salamence|64/100|[from] Sandstorm
|-heal|p1a: Salamence|70/100|[from] item: Leftovers
|upkeep
|turn|42
|inactive|Kollin7 has 150 seconds left.
|inactive|Kollin7 has 120 seconds left.
|
|t:|1728154896
|switch|p2a: Skarmory|Skarmory, M|76/100
|move|p1a: Salamence|Brick Break|p2a: Skarmory
|-damage|p2a: Skarmory|59/100
|
|-weather|Sandstorm|[upkeep]
|-damage|p1a: Salamence|64/100|[from] Sandstorm
|-heal|p1a: Salamence|70/100|[from] item: Leftovers
|-heal|p2a: Skarmory|65/100|[from] item: Leftovers
|upkeep
|turn|43
|inactive|Kollin7 has 120 seconds left.
|
|t:|1728154918
|move|p1a: Salamence|Fire Blast|p2a: Skarmory|[miss]
|-miss|p1a: Salamence|p2a: Skarmory
|move|p2a: Skarmory|Toxic|p1a: Salamence
|-status|p1a: Salamence|tox
|
|-weather|Sandstorm|[upkeep]
|-damage|p1a: Salamence|64/100 tox|[from] Sandstorm
|-heal|p1a: Salamence|70/100 tox|[from] item: Leftovers
|-damage|p1a: Salamence|64/100 tox|[from] psn
|-heal|p2a: Skarmory|71/100|[from] item: Leftovers
|upkeep
|turn|44
|inactive|Kollin7 has 90 seconds left.
|inactive|Kollin7 has 60 seconds left.
|
|t:|1728154990
|switch|p1a: Jirachi|Jirachi|92/100
|-damage|p1a: Jirachi|67/100|[from] Spikes
|switch|p2a: Tyranitar|Tyranitar, M|82/100
|-damage|p2a: Tyranitar|57/100|[from] Spikes
|
|-weather|Sandstorm|[upkeep]
|-heal|p1a: Jirachi|73/100|[from] item: Leftovers
|-heal|p2a: Tyranitar|63/100|[from] item: Leftovers
|upkeep
|turn|45
|
|t:|1728155013
|move|p1a: Jirachi|Protect|p1a: Jirachi
|-singleturn|p1a: Jirachi|Protect
|move|p2a: Tyranitar|Substitute|p2a: Tyranitar
|-start|p2a: Tyranitar|Substitute
|-damage|p2a: Tyranitar|38/100
|
|-weather|Sandstorm|[upkeep]
|-heal|p1a: Jirachi|79/100|[from] item: Leftovers
|-heal|p2a: Tyranitar|44/100|[from] item: Leftovers
|upkeep
|turn|46
|
|t:|1728155021
|switch|p1a: Forretress|Forretress, M|21/100
|-damage|p1a: Forretress|0 fnt|[from] Spikes
|faint|p1a: Forretress
|
|t:|1728155022
|switch|p1a: Swampert|Swampert, F|68/100
|-damage|p1a: Swampert|44/100|[from] Spikes
|
|-weather|Sandstorm|[upkeep]
|-heal|p2a: Tyranitar|50/100|[from] item: Leftovers
|-heal|p1a: Swampert|50/100|[from] item: Leftovers
|upkeep
|turn|47
|
|t:|1728155023
|move|p2a: Tyranitar|Crunch|p1a: Swampert
|-damage|p1a: Swampert|20/100
|move|p1a: Swampert|Roar|p2a: Tyranitar
|drag|p2a: Jirachi|Jirachi|82/100
|-damage|p2a: Jirachi|57/100|[from] Spikes
|
|-weather|Sandstorm|[upkeep]
|-heal|p2a: Jirachi|63/100|[from] item: Leftovers
|-heal|p1a: Swampert|26/100|[from] item: Leftovers
|upkeep
|turn|48
|
|t:|1728155030
|move|p1a: Swampert|Protect|p1a: Swampert
|-singleturn|p1a: Swampert|Protect
|move|p2a: Jirachi|Wish|p2a: Jirachi
|
|-weather|Sandstorm|[upkeep]
|-heal|p2a: Jirachi|69/100|[from] item: Leftovers
|-heal|p1a: Swampert|33/100|[from] item: Leftovers
|upkeep
|turn|49
|inactive|Kollin7 has 60 seconds left.
|
|t:|1728155054
|move|p2a: Jirachi|Fire Punch|p1a: Swampert
|-resisted|p1a: Swampert
|-damage|p1a: Swampert|25/100
|move|p1a: Swampert|Roar|p2a: Jirachi
|drag|p2a: Flygon|Flygon, F|100/100
|
|-weather|Sandstorm|[upkeep]
|-heal|p1a: Swampert|31/100|[from] item: Leftovers
|upkeep
|turn|50
|inactive|Kollin7 has 60 seconds left.
|
|t:|1728155065
|move|p1a: Swampert|Protect|p1a: Swampert
|-singleturn|p1a: Swampert|Protect
|move|p2a: Flygon|Earthquake|p1a: Swampert
|-activate|p1a: Swampert|Protect
|
|-weather|Sandstorm|[upkeep]
|-heal|p1a: Swampert|37/100|[from] item: Leftovers
|upkeep
|turn|51
|
|t:|1728155069
|switch|p1a: Salamence|Salamence, M|64/100 tox
|-ability|p1a: Salamence|Intimidate|boost
|-unboost|p2a: Flygon|atk|1
|move|p2a: Flygon|Earthquake|p1a: Salamence
|-immune|p1a: Salamence
|
|-weather|Sandstorm|[upkeep]
|-damage|p1a: Salamence|58/100 tox|[from] Sandstorm
|-heal|p1a: Salamence|64/100 tox|[from] item: Leftovers
|-damage|p1a: Salamence|58/100 tox|[from] psn
|upkeep
|turn|52
|inactive|Kollin7 has 60 seconds left.
|
|t:|1728155104
|switch|p1a: Jirachi|Jirachi|79/100
|-damage|p1a: Jirachi|54/100|[from] Spikes
|switch|p2a: Tyranitar|Tyranitar, M|50/100
|-damage|p2a: Tyranitar|25/100|[from] Spikes
|
|-weather|Sandstorm|[upkeep]
|-heal|p1a: Jirachi|61/100|[from] item: Leftovers
|-heal|p2a: Tyranitar|31/100|[from] item: Leftovers
|upkeep
|turn|53
|inactive|Kollin7 has 30 seconds left.
|
|t:|1728155134
|move|p1a: Jirachi|Toxic|p2a: Tyranitar
|-status|p2a: Tyranitar|tox
|move|p2a: Tyranitar|Crunch|p1a: Jirachi
|-damage|p1a: Jirachi|33/100
|
|-weather|Sandstorm|[upkeep]
|-heal|p1a: Jirachi|39/100|[from] item: Leftovers
|-heal|p2a: Tyranitar|38/100 tox|[from] item: Leftovers
|-damage|p2a: Tyranitar|31/100 tox|[from] psn
|upkeep
|turn|54
|inactive|Kollin7 has 30 seconds left.
|inactive|Kollin7 has 20 seconds left.
|inactive|Kollin7 has 15 seconds left.
|
|t:|1728155158
|switch|p2a: Flygon|Flygon, F|100/100
|move|p1a: Jirachi|Wish|p1a: Jirachi
|
|-weather|Sandstorm|[upkeep]
|-heal|p1a: Jirachi|45/100|[from] item: Leftovers
|upkeep
|turn|55
|inactive|Kollin7 has 25 seconds left this turn.
|inactive|Kollin7 has 20 seconds left.
|
|t:|1728155166
|move|p1a: Jirachi|Protect|p1a: Jirachi
|-singleturn|p1a: Jirachi|Protect
|move|p2a: Flygon|Earthquake|p1a: Jirachi
|-activate|p1a: Jirachi|Protect
|
|-heal|p1a: Jirachi|95/100|[from] move: Wish|[wisher] Jirachi
|-weather|Sandstorm|[upkeep]
|-heal|p1a: Jirachi|100/100|[from] item: Leftovers
|upkeep
|turn|56
|inactive|Kollin7 has 30 seconds left this turn.
|inactive|Kollin7 has 20 seconds left.
|inactive|Kollin7 has 15 seconds left.
|inactive|Kollin7 has 10 seconds left.
|
|t:|1728155195
|switch|p1a: Salamence|Salamence, M|58/100 tox
|-ability|p1a: Salamence|Intimidate|boost
|-unboost|p2a: Flygon|atk|1
|move|p2a: Flygon|Earthquake|p1a: Salamence
|-immune|p1a: Salamence
|
|-weather|Sandstorm|[upkeep]
|-damage|p1a: Salamence|52/100 tox|[from] Sandstorm
|-heal|p1a: Salamence|58/100 tox|[from] item: Leftovers
|-damage|p1a: Salamence|52/100 tox|[from] psn
|upkeep
|turn|57
|inactive|Kollin7 has 20 seconds left this turn.
|inactive|Kollin7 has 15 seconds left.
|
|t:|1728155202
|switch|p2a: Tyranitar|Tyranitar, M|31/100 tox
|-damage|p2a: Tyranitar|6/100 tox|[from] Spikes
|move|p1a: Salamence|Fire Blast|p2a: Tyranitar
|-resisted|p2a: Tyranitar
|-damage|p2a: Tyranitar|0 fnt
|faint|p2a: Tyranitar
|inactive|Kollin7 has 20 seconds left this turn.
|inactive|Kollin7 has 15 seconds left.
|inactive|Kollin7 has 10 seconds left.
|
|t:|1728155216
|switch|p2a: Blissey|Blissey, F|100/100
|-damage|p2a: Blissey|76/100|[from] Spikes
|
|-weather|Sandstorm|[upkeep]
|-damage|p1a: Salamence|46/100 tox|[from] Sandstorm
|-damage|p2a: Blissey|69/100|[from] Sandstorm
|-heal|p1a: Salamence|52/100 tox|[from] item: Leftovers
|-damage|p1a: Salamence|39/100 tox|[from] psn
|-heal|p2a: Blissey|76/100|[from] item: Leftovers
|upkeep
|turn|58
|inactive|Kollin7 has 20 seconds left this turn.
|inactive|Kollin7 has 15 seconds left.
|
|t:|1728155224
|move|p1a: Salamence|Brick Break|p2a: Blissey
|-supereffective|p2a: Blissey
|-damage|p2a: Blissey|33/100
|move|p2a: Blissey|Wish|p2a: Blissey
|
|-weather|Sandstorm|[upkeep]
|-damage|p1a: Salamence|33/100 tox|[from] Sandstorm
|-damage|p2a: Blissey|27/100|[from] Sandstorm
|-heal|p1a: Salamence|39/100 tox|[from] item: Leftovers
|-damage|p1a: Salamence|21/100 tox|[from] psn
|-heal|p2a: Blissey|33/100|[from] item: Leftovers
|upkeep
|turn|59
|inactive|Kollin7 has 25 seconds left this turn.
|inactive|Kollin7 has 20 seconds left.
|
|t:|1728155234
|move|p1a: Salamence|Fire Blast|p2a: Blissey
|-damage|p2a: Blissey|18/100
|move|p2a: Blissey|Seismic Toss|p1a: Salamence
|-damage|p1a: Salamence|0 fnt
|faint|p1a: Salamence
|inactive|Kollin7 has 25 seconds left this turn.
|
|t:|1728155241
|switch|p1a: Blissey|Blissey, F|88/100
|-damage|p1a: Blissey|63/100|[from] Spikes
|
|-heal|p2a: Blissey|68/100|[from] move: Wish|[wisher] Blissey
|-weather|Sandstorm|[upkeep]
|-damage|p2a: Blissey|62/100|[from] Sandstorm
|-damage|p1a: Blissey|57/100|[from] Sandstorm
|-heal|p2a: Blissey|68/100|[from] item: Leftovers
|-heal|p1a: Blissey|63/100|[from] item: Leftovers
|upkeep
|turn|60
|inactive|Kollin7 has 30 seconds left.
|inactive|Kollin7 has 20 seconds left.
|
|t:|1728155260
|switch|p2a: Jirachi|Jirachi|69/100
|-damage|p2a: Jirachi|44/100|[from] Spikes
|move|p1a: Blissey|Ice Beam|p2a: Jirachi
|-resisted|p2a: Jirachi
|-damage|p2a: Jirachi|34/100
|
|-weather|Sandstorm|[upkeep]
|-damage|p1a: Blissey|57/100|[from] Sandstorm
|-heal|p2a: Jirachi|41/100|[from] item: Leftovers
|-heal|p1a: Blissey|63/100|[from] item: Leftovers
|upkeep
|turn|61
|inactive|Kollin7 has 30 seconds left this turn.
|
|t:|1728155266
|move|p2a: Jirachi|Wish|p2a: Jirachi
|move|p1a: Blissey|Soft-Boiled|p1a: Blissey
|-heal|p1a: Blissey|100/100
|
|-weather|Sandstorm|[upkeep]
|-damage|p1a: Blissey|94/100|[from] Sandstorm
|-heal|p2a: Jirachi|47/100|[from] item: Leftovers
|-heal|p1a: Blissey|100/100|[from] item: Leftovers
|upkeep
|turn|62
|inactive|Kollin7 has 30 seconds left.
|
|t:|1728155280
|move|p2a: Jirachi|Fire Punch|p1a: Blissey
|-damage|p1a: Blissey|94/100
|-status|p1a: Blissey|brn
|move|p1a: Blissey|Thunderbolt|p2a: Jirachi
|-damage|p2a: Jirachi|29/100
|
|-heal|p2a: Jirachi|79/100|[from] move: Wish|[wisher] Jirachi
|-weather|Sandstorm|[upkeep]
|-damage|p1a: Blissey|88/100 brn|[from] Sandstorm
|-heal|p2a: Jirachi|85/100|[from] item: Leftovers
|-heal|p1a: Blissey|94/100 brn|[from] item: Leftovers
|-damage|p1a: Blissey|81/100 brn|[from] brn
|upkeep
|turn|63
|inactive|Kollin7 has 30 seconds left.
|
|t:|1728155294
|-curestatus|p1a: Blissey|brn|[from] ability: Natural Cure
|switch|p1a: Tyranitar|Tyranitar, M|100/100
|-damage|p1a: Tyranitar|75/100|[from] Spikes
|move|p2a: Jirachi|Wish|p2a: Jirachi
|
|-weather|Sandstorm|[upkeep]
|-heal|p2a: Jirachi|91/100|[from] item: Leftovers
|-heal|p1a: Tyranitar|82/100|[from] item: Leftovers
|upkeep
|turn|64
|inactive|Kollin7 has 30 seconds left.
|
|t:|1728155299
|move|p2a: Jirachi|Toxic|p1a: Tyranitar
|-status|p1a: Tyranitar|tox
|move|p1a: Tyranitar|Fire Blast|p2a: Jirachi
|-supereffective|p2a: Jirachi
|-damage|p2a: Jirachi|30/100
|
|-heal|p2a: Jirachi|80/100|[from] move: Wish|[wisher] Jirachi
|-weather|Sandstorm|[upkeep]
|-heal|p2a: Jirachi|86/100|[from] item: Leftovers
|-heal|p1a: Tyranitar|88/100 tox|[from] item: Leftovers
|-damage|p1a: Tyranitar|82/100 tox|[from] psn
|upkeep
|turn|65
|inactive|Kollin7 has 30 seconds left.
|
|t:|1728155310
|move|p2a: Jirachi|Wish|p2a: Jirachi
|move|p1a: Tyranitar|Fire Blast|p2a: Jirachi
|-supereffective|p2a: Jirachi
|-damage|p2a: Jirachi|25/100
|
|-weather|Sandstorm|[upkeep]
|-heal|p2a: Jirachi|31/100|[from] item: Leftovers
|-heal|p1a: Tyranitar|88/100 tox|[from] item: Leftovers
|-damage|p1a: Tyranitar|75/100 tox|[from] psn
|upkeep
|turn|66
|
|t:|1728155320
|switch|p1a: Jirachi|Jirachi|100/100
|-damage|p1a: Jirachi|75/100|[from] Spikes
|move|p2a: Jirachi|Protect||[still]
|-fail|p2a: Jirachi
|
|-heal|p2a: Jirachi|81/100|[from] move: Wish|[wisher] Jirachi
|-weather|Sandstorm|[upkeep]
|-heal|p2a: Jirachi|87/100|[from] item: Leftovers
|-heal|p1a: Jirachi|82/100|[from] item: Leftovers
|upkeep
|turn|67
|
|t:|1728155331
|move|p2a: Jirachi|Fire Punch|p1a: Jirachi
|-supereffective|p1a: Jirachi
|-damage|p1a: Jirachi|55/100
|move|p1a: Jirachi|Wish|p1a: Jirachi
|
|-weather|Sandstorm|[upkeep]
|-heal|p2a: Jirachi|93/100|[from] item: Leftovers
|-heal|p1a: Jirachi|62/100|[from] item: Leftovers
|upkeep
|turn|68
|inactive|Kollin7 has 30 seconds left.
|inactive|Kollin7 has 20 seconds left.
|inactive|Kollin7 has 15 seconds left.
|
|t:|1728155362
|switch|p2a: Blissey|Blissey, F|68/100
|-damage|p2a: Blissey|43/100|[from] Spikes
|switch|p1a: Swampert|Swampert, F|37/100
|-damage|p1a: Swampert|12/100|[from] Spikes
|
|-heal|p1a: Swampert|62/100|[from] move: Wish|[wisher] Jirachi
|-weather|Sandstorm|[upkeep]
|-damage|p2a: Blissey|37/100|[from] Sandstorm
|-heal|p1a: Swampert|68/100|[from] item: Leftovers
|-heal|p2a: Blissey|43/100|[from] item: Leftovers
|upkeep
|turn|69
|inactive|Kollin7 has 25 seconds left this turn.
|
|t:|1728155365
|move|p2a: Blissey|Soft-Boiled|p2a: Blissey
|-heal|p2a: Blissey|93/100
|move|p1a: Swampert|Roar|p2a: Blissey
|drag|p2a: Skarmory|Skarmory, M|71/100
|
|-weather|Sandstorm|[upkeep]
|-heal|p2a: Skarmory|77/100|[from] item: Leftovers
|-heal|p1a: Swampert|75/100|[from] item: Leftovers
|upkeep
|turn|70
|
|t:|1728155372
|move|p2a: Skarmory|Roar|p1a: Swampert
|drag|p1a: Jirachi|Jirachi|62/100
|-damage|p1a: Jirachi|37/100|[from] Spikes
|
|-weather|Sandstorm|[upkeep]
|-heal|p1a: Jirachi|43/100|[from] item: Leftovers
|-heal|p2a: Skarmory|83/100|[from] item: Leftovers
|upkeep
|turn|71
|
|t:|1728155386
|move|p1a: Jirachi|Wish|p1a: Jirachi
|move|p2a: Skarmory|Roar|p1a: Jirachi
|drag|p1a: Swampert|Swampert, F|75/100
|-damage|p1a: Swampert|50/100|[from] Spikes
|
|-weather|Sandstorm|[upkeep]
|-heal|p2a: Skarmory|89/100|[from] item: Leftovers
|-heal|p1a: Swampert|56/100|[from] item: Leftovers
|upkeep
|turn|72
|
|t:|1728155392
|move|p1a: Swampert|Surf|p2a: Skarmory
|-damage|p2a: Skarmory|62/100
|move|p2a: Skarmory|Roar|p1a: Swampert
|drag|p1a: Jirachi|Jirachi|43/100
|-damage|p1a: Jirachi|18/100|[from] Spikes
|
|-heal|p1a: Jirachi|68/100|[from] move: Wish|[wisher] Jirachi
|-weather|Sandstorm|[upkeep]
|-heal|p1a: Jirachi|74/100|[from] item: Leftovers
|-heal|p2a: Skarmory|68/100|[from] item: Leftovers
|upkeep
|turn|73
|
|t:|1728155399
|move|p1a: Jirachi|Fire Punch|p2a: Skarmory
|-supereffective|p2a: Skarmory
|-damage|p2a: Skarmory|35/100
|-status|p2a: Skarmory|brn
|move|p2a: Skarmory|Roar|p1a: Jirachi
|drag|p1a: Blissey|Blissey, F|81/100
|-damage|p1a: Blissey|56/100|[from] Spikes
|
|-weather|Sandstorm|[upkeep]
|-damage|p1a: Blissey|50/100|[from] Sandstorm
|-heal|p2a: Skarmory|41/100 brn|[from] item: Leftovers
|-damage|p2a: Skarmory|29/100 brn|[from] brn
|-heal|p1a: Blissey|56/100|[from] item: Leftovers
|upkeep
|turn|74
|
|t:|1728155404
|move|p2a: Skarmory|Toxic|p1a: Blissey
|-status|p1a: Blissey|tox
|move|p1a: Blissey|Soft-Boiled|p1a: Blissey
|-heal|p1a: Blissey|100/100 tox
|
|-weather|Sandstorm|[upkeep]
|-damage|p1a: Blissey|94/100 tox|[from] Sandstorm
|-heal|p2a: Skarmory|35/100 brn|[from] item: Leftovers
|-damage|p2a: Skarmory|22/100 brn|[from] brn
|-heal|p1a: Blissey|100/100 tox|[from] item: Leftovers
|-damage|p1a: Blissey|94/100 tox|[from] psn
|upkeep
|turn|75
|inactive|Kollin7 has 60 seconds left.
|
|t:|1728155409
|move|p2a: Skarmory|Drill Peck|p1a: Blissey
|-damage|p1a: Blissey|83/100 tox
|move|p1a: Blissey|Calm Mind|p1a: Blissey
|-boost|p1a: Blissey|spa|1
|-boost|p1a: Blissey|spd|1
|
|-weather|Sandstorm|[upkeep]
|-damage|p1a: Blissey|77/100 tox|[from] Sandstorm
|-heal|p2a: Skarmory|28/100 brn|[from] item: Leftovers
|-damage|p2a: Skarmory|16/100 brn|[from] brn
|-heal|p1a: Blissey|83/100 tox|[from] item: Leftovers
|-damage|p1a: Blissey|71/100 tox|[from] psn
|upkeep
|turn|76
|
|t:|1728155415
|move|p2a: Skarmory|Drill Peck|p1a: Blissey
|-damage|p1a: Blissey|59/100 tox
|move|p1a: Blissey|Ice Beam|p2a: Skarmory
|-damage|p2a: Skarmory|0 fnt
|faint|p2a: Skarmory
|
|t:|1728155424
|switch|p2a: Flygon|Flygon, F|100/100
|
|-weather|Sandstorm|[upkeep]
|-damage|p1a: Blissey|53/100 tox|[from] Sandstorm
|-heal|p1a: Blissey|59/100 tox|[from] item: Leftovers
|-damage|p1a: Blissey|41/100 tox|[from] psn
|upkeep
|turn|77
|
|t:|1728155426
|-curestatus|p1a: Blissey|tox|[from] ability: Natural Cure
|switch|p1a: Tyranitar|Tyranitar, M|75/100 tox
|-damage|p1a: Tyranitar|50/100 tox|[from] Spikes
|move|p2a: Flygon|Earthquake|p1a: Tyranitar
|-supereffective|p1a: Tyranitar
|-damage|p1a: Tyranitar|0 fnt
|faint|p1a: Tyranitar
|
|t:|1728155428
|switch|p1a: Swampert|Swampert, F|56/100
|-damage|p1a: Swampert|31/100|[from] Spikes
|
|-weather|Sandstorm|[upkeep]
|-heal|p1a: Swampert|37/100|[from] item: Leftovers
|upkeep
|turn|78
|
|t:|1728155433
|move|p1a: Swampert|Protect|p1a: Swampert
|-singleturn|p1a: Swampert|Protect
|move|p2a: Flygon|Earthquake|p1a: Swampert
|-activate|p1a: Swampert|Protect
|
|-weather|Sandstorm|[upkeep]
|-heal|p1a: Swampert|44/100|[from] item: Leftovers
|upkeep
|turn|79
|
|t:|1728155437
|move|p2a: Flygon|Earthquake|p1a: Swampert
|-damage|p1a: Swampert|1/100
|move|p1a: Swampert|Surf|p2a: Flygon
|-damage|p2a: Flygon|41/100
|
|-weather|Sandstorm|[upkeep]
|-heal|p1a: Swampert|7/100|[from] item: Leftovers
|upkeep
|turn|80
|
|t:|1728155441
|move|p1a: Swampert|Protect|p1a: Swampert
|-singleturn|p1a: Swampert|Protect
|move|p2a: Flygon|Earthquake|p1a: Swampert
|-activate|p1a: Swampert|Protect
|
|-weather|Sandstorm|[upkeep]
|-heal|p1a: Swampert|14/100|[from] item: Leftovers
|upkeep
|turn|81
|
|t:|1728155451
|move|p1a: Swampert|Protect||[still]
|-fail|p1a: Swampert
|move|p2a: Flygon|Earthquake|p1a: Swampert
|-damage|p1a: Swampert|0 fnt
|faint|p1a: Swampert
|
|t:|1728155454
|switch|p1a: Jirachi|Jirachi|74/100
|-damage|p1a: Jirachi|49/100|[from] Spikes
|
|-weather|Sandstorm|[upkeep]
|-heal|p1a: Jirachi|55/100|[from] item: Leftovers
|upkeep
|turn|82
|
|t:|1728155459
|move|p1a: Jirachi|Protect|p1a: Jirachi
|-singleturn|p1a: Jirachi|Protect
|move|p2a: Flygon|Earthquake|p1a: Jirachi
|-activate|p1a: Jirachi|Protect
|
|-weather|Sandstorm|[upkeep]
|-heal|p1a: Jirachi|61/100|[from] item: Leftovers
|upkeep
|turn|83
|
|t:|1728155462
|move|p1a: Jirachi|Protect||[still]
|-fail|p1a: Jirachi
|move|p2a: Flygon|Earthquake|p1a: Jirachi
|-supereffective|p1a: Jirachi
|-damage|p1a: Jirachi|0 fnt
|faint|p1a: Jirachi
|
|t:|1728155464
|switch|p1a: Blissey|Blissey, F|41/100
|-damage|p1a: Blissey|16/100|[from] Spikes
|
|-weather|Sandstorm|[upkeep]
|-damage|p1a: Blissey|10/100|[from] Sandstorm
|-heal|p1a: Blissey|16/100|[from] item: Leftovers
|upkeep
|turn|84
|
|t:|1728155466
|move|p2a: Flygon|Earthquake|p1a: Blissey
|-damage|p1a: Blissey|0 fnt
|faint|p1a: Blissey
|
|win|Kollin7
|c|☆Kollin7|gg

</script>
<script type="application/json" class="data" id="replaydata-smogtours-gen3ou-795109">
{"id":"smogtours-gen3ou-795109","format":"[Gen 3] OU","players":["WraxiusGaming","Kollin7"],"uploadtime":1728155466,"views":186,"formatid":"gen3ou","rating":null,"private":0,"password":null}
</script>

<script defer src="js/replays.js?9d40a366"></script>
