<!DOCTYPE html>
<meta charset="utf-8" />
<meta name="viewport" content="width=device-width" />

<title>[Gen 3] OU: Matthew Engarde vs. Rovels - Replays - Pok&eacute;mon Showdown!</title>

<meta name="description" content="Watch a replay of a Pok&eacute;mon battle between Matthew Engarde and Rovels! Format: [Gen 3] OU; Date: Oct 8, 2024" />
<!--

Hey, you! Looking in the source for the replay log?

You can find them in JSON format, just add `.json` at the end of a replay URL.

https://replay.pokemonshowdown.com/gen7randomdoublesbattle-865046831.json

Or, if you only need the log itself, add `.log` instead:

https://replay.pokemonshowdown.com/gen7randomdoublesbattle-865046831.log

-->

<link rel="stylesheet" href="//pokemonshowdown.com/style/global.css?0.767286132409787" />
<link rel="stylesheet" href="//play.pokemonshowdown.com/style/font-awesome.css?0.9266228007934947" />
<link rel="stylesheet" href="//play.pokemonshowdown.com/style/battle.css?0.7924700842790926" />
<link rel="stylesheet" href="//play.pokemonshowdown.com/style/utilichart.css?0.8777417872839479" />

<!-- Global site tag (gtag.js) - Google Analytics -->
<script async src="https://www.googletagmanager.com/gtag/js?id=UA-26211653-1"></script>
<script>
  window.dataLayer = window.dataLayer || [];
  function gtag(){dataLayer.push(arguments);}
  gtag('js', new Date());

  gtag('config', 'UA-26211653-1');
</script>
<!-- End Google Analytics -->
<!-- Venatus Ad Manager - Install in <HEAD> of page -->
	<script src="https://hb.vntsm.com/v3/live/ad-manager.min.js" type="text/javascript" data-site-id="642aba63ec9a7b11c3c9c1be" data-mode="scan" async></script>
<!-- / Venatus Ad Manager -->

<style>
	@media (max-width:820px) {
		.battle {
			margin: 0 auto;
		}
		.battle-log {
			margin: 7px auto 0;
			max-width: 640px;
			height: 300px;
			position: static;
		}
	}
	.optgroup {
		display: inline-block;
		line-height: 22px;
		font-size: 10pt;
	}
	.optgroup .button {
		height: 25px;
		padding-top: 0;
		padding-bottom: 0;
	}
	.optgroup button.button {
		padding-left: 12px;
		padding-right: 12px;
	}
	.linklist {
		list-style: none;
		margin: 0.5em 0;
		padding: 0;
	}
	.linklist li {
		padding: 2px 0;
	}
	.sidebar {
		float: left;
		width: 320px;
	}
	.bar-wrapper {
		max-width: 1100px;
		margin: 0 auto;
	}
	.bar-wrapper.has-sidebar {
		max-width: 1430px;
	}
	.mainbar {
		margin: 0;
		padding-right: 1px;
	}
	.mainbar.has-sidebar {
		margin-left: 330px;
	}
	@media (min-width: 1511px) {
		.sidebar {
			width: 400px;
		}
		.bar-wrapper.has-sidebar {
			max-width: 1510px;
		}
		.mainbar.has-sidebar {
			margin-left: 410px;
		}
	}
	.section.first-section {
		margin-top: 9px;
	}
	.blocklink small {
		white-space: normal;
	}
	.button {
		vertical-align: middle;
	}
	.replay-controls {
		padding-top: 10px;
	}
	.replay-controls h1 {
		font-size: 16pt;
		font-weight: normal;
		color: #CCC;
	}
	.pagelink {
		text-align: center;
	}
	.pagelink a {
		width: 150px;
	}
	.textbox, .button {
		font-size: 11pt;
		vertical-align: middle;
	}
	@media (max-width: 450px) {
		.button {
			font-size: 9pt;
		}
	}
</style>

<div>

	<header>
		<div class="nav-wrapper"><ul class="nav">
			<li><a class="button nav-first" href="//pokemonshowdown.com/"><img src="//pokemonshowdown.com/images/pokemonshowdownbeta.png" srcset="//pokemonshowdown.com/images/pokemonshowdownbeta.png 1x, //pokemonshowdown.com/images/pokemonshowdownbeta@2x.png 2x" alt="Pok&eacute;mon Showdown" width="146" height="44" /> Home</a></li>
			<li><a class="button" href="//pokemonshowdown.com/dex/">Pok&eacute;dex</a></li>
			<li><a class="button cur" href="/">Replays</a></li>
			<li><a class="button" href="//pokemonshowdown.com/ladder/">Ladder</a></li>
			<li><a class="button nav-last" href="//pokemonshowdown.com/forums/">Forum</a></li>
			<li><a class="button greenbutton nav-first nav-last" href="//play.pokemonshowdown.com/">Play</a></li>
		</ul></div>
	</header>

	<div class="main" id="main">

		<noscript><section class="section">You need to enable JavaScript to use this page; sorry!</section></noscript>

	</div>

</div>

<script defer nomodule src="//play.pokemonshowdown.com/js/lib/ps-polyfill.js"></script>
<script defer src="//play.pokemonshowdown.com/js/lib/preact.min.js"></script>

<script defer src="//play.pokemonshowdown.com/config/config.js?6dec07f6"></script>
<script defer src="//play.pokemonshowdown.com/js/lib/jquery-1.11.0.min.js"></script>
<script defer src="//play.pokemonshowdown.com/js/lib/html-sanitizer-minified.js"></script>
<script defer src="//play.pokemonshowdown.com/js/battle-sound.js"></script>
<script defer src="//play.pokemonshowdown.com/js/battledata.js?0.6315294753075389"></script>
<script defer src="//play.pokemonshowdown.com/data/pokedex-mini.js?0.7603743185311358"></script>
<script defer src="//play.pokemonshowdown.com/data/pokedex-mini-bw.js?0.030888842834281283"></script>
<script defer src="//play.pokemonshowdown.com/data/graphics.js?0.05593094747507488"></script>
<script defer src="//play.pokemonshowdown.com/data/pokedex.js?0.47064822249611904"></script>
<script defer src="//play.pokemonshowdown.com/data/moves.js?0.8583693120512459"></script>
<script defer src="//play.pokemonshowdown.com/data/abilities.js?0.16017181182386842"></script>
<script defer src="//play.pokemonshowdown.com/data/items.js?0.4163379185673943"></script>
<script defer src="//play.pokemonshowdown.com/data/teambuilder-tables.js?0.31075597372830477"></script>
<script defer src="//play.pokemonshowdown.com/js/battle-tooltips.js?0.6536193500708172"></script>
<script defer src="//play.pokemonshowdown.com/js/battle.js?0.1916591943277901"></script>

<script defer src="js/utils.js?e31f9a17"></script>
<script defer src="js/replays-battle.js?7008c182"></script>

<!-- don't scrape this data! just add .json or .log after the URL!
Full API docs: https://github.com/smogon/pokemon-showdown-client/blob/master/WEB-API.md -->
<script type="text/plain" class="log" id="replaylog-smogtours-gen3ou-796496">
|inactive|Battle timer is ON: inactive players will automatically lose when time's up.
|t:|1728421635
|gametype|singles
|player|p1|Matthew Engarde|169|
|player|p2|Rovels|artist|
|teamsize|p1|6
|teamsize|p2|6
|gen|3
|tier|[Gen 3] OU
|rule|Sleep Clause Mod: Limit one foe put to sleep
|rule|Switch Priority Clause Mod: Faster Pokémon switch first
|rule|Species Clause: Limit one of each Pokémon
|rule|OHKO Clause: OHKO moves are banned
|rule|Evasion Items Clause: Evasion items are banned
|rule|Evasion Moves Clause: Evasion moves are banned
|rule|Endless Battle Clause: Forcing endless battles is banned
|rule|HP Percentage Mod: HP is shown in percentages
|rule|One Boost Passer Clause: Limit one Baton Passer that has a way to boost its stats
|rule|Freeze Clause Mod: Limit one foe frozen
|
|t:|1728421635
|start
|switch|p1a: Zapdos|Zapdos|100/100
|switch|p2a: Jigsaw|Slaking, F, shiny|100/100
|turn|1
|
|t:|1728421644
|switch|p1a: Metagross|Metagross|100/100
|move|p2a: Jigsaw|Return|p1a: Metagross
|-resisted|p1a: Metagross
|-damage|p1a: Metagross|56/100
|
|-heal|p1a: Metagross|62/100|[from] item: Leftovers
|upkeep
|turn|2
|
|t:|1728421650
|switch|p2a: Skarmory|Skarmory, M|100/100
|move|p1a: Metagross|Explosion|p2a: Skarmory
|-resisted|p2a: Skarmory
|-damage|p2a: Skarmory|42/100
|faint|p1a: Metagross
|
|t:|1728421653
|switch|p1a: Zapdos|Zapdos|100/100
|
|-heal|p2a: Skarmory|48/100|[from] item: Leftovers
|upkeep
|turn|3
|
|t:|1728421660
|switch|p2a: Flygon|Flygon, F|100/100
|move|p1a: Zapdos|Thunderbolt|p2a: Flygon
|-immune|p2a: Flygon
|
|upkeep
|turn|4
|
|t:|1728421665
|move|p2a: Flygon|Protect|p2a: Flygon
|-singleturn|p2a: Flygon|Protect
|move|p1a: Zapdos|Hidden Power|p2a: Flygon
|-activate|p2a: Flygon|Protect
|
|upkeep
|turn|5
|
|t:|1728421676
|switch|p2a: Jirachi|Jirachi|100/100
|move|p1a: Zapdos|Hidden Power|p2a: Jirachi
|-resisted|p2a: Jirachi
|-damage|p2a: Jirachi|93/100
|
|-heal|p2a: Jirachi|99/100|[from] item: Leftovers
|upkeep
|turn|6
|
|t:|1728421685
|switch|p1a: Snorlax|Snorlax, M|100/100
|move|p2a: Jirachi|Body Slam|p1a: Snorlax
|-crit|p1a: Snorlax
|-damage|p1a: Snorlax|67/100
|-status|p1a: Snorlax|par
|
|-heal|p2a: Jirachi|100/100|[from] item: Leftovers
|-heal|p1a: Snorlax|73/100 par|[from] item: Leftovers
|upkeep
|turn|7
|
|t:|1728421693
|switch|p1a: Zapdos|Zapdos|100/100
|move|p2a: Jirachi|Wish|p2a: Jirachi
|
|upkeep
|turn|8
|
|t:|1728421708
|move|p1a: Zapdos|Thunder Wave|p2a: Jirachi
|-status|p2a: Jirachi|par
|move|p2a: Jirachi|Body Slam|p1a: Zapdos
|-damage|p1a: Zapdos|76/100
|-status|p1a: Zapdos|par
|
|-heal|p1a: Zapdos|82/100 par|[from] item: Leftovers
|upkeep
|turn|9
|
|t:|1728421718
|switch|p1a: Salamence|Salamence, F|100/100
|-ability|p1a: Salamence|Intimidate|boost
|-unboost|p2a: Jirachi|atk|1
|move|p2a: Jirachi|Wish|p2a: Jirachi
|
|upkeep
|turn|10
|
|t:|1728421726
|switch|p2a: Flygon|Flygon, F|100/100
|move|p1a: Salamence|Fire Blast|p2a: Flygon
|-resisted|p2a: Flygon
|-damage|p2a: Flygon|77/100
|
|-heal|p2a: Flygon|100/100|[from] move: Wish|[wisher] Jirachi
|upkeep
|turn|11
|
|t:|1728421734
|move|p1a: Salamence|Dragon Claw|p2a: Flygon
|-supereffective|p2a: Flygon
|-damage|p2a: Flygon|10/100
|move|p2a: Flygon|Rock Slide|p1a: Salamence
|-supereffective|p1a: Salamence
|-damage|p1a: Salamence|56/100
|
|-heal|p1a: Salamence|62/100|[from] item: Leftovers
|-heal|p2a: Flygon|16/100|[from] item: Leftovers
|upkeep
|turn|12
|
|t:|1728421740
|move|p2a: Flygon|Protect|p2a: Flygon
|-singleturn|p2a: Flygon|Protect
|move|p1a: Salamence|Dragon Claw|p2a: Flygon
|-activate|p2a: Flygon|Protect
|
|-heal|p1a: Salamence|68/100|[from] item: Leftovers
|-heal|p2a: Flygon|22/100|[from] item: Leftovers
|upkeep
|turn|13
|
|t:|1728421744
|switch|p2a: Skarmory|Skarmory, M|48/100
|move|p1a: Salamence|Fire Blast|p2a: Skarmory
|-supereffective|p2a: Skarmory
|-damage|p2a: Skarmory|0 fnt
|faint|p2a: Skarmory
|
|t:|1728421749
|switch|p2a: Jigsaw|Slaking, F, shiny|100/100
|
|-heal|p1a: Salamence|74/100|[from] item: Leftovers
|upkeep
|turn|14
|
|t:|1728421757
|switch|p1a: Tyranitar|Tyranitar, M|100/100
|-weather|Sandstorm|[from] ability: Sand Stream|[of] p1a: Tyranitar
|move|p2a: Jigsaw|Return|p1a: Tyranitar
|-resisted|p1a: Tyranitar
|-damage|p1a: Tyranitar|50/100
|
|-weather|Sandstorm|[upkeep]
|-damage|p2a: Jigsaw|94/100|[from] Sandstorm
|upkeep
|turn|15
|
|t:|1728421760
|switch|p2a: Blastoise|Blastoise, F|100/100
|move|p1a: Tyranitar|Dragon Dance|p1a: Tyranitar
|-boost|p1a: Tyranitar|atk|1
|-boost|p1a: Tyranitar|spe|1
|
|-weather|Sandstorm|[upkeep]
|-damage|p2a: Blastoise|94/100|[from] Sandstorm
|-heal|p2a: Blastoise|100/100|[from] item: Leftovers
|upkeep
|turn|16
|
|t:|1728421766
|move|p1a: Tyranitar|Rock Slide|p2a: Blastoise
|-damage|p2a: Blastoise|55/100
|cant|p2a: Blastoise|flinch
|
|-weather|Sandstorm|[upkeep]
|-damage|p2a: Blastoise|49/100|[from] Sandstorm
|-heal|p2a: Blastoise|55/100|[from] item: Leftovers
|upkeep
|turn|17
|
|t:|1728421772
|move|p1a: Tyranitar|Rock Slide|p2a: Blastoise
|-damage|p2a: Blastoise|8/100
|move|p2a: Blastoise|Surf|p1a: Tyranitar
|-supereffective|p1a: Tyranitar
|-damage|p1a: Tyranitar|0 fnt
|faint|p1a: Tyranitar
|
|t:|1728421775
|switch|p1a: Salamence|Salamence, F|74/100
|-ability|p1a: Salamence|Intimidate|boost
|-unboost|p2a: Blastoise|atk|1
|
|-weather|Sandstorm|[upkeep]
|-damage|p1a: Salamence|68/100|[from] Sandstorm
|-damage|p2a: Blastoise|2/100|[from] Sandstorm
|-heal|p1a: Salamence|74/100|[from] item: Leftovers
|-heal|p2a: Blastoise|8/100|[from] item: Leftovers
|upkeep
|turn|18
|
|t:|1728421786
|switch|p2a: Blissey|Blissey, F|100/100
|move|p1a: Salamence|Dragon Claw|p2a: Blissey
|-damage|p2a: Blissey|83/100
|
|-weather|Sandstorm|[upkeep]
|-damage|p1a: Salamence|68/100|[from] Sandstorm
|-damage|p2a: Blissey|77/100|[from] Sandstorm
|-heal|p1a: Salamence|74/100|[from] item: Leftovers
|-heal|p2a: Blissey|83/100|[from] item: Leftovers
|upkeep
|turn|19
|
|t:|1728421799
|switch|p1a: Swampert|Swampert, M|100/100
|move|p2a: Blissey|Calm Mind|p2a: Blissey
|-boost|p2a: Blissey|spa|1
|-boost|p2a: Blissey|spd|1
|
|-weather|Sandstorm|[upkeep]
|-damage|p2a: Blissey|77/100|[from] Sandstorm
|-heal|p2a: Blissey|83/100|[from] item: Leftovers
|upkeep
|turn|20
|
|t:|1728421815
|move|p1a: Swampert|Earthquake|p2a: Blissey
|-damage|p2a: Blissey|45/100
|move|p2a: Blissey|Ice Beam|p1a: Swampert
|-damage|p1a: Swampert|52/100
|-status|p1a: Swampert|frz
|
|-weather|Sandstorm|[upkeep]
|-damage|p2a: Blissey|39/100|[from] Sandstorm
|-heal|p1a: Swampert|59/100 frz|[from] item: Leftovers
|-heal|p2a: Blissey|45/100|[from] item: Leftovers
|upkeep
|turn|21
|
|t:|1728421825
|cant|p1a: Swampert|frz
|move|p2a: Blissey|Ice Beam|p1a: Swampert
|-damage|p1a: Swampert|10/100 frz
|
|-weather|Sandstorm|[upkeep]
|-damage|p2a: Blissey|39/100|[from] Sandstorm
|-heal|p1a: Swampert|17/100 frz|[from] item: Leftovers
|-heal|p2a: Blissey|45/100|[from] item: Leftovers
|upkeep
|turn|22
|
|t:|1728421829
|cant|p1a: Swampert|frz
|move|p2a: Blissey|Ice Beam|p1a: Swampert
|-damage|p1a: Swampert|0 fnt
|faint|p1a: Swampert
|c|☆Rovels|sorry
|
|t:|1728421835
|switch|p1a: Salamence|Salamence, F|74/100
|-ability|p1a: Salamence|Intimidate|boost
|-unboost|p2a: Blissey|atk|1
|
|-weather|Sandstorm|[upkeep]
|-damage|p1a: Salamence|68/100|[from] Sandstorm
|-damage|p2a: Blissey|39/100|[from] Sandstorm
|-heal|p1a: Salamence|74/100|[from] item: Leftovers
|-heal|p2a: Blissey|45/100|[from] item: Leftovers
|upkeep
|turn|23
|
|t:|1728421839
|move|p1a: Salamence|Brick Break|p2a: Blissey
|-supereffective|p2a: Blissey
|-damage|p2a: Blissey|0 fnt
|faint|p2a: Blissey
|
|t:|1728421842
|switch|p2a: Jigsaw|Slaking, F, shiny|94/100
|
|-weather|Sandstorm|[upkeep]
|-damage|p1a: Salamence|68/100|[from] Sandstorm
|-damage|p2a: Jigsaw|88/100|[from] Sandstorm
|-heal|p1a: Salamence|74/100|[from] item: Leftovers
|upkeep
|turn|24
|
|t:|1728421852
|switch|p1a: Zapdos|Zapdos|82/100 par
|move|p2a: Jigsaw|Return|p1a: Zapdos
|-damage|p1a: Zapdos|0 fnt
|faint|p1a: Zapdos
|
|t:|1728421853
|switch|p1a: Snorlax|Snorlax, M|73/100 par
|
|-weather|Sandstorm|[upkeep]
|-damage|p2a: Jigsaw|82/100|[from] Sandstorm
|-damage|p1a: Snorlax|67/100 par|[from] Sandstorm
|-heal|p1a: Snorlax|73/100 par|[from] item: Leftovers
|upkeep
|turn|25
|
|t:|1728421864
|switch|p2a: Jirachi|Jirachi|100/100 par
|cant|p1a: Snorlax|par
|
|-weather|Sandstorm|[upkeep]
|-damage|p1a: Snorlax|67/100 par|[from] Sandstorm
|-heal|p1a: Snorlax|73/100 par|[from] item: Leftovers
|upkeep
|turn|26
|
|t:|1728421866
|cant|p2a: Jirachi|par
|move|p1a: Snorlax|Earthquake|p2a: Jirachi
|-supereffective|p2a: Jirachi
|-damage|p2a: Jirachi|50/100 par
|
|-weather|Sandstorm|[upkeep]
|-damage|p1a: Snorlax|67/100 par|[from] Sandstorm
|-heal|p2a: Jirachi|57/100 par|[from] item: Leftovers
|-heal|p1a: Snorlax|73/100 par|[from] item: Leftovers
|upkeep
|turn|27
|
|t:|1728421868
|move|p2a: Jirachi|Wish|p2a: Jirachi
|move|p1a: Snorlax|Earthquake|p2a: Jirachi
|-supereffective|p2a: Jirachi
|-damage|p2a: Jirachi|5/100 par
|
|-weather|Sandstorm|[upkeep]
|-damage|p1a: Snorlax|67/100 par|[from] Sandstorm
|-heal|p2a: Jirachi|11/100 par|[from] item: Leftovers
|-heal|p1a: Snorlax|73/100 par|[from] item: Leftovers
|upkeep
|turn|28
|
|t:|1728421875
|switch|p2a: Flygon|Flygon, F|22/100
|switch|p1a: Salamence|Salamence, F|74/100
|-ability|p1a: Salamence|Intimidate|boost
|-unboost|p2a: Flygon|atk|1
|
|-heal|p2a: Flygon|72/100|[from] move: Wish|[wisher] Jirachi
|-weather|Sandstorm|[upkeep]
|-damage|p1a: Salamence|68/100|[from] Sandstorm
|-heal|p1a: Salamence|74/100|[from] item: Leftovers
|-heal|p2a: Flygon|78/100|[from] item: Leftovers
|upkeep
|turn|29
|
|t:|1728421886
|switch|p2a: Blastoise|Blastoise, F|8/100
|move|p1a: Salamence|Dragon Claw|p2a: Blastoise
|-damage|p2a: Blastoise|0 fnt
|faint|p2a: Blastoise
|
|t:|1728421888
|switch|p2a: Jigsaw|Slaking, F, shiny|82/100
|
|-weather|Sandstorm|[upkeep]
|-damage|p2a: Jigsaw|76/100|[from] Sandstorm
|-damage|p1a: Salamence|68/100|[from] Sandstorm
|-heal|p1a: Salamence|74/100|[from] item: Leftovers
|upkeep
|turn|30
|
|t:|1728421902
|switch|p1a: Snorlax|Snorlax, M|73/100 par
|move|p2a: Jigsaw|Return|p1a: Snorlax
|-damage|p1a: Snorlax|0 fnt
|faint|p1a: Snorlax
|
|t:|1728421903
|switch|p1a: Salamence|Salamence, F|74/100
|-ability|p1a: Salamence|Intimidate|boost
|-unboost|p2a: Jigsaw|atk|1
|
|-weather|Sandstorm|[upkeep]
|-damage|p2a: Jigsaw|70/100|[from] Sandstorm
|-damage|p1a: Salamence|68/100|[from] Sandstorm
|-heal|p1a: Salamence|74/100|[from] item: Leftovers
|upkeep
|turn|31
|
|t:|1728421910
|switch|p2a: Jirachi|Jirachi|11/100 par
|move|p1a: Salamence|Fire Blast|p2a: Jirachi|[miss]
|-miss|p1a: Salamence|p2a: Jirachi
|
|-weather|Sandstorm|[upkeep]
|-damage|p1a: Salamence|68/100|[from] Sandstorm
|-heal|p1a: Salamence|74/100|[from] item: Leftovers
|-heal|p2a: Jirachi|17/100 par|[from] item: Leftovers
|upkeep
|turn|32
|
|t:|1728421916
|move|p1a: Salamence|Brick Break|p2a: Jirachi
|-damage|p2a: Jirachi|0 fnt
|faint|p2a: Jirachi
|
|t:|1728421918
|switch|p2a: Jigsaw|Slaking, F, shiny|70/100
|
|-weather|Sandstorm|[upkeep]
|-damage|p1a: Salamence|68/100|[from] Sandstorm
|-damage|p2a: Jigsaw|64/100|[from] Sandstorm
|-heal|p1a: Salamence|74/100|[from] item: Leftovers
|upkeep
|turn|33
|
|t:|1728421921
|move|p1a: Salamence|Brick Break|p2a: Jigsaw
|-supereffective|p2a: Jigsaw
|-damage|p2a: Jigsaw|31/100
|move|p2a: Jigsaw|Return|p1a: Salamence
|-damage|p1a: Salamence|0 fnt
|faint|p1a: Salamence
|
|win|Rovels
|c|☆Matthew Engarde|gg
|c|☆Rovels|ggs

</script>
<script type="application/json" class="data" id="replaydata-smogtours-gen3ou-796496">
{"id":"smogtours-gen3ou-796496","format":"[Gen 3] OU","players":["Matthew Engarde","Rovels"],"uploadtime":1728421921,"views":137,"formatid":"gen3ou","rating":null,"private":0,"password":null}
</script>

<script defer src="js/replays.js?9d40a366"></script>
