<!DOCTYPE html>
<meta charset="utf-8" />
<meta name="viewport" content="width=device-width" />

<title>[Gen 3] OU: drogasas vs. Scurrying Snail - Replays - Pok&eacute;mon Showdown!</title>

<meta name="description" content="Watch a replay of a Pok&eacute;mon battle between drogasas and Scurrying Snail! Format: [Gen 3] OU; Date: Oct 14, 2024" />
<!--

Hey, you! Looking in the source for the replay log?

You can find them in JSON format, just add `.json` at the end of a replay URL.

https://replay.pokemonshowdown.com/gen7randomdoublesbattle-865046831.json

Or, if you only need the log itself, add `.log` instead:

https://replay.pokemonshowdown.com/gen7randomdoublesbattle-865046831.log

-->

<link rel="stylesheet" href="//pokemonshowdown.com/style/global.css?0.767286132409787" />
<link rel="stylesheet" href="//play.pokemonshowdown.com/style/font-awesome.css?0.9266228007934947" />
<link rel="stylesheet" href="//play.pokemonshowdown.com/style/battle.css?0.7924700842790926" />
<link rel="stylesheet" href="//play.pokemonshowdown.com/style/utilichart.css?0.8777417872839479" />

<!-- Global site tag (gtag.js) - Google Analytics -->
<script async src="https://www.googletagmanager.com/gtag/js?id=UA-26211653-1"></script>
<script>
  window.dataLayer = window.dataLayer || [];
  function gtag(){dataLayer.push(arguments);}
  gtag('js', new Date());

  gtag('config', 'UA-26211653-1');
</script>
<!-- End Google Analytics -->
<!-- Venatus Ad Manager - Install in <HEAD> of page -->
	<script src="https://hb.vntsm.com/v3/live/ad-manager.min.js" type="text/javascript" data-site-id="642aba63ec9a7b11c3c9c1be" data-mode="scan" async></script>
<!-- / Venatus Ad Manager -->

<style>
	@media (max-width:820px) {
		.battle {
			margin: 0 auto;
		}
		.battle-log {
			margin: 7px auto 0;
			max-width: 640px;
			height: 300px;
			position: static;
		}
	}
	.optgroup {
		display: inline-block;
		line-height: 22px;
		font-size: 10pt;
	}
	.optgroup .button {
		height: 25px;
		padding-top: 0;
		padding-bottom: 0;
	}
	.optgroup button.button {
		padding-left: 12px;
		padding-right: 12px;
	}
	.linklist {
		list-style: none;
		margin: 0.5em 0;
		padding: 0;
	}
	.linklist li {
		padding: 2px 0;
	}
	.sidebar {
		float: left;
		width: 320px;
	}
	.bar-wrapper {
		max-width: 1100px;
		margin: 0 auto;
	}
	.bar-wrapper.has-sidebar {
		max-width: 1430px;
	}
	.mainbar {
		margin: 0;
		padding-right: 1px;
	}
	.mainbar.has-sidebar {
		margin-left: 330px;
	}
	@media (min-width: 1511px) {
		.sidebar {
			width: 400px;
		}
		.bar-wrapper.has-sidebar {
			max-width: 1510px;
		}
		.mainbar.has-sidebar {
			margin-left: 410px;
		}
	}
	.section.first-section {
		margin-top: 9px;
	}
	.blocklink small {
		white-space: normal;
	}
	.button {
		vertical-align: middle;
	}
	.replay-controls {
		padding-top: 10px;
	}
	.replay-controls h1 {
		font-size: 16pt;
		font-weight: normal;
		color: #CCC;
	}
	.pagelink {
		text-align: center;
	}
	.pagelink a {
		width: 150px;
	}
	.textbox, .button {
		font-size: 11pt;
		vertical-align: middle;
	}
	@media (max-width: 450px) {
		.button {
			font-size: 9pt;
		}
	}
</style>

<div>

	<header>
		<div class="nav-wrapper"><ul class="nav">
			<li><a class="button nav-first" href="//pokemonshowdown.com/"><img src="//pokemonshowdown.com/images/pokemonshowdownbeta.png" srcset="//pokemonshowdown.com/images/pokemonshowdownbeta.png 1x, //pokemonshowdown.com/images/pokemonshowdownbeta@2x.png 2x" alt="Pok&eacute;mon Showdown" width="146" height="44" /> Home</a></li>
			<li><a class="button" href="//pokemonshowdown.com/dex/">Pok&eacute;dex</a></li>
			<li><a class="button cur" href="/">Replays</a></li>
			<li><a class="button" href="//pokemonshowdown.com/ladder/">Ladder</a></li>
			<li><a class="button nav-last" href="//pokemonshowdown.com/forums/">Forum</a></li>
			<li><a class="button greenbutton nav-first nav-last" href="//play.pokemonshowdown.com/">Play</a></li>
		</ul></div>
	</header>

	<div class="main" id="main">

		<noscript><section class="section">You need to enable JavaScript to use this page; sorry!</section></noscript>

	</div>

</div>

<script defer nomodule src="//play.pokemonshowdown.com/js/lib/ps-polyfill.js"></script>
<script defer src="//play.pokemonshowdown.com/js/lib/preact.min.js"></script>

<script defer src="//play.pokemonshowdown.com/config/config.js?6dec07f6"></script>
<script defer src="//play.pokemonshowdown.com/js/lib/jquery-1.11.0.min.js"></script>
<script defer src="//play.pokemonshowdown.com/js/lib/html-sanitizer-minified.js"></script>
<script defer src="//play.pokemonshowdown.com/js/battle-sound.js"></script>
<script defer src="//play.pokemonshowdown.com/js/battledata.js?0.6315294753075389"></script>
<script defer src="//play.pokemonshowdown.com/data/pokedex-mini.js?0.7603743185311358"></script>
<script defer src="//play.pokemonshowdown.com/data/pokedex-mini-bw.js?0.030888842834281283"></script>
<script defer src="//play.pokemonshowdown.com/data/graphics.js?0.05593094747507488"></script>
<script defer src="//play.pokemonshowdown.com/data/pokedex.js?0.47064822249611904"></script>
<script defer src="//play.pokemonshowdown.com/data/moves.js?0.8583693120512459"></script>
<script defer src="//play.pokemonshowdown.com/data/abilities.js?0.16017181182386842"></script>
<script defer src="//play.pokemonshowdown.com/data/items.js?0.4163379185673943"></script>
<script defer src="//play.pokemonshowdown.com/data/teambuilder-tables.js?0.31075597372830477"></script>
<script defer src="//play.pokemonshowdown.com/js/battle-tooltips.js?0.6536193500708172"></script>
<script defer src="//play.pokemonshowdown.com/js/battle.js?0.1916591943277901"></script>

<script defer src="js/utils.js?e31f9a17"></script>
<script defer src="js/replays-battle.js?7008c182"></script>

<!-- don't scrape this data! just add .json or .log after the URL!
Full API docs: https://github.com/smogon/pokemon-showdown-client/blob/master/WEB-API.md -->
<script type="text/plain" class="log" id="replaylog-smogtours-gen3ou-798692">
|inactive|Battle timer is ON: inactive players will automatically lose when time's up.
|t:|1728929785
|gametype|singles
|player|p1|drogasas|170|
|player|p2|Scurrying Snail|2|
|teamsize|p1|6
|teamsize|p2|6
|gen|3
|tier|[Gen 3] OU
|rule|Sleep Clause Mod: Limit one foe put to sleep
|rule|Switch Priority Clause Mod: Faster Pokémon switch first
|rule|Species Clause: Limit one of each Pokémon
|rule|OHKO Clause: OHKO moves are banned
|rule|Evasion Items Clause: Evasion items are banned
|rule|Evasion Moves Clause: Evasion moves are banned
|rule|Endless Battle Clause: Forcing endless battles is banned
|rule|HP Percentage Mod: HP is shown in percentages
|rule|One Boost Passer Clause: Limit one Baton Passer that has a way to boost its stats
|rule|Freeze Clause Mod: Limit one foe frozen
|
|t:|1728929785
|start
|switch|p1a: Snorlax|Snorlax, F|100/100
|switch|p2a: Rock Phone|Tyranitar, F|100/100
|-weather|Sandstorm|[from] ability: Sand Stream|[of] p2a: Rock Phone
|turn|1
|
|t:|1728929800
|switch|p2a: 40k|Metagross|100/100
|switch|p1a: Suicune|Suicune|100/100
|
|-weather|Sandstorm|[upkeep]
|-damage|p1a: Suicune|94/100|[from] Sandstorm
|-heal|p1a: Suicune|100/100|[from] item: Leftovers
|upkeep
|turn|2
|
|t:|1728929813
|switch|p2a: Pigs in the Pit|Snorlax, M|100/100
|move|p1a: Suicune|Hydro Pump|p2a: Pigs in the Pit
|-damage|p2a: Pigs in the Pit|71/100
|
|-weather|Sandstorm|[upkeep]
|-damage|p1a: Suicune|94/100|[from] Sandstorm
|-damage|p2a: Pigs in the Pit|64/100|[from] Sandstorm
|-heal|p1a: Suicune|100/100|[from] item: Leftovers
|-heal|p2a: Pigs in the Pit|71/100|[from] item: Leftovers
|upkeep
|turn|3
|
|t:|1728929821
|switch|p1a: Donphan|Donphan, M|100/100
|move|p2a: Pigs in the Pit|Curse|p2a: Pigs in the Pit
|-unboost|p2a: Pigs in the Pit|spe|1
|-boost|p2a: Pigs in the Pit|atk|1
|-boost|p2a: Pigs in the Pit|def|1
|
|-weather|Sandstorm|[upkeep]
|-damage|p2a: Pigs in the Pit|64/100|[from] Sandstorm
|-heal|p2a: Pigs in the Pit|71/100|[from] item: Leftovers
|upkeep
|turn|4
|
|t:|1728929835
|move|p2a: Pigs in the Pit|Curse|p2a: Pigs in the Pit
|-unboost|p2a: Pigs in the Pit|spe|1
|-boost|p2a: Pigs in the Pit|atk|1
|-boost|p2a: Pigs in the Pit|def|1
|move|p1a: Donphan|Roar|p2a: Pigs in the Pit
|drag|p2a: Red Ain't Real|Charizard, M|100/100
|
|-weather|Sandstorm|[upkeep]
|-damage|p2a: Red Ain't Real|94/100|[from] Sandstorm
|-heal|p2a: Red Ain't Real|100/100|[from] item: Leftovers
|upkeep
|turn|5
|
|t:|1728929842
|switch|p2a: Do it in the Dirt|Swampert, M|100/100
|switch|p1a: Salamence|Salamence, F|100/100
|-ability|p1a: Salamence|Intimidate|boost
|-unboost|p2a: Do it in the Dirt|atk|1
|
|-weather|Sandstorm|[upkeep]
|-damage|p1a: Salamence|94/100|[from] Sandstorm
|-heal|p1a: Salamence|100/100|[from] item: Leftovers
|upkeep
|turn|6
|
|t:|1728929859
|switch|p1a: Suicune|Suicune|100/100
|move|p2a: Do it in the Dirt|Ice Beam|p1a: Suicune
|-resisted|p1a: Suicune
|-damage|p1a: Suicune|90/100
|
|-weather|Sandstorm|[upkeep]
|-damage|p1a: Suicune|84/100|[from] Sandstorm
|-heal|p1a: Suicune|90/100|[from] item: Leftovers
|upkeep
|turn|7
|
|t:|1728929865
|switch|p2a: Pigs in the Pit|Snorlax, M|71/100
|move|p1a: Suicune|Calm Mind|p1a: Suicune
|-boost|p1a: Suicune|spa|1
|-boost|p1a: Suicune|spd|1
|
|-weather|Sandstorm|[upkeep]
|-damage|p1a: Suicune|84/100|[from] Sandstorm
|-damage|p2a: Pigs in the Pit|64/100|[from] Sandstorm
|-heal|p1a: Suicune|90/100|[from] item: Leftovers
|-heal|p2a: Pigs in the Pit|71/100|[from] item: Leftovers
|upkeep
|turn|8
|
|t:|1728929870
|move|p1a: Suicune|Hydro Pump|p2a: Pigs in the Pit|[miss]
|-miss|p1a: Suicune|p2a: Pigs in the Pit
|move|p2a: Pigs in the Pit|Body Slam|p1a: Suicune
|-damage|p1a: Suicune|51/100
|-status|p1a: Suicune|par
|
|-weather|Sandstorm|[upkeep]
|-damage|p2a: Pigs in the Pit|64/100|[from] Sandstorm
|-damage|p1a: Suicune|45/100 par|[from] Sandstorm
|-heal|p2a: Pigs in the Pit|71/100|[from] item: Leftovers
|-heal|p1a: Suicune|51/100 par|[from] item: Leftovers
|upkeep
|turn|9
|
|t:|1728929873
|move|p2a: Pigs in the Pit|Curse|p2a: Pigs in the Pit
|-unboost|p2a: Pigs in the Pit|spe|1
|-boost|p2a: Pigs in the Pit|atk|1
|-boost|p2a: Pigs in the Pit|def|1
|move|p1a: Suicune|Hydro Pump|p2a: Pigs in the Pit
|-damage|p2a: Pigs in the Pit|25/100
|
|-weather|Sandstorm|[upkeep]
|-damage|p1a: Suicune|45/100 par|[from] Sandstorm
|-damage|p2a: Pigs in the Pit|19/100|[from] Sandstorm
|-heal|p1a: Suicune|51/100 par|[from] item: Leftovers
|-heal|p2a: Pigs in the Pit|25/100|[from] item: Leftovers
|upkeep
|turn|10
|
|t:|1728929897
|move|p2a: Pigs in the Pit|Self-Destruct|p1a: Suicune
|-damage|p1a: Suicune|0 fnt
|faint|p2a: Pigs in the Pit
|faint|p1a: Suicune
|
|t:|1728929904
|switch|p1a: Houndoom|Houndoom, M|100/100
|switch|p2a: Do it in the Dirt|Swampert, M|100/100
|
|-weather|Sandstorm|[upkeep]
|-damage|p1a: Houndoom|94/100|[from] Sandstorm
|-heal|p1a: Houndoom|100/100|[from] item: Leftovers
|upkeep
|turn|11
|inactive|Scurrying Snail has 270 seconds left.
|
|t:|1728929953
|switch|p1a: Snorlax|Snorlax, F|100/100
|move|p2a: Do it in the Dirt|Earthquake|p1a: Snorlax
|-damage|p1a: Snorlax|66/100
|
|-weather|Sandstorm|[upkeep]
|-damage|p1a: Snorlax|60/100|[from] Sandstorm
|-heal|p1a: Snorlax|66/100|[from] item: Leftovers
|upkeep
|turn|12
|inactive|drogasas has 270 seconds left.
|inactive|drogasas has 240 seconds left.
|
|t:|1728930011
|switch|p2a: 40k|Metagross|100/100
|switch|p1a: Salamence|Salamence, F|100/100
|-ability|p1a: Salamence|Intimidate|boost
|-fail|p2a: 40k|unboost|[from] ability: Clear Body|[of] p2a: 40k
|
|-weather|Sandstorm|[upkeep]
|-damage|p1a: Salamence|94/100|[from] Sandstorm
|-heal|p1a: Salamence|100/100|[from] item: Leftovers
|upkeep
|turn|13
|inactive|drogasas has 240 seconds left.
|inactive|Scurrying Snail has 270 seconds left.
|
|t:|1728930027
|switch|p1a: Magneton|Magneton|100/100
|switch|p2a: Do it in the Dirt|Swampert, M|100/100
|
|-weather|Sandstorm|[upkeep]
|upkeep
|turn|14
|inactive|drogasas has 240 seconds left.
|
|t:|1728930035
|move|p1a: Magneton|Hidden Power|p2a: Do it in the Dirt
|-supereffective|p2a: Do it in the Dirt
|-damage|p2a: Do it in the Dirt|13/100
|move|p2a: Do it in the Dirt|Earthquake|p1a: Magneton
|-supereffective|p1a: Magneton
|-damage|p1a: Magneton|0 fnt
|faint|p1a: Magneton
|inactive|drogasas has 240 seconds left.
|
|t:|1728930053
|switch|p1a: Houndoom|Houndoom, M|100/100
|
|-weather|Sandstorm|[upkeep]
|-damage|p1a: Houndoom|94/100|[from] Sandstorm
|-heal|p1a: Houndoom|100/100|[from] item: Leftovers
|-heal|p2a: Do it in the Dirt|19/100|[from] item: Leftovers
|upkeep
|turn|15
|inactive|Scurrying Snail has 270 seconds left.
|
|t:|1728930065
|move|p1a: Houndoom|Crunch|p2a: Do it in the Dirt
|-damage|p2a: Do it in the Dirt|0 fnt
|faint|p2a: Do it in the Dirt
|
|t:|1728930067
|switch|p2a: FBI|Zapdos|100/100
|
|-weather|Sandstorm|[upkeep]
|-damage|p2a: FBI|94/100|[from] Sandstorm
|-damage|p1a: Houndoom|94/100|[from] Sandstorm
|-heal|p2a: FBI|100/100|[from] item: Leftovers
|-heal|p1a: Houndoom|100/100|[from] item: Leftovers
|upkeep
|turn|16
|inactive|drogasas has 240 seconds left.
|
|t:|1728930084
|move|p2a: FBI|Hidden Power|p1a: Houndoom
|-resisted|p1a: Houndoom
|-damage|p1a: Houndoom|87/100
|move|p1a: Houndoom|Fire Blast|p2a: FBI
|-damage|p2a: FBI|27/100
|
|-weather|Sandstorm|[upkeep]
|-damage|p2a: FBI|21/100|[from] Sandstorm
|-damage|p1a: Houndoom|81/100|[from] Sandstorm
|-heal|p2a: FBI|27/100|[from] item: Leftovers
|-heal|p1a: Houndoom|87/100|[from] item: Leftovers
|upkeep
|turn|17
|
|t:|1728930091
|switch|p1a: Donphan|Donphan, M|100/100
|move|p2a: FBI|Thunderbolt|p1a: Donphan
|-immune|p1a: Donphan
|
|-weather|Sandstorm|[upkeep]
|-damage|p2a: FBI|21/100|[from] Sandstorm
|-heal|p2a: FBI|27/100|[from] item: Leftovers
|upkeep
|turn|18
|
|t:|1728930095
|switch|p1a: Snorlax|Snorlax, F|66/100
|move|p2a: FBI|Hidden Power|p1a: Snorlax
|-damage|p1a: Snorlax|53/100
|
|-weather|Sandstorm|[upkeep]
|-damage|p2a: FBI|21/100|[from] Sandstorm
|-damage|p1a: Snorlax|47/100|[from] Sandstorm
|-heal|p2a: FBI|27/100|[from] item: Leftovers
|-heal|p1a: Snorlax|53/100|[from] item: Leftovers
|upkeep
|turn|19
|
|t:|1728930099
|move|p2a: FBI|Baton Pass|p2a: FBI
|
|t:|1728930100
|switch|p2a: 40k|Metagross|100/100|[from] Baton Pass
|move|p1a: Snorlax|Body Slam|p2a: 40k
|-resisted|p2a: 40k
|-damage|p2a: 40k|86/100
|-status|p2a: 40k|par
|
|-weather|Sandstorm|[upkeep]
|-damage|p1a: Snorlax|47/100|[from] Sandstorm
|-heal|p1a: Snorlax|53/100|[from] item: Leftovers
|-heal|p2a: 40k|92/100 par|[from] item: Leftovers
|upkeep
|turn|20
|
|t:|1728930110
|switch|p1a: Donphan|Donphan, M|100/100
|move|p2a: 40k|Explosion|p1a: Donphan
|-damage|p1a: Donphan|5/100
|faint|p2a: 40k
|c|☆Scurrying Snail|what a mad lad
|
|t:|1728930137
|switch|p2a: Red Ain't Real|Charizard, M|100/100
|
|-weather|Sandstorm|[upkeep]
|-damage|p2a: Red Ain't Real|94/100|[from] Sandstorm
|-heal|p2a: Red Ain't Real|100/100|[from] item: Leftovers
|-heal|p1a: Donphan|12/100|[from] item: Leftovers
|upkeep
|turn|21
|
|t:|1728930146
|move|p2a: Red Ain't Real|Hidden Power|p1a: Donphan
|-supereffective|p1a: Donphan
|-damage|p1a: Donphan|0 fnt
|faint|p1a: Donphan
|
|t:|1728930166
|switch|p1a: Houndoom|Houndoom, M|87/100
|
|-weather|Sandstorm|[upkeep]
|-damage|p2a: Red Ain't Real|94/100|[from] Sandstorm
|-damage|p1a: Houndoom|81/100|[from] Sandstorm
|-heal|p2a: Red Ain't Real|100/100|[from] item: Leftovers
|-heal|p1a: Houndoom|87/100|[from] item: Leftovers
|upkeep
|turn|22
|
|t:|1728930171
|switch|p2a: FBI|Zapdos|27/100
|move|p1a: Houndoom|Crunch|p2a: FBI
|-damage|p2a: FBI|0 fnt
|faint|p2a: FBI
|
|t:|1728930173
|switch|p2a: Rock Phone|Tyranitar, F|100/100
|
|-weather|Sandstorm|[upkeep]
|-damage|p1a: Houndoom|81/100|[from] Sandstorm
|-heal|p1a: Houndoom|87/100|[from] item: Leftovers
|upkeep
|turn|23
|inactive|Scurrying Snail has 270 seconds left.
|
|t:|1728930205
|move|p1a: Houndoom|Will-O-Wisp|p2a: Rock Phone
|-status|p2a: Rock Phone|brn
|-enditem|p2a: Rock Phone|Lum Berry|[eat]
|-curestatus|p2a: Rock Phone|brn|[msg]
|move|p2a: Rock Phone|Brick Break|p1a: Houndoom
|-supereffective|p1a: Houndoom
|-damage|p1a: Houndoom|0 fnt
|faint|p1a: Houndoom
|
|t:|1728930208
|switch|p1a: Salamence|Salamence, F|100/100
|-ability|p1a: Salamence|Intimidate|boost
|-unboost|p2a: Rock Phone|atk|1
|
|-weather|Sandstorm|[upkeep]
|-damage|p1a: Salamence|94/100|[from] Sandstorm
|-heal|p1a: Salamence|100/100|[from] item: Leftovers
|upkeep
|turn|24
|
|t:|1728930219
|switch|p2a: Red Ain't Real|Charizard, M|100/100
|move|p1a: Salamence|Dragon Dance|p1a: Salamence
|-boost|p1a: Salamence|atk|1
|-boost|p1a: Salamence|spe|1
|
|-weather|Sandstorm|[upkeep]
|-damage|p1a: Salamence|94/100|[from] Sandstorm
|-damage|p2a: Red Ain't Real|94/100|[from] Sandstorm
|-heal|p1a: Salamence|100/100|[from] item: Leftovers
|-heal|p2a: Red Ain't Real|100/100|[from] item: Leftovers
|upkeep
|turn|25
|
|t:|1728930222
|move|p1a: Salamence|Rock Slide|p2a: Red Ain't Real
|-supereffective|p2a: Red Ain't Real
|-damage|p2a: Red Ain't Real|0 fnt
|faint|p2a: Red Ain't Real
|
|t:|1728930224
|switch|p2a: Rock Phone|Tyranitar, F|100/100
|
|-weather|Sandstorm|[upkeep]
|-damage|p1a: Salamence|94/100|[from] Sandstorm
|-heal|p1a: Salamence|100/100|[from] item: Leftovers
|upkeep
|turn|26
|
|t:|1728930230
|move|p1a: Salamence|Earthquake|p2a: Rock Phone
|-supereffective|p2a: Rock Phone
|-damage|p2a: Rock Phone|0 fnt
|faint|p2a: Rock Phone
|
|win|drogasas
|c|☆Scurrying Snail|gg
|c|☆drogasas|gg
|player|p2|

</script>
<script type="application/json" class="data" id="replaydata-smogtours-gen3ou-798692">
{"id":"smogtours-gen3ou-798692","format":"[Gen 3] OU","players":["drogasas","Scurrying Snail"],"uploadtime":1728930230,"views":85,"formatid":"gen3ou","rating":null,"private":0,"password":null}
</script>

<script defer src="js/replays.js?9d40a366"></script>
