<!DOCTYPE html>
<meta charset="utf-8" />
<meta name="viewport" content="width=device-width" />

<title>[Gen 3] OU: jimothy non-subs vs. Lemon LC - Replays - Pok&eacute;mon Showdown!</title>

<meta name="description" content="Watch a replay of a Pok&eacute;mon battle between jimothy non-subs and Lemon LC! Format: [Gen 3] OU; Date: Oct 5, 2024" />
<!--

Hey, you! Looking in the source for the replay log?

You can find them in JSON format, just add `.json` at the end of a replay URL.

https://replay.pokemonshowdown.com/gen7randomdoublesbattle-865046831.json

Or, if you only need the log itself, add `.log` instead:

https://replay.pokemonshowdown.com/gen7randomdoublesbattle-865046831.log

-->

<link rel="stylesheet" href="//pokemonshowdown.com/style/global.css?0.023195364461161105" />
<link rel="stylesheet" href="//play.pokemonshowdown.com/style/font-awesome.css?0.13261647063804238" />
<link rel="stylesheet" href="//play.pokemonshowdown.com/style/battle.css?0.8753245789963631" />
<link rel="stylesheet" href="//play.pokemonshowdown.com/style/utilichart.css?0.8627959624976733" />

<!-- Global site tag (gtag.js) - Google Analytics -->
<script async src="https://www.googletagmanager.com/gtag/js?id=UA-26211653-1"></script>
<script>
  window.dataLayer = window.dataLayer || [];
  function gtag(){dataLayer.push(arguments);}
  gtag('js', new Date());

  gtag('config', 'UA-26211653-1');
</script>
<!-- End Google Analytics -->
<!-- Venatus Ad Manager - Install in <HEAD> of page -->
	<script src="https://hb.vntsm.com/v3/live/ad-manager.min.js" type="text/javascript" data-site-id="642aba63ec9a7b11c3c9c1be" data-mode="scan" async></script>
<!-- / Venatus Ad Manager -->

<style>
	@media (max-width:820px) {
		.battle {
			margin: 0 auto;
		}
		.battle-log {
			margin: 7px auto 0;
			max-width: 640px;
			height: 300px;
			position: static;
		}
	}
	.optgroup {
		display: inline-block;
		line-height: 22px;
		font-size: 10pt;
	}
	.optgroup .button {
		height: 25px;
		padding-top: 0;
		padding-bottom: 0;
	}
	.optgroup button.button {
		padding-left: 12px;
		padding-right: 12px;
	}
	.linklist {
		list-style: none;
		margin: 0.5em 0;
		padding: 0;
	}
	.linklist li {
		padding: 2px 0;
	}
	.sidebar {
		float: left;
		width: 320px;
	}
	.bar-wrapper {
		max-width: 1100px;
		margin: 0 auto;
	}
	.bar-wrapper.has-sidebar {
		max-width: 1430px;
	}
	.mainbar {
		margin: 0;
		padding-right: 1px;
	}
	.mainbar.has-sidebar {
		margin-left: 330px;
	}
	@media (min-width: 1511px) {
		.sidebar {
			width: 400px;
		}
		.bar-wrapper.has-sidebar {
			max-width: 1510px;
		}
		.mainbar.has-sidebar {
			margin-left: 410px;
		}
	}
	.section.first-section {
		margin-top: 9px;
	}
	.blocklink small {
		white-space: normal;
	}
	.button {
		vertical-align: middle;
	}
	.replay-controls {
		padding-top: 10px;
	}
	.replay-controls h1 {
		font-size: 16pt;
		font-weight: normal;
		color: #CCC;
	}
	.pagelink {
		text-align: center;
	}
	.pagelink a {
		width: 150px;
	}
	.textbox, .button {
		font-size: 11pt;
		vertical-align: middle;
	}
	@media (max-width: 450px) {
		.button {
			font-size: 9pt;
		}
	}
</style>

<div>

	<header>
		<div class="nav-wrapper"><ul class="nav">
			<li><a class="button nav-first" href="//pokemonshowdown.com/"><img src="//pokemonshowdown.com/images/pokemonshowdownbeta.png" srcset="//pokemonshowdown.com/images/pokemonshowdownbeta.png 1x, //pokemonshowdown.com/images/pokemonshowdownbeta@2x.png 2x" alt="Pok&eacute;mon Showdown" width="146" height="44" /> Home</a></li>
			<li><a class="button" href="//pokemonshowdown.com/dex/">Pok&eacute;dex</a></li>
			<li><a class="button cur" href="/">Replays</a></li>
			<li><a class="button" href="//pokemonshowdown.com/ladder/">Ladder</a></li>
			<li><a class="button nav-last" href="//pokemonshowdown.com/forums/">Forum</a></li>
			<li><a class="button greenbutton nav-first nav-last" href="//play.pokemonshowdown.com/">Play</a></li>
		</ul></div>
	</header>

	<div class="main" id="main">

		<noscript><section class="section">You need to enable JavaScript to use this page; sorry!</section></noscript>

	</div>

</div>

<script defer nomodule src="//play.pokemonshowdown.com/js/lib/ps-polyfill.js"></script>
<script defer src="//play.pokemonshowdown.com/js/lib/preact.min.js"></script>

<script defer src="//play.pokemonshowdown.com/config/config.js?2bddbc15"></script>
<script defer src="//play.pokemonshowdown.com/js/lib/jquery-1.11.0.min.js"></script>
<script defer src="//play.pokemonshowdown.com/js/lib/html-sanitizer-minified.js"></script>
<script defer src="//play.pokemonshowdown.com/js/battle-sound.js"></script>
<script defer src="//play.pokemonshowdown.com/js/battledata.js?0.7209276989879541"></script>
<script defer src="//play.pokemonshowdown.com/data/pokedex-mini.js?0.6111056340867951"></script>
<script defer src="//play.pokemonshowdown.com/data/pokedex-mini-bw.js?0.3532142036491459"></script>
<script defer src="//play.pokemonshowdown.com/data/graphics.js?0.24223875632456182"></script>
<script defer src="//play.pokemonshowdown.com/data/pokedex.js?0.38839984266356864"></script>
<script defer src="//play.pokemonshowdown.com/data/moves.js?0.21866028504024015"></script>
<script defer src="//play.pokemonshowdown.com/data/abilities.js?0.2005157953846628"></script>
<script defer src="//play.pokemonshowdown.com/data/items.js?0.9894211263848525"></script>
<script defer src="//play.pokemonshowdown.com/data/teambuilder-tables.js?0.6008791140282215"></script>
<script defer src="//play.pokemonshowdown.com/js/battle-tooltips.js?0.7580118955022959"></script>
<script defer src="//play.pokemonshowdown.com/js/battle.js?0.6057722274234274"></script>

<script defer src="js/utils.js?e31f9a17"></script>
<script defer src="js/replays-battle.js?7008c182"></script>

<!-- don't scrape this data! just add .json or .log after the URL!
Full API docs: https://github.com/smogon/pokemon-showdown-client/blob/master/WEB-API.md -->
<script type="text/plain" class="log" id="replaylog-smogtours-gen3ou-795148">
|inactive|Battle timer is ON: inactive players will automatically lose when time's up.
|t:|1728157303
|gametype|singles
|player|p1|jimothy non-subs|102|
|player|p2|Lemon LC|102|
|teamsize|p1|6
|teamsize|p2|6
|gen|3
|tier|[Gen 3] OU
|rule|Sleep Clause Mod: Limit one foe put to sleep
|rule|Switch Priority Clause Mod: Faster Pokémon switch first
|rule|Species Clause: Limit one of each Pokémon
|rule|OHKO Clause: OHKO moves are banned
|rule|Evasion Items Clause: Evasion items are banned
|rule|Evasion Moves Clause: Evasion moves are banned
|rule|Endless Battle Clause: Forcing endless battles is banned
|rule|HP Percentage Mod: HP is shown in percentages
|rule|One Boost Passer Clause: Limit one Baton Passer that has a way to boost its stats
|rule|Freeze Clause Mod: Limit one foe frozen
|
|t:|1728157303
|start
|switch|p1a: Smeargle|Smeargle, F|100/100
|switch|p2a: Electhor|Zapdos|100/100
|turn|1
|
|t:|1728157318
|switch|p1a: Celebi|Celebi|100/100
|move|p2a: Electhor|Thunderbolt|p1a: Celebi
|-resisted|p1a: Celebi
|-damage|p1a: Celebi|86/100
|
|-heal|p1a: Celebi|93/100|[from] item: Leftovers
|upkeep
|turn|2
|inactive|Lemon LC has 270 seconds left.
|
|t:|1728157357
|move|p2a: Electhor|Baton Pass|p2a: Electhor
|
|t:|1728157359
|switch|p2a: Ronflex|Snorlax, M, shiny|100/100|[from] Baton Pass
|move|p1a: Celebi|Psychic|p2a: Ronflex
|-damage|p2a: Ronflex|80/100
|-unboost|p2a: Ronflex|spd|1
|
|-heal|p1a: Celebi|99/100|[from] item: Leftovers
|-heal|p2a: Ronflex|86/100|[from] item: Leftovers
|upkeep
|turn|3
|
|t:|1728157383
|switch|p1a: Hadeda|Skarmory, M, shiny|100/100
|move|p2a: Ronflex|Shadow Ball|p1a: Hadeda
|-resisted|p1a: Hadeda
|-damage|p1a: Hadeda|91/100
|
|-heal|p1a: Hadeda|97/100|[from] item: Leftovers
|-heal|p2a: Ronflex|92/100|[from] item: Leftovers
|upkeep
|turn|4
|
|t:|1728157392
|switch|p2a: Electhor|Zapdos|100/100
|move|p1a: Hadeda|Toxic|p2a: Electhor
|-status|p2a: Electhor|tox
|
|-damage|p2a: Electhor|94/100 tox|[from] psn
|-heal|p1a: Hadeda|100/100|[from] item: Leftovers
|upkeep
|turn|5
|
|t:|1728157404
|move|p1a: Hadeda|Protect|p1a: Hadeda
|-singleturn|p1a: Hadeda|Protect
|move|p2a: Electhor|Agility|p2a: Electhor
|-boost|p2a: Electhor|spe|2
|
|-heal|p2a: Electhor|100/100 tox|[from] item: Leftovers
|-damage|p2a: Electhor|88/100 tox|[from] psn
|upkeep
|turn|6
|
|t:|1728157415
|move|p2a: Electhor|Baton Pass|p2a: Electhor
|
|t:|1728157425
|switch|p2a: Chapignon|Breloom, F, shiny|100/100|[from] Baton Pass
|move|p1a: Hadeda|Roar|p2a: Chapignon
|drag|p2a: Electhor|Zapdos|88/100 tox
|
|-heal|p2a: Electhor|94/100 tox|[from] item: Leftovers
|-damage|p2a: Electhor|88/100 tox|[from] psn
|upkeep
|turn|7
|
|t:|1728157434
|switch|p1a: Celebi|Celebi|99/100
|move|p2a: Electhor|Baton Pass|p2a: Electhor
|
|t:|1728157441
|switch|p2a: Ronflex|Snorlax, M, shiny|92/100|[from] Baton Pass
|
|-heal|p1a: Celebi|100/100|[from] item: Leftovers
|-heal|p2a: Ronflex|99/100|[from] item: Leftovers
|upkeep
|turn|8
|
|t:|1728157467
|switch|p2a: Electhor|Zapdos|88/100 tox
|move|p1a: Celebi|Leech Seed|p2a: Electhor
|-start|p2a: Electhor|move: Leech Seed
|
|-heal|p2a: Electhor|94/100 tox|[from] item: Leftovers
|-damage|p2a: Electhor|82/100 tox|[from] Leech Seed|[of] p1a: Celebi
|-damage|p2a: Electhor|76/100 tox|[from] psn
|upkeep
|turn|9
|
|t:|1728157475
|switch|p2a: Tyranocif|Tyranitar, F, shiny|100/100
|-weather|Sandstorm|[from] ability: Sand Stream|[of] p2a: Tyranocif
|move|p1a: Celebi|Psychic|p2a: Tyranocif
|-immune|p2a: Tyranocif
|
|-weather|Sandstorm|[upkeep]
|-damage|p1a: Celebi|94/100|[from] Sandstorm
|-heal|p1a: Celebi|100/100|[from] item: Leftovers
|upkeep
|turn|10
|inactive|Lemon LC has 270 seconds left.
|
|t:|1728157497
|move|p1a: Celebi|Hidden Power|p2a: Tyranocif
|-supereffective|p2a: Tyranocif
|-damage|p2a: Tyranocif|52/100
|move|p2a: Tyranocif|Crunch|p1a: Celebi
|-supereffective|p1a: Celebi
|-damage|p1a: Celebi|44/100
|
|-weather|Sandstorm|[upkeep]
|-damage|p1a: Celebi|38/100|[from] Sandstorm
|-heal|p1a: Celebi|44/100|[from] item: Leftovers
|-heal|p2a: Tyranocif|59/100|[from] item: Leftovers
|upkeep
|turn|11
|
|t:|1728157504
|move|p1a: Celebi|Recover|p1a: Celebi
|-heal|p1a: Celebi|94/100
|move|p2a: Tyranocif|Crunch|p1a: Celebi
|-supereffective|p1a: Celebi
|-damage|p1a: Celebi|38/100
|
|-weather|Sandstorm|[upkeep]
|-damage|p1a: Celebi|32/100|[from] Sandstorm
|-heal|p1a: Celebi|38/100|[from] item: Leftovers
|-heal|p2a: Tyranocif|65/100|[from] item: Leftovers
|upkeep
|turn|12
|
|t:|1728157516
|move|p1a: Celebi|Recover|p1a: Celebi
|-heal|p1a: Celebi|88/100
|move|p2a: Tyranocif|Crunch|p1a: Celebi
|-supereffective|p1a: Celebi
|-damage|p1a: Celebi|30/100
|
|-weather|Sandstorm|[upkeep]
|-damage|p1a: Celebi|24/100|[from] Sandstorm
|-heal|p1a: Celebi|30/100|[from] item: Leftovers
|-heal|p2a: Tyranocif|71/100|[from] item: Leftovers
|upkeep
|turn|13
|
|t:|1728157528
|switch|p1a: Tyranitar|Tyranitar, F|100/100
|move|p2a: Tyranocif|Crunch|p1a: Tyranitar
|-resisted|p1a: Tyranitar
|-damage|p1a: Tyranitar|86/100
|
|-weather|Sandstorm|[upkeep]
|-heal|p1a: Tyranitar|92/100|[from] item: Leftovers
|-heal|p2a: Tyranocif|77/100|[from] item: Leftovers
|upkeep
|turn|14
|inactive|Lemon LC has 270 seconds left.
|
|t:|1728157549
|switch|p1a: Hadeda|Skarmory, M, shiny|100/100
|switch|p2a: Suicune|Suicune, shiny|100/100
|
|-weather|Sandstorm|[upkeep]
|-damage|p2a: Suicune|94/100|[from] Sandstorm
|-heal|p2a: Suicune|100/100|[from] item: Leftovers
|upkeep
|turn|15
|inactive|Lemon LC has 270 seconds left.
|
|t:|1728157554
|move|p2a: Suicune|Surf|p1a: Hadeda
|-damage|p1a: Hadeda|75/100
|move|p1a: Hadeda|Toxic|p2a: Suicune
|-status|p2a: Suicune|tox
|
|-weather|Sandstorm|[upkeep]
|-damage|p2a: Suicune|94/100 tox|[from] Sandstorm
|-heal|p2a: Suicune|100/100 tox|[from] item: Leftovers
|-damage|p2a: Suicune|94/100 tox|[from] psn
|-heal|p1a: Hadeda|81/100|[from] item: Leftovers
|upkeep
|turn|16
|
|t:|1728157562
|move|p2a: Suicune|Calm Mind|p2a: Suicune
|-boost|p2a: Suicune|spa|1
|-boost|p2a: Suicune|spd|1
|move|p1a: Hadeda|Spikes|p2a: Suicune
|-sidestart|p2: Lemon LC|Spikes
|
|-weather|Sandstorm|[upkeep]
|-damage|p2a: Suicune|88/100 tox|[from] Sandstorm
|-heal|p2a: Suicune|94/100 tox|[from] item: Leftovers
|-damage|p2a: Suicune|82/100 tox|[from] psn
|-heal|p1a: Hadeda|87/100|[from] item: Leftovers
|upkeep
|turn|17
|
|t:|1728157568
|move|p1a: Hadeda|Protect|p1a: Hadeda
|-singleturn|p1a: Hadeda|Protect
|move|p2a: Suicune|Surf|p1a: Hadeda
|-activate|p1a: Hadeda|Protect
|
|-weather|Sandstorm|[upkeep]
|-damage|p2a: Suicune|76/100 tox|[from] Sandstorm
|-heal|p2a: Suicune|82/100 tox|[from] item: Leftovers
|-damage|p2a: Suicune|63/100 tox|[from] psn
|-heal|p1a: Hadeda|93/100|[from] item: Leftovers
|upkeep
|turn|18
|
|t:|1728157573
|move|p2a: Suicune|Surf|p1a: Hadeda
|-damage|p1a: Hadeda|52/100
|move|p1a: Hadeda|Roar|p2a: Suicune
|drag|p2a: Ronflex|Snorlax, M, shiny|99/100
|-damage|p2a: Ronflex|86/100|[from] Spikes
|
|-weather|Sandstorm|[upkeep]
|-damage|p2a: Ronflex|80/100|[from] Sandstorm
|-heal|p1a: Hadeda|58/100|[from] item: Leftovers
|-heal|p2a: Ronflex|86/100|[from] item: Leftovers
|upkeep
|turn|19
|
|t:|1728157581
|switch|p2a: Chapignon|Breloom, F, shiny|100/100
|-damage|p2a: Chapignon|88/100|[from] Spikes
|move|p1a: Hadeda|Spikes|p2a: Chapignon
|-sidestart|p2: Lemon LC|Spikes
|
|-weather|Sandstorm|[upkeep]
|-damage|p2a: Chapignon|82/100|[from] Sandstorm
|-heal|p2a: Chapignon|88/100|[from] item: Leftovers
|-heal|p1a: Hadeda|64/100|[from] item: Leftovers
|upkeep
|turn|20
|
|t:|1728157594
|move|p1a: Hadeda|Protect|p1a: Hadeda
|-singleturn|p1a: Hadeda|Protect
|move|p2a: Chapignon|Spore|p1a: Hadeda
|-activate|p1a: Hadeda|Protect
|
|-weather|Sandstorm|[upkeep]
|-damage|p2a: Chapignon|82/100|[from] Sandstorm
|-heal|p2a: Chapignon|88/100|[from] item: Leftovers
|-heal|p1a: Hadeda|70/100|[from] item: Leftovers
|upkeep
|turn|21
|
|t:|1728157616
|move|p2a: Chapignon|Spore|p1a: Hadeda
|-status|p1a: Hadeda|slp|[from] move: Spore
|cant|p1a: Hadeda|slp
|
|-weather|Sandstorm|[upkeep]
|-damage|p2a: Chapignon|82/100|[from] Sandstorm
|-heal|p2a: Chapignon|88/100|[from] item: Leftovers
|-heal|p1a: Hadeda|76/100 slp|[from] item: Leftovers
|upkeep
|turn|22
|
|t:|1728157622
|-singleturn|p2a: Chapignon|move: Focus Punch
|switch|p1a: Starmie|Starmie, shiny|100/100
|move|p2a: Chapignon|Focus Punch|p1a: Starmie
|-resisted|p1a: Starmie
|-damage|p1a: Starmie|41/100
|
|-weather|Sandstorm|[upkeep]
|-damage|p1a: Starmie|35/100|[from] Sandstorm
|-damage|p2a: Chapignon|82/100|[from] Sandstorm
|-heal|p1a: Starmie|41/100|[from] item: Leftovers
|-heal|p2a: Chapignon|88/100|[from] item: Leftovers
|upkeep
|turn|23
|
|t:|1728157636
|switch|p2a: Ronflex|Snorlax, M, shiny|86/100
|-damage|p2a: Ronflex|69/100|[from] Spikes
|move|p1a: Starmie|Ice Beam|p2a: Ronflex
|-damage|p2a: Ronflex|53/100
|
|-weather|Sandstorm|[upkeep]
|-damage|p1a: Starmie|35/100|[from] Sandstorm
|-damage|p2a: Ronflex|47/100|[from] Sandstorm
|-heal|p1a: Starmie|41/100|[from] item: Leftovers
|-heal|p2a: Ronflex|53/100|[from] item: Leftovers
|upkeep
|turn|24
|
|t:|1728157647
|switch|p1a: Tyranitar|Tyranitar, F|92/100
|move|p2a: Ronflex|Shadow Ball|p1a: Tyranitar
|-resisted|p1a: Tyranitar
|-damage|p1a: Tyranitar|82/100
|
|-weather|Sandstorm|[upkeep]
|-damage|p2a: Ronflex|47/100|[from] Sandstorm
|-heal|p1a: Tyranitar|89/100|[from] item: Leftovers
|-heal|p2a: Ronflex|53/100|[from] item: Leftovers
|upkeep
|turn|25
|
|t:|1728157653
|move|p1a: Tyranitar|Dragon Dance|p1a: Tyranitar
|-boost|p1a: Tyranitar|atk|1
|-boost|p1a: Tyranitar|spe|1
|move|p2a: Ronflex|Self-Destruct|p1a: Tyranitar
|-resisted|p1a: Tyranitar
|-damage|p1a: Tyranitar|15/100
|faint|p2a: Ronflex
|
|t:|1728157676
|switch|p2a: Suicune|Suicune, shiny|63/100 tox
|-damage|p2a: Suicune|47/100 tox|[from] Spikes
|
|-weather|Sandstorm|[upkeep]
|-damage|p2a: Suicune|41/100 tox|[from] Sandstorm
|-heal|p1a: Tyranitar|21/100|[from] item: Leftovers
|-heal|p2a: Suicune|47/100 tox|[from] item: Leftovers
|-damage|p2a: Suicune|41/100 tox|[from] psn
|upkeep
|turn|26
|
|t:|1728157680
|move|p1a: Tyranitar|Rock Slide|p2a: Suicune
|-damage|p2a: Suicune|5/100 tox
|move|p2a: Suicune|Surf|p1a: Tyranitar
|-supereffective|p1a: Tyranitar
|-damage|p1a: Tyranitar|0 fnt
|faint|p1a: Tyranitar
|
|t:|1728157690
|switch|p1a: Smeargle|Smeargle, F|100/100
|
|-weather|Sandstorm|[upkeep]
|-damage|p1a: Smeargle|94/100|[from] Sandstorm
|-damage|p2a: Suicune|0 fnt|[from] Sandstorm
|faint|p2a: Suicune
|-heal|p1a: Smeargle|100/100|[from] item: Leftovers
|upkeep
|
|t:|1728157699
|switch|p2a: Métalosse|Metagross, shiny|100/100
|-damage|p2a: Métalosse|84/100|[from] Spikes
|turn|27
|
|t:|1728157704
|move|p1a: Smeargle|Spore|p2a: Métalosse
|-status|p2a: Métalosse|slp|[from] move: Spore
|cant|p2a: Métalosse|slp
|move|p2a: Métalosse|Sleep Talk|p2a: Métalosse
|move|p2a: Métalosse|Meteor Mash|p1a: Smeargle|[from]Sleep Talk
|-damage|p1a: Smeargle|0 fnt
|-boost|p2a: Métalosse|atk|1
|faint|p1a: Smeargle
|
|t:|1728157726
|switch|p1a: Jirachi|Jirachi|100/100
|
|-weather|Sandstorm|[upkeep]
|upkeep
|turn|28
|
|t:|1728157736
|move|p1a: Jirachi|Substitute|p1a: Jirachi
|-start|p1a: Jirachi|Substitute
|-damage|p1a: Jirachi|75/100
|cant|p2a: Métalosse|slp
|move|p2a: Métalosse|Sleep Talk||[still]
|-fail|p2a: Métalosse
|
|-weather|Sandstorm|[upkeep]
|-heal|p1a: Jirachi|82/100|[from] item: Leftovers
|upkeep
|turn|29
|c|☆jimothy non-subs|?
|inactive|jimothy non-subs has 270 seconds left.
|inactive|Lemon LC has 270 seconds left.
|inactive|jimothy non-subs has 240 seconds left.
|
|t:|1728157802
|switch|p2a: Tyranocif|Tyranitar, F, shiny|77/100
|-damage|p2a: Tyranocif|61/100|[from] Spikes
|move|p1a: Jirachi|Calm Mind|p1a: Jirachi
|-boost|p1a: Jirachi|spa|1
|-boost|p1a: Jirachi|spd|1
|
|-weather|Sandstorm|[upkeep]
|-heal|p1a: Jirachi|88/100|[from] item: Leftovers
|-heal|p2a: Tyranocif|67/100|[from] item: Leftovers
|upkeep
|turn|30
|inactive|Lemon LC has 240 seconds left.
|
|t:|1728157837
|move|p1a: Jirachi|Fire Punch|p2a: Tyranocif
|-resisted|p2a: Tyranocif
|-damage|p2a: Tyranocif|54/100
|-status|p2a: Tyranocif|brn
|move|p2a: Tyranocif|Flamethrower|p1a: Jirachi
|-supereffective|p1a: Jirachi
|-end|p1a: Jirachi|Substitute
|
|-weather|Sandstorm|[upkeep]
|-heal|p1a: Jirachi|94/100|[from] item: Leftovers
|-heal|p2a: Tyranocif|60/100 brn|[from] item: Leftovers
|-damage|p2a: Tyranocif|48/100 brn|[from] brn
|upkeep
|turn|31
|inactive|jimothy non-subs has 240 seconds left.
|
|t:|1728157848
|move|p1a: Jirachi|Calm Mind|p1a: Jirachi
|-boost|p1a: Jirachi|spa|1
|-boost|p1a: Jirachi|spd|1
|move|p2a: Tyranocif|Flamethrower|p1a: Jirachi
|-supereffective|p1a: Jirachi
|-damage|p1a: Jirachi|68/100
|
|-weather|Sandstorm|[upkeep]
|-heal|p1a: Jirachi|74/100|[from] item: Leftovers
|-heal|p2a: Tyranocif|54/100 brn|[from] item: Leftovers
|-damage|p2a: Tyranocif|42/100 brn|[from] brn
|upkeep
|turn|32
|
|t:|1728157855
|move|p1a: Jirachi|Calm Mind|p1a: Jirachi
|-boost|p1a: Jirachi|spa|1
|-boost|p1a: Jirachi|spd|1
|move|p2a: Tyranocif|Flamethrower|p1a: Jirachi
|-supereffective|p1a: Jirachi
|-damage|p1a: Jirachi|55/100
|-status|p1a: Jirachi|brn
|
|-weather|Sandstorm|[upkeep]
|-heal|p1a: Jirachi|61/100 brn|[from] item: Leftovers
|-damage|p1a: Jirachi|49/100 brn|[from] brn
|-heal|p2a: Tyranocif|48/100 brn|[from] item: Leftovers
|-damage|p2a: Tyranocif|35/100 brn|[from] brn
|upkeep
|turn|33
|
|t:|1728157866
|move|p1a: Jirachi|Fire Punch|p2a: Tyranocif
|-resisted|p2a: Tyranocif
|-damage|p2a: Tyranocif|16/100 brn
|move|p2a: Tyranocif|Flamethrower|p1a: Jirachi
|-supereffective|p1a: Jirachi
|-damage|p1a: Jirachi|28/100 brn
|
|-weather|Sandstorm|[upkeep]
|-heal|p1a: Jirachi|35/100 brn|[from] item: Leftovers
|-damage|p1a: Jirachi|22/100 brn|[from] brn
|-heal|p2a: Tyranocif|23/100 brn|[from] item: Leftovers
|-damage|p2a: Tyranocif|10/100 brn|[from] brn
|upkeep
|turn|34
|inactive|Lemon LC has 270 seconds left.
|
|t:|1728157873
|move|p1a: Jirachi|Fire Punch|p2a: Tyranocif
|-resisted|p2a: Tyranocif
|-damage|p2a: Tyranocif|0 fnt
|faint|p2a: Tyranocif
|inactive|Lemon LC has 270 seconds left.
|
|t:|1728157878
|switch|p2a: Electhor|Zapdos|76/100 tox
|
|-weather|Sandstorm|[upkeep]
|-damage|p2a: Electhor|70/100 tox|[from] Sandstorm
|-heal|p2a: Electhor|76/100 tox|[from] item: Leftovers
|-damage|p2a: Electhor|70/100 tox|[from] psn
|-heal|p1a: Jirachi|28/100 brn|[from] item: Leftovers
|-damage|p1a: Jirachi|16/100 brn|[from] brn
|upkeep
|turn|35
|
|t:|1728157884
|move|p2a: Electhor|Thunderbolt|p1a: Jirachi
|-damage|p1a: Jirachi|2/100 brn
|move|p1a: Jirachi|Psychic|p2a: Electhor
|-damage|p2a: Electhor|0 fnt
|faint|p2a: Electhor
|
|t:|1728157893
|switch|p2a: Métalosse|Metagross, shiny|84/100 slp
|-damage|p2a: Métalosse|67/100 slp|[from] Spikes
|
|-weather|Sandstorm|[upkeep]
|-heal|p1a: Jirachi|8/100 brn|[from] item: Leftovers
|-damage|p1a: Jirachi|0 fnt|[from] brn
|faint|p1a: Jirachi
|upkeep
|inactive|jimothy non-subs has 270 seconds left.
|
|t:|1728157908
|switch|p1a: Hadeda|Skarmory, M, shiny|76/100 slp
|turn|36
|
|t:|1728157911
|cant|p2a: Métalosse|slp
|-curestatus|p1a: Hadeda|slp|[msg]
|move|p1a: Hadeda|Roar|p2a: Métalosse
|drag|p2a: Chapignon|Breloom, F, shiny|88/100
|-damage|p2a: Chapignon|72/100|[from] Spikes
|
|-weather|Sandstorm|[upkeep]
|-damage|p2a: Chapignon|66/100|[from] Sandstorm
|-heal|p2a: Chapignon|72/100|[from] item: Leftovers
|-heal|p1a: Hadeda|82/100|[from] item: Leftovers
|upkeep
|turn|37
|
|t:|1728157918
|move|p2a: Chapignon|Spore|p1a: Hadeda
|-status|p1a: Hadeda|slp|[from] move: Spore
|cant|p1a: Hadeda|slp
|
|-weather|Sandstorm|[upkeep]
|-damage|p2a: Chapignon|66/100|[from] Sandstorm
|-heal|p2a: Chapignon|72/100|[from] item: Leftovers
|-heal|p1a: Hadeda|88/100 slp|[from] item: Leftovers
|upkeep
|turn|38
|
|t:|1728157920
|cant|p1a: Hadeda|slp
|move|p2a: Chapignon|Substitute|p2a: Chapignon
|-start|p2a: Chapignon|Substitute
|-damage|p2a: Chapignon|47/100
|
|-weather|Sandstorm|[upkeep]
|-damage|p2a: Chapignon|41/100|[from] Sandstorm
|-heal|p2a: Chapignon|47/100|[from] item: Leftovers
|-heal|p1a: Hadeda|94/100 slp|[from] item: Leftovers
|upkeep
|turn|39
|
|t:|1728157924
|move|p2a: Chapignon|Leech Seed|p1a: Hadeda|[miss]
|-miss|p2a: Chapignon|p1a: Hadeda
|-curestatus|p1a: Hadeda|slp|[msg]
|move|p1a: Hadeda|Roar|p2a: Chapignon
|drag|p2a: Métalosse|Metagross, shiny|67/100 slp
|-damage|p2a: Métalosse|51/100 slp|[from] Spikes
|
|-weather|Sandstorm|[upkeep]
|-heal|p1a: Hadeda|99/100|[from] item: Leftovers
|upkeep
|turn|40
|
|t:|1728157930
|cant|p2a: Métalosse|slp
|move|p1a: Hadeda|Roar|p2a: Métalosse
|drag|p2a: Chapignon|Breloom, F, shiny|47/100
|-damage|p2a: Chapignon|31/100|[from] Spikes
|
|-weather|Sandstorm|[upkeep]
|-damage|p2a: Chapignon|25/100|[from] Sandstorm
|-heal|p2a: Chapignon|31/100|[from] item: Leftovers
|-heal|p1a: Hadeda|100/100|[from] item: Leftovers
|upkeep
|turn|41
|
|t:|1728157938
|move|p2a: Chapignon|Spore|p1a: Hadeda
|-status|p1a: Hadeda|slp|[from] move: Spore
|cant|p1a: Hadeda|slp
|
|-weather|Sandstorm|[upkeep]
|-damage|p2a: Chapignon|25/100|[from] Sandstorm
|-heal|p2a: Chapignon|31/100|[from] item: Leftovers
|upkeep
|turn|42
|
|t:|1728157940
|move|p2a: Chapignon|Leech Seed|p1a: Hadeda
|-start|p1a: Hadeda|move: Leech Seed
|cant|p1a: Hadeda|slp
|
|-weather|Sandstorm|[upkeep]
|-damage|p2a: Chapignon|25/100|[from] Sandstorm
|-heal|p2a: Chapignon|31/100|[from] item: Leftovers
|-damage|p1a: Hadeda|88/100 slp|[from] Leech Seed|[of] p2a: Chapignon
|-heal|p2a: Chapignon|49/100|[silent]
|upkeep
|turn|43
|
|t:|1728157945
|-singleturn|p2a: Chapignon|move: Focus Punch
|move|p2a: Chapignon|Focus Punch|p1a: Hadeda
|-damage|p1a: Hadeda|30/100 slp
|cant|p1a: Hadeda|slp
|
|-weather|Sandstorm|[upkeep]
|-damage|p2a: Chapignon|42/100|[from] Sandstorm
|-heal|p2a: Chapignon|49/100|[from] item: Leftovers
|-heal|p1a: Hadeda|36/100 slp|[from] item: Leftovers
|-damage|p1a: Hadeda|24/100 slp|[from] Leech Seed|[of] p2a: Chapignon
|-heal|p2a: Chapignon|66/100|[silent]
|upkeep
|turn|44
|
|t:|1728157953
|-singleturn|p2a: Chapignon|move: Focus Punch
|switch|p1a: Celebi|Celebi|30/100
|move|p2a: Chapignon|Focus Punch|p1a: Celebi
|-resisted|p1a: Celebi
|-damage|p1a: Celebi|0 fnt
|faint|p1a: Celebi
|
|t:|1728157957
|switch|p1a: Starmie|Starmie, shiny|41/100
|
|-weather|Sandstorm|[upkeep]
|-damage|p1a: Starmie|35/100|[from] Sandstorm
|-damage|p2a: Chapignon|60/100|[from] Sandstorm
|-heal|p1a: Starmie|41/100|[from] item: Leftovers
|-heal|p2a: Chapignon|66/100|[from] item: Leftovers
|upkeep
|turn|45
|
|t:|1728157965
|move|p1a: Starmie|Ice Beam|p2a: Chapignon
|-supereffective|p2a: Chapignon
|-damage|p2a: Chapignon|0 fnt
|faint|p2a: Chapignon
|
|t:|1728157967
|switch|p2a: Métalosse|Metagross, shiny|51/100 slp
|-damage|p2a: Métalosse|34/100 slp|[from] Spikes
|
|-weather|Sandstorm|[upkeep]
|-damage|p1a: Starmie|35/100|[from] Sandstorm
|-heal|p1a: Starmie|41/100|[from] item: Leftovers
|upkeep
|turn|46
|
|t:|1728157994
|move|p1a: Starmie|Hydro Pump|p2a: Métalosse|[miss]
|-miss|p1a: Starmie|p2a: Métalosse
|cant|p2a: Métalosse|slp
|
|-weather|Sandstorm|[upkeep]
|-damage|p1a: Starmie|35/100|[from] Sandstorm
|-heal|p1a: Starmie|41/100|[from] item: Leftovers
|upkeep
|turn|47
|
|t:|1728158000
|move|p1a: Starmie|Hydro Pump|p2a: Métalosse
|-damage|p2a: Métalosse|0 fnt
|faint|p2a: Métalosse
|
|win|jimothy non-subs
|c|☆jimothy non-subs|gg
|c|☆Lemon LC|gg
|player|p2|
|c|☆jimothy non-subs|why did metagross fail sleep talk

</script>
<script type="application/json" class="data" id="replaydata-smogtours-gen3ou-795148">
{"id":"smogtours-gen3ou-795148","format":"[Gen 3] OU","players":["jimothy non-subs","Lemon LC"],"uploadtime":1728158000,"views":138,"formatid":"gen3ou","rating":null,"private":0,"password":null}
</script>

<script defer src="js/replays.js?9d40a366"></script>
