<!DOCTYPE html>
<meta charset="utf-8" />
<meta name="viewport" content="width=device-width" />

<title>[Gen 3] OU: vbncvx vs. themessiah1 - Replays - Pok&eacute;mon Showdown!</title>

<meta name="description" content="Watch a replay of a Pok&eacute;mon battle between vbncvx and themessiah1! Format: [Gen 3] OU; Date: Nov 9, 2024" />
<!--

Hey, you! Looking in the source for the replay log?

You can find them in JSON format, just add `.json` at the end of a replay URL.

https://replay.pokemonshowdown.com/gen7randomdoublesbattle-865046831.json

Or, if you only need the log itself, add `.log` instead:

https://replay.pokemonshowdown.com/gen7randomdoublesbattle-865046831.log

-->

<link rel="stylesheet" href="//pokemonshowdown.com/style/global.css?0.023195364461161105" />
<link rel="stylesheet" href="//play.pokemonshowdown.com/style/font-awesome.css?0.13261647063804238" />
<link rel="stylesheet" href="//play.pokemonshowdown.com/style/battle.css?0.8753245789963631" />
<link rel="stylesheet" href="//play.pokemonshowdown.com/style/utilichart.css?0.8627959624976733" />

<!-- Global site tag (gtag.js) - Google Analytics -->
<script async src="https://www.googletagmanager.com/gtag/js?id=UA-26211653-1"></script>
<script>
  window.dataLayer = window.dataLayer || [];
  function gtag(){dataLayer.push(arguments);}
  gtag('js', new Date());

  gtag('config', 'UA-26211653-1');
</script>
<!-- End Google Analytics -->
<!-- Venatus Ad Manager - Install in <HEAD> of page -->
	<script src="https://hb.vntsm.com/v3/live/ad-manager.min.js" type="text/javascript" data-site-id="642aba63ec9a7b11c3c9c1be" data-mode="scan" async></script>
<!-- / Venatus Ad Manager -->

<style>
	@media (max-width:820px) {
		.battle {
			margin: 0 auto;
		}
		.battle-log {
			margin: 7px auto 0;
			max-width: 640px;
			height: 300px;
			position: static;
		}
	}
	.optgroup {
		display: inline-block;
		line-height: 22px;
		font-size: 10pt;
	}
	.optgroup .button {
		height: 25px;
		padding-top: 0;
		padding-bottom: 0;
	}
	.optgroup button.button {
		padding-left: 12px;
		padding-right: 12px;
	}
	.linklist {
		list-style: none;
		margin: 0.5em 0;
		padding: 0;
	}
	.linklist li {
		padding: 2px 0;
	}
	.sidebar {
		float: left;
		width: 320px;
	}
	.bar-wrapper {
		max-width: 1100px;
		margin: 0 auto;
	}
	.bar-wrapper.has-sidebar {
		max-width: 1430px;
	}
	.mainbar {
		margin: 0;
		padding-right: 1px;
	}
	.mainbar.has-sidebar {
		margin-left: 330px;
	}
	@media (min-width: 1511px) {
		.sidebar {
			width: 400px;
		}
		.bar-wrapper.has-sidebar {
			max-width: 1510px;
		}
		.mainbar.has-sidebar {
			margin-left: 410px;
		}
	}
	.section.first-section {
		margin-top: 9px;
	}
	.blocklink small {
		white-space: normal;
	}
	.button {
		vertical-align: middle;
	}
	.replay-controls {
		padding-top: 10px;
	}
	.replay-controls h1 {
		font-size: 16pt;
		font-weight: normal;
		color: #CCC;
	}
	.pagelink {
		text-align: center;
	}
	.pagelink a {
		width: 150px;
	}
	.textbox, .button {
		font-size: 11pt;
		vertical-align: middle;
	}
	@media (max-width: 450px) {
		.button {
			font-size: 9pt;
		}
	}
</style>

<div>

	<header>
		<div class="nav-wrapper"><ul class="nav">
			<li><a class="button nav-first" href="//pokemonshowdown.com/"><img src="//pokemonshowdown.com/images/pokemonshowdownbeta.png" srcset="//pokemonshowdown.com/images/pokemonshowdownbeta.png 1x, //pokemonshowdown.com/images/pokemonshowdownbeta@2x.png 2x" alt="Pok&eacute;mon Showdown" width="146" height="44" /> Home</a></li>
			<li><a class="button" href="//pokemonshowdown.com/dex/">Pok&eacute;dex</a></li>
			<li><a class="button cur" href="/">Replays</a></li>
			<li><a class="button" href="//pokemonshowdown.com/ladder/">Ladder</a></li>
			<li><a class="button nav-last" href="//pokemonshowdown.com/forums/">Forum</a></li>
			<li><a class="button greenbutton nav-first nav-last" href="//play.pokemonshowdown.com/">Play</a></li>
		</ul></div>
	</header>

	<div class="main" id="main">

		<noscript><section class="section">You need to enable JavaScript to use this page; sorry!</section></noscript>

	</div>

</div>

<script defer nomodule src="//play.pokemonshowdown.com/js/lib/ps-polyfill.js"></script>
<script defer src="//play.pokemonshowdown.com/js/lib/preact.min.js"></script>

<script defer src="//play.pokemonshowdown.com/config/config.js?2bddbc15"></script>
<script defer src="//play.pokemonshowdown.com/js/lib/jquery-1.11.0.min.js"></script>
<script defer src="//play.pokemonshowdown.com/js/lib/html-sanitizer-minified.js"></script>
<script defer src="//play.pokemonshowdown.com/js/battle-sound.js"></script>
<script defer src="//play.pokemonshowdown.com/js/battledata.js?0.7209276989879541"></script>
<script defer src="//play.pokemonshowdown.com/data/pokedex-mini.js?0.6111056340867951"></script>
<script defer src="//play.pokemonshowdown.com/data/pokedex-mini-bw.js?0.3532142036491459"></script>
<script defer src="//play.pokemonshowdown.com/data/graphics.js?0.24223875632456182"></script>
<script defer src="//play.pokemonshowdown.com/data/pokedex.js?0.38839984266356864"></script>
<script defer src="//play.pokemonshowdown.com/data/moves.js?0.21866028504024015"></script>
<script defer src="//play.pokemonshowdown.com/data/abilities.js?0.2005157953846628"></script>
<script defer src="//play.pokemonshowdown.com/data/items.js?0.9894211263848525"></script>
<script defer src="//play.pokemonshowdown.com/data/teambuilder-tables.js?0.6008791140282215"></script>
<script defer src="//play.pokemonshowdown.com/js/battle-tooltips.js?0.7580118955022959"></script>
<script defer src="//play.pokemonshowdown.com/js/battle.js?0.6057722274234274"></script>

<script defer src="js/utils.js?e31f9a17"></script>
<script defer src="js/replays-battle.js?7008c182"></script>

<!-- don't scrape this data! just add .json or .log after the URL!
Full API docs: https://github.com/smogon/pokemon-showdown-client/blob/master/WEB-API.md -->
<script type="text/plain" class="log" id="replaylog-smogtours-gen3ou-805476">
|inactive|Battle timer is ON: inactive players will automatically lose when time's up.
|t:|1731173801
|gametype|singles
|player|p1|vbncvx|265|
|player|p2|themessiah1|102|
|teamsize|p1|6
|teamsize|p2|6
|gen|3
|tier|[Gen 3] OU
|rule|Sleep Clause Mod: Limit one foe put to sleep
|rule|Switch Priority Clause Mod: Faster Pokémon switch first
|rule|Species Clause: Limit one of each Pokémon
|rule|OHKO Clause: OHKO moves are banned
|rule|Evasion Items Clause: Evasion items are banned
|rule|Evasion Moves Clause: Evasion moves are banned
|rule|Endless Battle Clause: Forcing endless battles is banned
|rule|HP Percentage Mod: HP is shown in percentages
|rule|One Boost Passer Clause: Limit one Baton Passer that has a way to boost its stats
|rule|Freeze Clause Mod: Limit one foe frozen
|
|t:|1731173801
|start
|switch|p1a: Metagross|Metagross|100/100
|switch|p2a: Zapdos|Zapdos|100/100
|turn|1
|
|t:|1731173807
|move|p2a: Zapdos|Substitute|p2a: Zapdos
|-start|p2a: Zapdos|Substitute
|-damage|p2a: Zapdos|76/100
|move|p1a: Metagross|Rock Slide|p2a: Zapdos
|-supereffective|p2a: Zapdos
|-crit|p2a: Zapdos
|-end|p2a: Zapdos|Substitute
|
|-heal|p2a: Zapdos|82/100|[from] item: Leftovers
|upkeep
|turn|2
|
|t:|1731173817
|move|p2a: Zapdos|Baton Pass|p2a: Zapdos
|inactive|themessiah1 has 270 seconds left.
|inactive|themessiah1 has 240 seconds left.
|
|t:|1731173895
|switch|p2a: Breloom|Breloom, F|100/100|[from] Baton Pass
|move|p1a: Metagross|Rock Slide|p2a: Breloom
|-resisted|p2a: Breloom
|-damage|p2a: Breloom|72/100
|
|-heal|p2a: Breloom|78/100|[from] item: Leftovers
|upkeep
|turn|3
|
|t:|1731173925
|move|p1a: Metagross|Rock Slide|p2a: Breloom
|-resisted|p2a: Breloom
|-damage|p2a: Breloom|50/100
|move|p2a: Breloom|Spore|p1a: Metagross
|-status|p1a: Metagross|slp|[from] move: Spore
|
|-heal|p2a: Breloom|56/100|[from] item: Leftovers
|upkeep
|turn|4
|inactive|themessiah1 has 240 seconds left.
|
|t:|1731173931
|switch|p1a: Salamence|Salamence, F|100/100
|-ability|p1a: Salamence|Intimidate|boost
|-unboost|p2a: Breloom|atk|1
|move|p2a: Breloom|Stun Spore|p1a: Salamence|[miss]
|-miss|p2a: Breloom|p1a: Salamence
|
|-heal|p2a: Breloom|62/100|[from] item: Leftovers
|upkeep
|turn|5
|c|☆vbncvx|mb
|
|t:|1731173941
|switch|p2a: Swampert|Swampert, M|100/100
|move|p1a: Salamence|Hidden Power|p2a: Swampert
|-damage|p2a: Swampert|71/100
|
|-heal|p2a: Swampert|77/100|[from] item: Leftovers
|upkeep
|turn|6
|inactive|themessiah1 has 240 seconds left.
|
|t:|1731173981
|switch|p1a: Suicune|Suicune|100/100
|switch|p2a: Tyranitar|Tyranitar, M|100/100
|-weather|Sandstorm|[from] ability: Sand Stream|[of] p2a: Tyranitar
|
|-weather|Sandstorm|[upkeep]
|-damage|p1a: Suicune|94/100|[from] Sandstorm
|-heal|p1a: Suicune|100/100|[from] item: Leftovers
|upkeep
|turn|7
|
|t:|1731173995
|switch|p2a: Starmie|Starmie|100/100
|move|p1a: Suicune|Surf|p2a: Starmie
|-resisted|p2a: Starmie
|-damage|p2a: Starmie|80/100
|
|-weather|Sandstorm|[upkeep]
|-damage|p2a: Starmie|74/100|[from] Sandstorm
|-damage|p1a: Suicune|94/100|[from] Sandstorm
|-heal|p2a: Starmie|80/100|[from] item: Leftovers
|-heal|p1a: Suicune|100/100|[from] item: Leftovers
|upkeep
|turn|8
|
|t:|1731174006
|switch|p1a: Snorlax|Snorlax, F|100/100
|move|p2a: Starmie|Thunder Wave|p1a: Snorlax
|-status|p1a: Snorlax|par
|
|-weather|Sandstorm|[upkeep]
|-damage|p2a: Starmie|74/100|[from] Sandstorm
|-damage|p1a: Snorlax|94/100 par|[from] Sandstorm
|-heal|p2a: Starmie|80/100|[from] item: Leftovers
|-heal|p1a: Snorlax|100/100 par|[from] item: Leftovers
|upkeep
|turn|9
|inactive|themessiah1 has 210 seconds left.
|
|t:|1731174036
|-singleturn|p1a: Snorlax|move: Focus Punch
|switch|p2a: Jirachi|Jirachi|100/100
|move|p1a: Snorlax|Focus Punch|p2a: Jirachi
|-damage|p2a: Jirachi|61/100
|
|-weather|Sandstorm|[upkeep]
|-damage|p1a: Snorlax|94/100 par|[from] Sandstorm
|-heal|p2a: Jirachi|68/100|[from] item: Leftovers
|-heal|p1a: Snorlax|100/100 par|[from] item: Leftovers
|upkeep
|turn|10
|
|t:|1731174050
|switch|p1a: Tyranitar|Tyranitar, F|100/100
|move|p2a: Jirachi|Wish|p2a: Jirachi
|
|-weather|Sandstorm|[upkeep]
|-heal|p2a: Jirachi|74/100|[from] item: Leftovers
|upkeep
|turn|11
|
|t:|1731174072
|switch|p2a: Zapdos|Zapdos|82/100
|move|p1a: Tyranitar|Fire Blast|p2a: Zapdos|[miss]
|-miss|p1a: Tyranitar|p2a: Zapdos
|
|-heal|p2a: Zapdos|100/100|[from] move: Wish|[wisher] Jirachi
|-weather|Sandstorm|[upkeep]
|-damage|p2a: Zapdos|94/100|[from] Sandstorm
|-heal|p2a: Zapdos|100/100|[from] item: Leftovers
|upkeep
|turn|12
|inactive|themessiah1 has 180 seconds left.
|
|t:|1731174106
|move|p2a: Zapdos|Hidden Power|p1a: Tyranitar
|-supereffective|p1a: Tyranitar
|-damage|p1a: Tyranitar|68/100
|move|p1a: Tyranitar|Crunch|p2a: Zapdos
|-crit|p2a: Zapdos
|-damage|p2a: Zapdos|40/100
|
|-weather|Sandstorm|[upkeep]
|-damage|p2a: Zapdos|34/100|[from] Sandstorm
|-heal|p2a: Zapdos|40/100|[from] item: Leftovers
|-heal|p1a: Tyranitar|74/100|[from] item: Leftovers
|upkeep
|turn|13
|inactive|themessiah1 has 150 seconds left.
|inactive|themessiah1 has 120 seconds left.
|
|t:|1731174176
|move|p2a: Zapdos|Thunderbolt|p1a: Tyranitar
|-damage|p1a: Tyranitar|37/100
|move|p1a: Tyranitar|Fire Blast|p2a: Zapdos|[miss]
|-miss|p1a: Tyranitar|p2a: Zapdos
|
|-weather|Sandstorm|[upkeep]
|-damage|p2a: Zapdos|34/100|[from] Sandstorm
|-heal|p2a: Zapdos|40/100|[from] item: Leftovers
|-heal|p1a: Tyranitar|44/100|[from] item: Leftovers
|upkeep
|turn|14
|inactive|themessiah1 has 120 seconds left.
|
|t:|1731174190
|move|p2a: Zapdos|Thunderbolt|p1a: Tyranitar
|-damage|p1a: Tyranitar|9/100
|move|p1a: Tyranitar|Crunch|p2a: Zapdos
|-damage|p2a: Zapdos|8/100
|
|-weather|Sandstorm|[upkeep]
|-damage|p2a: Zapdos|2/100|[from] Sandstorm
|-heal|p2a: Zapdos|8/100|[from] item: Leftovers
|-heal|p1a: Tyranitar|16/100|[from] item: Leftovers
|upkeep
|turn|15
|inactive|themessiah1 has 120 seconds left.
|
|t:|1731174207
|move|p2a: Zapdos|Hidden Power|p1a: Tyranitar
|-supereffective|p1a: Tyranitar
|-damage|p1a: Tyranitar|0 fnt
|faint|p1a: Tyranitar
|
|t:|1731174213
|switch|p1a: Snorlax|Snorlax, F|100/100 par
|
|-weather|Sandstorm|[upkeep]
|-damage|p2a: Zapdos|2/100|[from] Sandstorm
|-damage|p1a: Snorlax|94/100 par|[from] Sandstorm
|-heal|p2a: Zapdos|8/100|[from] item: Leftovers
|-heal|p1a: Snorlax|100/100 par|[from] item: Leftovers
|upkeep
|turn|16
|inactive|themessiah1 has 120 seconds left.
|
|t:|1731174239
|move|p2a: Zapdos|Baton Pass|p2a: Zapdos
|
|t:|1731174240
|switch|p2a: Jirachi|Jirachi|74/100|[from] Baton Pass
|move|p1a: Snorlax|Body Slam|p2a: Jirachi
|-resisted|p2a: Jirachi
|-damage|p2a: Jirachi|59/100
|
|-weather|Sandstorm|[upkeep]
|-damage|p1a: Snorlax|94/100 par|[from] Sandstorm
|-heal|p2a: Jirachi|66/100|[from] item: Leftovers
|-heal|p1a: Snorlax|100/100 par|[from] item: Leftovers
|upkeep
|turn|17
|inactive|themessiah1 has 120 seconds left.
|
|t:|1731174254
|move|p2a: Jirachi|Body Slam|p1a: Snorlax
|-damage|p1a: Snorlax|83/100 par
|cant|p1a: Snorlax|par
|
|-weather|Sandstorm|[upkeep]
|-damage|p1a: Snorlax|77/100 par|[from] Sandstorm
|-heal|p2a: Jirachi|72/100|[from] item: Leftovers
|-heal|p1a: Snorlax|83/100 par|[from] item: Leftovers
|upkeep
|turn|18
|
|t:|1731174257
|move|p2a: Jirachi|Body Slam|p1a: Snorlax
|-crit|p1a: Snorlax
|-damage|p1a: Snorlax|51/100 par
|cant|p1a: Snorlax|par
|
|-weather|Sandstorm|[upkeep]
|-damage|p1a: Snorlax|45/100 par|[from] Sandstorm
|-heal|p2a: Jirachi|78/100|[from] item: Leftovers
|-heal|p1a: Snorlax|51/100 par|[from] item: Leftovers
|upkeep
|turn|19
|
|t:|1731174259
|move|p2a: Jirachi|Body Slam|p1a: Snorlax
|-damage|p1a: Snorlax|34/100 par
|move|p1a: Snorlax|Curse|p1a: Snorlax
|-unboost|p1a: Snorlax|spe|1
|-boost|p1a: Snorlax|atk|1
|-boost|p1a: Snorlax|def|1
|
|-weather|Sandstorm|[upkeep]
|-damage|p1a: Snorlax|28/100 par|[from] Sandstorm
|-heal|p2a: Jirachi|84/100|[from] item: Leftovers
|-heal|p1a: Snorlax|34/100 par|[from] item: Leftovers
|upkeep
|turn|20
|
|t:|1731174266
|move|p2a: Jirachi|Body Slam|p1a: Snorlax
|-damage|p1a: Snorlax|23/100 par
|cant|p1a: Snorlax|par
|
|-weather|Sandstorm|[upkeep]
|-damage|p1a: Snorlax|17/100 par|[from] Sandstorm
|-heal|p2a: Jirachi|90/100|[from] item: Leftovers
|-heal|p1a: Snorlax|23/100 par|[from] item: Leftovers
|upkeep
|turn|21
|inactive|themessiah1 has 150 seconds left.
|inactive|themessiah1 has 120 seconds left.
|
|t:|1731174305
|move|p2a: Jirachi|Protect|p2a: Jirachi
|-singleturn|p2a: Jirachi|Protect
|move|p1a: Snorlax|Self-Destruct|p2a: Jirachi
|-activate|p2a: Jirachi|Protect
|faint|p1a: Snorlax
|
|t:|1731174322
|switch|p1a: Metagross|Metagross|100/100 slp
|
|-weather|Sandstorm|[upkeep]
|-heal|p2a: Jirachi|97/100|[from] item: Leftovers
|upkeep
|turn|22
|inactive|themessiah1 has 120 seconds left.
|
|t:|1731174344
|move|p2a: Jirachi|Fire Punch|p1a: Metagross
|-supereffective|p1a: Metagross
|-damage|p1a: Metagross|61/100 slp
|cant|p1a: Metagross|slp
|
|-weather|Sandstorm|[upkeep]
|-heal|p2a: Jirachi|100/100|[from] item: Leftovers
|upkeep
|turn|23
|
|t:|1731174352
|move|p2a: Jirachi|Fire Punch|p1a: Metagross
|-supereffective|p1a: Metagross
|-damage|p1a: Metagross|24/100 slp
|cant|p1a: Metagross|slp
|
|-weather|Sandstorm|[upkeep]
|upkeep
|turn|24
|
|t:|1731174357
|switch|p1a: Suicune|Suicune|100/100
|move|p2a: Jirachi|Fire Punch|p1a: Suicune
|-resisted|p1a: Suicune
|-damage|p1a: Suicune|95/100
|-status|p1a: Suicune|brn
|
|-weather|Sandstorm|[upkeep]
|-damage|p1a: Suicune|88/100 brn|[from] Sandstorm
|-heal|p1a: Suicune|95/100 brn|[from] item: Leftovers
|-damage|p1a: Suicune|82/100 brn|[from] brn
|upkeep
|turn|25
|
|t:|1731174368
|switch|p1a: Claydol|Claydol|100/100
|move|p2a: Jirachi|Body Slam|p1a: Claydol
|-damage|p1a: Claydol|79/100
|
|-weather|Sandstorm|[upkeep]
|-heal|p1a: Claydol|85/100|[from] item: Leftovers
|upkeep
|turn|26
|
|t:|1731174379
|switch|p2a: Starmie|Starmie|80/100
|move|p1a: Claydol|Earthquake|p2a: Starmie
|-damage|p2a: Starmie|43/100
|
|-weather|Sandstorm|[upkeep]
|-damage|p2a: Starmie|36/100|[from] Sandstorm
|-heal|p2a: Starmie|43/100|[from] item: Leftovers
|-heal|p1a: Claydol|91/100|[from] item: Leftovers
|upkeep
|turn|27
|
|t:|1731174385
|switch|p1a: Suicune|Suicune|82/100 brn
|move|p2a: Starmie|Recover|p2a: Starmie
|-heal|p2a: Starmie|92/100
|
|-weather|Sandstorm|[upkeep]
|-damage|p2a: Starmie|86/100|[from] Sandstorm
|-damage|p1a: Suicune|76/100 brn|[from] Sandstorm
|-heal|p2a: Starmie|92/100|[from] item: Leftovers
|-heal|p1a: Suicune|82/100 brn|[from] item: Leftovers
|-damage|p1a: Suicune|70/100 brn|[from] brn
|upkeep
|turn|28
|inactive|themessiah1 has 150 seconds left.
|inactive|themessiah1 has 120 seconds left.
|
|t:|1731174431
|switch|p2a: Tyranitar|Tyranitar, M|100/100
|move|p1a: Suicune|Calm Mind|p1a: Suicune
|-boost|p1a: Suicune|spa|1
|-boost|p1a: Suicune|spd|1
|
|-weather|Sandstorm|[upkeep]
|-damage|p1a: Suicune|64/100 brn|[from] Sandstorm
|-heal|p1a: Suicune|70/100 brn|[from] item: Leftovers
|-damage|p1a: Suicune|57/100 brn|[from] brn
|upkeep
|turn|29
|
|t:|1731174437
|move|p1a: Suicune|Surf|p2a: Tyranitar
|-supereffective|p2a: Tyranitar
|-damage|p2a: Tyranitar|8/100
|move|p2a: Tyranitar|Dragon Dance|p2a: Tyranitar
|-boost|p2a: Tyranitar|atk|1
|-boost|p2a: Tyranitar|spe|1
|
|-weather|Sandstorm|[upkeep]
|-damage|p1a: Suicune|51/100 brn|[from] Sandstorm
|-heal|p1a: Suicune|57/100 brn|[from] item: Leftovers
|-damage|p1a: Suicune|45/100 brn|[from] brn
|upkeep
|turn|30
|
|t:|1731174441
|move|p2a: Tyranitar|Rock Slide|p1a: Suicune
|-damage|p1a: Suicune|0 fnt
|faint|p1a: Suicune
|
|t:|1731174448
|switch|p1a: Claydol|Claydol|91/100
|
|-weather|Sandstorm|[upkeep]
|-heal|p1a: Claydol|97/100|[from] item: Leftovers
|upkeep
|turn|31
|
|t:|1731174453
|move|p2a: Tyranitar|Hidden Power|p1a: Claydol
|-supereffective|p1a: Claydol
|-damage|p1a: Claydol|14/100
|move|p1a: Claydol|Earthquake|p2a: Tyranitar
|-supereffective|p2a: Tyranitar
|-damage|p2a: Tyranitar|0 fnt
|faint|p2a: Tyranitar
|
|t:|1731174472
|switch|p2a: Zapdos|Zapdos|8/100
|
|-weather|Sandstorm|[upkeep]
|-damage|p2a: Zapdos|2/100|[from] Sandstorm
|-heal|p2a: Zapdos|8/100|[from] item: Leftovers
|-heal|p1a: Claydol|20/100|[from] item: Leftovers
|upkeep
|turn|32
|
|t:|1731174480
|move|p2a: Zapdos|Hidden Power|p1a: Claydol
|-supereffective|p1a: Claydol
|-damage|p1a: Claydol|0 fnt
|faint|p1a: Claydol
|
|t:|1731174484
|switch|p1a: Salamence|Salamence, F|100/100
|-ability|p1a: Salamence|Intimidate|boost
|-unboost|p2a: Zapdos|atk|1
|
|-weather|Sandstorm|[upkeep]
|-damage|p2a: Zapdos|2/100|[from] Sandstorm
|-damage|p1a: Salamence|94/100|[from] Sandstorm
|-heal|p2a: Zapdos|8/100|[from] item: Leftovers
|-heal|p1a: Salamence|100/100|[from] item: Leftovers
|upkeep
|turn|33
|
|t:|1731174486
|move|p2a: Zapdos|Baton Pass|p2a: Zapdos
|
|t:|1731174489
|switch|p2a: Swampert|Swampert, M|77/100|[from] Baton Pass
|move|p1a: Salamence|Dragon Dance|p1a: Salamence
|-boost|p1a: Salamence|atk|1
|-boost|p1a: Salamence|spe|1
|
|-weather|Sandstorm|[upkeep]
|-damage|p1a: Salamence|94/100|[from] Sandstorm
|-heal|p1a: Salamence|100/100|[from] item: Leftovers
|-heal|p2a: Swampert|83/100|[from] item: Leftovers
|upkeep
|turn|34
|
|t:|1731174493
|move|p1a: Salamence|Hidden Power|p2a: Swampert
|-damage|p2a: Swampert|43/100
|move|p2a: Swampert|Ice Beam|p1a: Salamence
|-supereffective|p1a: Salamence
|-damage|p1a: Salamence|5/100
|
|-weather|Sandstorm|[upkeep]
|-damage|p1a: Salamence|0 fnt|[from] Sandstorm
|faint|p1a: Salamence
|-heal|p2a: Swampert|49/100|[from] item: Leftovers
|upkeep
|c|☆vbncvx|gg
|c|☆themessiah1|gg
|-message|vbncvx forfeited.
|
|win|themessiah1
|player|p1|
|player|p1|vbncvx|265|
|player|p2|
|player|p1|
|player|p2|themessiah1|102|

</script>
<script type="application/json" class="data" id="replaydata-smogtours-gen3ou-805476">
{"id":"smogtours-gen3ou-805476","format":"[Gen 3] OU","players":["vbncvx","themessiah1"],"uploadtime":1731174507,"views":23,"formatid":"gen3ou","rating":null,"private":0,"password":null}
</script>

<script defer src="js/replays.js?9d40a366"></script>
