<!DOCTYPE html>
<meta charset="utf-8" />
<meta name="viewport" content="width=device-width" />

<title>[Gen 3] OU: yyyyyfyyyyy vs. xDeacon - Replays - Pok&eacute;mon Showdown!</title>

<meta name="description" content="Watch a replay of a Pok&eacute;mon battle between yyyyyfyyyyy and xDeacon! Format: [Gen 3] OU; Date: Oct 29, 2024" />
<!--

Hey, you! Looking in the source for the replay log?

You can find them in JSON format, just add `.json` at the end of a replay URL.

https://replay.pokemonshowdown.com/gen7randomdoublesbattle-865046831.json

Or, if you only need the log itself, add `.log` instead:

https://replay.pokemonshowdown.com/gen7randomdoublesbattle-865046831.log

-->

<link rel="stylesheet" href="//pokemonshowdown.com/style/global.css?0.023195364461161105" />
<link rel="stylesheet" href="//play.pokemonshowdown.com/style/font-awesome.css?0.13261647063804238" />
<link rel="stylesheet" href="//play.pokemonshowdown.com/style/battle.css?0.8753245789963631" />
<link rel="stylesheet" href="//play.pokemonshowdown.com/style/utilichart.css?0.8627959624976733" />

<!-- Global site tag (gtag.js) - Google Analytics -->
<script async src="https://www.googletagmanager.com/gtag/js?id=UA-26211653-1"></script>
<script>
  window.dataLayer = window.dataLayer || [];
  function gtag(){dataLayer.push(arguments);}
  gtag('js', new Date());

  gtag('config', 'UA-26211653-1');
</script>
<!-- End Google Analytics -->
<!-- Venatus Ad Manager - Install in <HEAD> of page -->
	<script src="https://hb.vntsm.com/v3/live/ad-manager.min.js" type="text/javascript" data-site-id="642aba63ec9a7b11c3c9c1be" data-mode="scan" async></script>
<!-- / Venatus Ad Manager -->

<style>
	@media (max-width:820px) {
		.battle {
			margin: 0 auto;
		}
		.battle-log {
			margin: 7px auto 0;
			max-width: 640px;
			height: 300px;
			position: static;
		}
	}
	.optgroup {
		display: inline-block;
		line-height: 22px;
		font-size: 10pt;
	}
	.optgroup .button {
		height: 25px;
		padding-top: 0;
		padding-bottom: 0;
	}
	.optgroup button.button {
		padding-left: 12px;
		padding-right: 12px;
	}
	.linklist {
		list-style: none;
		margin: 0.5em 0;
		padding: 0;
	}
	.linklist li {
		padding: 2px 0;
	}
	.sidebar {
		float: left;
		width: 320px;
	}
	.bar-wrapper {
		max-width: 1100px;
		margin: 0 auto;
	}
	.bar-wrapper.has-sidebar {
		max-width: 1430px;
	}
	.mainbar {
		margin: 0;
		padding-right: 1px;
	}
	.mainbar.has-sidebar {
		margin-left: 330px;
	}
	@media (min-width: 1511px) {
		.sidebar {
			width: 400px;
		}
		.bar-wrapper.has-sidebar {
			max-width: 1510px;
		}
		.mainbar.has-sidebar {
			margin-left: 410px;
		}
	}
	.section.first-section {
		margin-top: 9px;
	}
	.blocklink small {
		white-space: normal;
	}
	.button {
		vertical-align: middle;
	}
	.replay-controls {
		padding-top: 10px;
	}
	.replay-controls h1 {
		font-size: 16pt;
		font-weight: normal;
		color: #CCC;
	}
	.pagelink {
		text-align: center;
	}
	.pagelink a {
		width: 150px;
	}
	.textbox, .button {
		font-size: 11pt;
		vertical-align: middle;
	}
	@media (max-width: 450px) {
		.button {
			font-size: 9pt;
		}
	}
</style>

<div>

	<header>
		<div class="nav-wrapper"><ul class="nav">
			<li><a class="button nav-first" href="//pokemonshowdown.com/"><img src="//pokemonshowdown.com/images/pokemonshowdownbeta.png" srcset="//pokemonshowdown.com/images/pokemonshowdownbeta.png 1x, //pokemonshowdown.com/images/pokemonshowdownbeta@2x.png 2x" alt="Pok&eacute;mon Showdown" width="146" height="44" /> Home</a></li>
			<li><a class="button" href="//pokemonshowdown.com/dex/">Pok&eacute;dex</a></li>
			<li><a class="button cur" href="/">Replays</a></li>
			<li><a class="button" href="//pokemonshowdown.com/ladder/">Ladder</a></li>
			<li><a class="button nav-last" href="//pokemonshowdown.com/forums/">Forum</a></li>
			<li><a class="button greenbutton nav-first nav-last" href="//play.pokemonshowdown.com/">Play</a></li>
		</ul></div>
	</header>

	<div class="main" id="main">

		<noscript><section class="section">You need to enable JavaScript to use this page; sorry!</section></noscript>

	</div>

</div>

<script defer nomodule src="//play.pokemonshowdown.com/js/lib/ps-polyfill.js"></script>
<script defer src="//play.pokemonshowdown.com/js/lib/preact.min.js"></script>

<script defer src="//play.pokemonshowdown.com/config/config.js?2bddbc15"></script>
<script defer src="//play.pokemonshowdown.com/js/lib/jquery-1.11.0.min.js"></script>
<script defer src="//play.pokemonshowdown.com/js/lib/html-sanitizer-minified.js"></script>
<script defer src="//play.pokemonshowdown.com/js/battle-sound.js"></script>
<script defer src="//play.pokemonshowdown.com/js/battledata.js?0.7209276989879541"></script>
<script defer src="//play.pokemonshowdown.com/data/pokedex-mini.js?0.6111056340867951"></script>
<script defer src="//play.pokemonshowdown.com/data/pokedex-mini-bw.js?0.3532142036491459"></script>
<script defer src="//play.pokemonshowdown.com/data/graphics.js?0.24223875632456182"></script>
<script defer src="//play.pokemonshowdown.com/data/pokedex.js?0.38839984266356864"></script>
<script defer src="//play.pokemonshowdown.com/data/moves.js?0.21866028504024015"></script>
<script defer src="//play.pokemonshowdown.com/data/abilities.js?0.2005157953846628"></script>
<script defer src="//play.pokemonshowdown.com/data/items.js?0.9894211263848525"></script>
<script defer src="//play.pokemonshowdown.com/data/teambuilder-tables.js?0.6008791140282215"></script>
<script defer src="//play.pokemonshowdown.com/js/battle-tooltips.js?0.7580118955022959"></script>
<script defer src="//play.pokemonshowdown.com/js/battle.js?0.6057722274234274"></script>

<script defer src="js/utils.js?e31f9a17"></script>
<script defer src="js/replays-battle.js?7008c182"></script>

<!-- don't scrape this data! just add .json or .log after the URL!
Full API docs: https://github.com/smogon/pokemon-showdown-client/blob/master/WEB-API.md -->
<script type="text/plain" class="log" id="replaylog-smogtours-gen3ou-803278">
|inactive|Battle timer is ON: inactive players will automatically lose when time's up.
|t:|1730231367
|gametype|singles
|player|p1|yyyyyfyyyyy|102|
|player|p2|xDeacon|fisherman-gen4|
|teamsize|p1|6
|teamsize|p2|6
|gen|3
|tier|[Gen 3] OU
|rule|Sleep Clause Mod: Limit one foe put to sleep
|rule|Switch Priority Clause Mod: Faster Pokémon switch first
|rule|Species Clause: Limit one of each Pokémon
|rule|OHKO Clause: OHKO moves are banned
|rule|Evasion Items Clause: Evasion items are banned
|rule|Evasion Moves Clause: Evasion moves are banned
|rule|Endless Battle Clause: Forcing endless battles is banned
|rule|HP Percentage Mod: HP is shown in percentages
|rule|One Boost Passer Clause: Limit one Baton Passer that has a way to boost its stats
|rule|Freeze Clause Mod: Limit one foe frozen
|
|t:|1730231367
|start
|switch|p1a: Salamence|Salamence, M|100/100
|switch|p2a: Salamence|Salamence, M|100/100
|-ability|p1a: Salamence|Intimidate|boost
|-unboost|p2a: Salamence|atk|1
|-ability|p2a: Salamence|Intimidate|boost
|-unboost|p1a: Salamence|atk|1
|turn|1
|
|t:|1730231382
|switch|p2a: Blissey|Blissey, F|100/100
|move|p1a: Salamence|Dragon Claw|p2a: Blissey
|-damage|p2a: Blissey|84/100
|
|-heal|p2a: Blissey|90/100|[from] item: Leftovers
|upkeep
|turn|2
|
|t:|1730231392
|switch|p1a: Forretress|Forretress, M|100/100
|move|p2a: Blissey|Thunder Wave|p1a: Forretress
|-status|p1a: Forretress|par
|
|-heal|p2a: Blissey|96/100|[from] item: Leftovers
|upkeep
|turn|3
|
|t:|1730231401
|switch|p2a: Jirachi|Jirachi|100/100
|move|p1a: Forretress|Spikes|p2a: Jirachi
|-sidestart|p2: xDeacon|Spikes
|
|upkeep
|turn|4
|
|t:|1730231411
|switch|p1a: Salamence|Salamence, M|100/100
|-ability|p1a: Salamence|Intimidate|boost
|-unboost|p2a: Jirachi|atk|1
|move|p2a: Jirachi|Fire Punch|p1a: Salamence
|-resisted|p1a: Salamence
|-damage|p1a: Salamence|89/100
|-status|p1a: Salamence|brn
|
|-heal|p1a: Salamence|95/100 brn|[from] item: Leftovers
|-damage|p1a: Salamence|82/100 brn|[from] brn
|upkeep
|turn|5
|
|t:|1730231425
|switch|p1a: Tyranitar|Tyranitar, F|100/100
|-weather|Sandstorm|[from] ability: Sand Stream|[of] p1a: Tyranitar
|move|p2a: Jirachi|Protect||[still]
|-fail|p2a: Jirachi
|
|-weather|Sandstorm|[upkeep]
|upkeep
|turn|6
|
|t:|1730231443
|move|p2a: Jirachi|Toxic|p1a: Tyranitar
|-status|p1a: Tyranitar|tox
|-enditem|p1a: Tyranitar|Lum Berry|[eat]
|-curestatus|p1a: Tyranitar|tox|[msg]
|move|p1a: Tyranitar|Rock Slide|p2a: Jirachi
|-resisted|p2a: Jirachi
|-damage|p2a: Jirachi|88/100
|
|-weather|Sandstorm|[upkeep]
|-heal|p2a: Jirachi|95/100|[from] item: Leftovers
|upkeep
|turn|7
|
|t:|1730231461
|move|p2a: Jirachi|Toxic|p1a: Tyranitar
|-status|p1a: Tyranitar|tox
|move|p1a: Tyranitar|Earthquake|p2a: Jirachi
|-supereffective|p2a: Jirachi
|-crit|p2a: Jirachi
|-damage|p2a: Jirachi|6/100
|
|-weather|Sandstorm|[upkeep]
|-heal|p2a: Jirachi|12/100|[from] item: Leftovers
|-damage|p1a: Tyranitar|94/100 tox|[from] psn
|upkeep
|turn|8
|
|t:|1730231469
|move|p2a: Jirachi|Protect|p2a: Jirachi
|-singleturn|p2a: Jirachi|Protect
|move|p1a: Tyranitar|Dragon Dance|p1a: Tyranitar
|-boost|p1a: Tyranitar|atk|1
|-boost|p1a: Tyranitar|spe|1
|
|-weather|Sandstorm|[upkeep]
|-damage|p1a: Tyranitar|82/100 tox|[from] psn
|-heal|p2a: Jirachi|19/100|[from] item: Leftovers
|upkeep
|turn|9
|
|t:|1730231491
|switch|p2a: Salamence|Salamence, M|100/100
|-ability|p2a: Salamence|Intimidate|boost
|-unboost|p1a: Tyranitar|atk|1
|move|p1a: Tyranitar|Hidden Power|p2a: Salamence
|-resisted|p2a: Salamence
|-damage|p2a: Salamence|87/100
|
|-weather|Sandstorm|[upkeep]
|-damage|p2a: Salamence|81/100|[from] Sandstorm
|-damage|p1a: Tyranitar|64/100 tox|[from] psn
|-heal|p2a: Salamence|87/100|[from] item: Leftovers
|upkeep
|turn|10
|
|t:|1730231508
|move|p1a: Tyranitar|Rock Slide|p2a: Salamence
|-supereffective|p2a: Salamence
|-damage|p2a: Salamence|7/100
|move|p2a: Salamence|Brick Break|p1a: Tyranitar
|-supereffective|p1a: Tyranitar
|-damage|p1a: Tyranitar|0 fnt
|faint|p1a: Tyranitar
|
|t:|1730231524
|switch|p1a: Starmie|Starmie|100/100
|
|-weather|Sandstorm|[upkeep]
|-damage|p1a: Starmie|94/100|[from] Sandstorm
|-damage|p2a: Salamence|1/100|[from] Sandstorm
|-heal|p1a: Starmie|100/100|[from] item: Leftovers
|-heal|p2a: Salamence|7/100|[from] item: Leftovers
|upkeep
|turn|11
|
|t:|1730231529
|move|p1a: Starmie|Ice Beam|p2a: Salamence
|-supereffective|p2a: Salamence
|-damage|p2a: Salamence|0 fnt
|faint|p2a: Salamence
|
|t:|1730231547
|switch|p2a: Blissey|Blissey, F|96/100
|-damage|p2a: Blissey|84/100|[from] Spikes
|
|-weather|Sandstorm|[upkeep]
|-damage|p1a: Starmie|94/100|[from] Sandstorm
|-damage|p2a: Blissey|78/100|[from] Sandstorm
|-heal|p1a: Starmie|100/100|[from] item: Leftovers
|-heal|p2a: Blissey|84/100|[from] item: Leftovers
|upkeep
|turn|12
|
|t:|1730231553
|move|p1a: Starmie|Hydro Pump|p2a: Blissey
|-damage|p2a: Blissey|65/100
|move|p2a: Blissey|Seismic Toss|p1a: Starmie
|-damage|p1a: Starmie|62/100
|
|-weather|Sandstorm|[upkeep]
|-damage|p1a: Starmie|56/100|[from] Sandstorm
|-damage|p2a: Blissey|59/100|[from] Sandstorm
|-heal|p1a: Starmie|62/100|[from] item: Leftovers
|-heal|p2a: Blissey|65/100|[from] item: Leftovers
|upkeep
|turn|13
|
|t:|1730231565
|switch|p1a: Celebi|Celebi|100/100
|move|p2a: Blissey|Soft-Boiled|p2a: Blissey
|-heal|p2a: Blissey|100/100
|
|-weather|Sandstorm|[upkeep]
|-damage|p1a: Celebi|94/100|[from] Sandstorm
|-damage|p2a: Blissey|94/100|[from] Sandstorm
|-heal|p1a: Celebi|100/100|[from] item: Leftovers
|-heal|p2a: Blissey|100/100|[from] item: Leftovers
|upkeep
|turn|14
|
|t:|1730231582
|switch|p2a: Tyranitar|Tyranitar, F|100/100
|-damage|p2a: Tyranitar|88/100|[from] Spikes
|move|p1a: Celebi|Leech Seed|p2a: Tyranitar|[miss]
|-miss|p1a: Celebi|p2a: Tyranitar
|
|-weather|Sandstorm|[upkeep]
|-damage|p1a: Celebi|94/100|[from] Sandstorm
|-heal|p1a: Celebi|100/100|[from] item: Leftovers
|-heal|p2a: Tyranitar|94/100|[from] item: Leftovers
|upkeep
|turn|15
|
|t:|1730231589
|move|p1a: Celebi|Baton Pass|p1a: Celebi
|
|t:|1730231593
|switch|p1a: Forretress|Forretress, M|100/100 par|[from] Baton Pass
|move|p2a: Tyranitar|Crunch|p1a: Forretress
|-resisted|p1a: Forretress
|-damage|p1a: Forretress|82/100 par
|
|-weather|Sandstorm|[upkeep]
|-heal|p2a: Tyranitar|99/100|[from] item: Leftovers
|-heal|p1a: Forretress|88/100 par|[from] item: Leftovers
|upkeep
|turn|16
|
|t:|1730231602
|switch|p1a: Salamence|Salamence, M|82/100 brn
|-ability|p1a: Salamence|Intimidate|boost
|-unboost|p2a: Tyranitar|atk|1
|move|p2a: Tyranitar|Fire Blast|p1a: Salamence
|-resisted|p1a: Salamence
|-damage|p1a: Salamence|59/100 brn
|
|-weather|Sandstorm|[upkeep]
|-damage|p1a: Salamence|53/100 brn|[from] Sandstorm
|-heal|p1a: Salamence|59/100 brn|[from] item: Leftovers
|-damage|p1a: Salamence|46/100 brn|[from] brn
|-heal|p2a: Tyranitar|100/100|[from] item: Leftovers
|upkeep
|turn|17
|
|t:|1730231621
|switch|p2a: Blissey|Blissey, F|100/100
|-damage|p2a: Blissey|88/100|[from] Spikes
|move|p1a: Salamence|Hidden Power|p2a: Blissey
|-damage|p2a: Blissey|80/100
|
|-weather|Sandstorm|[upkeep]
|-damage|p1a: Salamence|40/100 brn|[from] Sandstorm
|-damage|p2a: Blissey|74/100|[from] Sandstorm
|-heal|p1a: Salamence|46/100 brn|[from] item: Leftovers
|-damage|p1a: Salamence|34/100 brn|[from] brn
|-heal|p2a: Blissey|80/100|[from] item: Leftovers
|upkeep
|turn|18
|
|t:|1730231628
|move|p1a: Salamence|Brick Break|p2a: Blissey
|-supereffective|p2a: Blissey
|-damage|p2a: Blissey|60/100
|move|p2a: Blissey|Seismic Toss|p1a: Salamence
|-damage|p1a: Salamence|4/100 brn
|
|-weather|Sandstorm|[upkeep]
|-damage|p1a: Salamence|0 fnt|[from] Sandstorm
|-damage|p2a: Blissey|54/100|[from] Sandstorm
|faint|p1a: Salamence
|-heal|p2a: Blissey|60/100|[from] item: Leftovers
|upkeep
|
|t:|1730231636
|switch|p1a: Celebi|Celebi|100/100
|turn|19
|
|t:|1730231638
|move|p1a: Celebi|Substitute|p1a: Celebi
|-start|p1a: Celebi|Substitute
|-damage|p1a: Celebi|75/100
|move|p2a: Blissey|Soft-Boiled|p2a: Blissey
|-heal|p2a: Blissey|100/100
|
|-weather|Sandstorm|[upkeep]
|-damage|p1a: Celebi|69/100|[from] Sandstorm
|-damage|p2a: Blissey|94/100|[from] Sandstorm
|-heal|p1a: Celebi|75/100|[from] item: Leftovers
|-heal|p2a: Blissey|100/100|[from] item: Leftovers
|upkeep
|turn|20
|
|t:|1730231664
|move|p1a: Celebi|Leech Seed|p2a: Blissey
|-start|p2a: Blissey|move: Leech Seed
|move|p2a: Blissey|Seismic Toss|p1a: Celebi
|-activate|p1a: Celebi|Substitute|[damage]
|
|-weather|Sandstorm|[upkeep]
|-damage|p1a: Celebi|69/100|[from] Sandstorm
|-damage|p2a: Blissey|94/100|[from] Sandstorm
|-heal|p1a: Celebi|75/100|[from] item: Leftovers
|-heal|p2a: Blissey|100/100|[from] item: Leftovers
|-damage|p2a: Blissey|88/100|[from] Leech Seed|[of] p1a: Celebi
|-heal|p1a: Celebi|98/100|[silent]
|upkeep
|turn|21
|
|t:|1730231671
|move|p1a: Celebi|Baton Pass|p1a: Celebi
|
|t:|1730231675
|switch|p1a: Jirachi|Jirachi|100/100|[from] Baton Pass
|move|p2a: Blissey|Seismic Toss|p1a: Jirachi
|-end|p1a: Jirachi|Substitute
|
|-weather|Sandstorm|[upkeep]
|-damage|p2a: Blissey|82/100|[from] Sandstorm
|-heal|p2a: Blissey|88/100|[from] item: Leftovers
|-damage|p2a: Blissey|76/100|[from] Leech Seed|[of] p1a: Jirachi
|upkeep
|turn|22
|
|t:|1730231686
|switch|p2a: Aerodactyl|Aerodactyl, M|100/100
|move|p1a: Jirachi|Calm Mind|p1a: Jirachi
|-boost|p1a: Jirachi|spa|1
|-boost|p1a: Jirachi|spd|1
|
|-weather|Sandstorm|[upkeep]
|upkeep
|turn|23
|
|t:|1730231690
|move|p2a: Aerodactyl|Earthquake|p1a: Jirachi
|-supereffective|p1a: Jirachi
|-damage|p1a: Jirachi|15/100
|move|p1a: Jirachi|Psychic|p2a: Aerodactyl
|-damage|p2a: Aerodactyl|21/100
|
|-weather|Sandstorm|[upkeep]
|-heal|p1a: Jirachi|21/100|[from] item: Leftovers
|upkeep
|turn|24
|
|t:|1730231698
|switch|p1a: Forretress|Forretress, M|88/100 par
|move|p2a: Aerodactyl|Earthquake|p1a: Forretress
|-damage|p1a: Forretress|58/100 par
|
|-weather|Sandstorm|[upkeep]
|-heal|p1a: Forretress|64/100 par|[from] item: Leftovers
|upkeep
|turn|25
|
|t:|1730231703
|switch|p2a: Forretress|Forretress, M|100/100
|-damage|p2a: Forretress|88/100|[from] Spikes
|move|p1a: Forretress|Hidden Power|p2a: Forretress
|-resisted|p2a: Forretress
|-damage|p2a: Forretress|79/100
|
|-weather|Sandstorm|[upkeep]
|-heal|p2a: Forretress|86/100|[from] item: Leftovers
|-heal|p1a: Forretress|70/100 par|[from] item: Leftovers
|upkeep
|turn|26
|
|t:|1730231710
|move|p2a: Forretress|Rapid Spin|p1a: Forretress
|-resisted|p1a: Forretress
|-damage|p1a: Forretress|69/100 par
|-sideend|p2: xDeacon|Spikes|[from] move: Rapid Spin|[of] p2a: Forretress
|move|p1a: Forretress|Earthquake|p2a: Forretress
|-damage|p2a: Forretress|71/100
|
|-weather|Sandstorm|[upkeep]
|-heal|p2a: Forretress|78/100|[from] item: Leftovers
|-heal|p1a: Forretress|75/100 par|[from] item: Leftovers
|upkeep
|turn|27
|
|t:|1730231715
|switch|p2a: Jirachi|Jirachi|19/100
|move|p1a: Forretress|Earthquake|p2a: Jirachi
|-supereffective|p2a: Jirachi
|-damage|p2a: Jirachi|0 fnt
|faint|p2a: Jirachi
|
|t:|1730231739
|switch|p2a: Tyranitar|Tyranitar, F|100/100
|
|-weather|Sandstorm|[upkeep]
|-heal|p1a: Forretress|81/100 par|[from] item: Leftovers
|upkeep
|turn|28
|
|t:|1730231743
|move|p2a: Tyranitar|Fire Blast|p1a: Forretress|[miss]
|-miss|p2a: Tyranitar|p1a: Forretress
|cant|p1a: Forretress|par
|
|-weather|Sandstorm|[upkeep]
|-heal|p1a: Forretress|87/100 par|[from] item: Leftovers
|upkeep
|turn|29
|
|t:|1730231748
|move|p2a: Tyranitar|Fire Blast|p1a: Forretress
|-supereffective|p1a: Forretress
|-damage|p1a: Forretress|0 fnt
|faint|p1a: Forretress
|
|t:|1730231753
|switch|p1a: Starmie|Starmie|62/100
|
|-weather|Sandstorm|[upkeep]
|-damage|p1a: Starmie|56/100|[from] Sandstorm
|-heal|p1a: Starmie|62/100|[from] item: Leftovers
|upkeep
|turn|30
|
|t:|1730231762
|move|p1a: Starmie|Hydro Pump|p2a: Tyranitar
|-supereffective|p2a: Tyranitar
|-damage|p2a: Tyranitar|15/100
|move|p2a: Tyranitar|Crunch|p1a: Starmie
|-supereffective|p1a: Starmie
|-damage|p1a: Starmie|0 fnt
|faint|p1a: Starmie
|
|t:|1730231768
|switch|p1a: Jirachi|Jirachi|21/100
|
|-weather|Sandstorm|[upkeep]
|-heal|p1a: Jirachi|27/100|[from] item: Leftovers
|-heal|p2a: Tyranitar|21/100|[from] item: Leftovers
|upkeep
|turn|31
|
|t:|1730231775
|move|p1a: Jirachi|Hidden Power|p2a: Tyranitar
|-supereffective|p2a: Tyranitar
|-damage|p2a: Tyranitar|0 fnt
|faint|p2a: Tyranitar
|
|t:|1730231786
|switch|p2a: Blissey|Blissey, F|76/100
|
|-weather|Sandstorm|[upkeep]
|-damage|p2a: Blissey|69/100|[from] Sandstorm
|-heal|p1a: Jirachi|33/100|[from] item: Leftovers
|-heal|p2a: Blissey|76/100|[from] item: Leftovers
|upkeep
|turn|32
|
|t:|1730231790
|move|p1a: Jirachi|Psychic|p2a: Blissey
|-crit|p2a: Blissey
|-damage|p2a: Blissey|48/100
|-unboost|p2a: Blissey|spd|1
|move|p2a: Blissey|Seismic Toss|p1a: Jirachi
|-damage|p1a: Jirachi|4/100
|
|-weather|Sandstorm|[upkeep]
|-damage|p2a: Blissey|42/100|[from] Sandstorm
|-heal|p1a: Jirachi|10/100|[from] item: Leftovers
|-heal|p2a: Blissey|48/100|[from] item: Leftovers
|upkeep
|turn|33
|
|t:|1730231795
|move|p1a: Jirachi|Psychic|p2a: Blissey
|-damage|p2a: Blissey|25/100
|-unboost|p2a: Blissey|spd|1
|move|p2a: Blissey|Seismic Toss|p1a: Jirachi
|-damage|p1a: Jirachi|0 fnt
|faint|p1a: Jirachi
|
|t:|1730231798
|switch|p1a: Celebi|Celebi|98/100
|
|-weather|Sandstorm|[upkeep]
|-damage|p1a: Celebi|91/100|[from] Sandstorm
|-damage|p2a: Blissey|19/100|[from] Sandstorm
|-heal|p1a: Celebi|98/100|[from] item: Leftovers
|-heal|p2a: Blissey|25/100|[from] item: Leftovers
|upkeep
|turn|34
|
|t:|1730231809
|move|p1a: Celebi|Psychic|p2a: Blissey
|-crit|p2a: Blissey
|-damage|p2a: Blissey|0 fnt
|faint|p2a: Blissey
|
|t:|1730231811
|switch|p2a: Forretress|Forretress, M|78/100
|
|-weather|Sandstorm|[upkeep]
|-damage|p1a: Celebi|91/100|[from] Sandstorm
|-heal|p1a: Celebi|98/100|[from] item: Leftovers
|-heal|p2a: Forretress|84/100|[from] item: Leftovers
|upkeep
|turn|35
|
|t:|1730231815
|move|p1a: Celebi|Substitute|p1a: Celebi
|-start|p1a: Celebi|Substitute
|-damage|p1a: Celebi|73/100
|move|p2a: Forretress|Hidden Power|p1a: Celebi
|-supereffective|p1a: Celebi
|-end|p1a: Celebi|Substitute
|
|-weather|Sandstorm|[upkeep]
|-damage|p1a: Celebi|66/100|[from] Sandstorm
|-heal|p1a: Celebi|73/100|[from] item: Leftovers
|-heal|p2a: Forretress|90/100|[from] item: Leftovers
|upkeep
|turn|36
|
|t:|1730231818
|move|p1a: Celebi|Leech Seed|p2a: Forretress
|-start|p2a: Forretress|move: Leech Seed
|move|p2a: Forretress|Hidden Power|p1a: Celebi
|-supereffective|p1a: Celebi
|-damage|p1a: Celebi|0 fnt
|faint|p1a: Celebi
|
|win|xDeacon
|c|☆xDeacon|ggs
|c|☆yyyyyfyyyyy|ggs! gl
|player|p1|

</script>
<script type="application/json" class="data" id="replaydata-smogtours-gen3ou-803278">
{"id":"smogtours-gen3ou-803278","format":"[Gen 3] OU","players":["yyyyyfyyyyy","xDeacon"],"uploadtime":1730231818,"views":57,"formatid":"gen3ou","rating":null,"private":0,"password":null}
</script>

<script defer src="js/replays.js?9d40a366"></script>
