<!DOCTYPE html>
<meta charset="utf-8" />
<meta name="viewport" content="width=device-width" />

<title>[Gen 3] OU: TheComanderXD vs. knexhawk2 - Replays - Pok&eacute;mon Showdown!</title>

<meta name="description" content="Watch a replay of a Pok&eacute;mon battle between TheComanderXD and knexhawk2! Format: [Gen 3] OU; Date: Oct 14, 2024" />
<!--

Hey, you! Looking in the source for the replay log?

You can find them in JSON format, just add `.json` at the end of a replay URL.

https://replay.pokemonshowdown.com/gen7randomdoublesbattle-865046831.json

Or, if you only need the log itself, add `.log` instead:

https://replay.pokemonshowdown.com/gen7randomdoublesbattle-865046831.log

-->

<link rel="stylesheet" href="//pokemonshowdown.com/style/global.css?0.767286132409787" />
<link rel="stylesheet" href="//play.pokemonshowdown.com/style/font-awesome.css?0.9266228007934947" />
<link rel="stylesheet" href="//play.pokemonshowdown.com/style/battle.css?0.7924700842790926" />
<link rel="stylesheet" href="//play.pokemonshowdown.com/style/utilichart.css?0.8777417872839479" />

<!-- Global site tag (gtag.js) - Google Analytics -->
<script async src="https://www.googletagmanager.com/gtag/js?id=UA-26211653-1"></script>
<script>
  window.dataLayer = window.dataLayer || [];
  function gtag(){dataLayer.push(arguments);}
  gtag('js', new Date());

  gtag('config', 'UA-26211653-1');
</script>
<!-- End Google Analytics -->
<!-- Venatus Ad Manager - Install in <HEAD> of page -->
	<script src="https://hb.vntsm.com/v3/live/ad-manager.min.js" type="text/javascript" data-site-id="642aba63ec9a7b11c3c9c1be" data-mode="scan" async></script>
<!-- / Venatus Ad Manager -->

<style>
	@media (max-width:820px) {
		.battle {
			margin: 0 auto;
		}
		.battle-log {
			margin: 7px auto 0;
			max-width: 640px;
			height: 300px;
			position: static;
		}
	}
	.optgroup {
		display: inline-block;
		line-height: 22px;
		font-size: 10pt;
	}
	.optgroup .button {
		height: 25px;
		padding-top: 0;
		padding-bottom: 0;
	}
	.optgroup button.button {
		padding-left: 12px;
		padding-right: 12px;
	}
	.linklist {
		list-style: none;
		margin: 0.5em 0;
		padding: 0;
	}
	.linklist li {
		padding: 2px 0;
	}
	.sidebar {
		float: left;
		width: 320px;
	}
	.bar-wrapper {
		max-width: 1100px;
		margin: 0 auto;
	}
	.bar-wrapper.has-sidebar {
		max-width: 1430px;
	}
	.mainbar {
		margin: 0;
		padding-right: 1px;
	}
	.mainbar.has-sidebar {
		margin-left: 330px;
	}
	@media (min-width: 1511px) {
		.sidebar {
			width: 400px;
		}
		.bar-wrapper.has-sidebar {
			max-width: 1510px;
		}
		.mainbar.has-sidebar {
			margin-left: 410px;
		}
	}
	.section.first-section {
		margin-top: 9px;
	}
	.blocklink small {
		white-space: normal;
	}
	.button {
		vertical-align: middle;
	}
	.replay-controls {
		padding-top: 10px;
	}
	.replay-controls h1 {
		font-size: 16pt;
		font-weight: normal;
		color: #CCC;
	}
	.pagelink {
		text-align: center;
	}
	.pagelink a {
		width: 150px;
	}
	.textbox, .button {
		font-size: 11pt;
		vertical-align: middle;
	}
	@media (max-width: 450px) {
		.button {
			font-size: 9pt;
		}
	}
</style>

<div>

	<header>
		<div class="nav-wrapper"><ul class="nav">
			<li><a class="button nav-first" href="//pokemonshowdown.com/"><img src="//pokemonshowdown.com/images/pokemonshowdownbeta.png" srcset="//pokemonshowdown.com/images/pokemonshowdownbeta.png 1x, //pokemonshowdown.com/images/pokemonshowdownbeta@2x.png 2x" alt="Pok&eacute;mon Showdown" width="146" height="44" /> Home</a></li>
			<li><a class="button" href="//pokemonshowdown.com/dex/">Pok&eacute;dex</a></li>
			<li><a class="button cur" href="/">Replays</a></li>
			<li><a class="button" href="//pokemonshowdown.com/ladder/">Ladder</a></li>
			<li><a class="button nav-last" href="//pokemonshowdown.com/forums/">Forum</a></li>
			<li><a class="button greenbutton nav-first nav-last" href="//play.pokemonshowdown.com/">Play</a></li>
		</ul></div>
	</header>

	<div class="main" id="main">

		<noscript><section class="section">You need to enable JavaScript to use this page; sorry!</section></noscript>

	</div>

</div>

<script defer nomodule src="//play.pokemonshowdown.com/js/lib/ps-polyfill.js"></script>
<script defer src="//play.pokemonshowdown.com/js/lib/preact.min.js"></script>

<script defer src="//play.pokemonshowdown.com/config/config.js?6dec07f6"></script>
<script defer src="//play.pokemonshowdown.com/js/lib/jquery-1.11.0.min.js"></script>
<script defer src="//play.pokemonshowdown.com/js/lib/html-sanitizer-minified.js"></script>
<script defer src="//play.pokemonshowdown.com/js/battle-sound.js"></script>
<script defer src="//play.pokemonshowdown.com/js/battledata.js?0.6315294753075389"></script>
<script defer src="//play.pokemonshowdown.com/data/pokedex-mini.js?0.7603743185311358"></script>
<script defer src="//play.pokemonshowdown.com/data/pokedex-mini-bw.js?0.030888842834281283"></script>
<script defer src="//play.pokemonshowdown.com/data/graphics.js?0.05593094747507488"></script>
<script defer src="//play.pokemonshowdown.com/data/pokedex.js?0.47064822249611904"></script>
<script defer src="//play.pokemonshowdown.com/data/moves.js?0.8583693120512459"></script>
<script defer src="//play.pokemonshowdown.com/data/abilities.js?0.16017181182386842"></script>
<script defer src="//play.pokemonshowdown.com/data/items.js?0.4163379185673943"></script>
<script defer src="//play.pokemonshowdown.com/data/teambuilder-tables.js?0.31075597372830477"></script>
<script defer src="//play.pokemonshowdown.com/js/battle-tooltips.js?0.6536193500708172"></script>
<script defer src="//play.pokemonshowdown.com/js/battle.js?0.1916591943277901"></script>

<script defer src="js/utils.js?e31f9a17"></script>
<script defer src="js/replays-battle.js?7008c182"></script>

<!-- don't scrape this data! just add .json or .log after the URL!
Full API docs: https://github.com/smogon/pokemon-showdown-client/blob/master/WEB-API.md -->
<script type="text/plain" class="log" id="replaylog-smogtours-gen3ou-798530">
|inactive|Battle timer is ON: inactive players will automatically lose when time's up.
|t:|1728864007
|gametype|singles
|player|p1|TheComanderXD|red|
|player|p2|knexhawk2|benga|
|teamsize|p1|6
|teamsize|p2|6
|gen|3
|tier|[Gen 3] OU
|rule|Sleep Clause Mod: Limit one foe put to sleep
|rule|Switch Priority Clause Mod: Faster Pokémon switch first
|rule|Species Clause: Limit one of each Pokémon
|rule|OHKO Clause: OHKO moves are banned
|rule|Evasion Items Clause: Evasion items are banned
|rule|Evasion Moves Clause: Evasion moves are banned
|rule|Endless Battle Clause: Forcing endless battles is banned
|rule|HP Percentage Mod: HP is shown in percentages
|rule|One Boost Passer Clause: Limit one Baton Passer that has a way to boost its stats
|rule|Freeze Clause Mod: Limit one foe frozen
|
|t:|1728864007
|start
|switch|p1a: *Screams in Rock*|Regirock|100/100
|switch|p2a: Skarmory|Skarmory, F|100/100
|turn|1
|
|t:|1728864027
|switch|p2a: Registeel|Registeel|100/100
|move|p1a: *Screams in Rock*|Rock Slide|p2a: Registeel
|-resisted|p2a: Registeel
|-damage|p2a: Registeel|90/100
|
|-heal|p2a: Registeel|96/100|[from] item: Leftovers
|upkeep
|turn|2
|inactive|TheComanderXD has 270 seconds left.
|inactive|TheComanderXD has 240 seconds left.
|
|t:|1728864088
|switch|p1a: *Screams in metal*|Metagross|100/100
|move|p2a: Registeel|Thunder Wave|p1a: *Screams in metal*
|-status|p1a: *Screams in metal*|par
|
|-heal|p2a: Registeel|100/100|[from] item: Leftovers
|upkeep
|turn|3
|
|t:|1728864099
|move|p1a: *Screams in metal*|Earthquake|p2a: Registeel
|-supereffective|p2a: Registeel
|-damage|p2a: Registeel|50/100
|move|p2a: Registeel|Counter|p1a: *Screams in metal*
|-damage|p1a: *Screams in metal*|0 fnt
|faint|p1a: *Screams in metal*
|inactive|TheComanderXD has 240 seconds left.
|inactive|TheComanderXD has 210 seconds left.
|
|t:|1728864163
|switch|p1a: *Screms in dragon*|Salamence, F|100/100
|-ability|p1a: *Screms in dragon*|Intimidate|boost
|-fail|p2a: Registeel|unboost|[from] ability: Clear Body|[of] p2a: Registeel
|
|-heal|p2a: Registeel|56/100|[from] item: Leftovers
|upkeep
|turn|4
|
|t:|1728864180
|switch|p1a: *Screams in Water*|Suicune|100/100
|switch|p2a: Starmie|Starmie|100/100
|
|upkeep
|turn|5
|
|t:|1728864191
|switch|p2a: Celebi|Celebi|100/100
|move|p1a: *Screams in Water*|Calm Mind|p1a: *Screams in Water*
|-boost|p1a: *Screams in Water*|spa|1
|-boost|p1a: *Screams in Water*|spd|1
|
|upkeep
|turn|6
|
|t:|1728864198
|switch|p1a: *Too tired*|Snorlax, M|100/100
|move|p2a: Celebi|Leech Seed|p1a: *Too tired*
|-start|p1a: *Too tired*|move: Leech Seed
|
|-damage|p1a: *Too tired*|88/100|[from] Leech Seed|[of] p2a: Celebi
|upkeep
|turn|7
|
|t:|1728864218
|switch|p2a: Armaldo|Armaldo, M|100/100
|move|p1a: *Too tired*|Shadow Ball|p2a: Armaldo
|-damage|p2a: Armaldo|76/100
|
|-heal|p2a: Armaldo|83/100|[from] item: Leftovers
|-heal|p1a: *Too tired*|94/100|[from] item: Leftovers
|-damage|p1a: *Too tired*|82/100|[from] Leech Seed|[of] p2a: Armaldo
|-heal|p2a: Armaldo|99/100|[silent]
|upkeep
|turn|8
|inactive|TheComanderXD has 180 seconds left.
|
|t:|1728864257
|switch|p1a: *Screams in Water*|Suicune|100/100
|move|p2a: Armaldo|Knock Off|p1a: *Screams in Water*
|-damage|p1a: *Screams in Water*|98/100
|-enditem|p1a: *Screams in Water*|Leftovers|[from] move: Knock Off|[of] p2a: Armaldo
|-hint|In Gens 3-4, Knock Off only makes the target's item unusable; it cannot obtain a new item.
|
|-heal|p2a: Armaldo|100/100|[from] item: Leftovers
|upkeep
|turn|9
|
|t:|1728864272
|switch|p1a: *Screms in dragon*|Salamence, F|100/100
|-ability|p1a: *Screms in dragon*|Intimidate|boost
|-unboost|p2a: Armaldo|atk|1
|switch|p2a: Celebi|Celebi|100/100
|
|upkeep
|turn|10
|
|t:|1728864281
|switch|p2a: Skarmory|Skarmory, F|100/100
|move|p1a: *Screms in dragon*|Hidden Power|p2a: Skarmory
|-resisted|p2a: Skarmory
|-damage|p2a: Skarmory|85/100
|
|-heal|p2a: Skarmory|91/100|[from] item: Leftovers
|upkeep
|turn|11
|inactive|TheComanderXD has 150 seconds left.
|
|t:|1728864303
|switch|p1a: *Screms in Magnet*|Magneton|100/100
|switch|p2a: Dugtrio|Dugtrio, F|100/100
|
|upkeep
|turn|12
|
|t:|1728864308
|move|p2a: Dugtrio|Earthquake|p1a: *Screms in Magnet*
|-supereffective|p1a: *Screms in Magnet*
|-damage|p1a: *Screms in Magnet*|0 fnt
|faint|p1a: *Screms in Magnet*
|
|t:|1728864315
|switch|p1a: *Screms in dragon*|Salamence, F|100/100
|-ability|p1a: *Screms in dragon*|Intimidate|boost
|-unboost|p2a: Dugtrio|atk|1
|
|upkeep
|turn|13
|
|t:|1728864324
|switch|p2a: Skarmory|Skarmory, F|91/100
|move|p1a: *Screms in dragon*|Dragon Dance|p1a: *Screms in dragon*
|-boost|p1a: *Screms in dragon*|atk|1
|-boost|p1a: *Screms in dragon*|spe|1
|
|-heal|p2a: Skarmory|97/100|[from] item: Leftovers
|upkeep
|turn|14
|
|t:|1728864332
|move|p2a: Skarmory|Protect|p2a: Skarmory
|-singleturn|p2a: Skarmory|Protect
|move|p1a: *Screms in dragon*|Rock Slide|p2a: Skarmory
|-activate|p2a: Skarmory|Protect
|
|-heal|p2a: Skarmory|100/100|[from] item: Leftovers
|upkeep
|turn|15
|
|t:|1728864346
|move|p1a: *Screms in dragon*|Rock Slide|p2a: Skarmory
|-damage|p2a: Skarmory|67/100
|move|p2a: Skarmory|Roar|p1a: *Screms in dragon*
|drag|p1a: *Too tired*|Snorlax, M|82/100
|
|-heal|p2a: Skarmory|73/100|[from] item: Leftovers
|-heal|p1a: *Too tired*|88/100|[from] item: Leftovers
|upkeep
|turn|16
|
|t:|1728864356
|switch|p2a: Armaldo|Armaldo, M|100/100
|switch|p1a: *Screams in Water*|Suicune|98/100
|
|upkeep
|turn|17
|
|t:|1728864362
|switch|p2a: Celebi|Celebi|100/100
|move|p1a: *Screams in Water*|Surf|p2a: Celebi
|-resisted|p2a: Celebi
|-damage|p2a: Celebi|85/100
|
|-heal|p2a: Celebi|91/100|[from] item: Leftovers
|upkeep
|turn|18
|inactive|TheComanderXD has 180 seconds left.
|inactive|TheComanderXD has 150 seconds left.
|
|t:|1728864399
|switch|p1a: *Screams in Rock*|Regirock|100/100
|move|p2a: Celebi|Leech Seed|p1a: *Screams in Rock*
|-start|p1a: *Screams in Rock*|move: Leech Seed
|
|-heal|p2a: Celebi|97/100|[from] item: Leftovers
|-damage|p1a: *Screams in Rock*|88/100|[from] Leech Seed|[of] p2a: Celebi
|-heal|p2a: Celebi|100/100|[silent]
|upkeep
|turn|19
|inactive|TheComanderXD has 150 seconds left.
|
|t:|1728864411
|switch|p2a: Registeel|Registeel|56/100
|switch|p1a: *Screms in dragon*|Salamence, F|100/100
|-ability|p1a: *Screms in dragon*|Intimidate|boost
|-fail|p2a: Registeel|unboost|[from] ability: Clear Body|[of] p2a: Registeel
|
|-heal|p2a: Registeel|62/100|[from] item: Leftovers
|upkeep
|turn|20
|
|t:|1728864418
|switch|p1a: *Screams in Water*|Suicune|98/100
|move|p2a: Registeel|Thunder Wave|p1a: *Screams in Water*
|-status|p1a: *Screams in Water*|par
|
|-heal|p2a: Registeel|68/100|[from] item: Leftovers
|upkeep
|turn|21
|inactive|TheComanderXD has 150 seconds left.
|
|t:|1728864434
|move|p2a: Registeel|Seismic Toss|p1a: *Screams in Water*
|-damage|p1a: *Screams in Water*|73/100 par
|move|p1a: *Screams in Water*|Surf|p2a: Registeel
|-damage|p2a: Registeel|47/100
|
|-heal|p2a: Registeel|53/100|[from] item: Leftovers
|upkeep
|turn|22
|inactive|TheComanderXD has 150 seconds left.
|
|t:|1728864446
|switch|p2a: Celebi|Celebi|100/100
|switch|p1a: *Screms in dragon*|Salamence, F|100/100
|-ability|p1a: *Screms in dragon*|Intimidate|boost
|-unboost|p2a: Celebi|atk|1
|
|upkeep
|turn|23
|
|t:|1728864453
|move|p1a: *Screms in dragon*|Hidden Power|p2a: Celebi
|-supereffective|p2a: Celebi
|-damage|p2a: Celebi|38/100
|move|p2a: Celebi|Hidden Power|p1a: *Screms in dragon*
|-supereffective|p1a: *Screms in dragon*
|-damage|p1a: *Screms in dragon*|29/100
|
|-heal|p1a: *Screms in dragon*|35/100|[from] item: Leftovers
|-heal|p2a: Celebi|45/100|[from] item: Leftovers
|upkeep
|turn|24
|
|t:|1728864467
|switch|p2a: Skarmory|Skarmory, F|73/100
|move|p1a: *Screms in dragon*|Hidden Power|p2a: Skarmory
|-resisted|p2a: Skarmory
|-damage|p2a: Skarmory|59/100
|
|-heal|p1a: *Screms in dragon*|41/100|[from] item: Leftovers
|-heal|p2a: Skarmory|65/100|[from] item: Leftovers
|upkeep
|turn|25
|inactive|TheComanderXD has 150 seconds left.
|
|t:|1728864497
|switch|p1a: *Screams in Rock*|Regirock|88/100
|move|p2a: Skarmory|Drill Peck|p1a: *Screams in Rock*
|-resisted|p1a: *Screams in Rock*
|-damage|p1a: *Screams in Rock*|83/100
|
|-heal|p2a: Skarmory|71/100|[from] item: Leftovers
|-heal|p1a: *Screams in Rock*|89/100|[from] item: Leftovers
|upkeep
|turn|26
|
|t:|1728864507
|move|p2a: Skarmory|Spikes|p1a: *Screams in Rock*
|-sidestart|p1: TheComanderXD|Spikes
|move|p1a: *Screams in Rock*|Thunder Wave|p2a: Skarmory
|-status|p2a: Skarmory|par
|
|-heal|p1a: *Screams in Rock*|95/100|[from] item: Leftovers
|-heal|p2a: Skarmory|77/100 par|[from] item: Leftovers
|upkeep
|turn|27
|
|t:|1728864518
|switch|p2a: Registeel|Registeel|53/100
|move|p1a: *Screams in Rock*|Rock Slide|p2a: Registeel
|-resisted|p2a: Registeel
|-damage|p2a: Registeel|43/100
|
|-heal|p1a: *Screams in Rock*|100/100|[from] item: Leftovers
|-heal|p2a: Registeel|49/100|[from] item: Leftovers
|upkeep
|turn|28
|inactive|TheComanderXD has 150 seconds left.
|
|t:|1728864526
|move|p1a: *Screams in Rock*|Earthquake|p2a: Registeel
|-supereffective|p2a: Registeel
|-damage|p2a: Registeel|8/100
|move|p2a: Registeel|Thunder Wave|p1a: *Screams in Rock*
|-status|p1a: *Screams in Rock*|par
|
|-heal|p2a: Registeel|14/100|[from] item: Leftovers
|upkeep
|turn|29
|inactive|TheComanderXD has 150 seconds left.
|
|t:|1728864549
|switch|p2a: Starmie|Starmie|100/100
|cant|p1a: *Screams in Rock*|par
|
|upkeep
|turn|30
|
|t:|1728864562
|switch|p2a: Registeel|Registeel|14/100
|switch|p1a: *Too tired*|Snorlax, M|88/100
|-damage|p1a: *Too tired*|76/100|[from] Spikes
|
|-heal|p2a: Registeel|20/100|[from] item: Leftovers
|-heal|p1a: *Too tired*|82/100|[from] item: Leftovers
|upkeep
|turn|31
|
|t:|1728864573
|move|p2a: Registeel|Thunder Wave|p1a: *Too tired*
|-status|p1a: *Too tired*|par
|move|p1a: *Too tired*|Earthquake|p2a: Registeel
|-supereffective|p2a: Registeel
|-damage|p2a: Registeel|0 fnt
|faint|p2a: Registeel
|
|t:|1728864575
|switch|p2a: Armaldo|Armaldo, M|100/100
|
|-heal|p1a: *Too tired*|88/100 par|[from] item: Leftovers
|upkeep
|turn|32
|inactive|TheComanderXD has 150 seconds left.
|
|t:|1728864602
|move|p2a: Armaldo|Rock Blast|p1a: *Too tired*
|-crit|p1a: *Too tired*
|-damage|p1a: *Too tired*|68/100 par
|-damage|p1a: *Too tired*|60/100 par
|-hitcount|p1a: *Too tired*|2
|move|p1a: *Too tired*|Curse|p1a: *Too tired*
|-unboost|p1a: *Too tired*|spe|1
|-boost|p1a: *Too tired*|atk|1
|-boost|p1a: *Too tired*|def|1
|
|-heal|p1a: *Too tired*|66/100 par|[from] item: Leftovers
|upkeep
|turn|33
|inactive|TheComanderXD has 120 seconds left.
|
|t:|1728864641
|move|p2a: Armaldo|Knock Off|p1a: *Too tired*
|-damage|p1a: *Too tired*|64/100 par
|-enditem|p1a: *Too tired*|Leftovers|[from] move: Knock Off|[of] p2a: Armaldo
|move|p1a: *Too tired*|Earthquake|p2a: Armaldo
|-damage|p2a: Armaldo|52/100
|
|-heal|p2a: Armaldo|58/100|[from] item: Leftovers
|upkeep
|turn|34
|
|t:|1728864661
|switch|p2a: Skarmory|Skarmory, F|77/100 par
|move|p1a: *Too tired*|Self-Destruct|p2a: Skarmory
|-resisted|p2a: Skarmory
|-damage|p2a: Skarmory|0 fnt
|faint|p1a: *Too tired*
|faint|p2a: Skarmory
|inactive|TheComanderXD has 90 seconds left.
|
|t:|1728864683
|switch|p2a: Dugtrio|Dugtrio, F|100/100
|switch|p1a: *Screms in dragon*|Salamence, F|41/100
|-ability|p1a: *Screms in dragon*|Intimidate|boost
|-unboost|p2a: Dugtrio|atk|1
|
|-heal|p1a: *Screms in dragon*|48/100|[from] item: Leftovers
|upkeep
|turn|35
|
|t:|1728864693
|switch|p1a: *Screams in Rock*|Regirock|100/100 par
|-damage|p1a: *Screams in Rock*|88/100 par|[from] Spikes
|move|p2a: Dugtrio|Rock Slide|p1a: *Screams in Rock*
|-damage|p1a: *Screams in Rock*|78/100 par
|
|-heal|p1a: *Screams in Rock*|84/100 par|[from] item: Leftovers
|upkeep
|turn|36
|inactive|TheComanderXD has 90 seconds left.
|inactive|TheComanderXD has 60 seconds left.
|
|t:|1728864740
|switch|p2a: Celebi|Celebi|45/100
|move|p1a: *Screams in Rock*|Explosion|p2a: Celebi
|-damage|p2a: Celebi|0 fnt
|faint|p1a: *Screams in Rock*
|faint|p2a: Celebi
|
|t:|1728864753
|switch|p2a: Starmie|Starmie|100/100
|switch|p1a: *Screams in Water*|Suicune|73/100 par
|-damage|p1a: *Screams in Water*|61/100 par|[from] Spikes
|
|upkeep
|turn|37
|
|t:|1728864768
|move|p2a: Starmie|Psychic|p1a: *Screams in Water*
|-damage|p1a: *Screams in Water*|36/100 par
|move|p1a: *Screams in Water*|Rest|p1a: *Screams in Water*
|-status|p1a: *Screams in Water*|slp|[from] move: Rest
|-heal|p1a: *Screams in Water*|100/100 slp|[silent]
|
|upkeep
|turn|38
|
|t:|1728864779
|switch|p2a: Dugtrio|Dugtrio, F|100/100
|cant|p1a: *Screams in Water*|slp
|move|p1a: *Screams in Water*|Sleep Talk|p1a: *Screams in Water*
|move|p1a: *Screams in Water*|Rest|p1a: *Screams in Water*|[from]Sleep Talk
|
|upkeep
|turn|39
|
|t:|1728864786
|move|p2a: Dugtrio|Earthquake|p1a: *Screams in Water*
|-damage|p1a: *Screams in Water*|61/100 slp
|cant|p1a: *Screams in Water*|slp
|move|p1a: *Screams in Water*|Sleep Talk|p1a: *Screams in Water*
|move|p1a: *Screams in Water*|Rest|p1a: *Screams in Water*|[from]Sleep Talk
|
|upkeep
|turn|40
|inactive|TheComanderXD has 60 seconds left.
|inactive|knexhawk2 has 270 seconds left.
|
|t:|1728864834
|move|p2a: Dugtrio|Earthquake|p1a: *Screams in Water*
|-damage|p1a: *Screams in Water*|16/100 slp
|-curestatus|p1a: *Screams in Water*|slp|[msg]
|move|p1a: *Screams in Water*|Surf|p2a: Dugtrio
|-supereffective|p2a: Dugtrio
|-damage|p2a: Dugtrio|0 fnt
|faint|p2a: Dugtrio
|inactive|knexhawk2 has 270 seconds left.
|
|t:|1728864839
|switch|p2a: Starmie|Starmie|100/100
|
|upkeep
|turn|41
|
|t:|1728864845
|move|p2a: Starmie|Psychic|p1a: *Screams in Water*
|-damage|p1a: *Screams in Water*|0 fnt
|faint|p1a: *Screams in Water*
|
|t:|1728864848
|switch|p1a: *Screms in dragon*|Salamence, F|48/100
|-ability|p1a: *Screms in dragon*|Intimidate|boost
|-unboost|p2a: Starmie|atk|1
|
|-heal|p1a: *Screms in dragon*|54/100|[from] item: Leftovers
|upkeep
|turn|42
|
|t:|1728864857
|move|p2a: Starmie|Psychic|p1a: *Screms in dragon*
|-damage|p1a: *Screms in dragon*|21/100
|move|p1a: *Screms in dragon*|Rock Slide|p2a: Starmie
|-damage|p2a: Starmie|66/100
|
|-heal|p2a: Starmie|72/100|[from] item: Leftovers
|-heal|p1a: *Screms in dragon*|27/100|[from] item: Leftovers
|upkeep
|turn|43
|c|☆TheComanderXD|gg
|
|t:|1728864869
|move|p2a: Starmie|Psychic|p1a: *Screms in dragon*
|-damage|p1a: *Screms in dragon*|0 fnt
|faint|p1a: *Screms in dragon*
|
|win|knexhawk2

</script>
<script type="application/json" class="data" id="replaydata-smogtours-gen3ou-798530">
{"id":"smogtours-gen3ou-798530","format":"[Gen 3] OU","players":["TheComanderXD","knexhawk2"],"uploadtime":1728864869,"views":152,"formatid":"gen3ou","rating":null,"private":0,"password":null}
</script>

<script defer src="js/replays.js?9d40a366"></script>
