<!DOCTYPE html>
<meta charset="utf-8" />
<meta name="viewport" content="width=device-width" />

<title>[Gen 3] OU: DunsparceGamer vs. FunkyCop1998 - Replays - Pok&eacute;mon Showdown!</title>

<meta name="description" content="Watch a replay of a Pok&eacute;mon battle between DunsparceGamer and FunkyCop1998! Format: [Gen 3] OU; Date: Oct 5, 2024" />
<!--

Hey, you! Looking in the source for the replay log?

You can find them in JSON format, just add `.json` at the end of a replay URL.

https://replay.pokemonshowdown.com/gen7randomdoublesbattle-865046831.json

Or, if you only need the log itself, add `.log` instead:

https://replay.pokemonshowdown.com/gen7randomdoublesbattle-865046831.log

-->

<link rel="stylesheet" href="//pokemonshowdown.com/style/global.css?0.767286132409787" />
<link rel="stylesheet" href="//play.pokemonshowdown.com/style/font-awesome.css?0.9266228007934947" />
<link rel="stylesheet" href="//play.pokemonshowdown.com/style/battle.css?0.7924700842790926" />
<link rel="stylesheet" href="//play.pokemonshowdown.com/style/utilichart.css?0.8777417872839479" />

<!-- Global site tag (gtag.js) - Google Analytics -->
<script async src="https://www.googletagmanager.com/gtag/js?id=UA-26211653-1"></script>
<script>
  window.dataLayer = window.dataLayer || [];
  function gtag(){dataLayer.push(arguments);}
  gtag('js', new Date());

  gtag('config', 'UA-26211653-1');
</script>
<!-- End Google Analytics -->
<!-- Venatus Ad Manager - Install in <HEAD> of page -->
	<script src="https://hb.vntsm.com/v3/live/ad-manager.min.js" type="text/javascript" data-site-id="642aba63ec9a7b11c3c9c1be" data-mode="scan" async></script>
<!-- / Venatus Ad Manager -->

<style>
	@media (max-width:820px) {
		.battle {
			margin: 0 auto;
		}
		.battle-log {
			margin: 7px auto 0;
			max-width: 640px;
			height: 300px;
			position: static;
		}
	}
	.optgroup {
		display: inline-block;
		line-height: 22px;
		font-size: 10pt;
	}
	.optgroup .button {
		height: 25px;
		padding-top: 0;
		padding-bottom: 0;
	}
	.optgroup button.button {
		padding-left: 12px;
		padding-right: 12px;
	}
	.linklist {
		list-style: none;
		margin: 0.5em 0;
		padding: 0;
	}
	.linklist li {
		padding: 2px 0;
	}
	.sidebar {
		float: left;
		width: 320px;
	}
	.bar-wrapper {
		max-width: 1100px;
		margin: 0 auto;
	}
	.bar-wrapper.has-sidebar {
		max-width: 1430px;
	}
	.mainbar {
		margin: 0;
		padding-right: 1px;
	}
	.mainbar.has-sidebar {
		margin-left: 330px;
	}
	@media (min-width: 1511px) {
		.sidebar {
			width: 400px;
		}
		.bar-wrapper.has-sidebar {
			max-width: 1510px;
		}
		.mainbar.has-sidebar {
			margin-left: 410px;
		}
	}
	.section.first-section {
		margin-top: 9px;
	}
	.blocklink small {
		white-space: normal;
	}
	.button {
		vertical-align: middle;
	}
	.replay-controls {
		padding-top: 10px;
	}
	.replay-controls h1 {
		font-size: 16pt;
		font-weight: normal;
		color: #CCC;
	}
	.pagelink {
		text-align: center;
	}
	.pagelink a {
		width: 150px;
	}
	.textbox, .button {
		font-size: 11pt;
		vertical-align: middle;
	}
	@media (max-width: 450px) {
		.button {
			font-size: 9pt;
		}
	}
</style>

<div>

	<header>
		<div class="nav-wrapper"><ul class="nav">
			<li><a class="button nav-first" href="//pokemonshowdown.com/"><img src="//pokemonshowdown.com/images/pokemonshowdownbeta.png" srcset="//pokemonshowdown.com/images/pokemonshowdownbeta.png 1x, //pokemonshowdown.com/images/pokemonshowdownbeta@2x.png 2x" alt="Pok&eacute;mon Showdown" width="146" height="44" /> Home</a></li>
			<li><a class="button" href="//pokemonshowdown.com/dex/">Pok&eacute;dex</a></li>
			<li><a class="button cur" href="/">Replays</a></li>
			<li><a class="button" href="//pokemonshowdown.com/ladder/">Ladder</a></li>
			<li><a class="button nav-last" href="//pokemonshowdown.com/forums/">Forum</a></li>
			<li><a class="button greenbutton nav-first nav-last" href="//play.pokemonshowdown.com/">Play</a></li>
		</ul></div>
	</header>

	<div class="main" id="main">

		<noscript><section class="section">You need to enable JavaScript to use this page; sorry!</section></noscript>

	</div>

</div>

<script defer nomodule src="//play.pokemonshowdown.com/js/lib/ps-polyfill.js"></script>
<script defer src="//play.pokemonshowdown.com/js/lib/preact.min.js"></script>

<script defer src="//play.pokemonshowdown.com/config/config.js?6dec07f6"></script>
<script defer src="//play.pokemonshowdown.com/js/lib/jquery-1.11.0.min.js"></script>
<script defer src="//play.pokemonshowdown.com/js/lib/html-sanitizer-minified.js"></script>
<script defer src="//play.pokemonshowdown.com/js/battle-sound.js"></script>
<script defer src="//play.pokemonshowdown.com/js/battledata.js?0.6315294753075389"></script>
<script defer src="//play.pokemonshowdown.com/data/pokedex-mini.js?0.7603743185311358"></script>
<script defer src="//play.pokemonshowdown.com/data/pokedex-mini-bw.js?0.030888842834281283"></script>
<script defer src="//play.pokemonshowdown.com/data/graphics.js?0.05593094747507488"></script>
<script defer src="//play.pokemonshowdown.com/data/pokedex.js?0.47064822249611904"></script>
<script defer src="//play.pokemonshowdown.com/data/moves.js?0.8583693120512459"></script>
<script defer src="//play.pokemonshowdown.com/data/abilities.js?0.16017181182386842"></script>
<script defer src="//play.pokemonshowdown.com/data/items.js?0.4163379185673943"></script>
<script defer src="//play.pokemonshowdown.com/data/teambuilder-tables.js?0.31075597372830477"></script>
<script defer src="//play.pokemonshowdown.com/js/battle-tooltips.js?0.6536193500708172"></script>
<script defer src="//play.pokemonshowdown.com/js/battle.js?0.1916591943277901"></script>

<script defer src="js/utils.js?e31f9a17"></script>
<script defer src="js/replays-battle.js?7008c182"></script>

<!-- don't scrape this data! just add .json or .log after the URL!
Full API docs: https://github.com/smogon/pokemon-showdown-client/blob/master/WEB-API.md -->
<script type="text/plain" class="log" id="replaylog-smogtours-gen3ou-795185">
|inactive|Battle timer is ON: inactive players will automatically lose when time's up.
|t:|1728160550
|gametype|singles
|player|p1|DunsparceGamer|2|
|player|p2|FunkyCop1998|169|
|teamsize|p1|6
|teamsize|p2|6
|gen|3
|tier|[Gen 3] OU
|rule|Sleep Clause Mod: Limit one foe put to sleep
|rule|Switch Priority Clause Mod: Faster Pokémon switch first
|rule|Species Clause: Limit one of each Pokémon
|rule|OHKO Clause: OHKO moves are banned
|rule|Evasion Items Clause: Evasion items are banned
|rule|Evasion Moves Clause: Evasion moves are banned
|rule|Endless Battle Clause: Forcing endless battles is banned
|rule|HP Percentage Mod: HP is shown in percentages
|rule|One Boost Passer Clause: Limit one Baton Passer that has a way to boost its stats
|rule|Freeze Clause Mod: Limit one foe frozen
|
|t:|1728160550
|start
|switch|p1a: Jolteon|Jolteon, M|100/100
|switch|p2a: Popo|Slaking, M|100/100
|turn|1
|
|t:|1728160563
|switch|p1a: Gengar|Gengar, F|100/100
|move|p2a: Popo|Double-Edge|p1a: Gengar
|-immune|p1a: Gengar
|
|upkeep
|turn|2
|
|t:|1728160570
|switch|p2a: Blissey|Blissey, F|100/100
|move|p1a: Gengar|Will-O-Wisp|p2a: Blissey
|-status|p2a: Blissey|brn
|
|-damage|p2a: Blissey|88/100 brn|[from] brn
|upkeep
|turn|3
|
|t:|1728160584
|switch|p1a: Cloyster|Cloyster, F, shiny|100/100
|-curestatus|p2a: Blissey|brn|[from] ability: Natural Cure
|switch|p2a: Blastoise|Blastoise, F|100/100
|
|upkeep
|turn|4
|
|t:|1728160592
|switch|p2a: Skarmory|Skarmory, F|100/100
|move|p1a: Cloyster|Spikes|p2a: Skarmory
|-sidestart|p2: FunkyCop1998|Spikes
|
|upkeep
|turn|5
|
|t:|1728160595
|move|p1a: Cloyster|Spikes|p2a: Skarmory
|-sidestart|p2: FunkyCop1998|Spikes
|move|p2a: Skarmory|Spikes|p1a: Cloyster
|-sidestart|p1: DunsparceGamer|Spikes
|
|upkeep
|turn|6
|
|t:|1728160606
|switch|p1a: Jolteon|Jolteon, M|100/100
|-damage|p1a: Jolteon|88/100|[from] Spikes
|move|p2a: Skarmory|Taunt|p1a: Jolteon
|-start|p1a: Jolteon|move: Taunt
|
|-heal|p1a: Jolteon|94/100|[from] item: Leftovers
|upkeep
|turn|7
|
|t:|1728160618
|switch|p2a: Flygon|Flygon, F|100/100
|move|p1a: Jolteon|Thunderbolt|p2a: Flygon
|-immune|p2a: Flygon
|
|-heal|p1a: Jolteon|99/100|[from] item: Leftovers
|-end|p1a: Jolteon|move: Taunt|[silent]
|upkeep
|turn|8
|
|t:|1728160629
|switch|p1a: Swampert|Swampert, M|100/100
|-damage|p1a: Swampert|88/100|[from] Spikes
|move|p2a: Flygon|Protect||[still]
|-fail|p2a: Flygon
|
|-heal|p1a: Swampert|94/100|[from] item: Leftovers
|upkeep
|turn|9
|
|t:|1728160637
|-singleturn|p1a: Swampert|move: Focus Punch
|switch|p2a: Skarmory|Skarmory, F|100/100
|move|p1a: Swampert|Focus Punch|p2a: Skarmory
|-damage|p2a: Skarmory|72/100
|
|-heal|p1a: Swampert|100/100|[from] item: Leftovers
|-heal|p2a: Skarmory|78/100|[from] item: Leftovers
|upkeep
|turn|10
|
|t:|1728160644
|move|p1a: Swampert|Hydro Pump|p2a: Skarmory|[miss]
|-miss|p1a: Swampert|p2a: Skarmory
|move|p2a: Skarmory|Roar|p1a: Swampert
|drag|p1a: Jolteon|Jolteon, M|99/100
|-damage|p1a: Jolteon|88/100|[from] Spikes
|
|-heal|p1a: Jolteon|94/100|[from] item: Leftovers
|-heal|p2a: Skarmory|84/100|[from] item: Leftovers
|upkeep
|turn|11
|
|t:|1728160664
|switch|p2a: Blissey|Blissey, F|88/100
|-damage|p2a: Blissey|71/100|[from] Spikes
|move|p1a: Jolteon|Roar|p2a: Blissey
|drag|p2a: Blastoise|Blastoise, F|100/100
|-damage|p2a: Blastoise|84/100|[from] Spikes
|
|-heal|p1a: Jolteon|99/100|[from] item: Leftovers
|-heal|p2a: Blastoise|90/100|[from] item: Leftovers
|upkeep
|turn|12
|
|t:|1728160672
|switch|p2a: Blissey|Blissey, F|71/100
|-damage|p2a: Blissey|55/100|[from] Spikes
|move|p1a: Jolteon|Thunderbolt|p2a: Blissey
|-damage|p2a: Blissey|37/100
|
|-heal|p1a: Jolteon|100/100|[from] item: Leftovers
|-heal|p2a: Blissey|44/100|[from] item: Leftovers
|upkeep
|turn|13
|
|t:|1728160676
|move|p1a: Jolteon|Thunder Wave|p2a: Blissey
|-status|p2a: Blissey|par
|move|p2a: Blissey|Soft-Boiled|p2a: Blissey
|-heal|p2a: Blissey|93/100 par
|
|-heal|p2a: Blissey|99/100 par|[from] item: Leftovers
|upkeep
|turn|14
|
|t:|1728160683
|switch|p1a: Metagross|Metagross|100/100
|-damage|p1a: Metagross|88/100|[from] Spikes
|move|p2a: Blissey|Thunderbolt|p1a: Metagross
|-damage|p1a: Metagross|63/100
|
|-heal|p1a: Metagross|69/100|[from] item: Leftovers
|-heal|p2a: Blissey|100/100 par|[from] item: Leftovers
|upkeep
|turn|15
|
|t:|1728160699
|-curestatus|p2a: Blissey|par|[from] ability: Natural Cure
|switch|p2a: Blastoise|Blastoise, F|90/100
|-damage|p2a: Blastoise|73/100|[from] Spikes
|move|p1a: Metagross|Meteor Mash|p2a: Blastoise
|-resisted|p2a: Blastoise
|-damage|p2a: Blastoise|47/100
|
|-heal|p2a: Blastoise|53/100|[from] item: Leftovers
|-heal|p1a: Metagross|75/100|[from] item: Leftovers
|upkeep
|turn|16
|
|t:|1728160708
|move|p2a: Blastoise|Hydro Pump|p1a: Metagross|[miss]
|-miss|p2a: Blastoise|p1a: Metagross
|move|p1a: Metagross|Explosion|p2a: Blastoise
|-damage|p2a: Blastoise|0 fnt
|faint|p1a: Metagross
|faint|p2a: Blastoise
|
|t:|1728160724
|switch|p2a: Popo|Slaking, M|100/100
|switch|p1a: Aerodactyl|Aerodactyl, M|100/100
|-damage|p2a: Popo|84/100|[from] Spikes
|
|upkeep
|turn|17
|
|t:|1728160734
|switch|p2a: Flygon|Flygon, F|100/100
|move|p1a: Aerodactyl|Rock Slide|p2a: Flygon
|-resisted|p2a: Flygon
|-damage|p2a: Flygon|79/100
|
|-heal|p2a: Flygon|85/100|[from] item: Leftovers
|upkeep
|turn|18
|
|t:|1728160747
|switch|p1a: Cloyster|Cloyster, F, shiny|100/100
|-damage|p1a: Cloyster|88/100|[from] Spikes
|move|p2a: Flygon|Toxic|p1a: Cloyster|[miss]
|-miss|p2a: Flygon|p1a: Cloyster
|
|-heal|p2a: Flygon|91/100|[from] item: Leftovers
|upkeep
|turn|19
|
|t:|1728160758
|move|p2a: Flygon|Toxic|p1a: Cloyster
|-status|p1a: Cloyster|tox
|move|p1a: Cloyster|Icy Wind|p2a: Flygon
|-supereffective|p2a: Flygon
|-damage|p2a: Flygon|13/100
|-unboost|p2a: Flygon|spe|1
|
|-damage|p1a: Cloyster|82/100 tox|[from] psn
|-heal|p2a: Flygon|20/100|[from] item: Leftovers
|upkeep
|turn|20
|
|t:|1728160768
|move|p2a: Flygon|Protect|p2a: Flygon
|-singleturn|p2a: Flygon|Protect
|move|p1a: Cloyster|Icy Wind|p2a: Flygon
|-activate|p2a: Flygon|Protect
|
|-damage|p1a: Cloyster|70/100 tox|[from] psn
|-heal|p2a: Flygon|26/100|[from] item: Leftovers
|upkeep
|turn|21
|
|t:|1728160792
|switch|p2a: Skarmory|Skarmory, F|84/100
|move|p1a: Cloyster|Spikes|p2a: Skarmory
|-sidestart|p2: FunkyCop1998|Spikes
|
|-damage|p1a: Cloyster|51/100 tox|[from] psn
|-heal|p2a: Skarmory|90/100|[from] item: Leftovers
|upkeep
|turn|22
|
|t:|1728160800
|switch|p1a: Gengar|Gengar, F|100/100
|move|p2a: Skarmory|Spikes|p1a: Gengar
|-sidestart|p1: DunsparceGamer|Spikes
|
|-heal|p2a: Skarmory|96/100|[from] item: Leftovers
|upkeep
|turn|23
|
|t:|1728160812
|switch|p2a: Blissey|Blissey, F|100/100
|-damage|p2a: Blissey|76/100|[from] Spikes
|move|p1a: Gengar|Will-O-Wisp|p2a: Blissey
|-status|p2a: Blissey|brn
|
|-heal|p2a: Blissey|82/100 brn|[from] item: Leftovers
|-damage|p2a: Blissey|69/100 brn|[from] brn
|upkeep
|turn|24
|
|t:|1728160819
|move|p1a: Gengar|Explosion|p2a: Blissey
|-damage|p2a: Blissey|0 fnt
|faint|p1a: Gengar
|faint|p2a: Blissey
|
|t:|1728160835
|switch|p1a: Swampert|Swampert, M|100/100
|switch|p2a: Jirachi|Jirachi|100/100
|-damage|p2a: Jirachi|76/100|[from] Spikes
|-damage|p1a: Swampert|84/100|[from] Spikes
|
|-heal|p2a: Jirachi|82/100|[from] item: Leftovers
|-heal|p1a: Swampert|90/100|[from] item: Leftovers
|upkeep
|turn|25
|
|t:|1728160840
|move|p2a: Jirachi|Wish|p2a: Jirachi
|move|p1a: Swampert|Earthquake|p2a: Jirachi
|-supereffective|p2a: Jirachi
|-damage|p2a: Jirachi|33/100
|
|-heal|p2a: Jirachi|39/100|[from] item: Leftovers
|-heal|p1a: Swampert|96/100|[from] item: Leftovers
|upkeep
|turn|26
|
|t:|1728160859
|switch|p2a: Skarmory|Skarmory, F|96/100
|move|p1a: Swampert|Hydro Pump|p2a: Skarmory
|-crit|p2a: Skarmory
|-damage|p2a: Skarmory|0 fnt
|faint|p2a: Skarmory
|
|t:|1728160863
|switch|p2a: Flygon|Flygon, F|26/100
|
|-heal|p2a: Flygon|75/100|[from] move: Wish|[wisher] Jirachi
|-heal|p2a: Flygon|81/100|[from] item: Leftovers
|-heal|p1a: Swampert|100/100|[from] item: Leftovers
|upkeep
|turn|27
|
|t:|1728160877
|-singleturn|p1a: Swampert|move: Focus Punch
|move|p2a: Flygon|Earthquake|p1a: Swampert
|-damage|p1a: Swampert|66/100
|move|p1a: Swampert|Focus Punch||[still]
|cant|p1a: Swampert|Focus Punch|Focus Punch
|
|-heal|p2a: Flygon|88/100|[from] item: Leftovers
|-heal|p1a: Swampert|72/100|[from] item: Leftovers
|upkeep
|turn|28
|
|t:|1728160886
|move|p2a: Flygon|Toxic|p1a: Swampert
|-status|p1a: Swampert|tox
|move|p1a: Swampert|Ice Beam|p2a: Flygon
|-supereffective|p2a: Flygon
|-damage|p2a: Flygon|0 fnt
|faint|p2a: Flygon
|
|t:|1728160890
|switch|p2a: Jirachi|Jirachi|39/100
|-damage|p2a: Jirachi|14/100|[from] Spikes
|
|-heal|p2a: Jirachi|20/100|[from] item: Leftovers
|-heal|p1a: Swampert|79/100 tox|[from] item: Leftovers
|-damage|p1a: Swampert|72/100 tox|[from] psn
|upkeep
|turn|29
|
|t:|1728160894
|move|p2a: Jirachi|Fire Punch|p1a: Swampert
|-resisted|p1a: Swampert
|-damage|p1a: Swampert|61/100 tox
|move|p1a: Swampert|Earthquake|p2a: Jirachi
|-supereffective|p2a: Jirachi
|-damage|p2a: Jirachi|0 fnt
|faint|p2a: Jirachi
|
|t:|1728160896
|switch|p2a: Popo|Slaking, M|84/100
|-damage|p2a: Popo|59/100|[from] Spikes
|
|-heal|p1a: Swampert|67/100 tox|[from] item: Leftovers
|-damage|p1a: Swampert|55/100 tox|[from] psn
|upkeep
|turn|30
|
|t:|1728160905
|switch|p1a: Cloyster|Cloyster, F, shiny|51/100 tox
|-damage|p1a: Cloyster|34/100 tox|[from] Spikes
|move|p2a: Popo|Double-Edge|p1a: Cloyster
|-damage|p1a: Cloyster|0 fnt
|-damage|p2a: Popo|53/100|[from] Recoil|[of] p1a: Cloyster
|faint|p1a: Cloyster
|
|t:|1728160911
|switch|p1a: Swampert|Swampert, M|55/100 tox
|-damage|p1a: Swampert|39/100 tox|[from] Spikes
|
|-heal|p1a: Swampert|45/100 tox|[from] item: Leftovers
|-damage|p1a: Swampert|39/100 tox|[from] psn
|upkeep
|turn|31
|
|t:|1728160913
|-singleturn|p1a: Swampert|move: Focus Punch
|cant|p2a: Popo|ability: Truant
|move|p1a: Swampert|Focus Punch|p2a: Popo
|-supereffective|p2a: Popo
|-damage|p2a: Popo|0 fnt
|faint|p2a: Popo
|
|win|DunsparceGamer
|c|☆FunkyCop1998|gg
|player|p1|

</script>
<script type="application/json" class="data" id="replaydata-smogtours-gen3ou-795185">
{"id":"smogtours-gen3ou-795185","format":"[Gen 3] OU","players":["DunsparceGamer","FunkyCop1998"],"uploadtime":1728160913,"views":125,"formatid":"gen3ou","rating":null,"private":0,"password":null}
</script>

<script defer src="js/replays.js?9d40a366"></script>
