<!DOCTYPE html>
<meta charset="utf-8" />
<meta name="viewport" content="width=device-width" />

<title>[Gen 3] OU: strictsceptile1 vs. zacpz - Replays - Pok&eacute;mon Showdown!</title>

<meta name="description" content="Watch a replay of a Pok&eacute;mon battle between strictsceptile1 and zacpz! Format: [Gen 3] OU; Date: Oct 6, 2024" />
<!--

Hey, you! Looking in the source for the replay log?

You can find them in JSON format, just add `.json` at the end of a replay URL.

https://replay.pokemonshowdown.com/gen7randomdoublesbattle-865046831.json

Or, if you only need the log itself, add `.log` instead:

https://replay.pokemonshowdown.com/gen7randomdoublesbattle-865046831.log

-->

<link rel="stylesheet" href="//pokemonshowdown.com/style/global.css?0.023195364461161105" />
<link rel="stylesheet" href="//play.pokemonshowdown.com/style/font-awesome.css?0.13261647063804238" />
<link rel="stylesheet" href="//play.pokemonshowdown.com/style/battle.css?0.8753245789963631" />
<link rel="stylesheet" href="//play.pokemonshowdown.com/style/utilichart.css?0.8627959624976733" />

<!-- Global site tag (gtag.js) - Google Analytics -->
<script async src="https://www.googletagmanager.com/gtag/js?id=UA-26211653-1"></script>
<script>
  window.dataLayer = window.dataLayer || [];
  function gtag(){dataLayer.push(arguments);}
  gtag('js', new Date());

  gtag('config', 'UA-26211653-1');
</script>
<!-- End Google Analytics -->
<!-- Venatus Ad Manager - Install in <HEAD> of page -->
	<script src="https://hb.vntsm.com/v3/live/ad-manager.min.js" type="text/javascript" data-site-id="642aba63ec9a7b11c3c9c1be" data-mode="scan" async></script>
<!-- / Venatus Ad Manager -->

<style>
	@media (max-width:820px) {
		.battle {
			margin: 0 auto;
		}
		.battle-log {
			margin: 7px auto 0;
			max-width: 640px;
			height: 300px;
			position: static;
		}
	}
	.optgroup {
		display: inline-block;
		line-height: 22px;
		font-size: 10pt;
	}
	.optgroup .button {
		height: 25px;
		padding-top: 0;
		padding-bottom: 0;
	}
	.optgroup button.button {
		padding-left: 12px;
		padding-right: 12px;
	}
	.linklist {
		list-style: none;
		margin: 0.5em 0;
		padding: 0;
	}
	.linklist li {
		padding: 2px 0;
	}
	.sidebar {
		float: left;
		width: 320px;
	}
	.bar-wrapper {
		max-width: 1100px;
		margin: 0 auto;
	}
	.bar-wrapper.has-sidebar {
		max-width: 1430px;
	}
	.mainbar {
		margin: 0;
		padding-right: 1px;
	}
	.mainbar.has-sidebar {
		margin-left: 330px;
	}
	@media (min-width: 1511px) {
		.sidebar {
			width: 400px;
		}
		.bar-wrapper.has-sidebar {
			max-width: 1510px;
		}
		.mainbar.has-sidebar {
			margin-left: 410px;
		}
	}
	.section.first-section {
		margin-top: 9px;
	}
	.blocklink small {
		white-space: normal;
	}
	.button {
		vertical-align: middle;
	}
	.replay-controls {
		padding-top: 10px;
	}
	.replay-controls h1 {
		font-size: 16pt;
		font-weight: normal;
		color: #CCC;
	}
	.pagelink {
		text-align: center;
	}
	.pagelink a {
		width: 150px;
	}
	.textbox, .button {
		font-size: 11pt;
		vertical-align: middle;
	}
	@media (max-width: 450px) {
		.button {
			font-size: 9pt;
		}
	}
</style>

<div>

	<header>
		<div class="nav-wrapper"><ul class="nav">
			<li><a class="button nav-first" href="//pokemonshowdown.com/"><img src="//pokemonshowdown.com/images/pokemonshowdownbeta.png" srcset="//pokemonshowdown.com/images/pokemonshowdownbeta.png 1x, //pokemonshowdown.com/images/pokemonshowdownbeta@2x.png 2x" alt="Pok&eacute;mon Showdown" width="146" height="44" /> Home</a></li>
			<li><a class="button" href="//pokemonshowdown.com/dex/">Pok&eacute;dex</a></li>
			<li><a class="button cur" href="/">Replays</a></li>
			<li><a class="button" href="//pokemonshowdown.com/ladder/">Ladder</a></li>
			<li><a class="button nav-last" href="//pokemonshowdown.com/forums/">Forum</a></li>
			<li><a class="button greenbutton nav-first nav-last" href="//play.pokemonshowdown.com/">Play</a></li>
		</ul></div>
	</header>

	<div class="main" id="main">

		<noscript><section class="section">You need to enable JavaScript to use this page; sorry!</section></noscript>

	</div>

</div>

<script defer nomodule src="//play.pokemonshowdown.com/js/lib/ps-polyfill.js"></script>
<script defer src="//play.pokemonshowdown.com/js/lib/preact.min.js"></script>

<script defer src="//play.pokemonshowdown.com/config/config.js?2bddbc15"></script>
<script defer src="//play.pokemonshowdown.com/js/lib/jquery-1.11.0.min.js"></script>
<script defer src="//play.pokemonshowdown.com/js/lib/html-sanitizer-minified.js"></script>
<script defer src="//play.pokemonshowdown.com/js/battle-sound.js"></script>
<script defer src="//play.pokemonshowdown.com/js/battledata.js?0.7209276989879541"></script>
<script defer src="//play.pokemonshowdown.com/data/pokedex-mini.js?0.6111056340867951"></script>
<script defer src="//play.pokemonshowdown.com/data/pokedex-mini-bw.js?0.3532142036491459"></script>
<script defer src="//play.pokemonshowdown.com/data/graphics.js?0.24223875632456182"></script>
<script defer src="//play.pokemonshowdown.com/data/pokedex.js?0.38839984266356864"></script>
<script defer src="//play.pokemonshowdown.com/data/moves.js?0.21866028504024015"></script>
<script defer src="//play.pokemonshowdown.com/data/abilities.js?0.2005157953846628"></script>
<script defer src="//play.pokemonshowdown.com/data/items.js?0.9894211263848525"></script>
<script defer src="//play.pokemonshowdown.com/data/teambuilder-tables.js?0.6008791140282215"></script>
<script defer src="//play.pokemonshowdown.com/js/battle-tooltips.js?0.7580118955022959"></script>
<script defer src="//play.pokemonshowdown.com/js/battle.js?0.6057722274234274"></script>

<script defer src="js/utils.js?e31f9a17"></script>
<script defer src="js/replays-battle.js?7008c182"></script>

<!-- don't scrape this data! just add .json or .log after the URL!
Full API docs: https://github.com/smogon/pokemon-showdown-client/blob/master/WEB-API.md -->
<script type="text/plain" class="log" id="replaylog-gen3ou-2217120092-eg1wtb9vxpnogkrvxwsnqlv58jmlrxapw">
|j|☆strictsceptile1
|j|☆zacpz
|t:|1728224911
|gametype|singles
|player|p1|strictsceptile1|bellepa|
|player|p2|zacpz|#roaplxyorknewyanma|
|teamsize|p1|6
|teamsize|p2|6
|gen|3
|tier|[Gen 3] OU
|rule|Sleep Clause Mod: Limit one foe put to sleep
|rule|Switch Priority Clause Mod: Faster Pokémon switch first
|rule|Species Clause: Limit one of each Pokémon
|rule|OHKO Clause: OHKO moves are banned
|rule|Evasion Items Clause: Evasion items are banned
|rule|Evasion Moves Clause: Evasion moves are banned
|rule|Endless Battle Clause: Forcing endless battles is banned
|rule|HP Percentage Mod: HP is shown in percentages
|rule|One Boost Passer Clause: Limit one Baton Passer that has a way to boost its stats
|rule|Freeze Clause Mod: Limit one foe frozen
|
|t:|1728224911
|start
|switch|p1a: Zapdos|Zapdos|100/100
|switch|p2a: Smeargle|Smeargle, M|100/100
|turn|1
|inactive|Battle timer is ON: inactive players will automatically lose when time's up. (requested by strictsceptile1)
|c|☆strictsceptile1|Hf
|
|t:|1728224924
|switch|p1a: Celebi|Celebi|100/100
|move|p2a: Smeargle|Spikes|p1a: Celebi
|-sidestart|p1: strictsceptile1|Spikes
|
|upkeep
|turn|2
|j| corvid_queen
|j| NekuYagokoro
|c|☆zacpz|you too
|j| Spfunkm
|
|t:|1728224931
|move|p2a: Smeargle|Spore|p1a: Celebi
|-status|p1a: Celebi|slp|[from] move: Spore
|cant|p1a: Celebi|slp
|
|upkeep
|turn|3
|j| Kollin7
|
|t:|1728224938
|move|p2a: Smeargle|Spore|p1a: Celebi
|-fail|p1a: Celebi|slp
|cant|p1a: Celebi|slp
|
|upkeep
|turn|4
|
|t:|1728224940
|move|p2a: Smeargle|Spikes|p1a: Celebi
|-sidestart|p1: strictsceptile1|Spikes
|-curestatus|p1a: Celebi|slp|[msg]
|move|p1a: Celebi|Leech Seed|p2a: Smeargle
|-start|p2a: Smeargle|move: Leech Seed
|
|-damage|p2a: Smeargle|88/100|[from] Leech Seed|[of] p1a: Celebi
|upkeep
|turn|5
|
|t:|1728224950
|move|p2a: Smeargle|Spore|p1a: Celebi
|-status|p1a: Celebi|slp|[from] move: Spore
|cant|p1a: Celebi|slp
|
|-damage|p2a: Smeargle|76/100|[from] Leech Seed|[of] p1a: Celebi
|upkeep
|turn|6
|
|t:|1728224958
|switch|p2a: Metagross|Metagross|100/100
|-curestatus|p1a: Celebi|slp|[msg]
|move|p1a: Celebi|Psychic|p2a: Metagross
|-resisted|p2a: Metagross
|-damage|p2a: Metagross|92/100
|
|upkeep
|turn|7
|j| thespoonger
|j| OOF_MAXIMA
|
|t:|1728224980
|switch|p2a: Smeargle|Smeargle, M|76/100
|switch|p1a: Swampert|Swampert, F|100/100
|-damage|p1a: Swampert|84/100|[from] Spikes
|
|-heal|p1a: Swampert|90/100|[from] item: Leftovers
|upkeep
|turn|8
|j| I'm the Dome Ace
|
|t:|1728224988
|switch|p1a: Celebi|Celebi|100/100
|-damage|p1a: Celebi|84/100|[from] Spikes
|move|p2a: Smeargle|Spore|p1a: Celebi
|-status|p1a: Celebi|slp|[from] move: Spore
|
|-heal|p1a: Celebi|90/100 slp|[from] item: Leftovers
|upkeep
|turn|9
|
|t:|1728224993
|move|p2a: Smeargle|Spikes|p1a: Celebi
|-sidestart|p1: strictsceptile1|Spikes
|cant|p1a: Celebi|slp
|
|-heal|p1a: Celebi|96/100 slp|[from] item: Leftovers
|upkeep
|turn|10
|j| 3 blades
|j| rezzo64
|
|t:|1728224997
|switch|p2a: Metagross|Metagross|92/100
|cant|p1a: Celebi|slp
|
|-heal|p1a: Celebi|100/100 slp|[from] item: Leftovers
|upkeep
|turn|11
|
|t:|1728225002
|switch|p2a: Sexerella|Sceptile, F|100/100
|cant|p1a: Celebi|slp
|
|upkeep
|turn|12
|j| violet river
|
|t:|1728225025
|move|p2a: Sexerella|Substitute|p2a: Sexerella
|-start|p2a: Sexerella|Substitute
|-damage|p2a: Sexerella|76/100
|-curestatus|p1a: Celebi|slp|[msg]
|move|p1a: Celebi|Baton Pass|p1a: Celebi
|inactive|strictsceptile1 has 270 seconds left.
|
|t:|1728225043
|switch|p1a: Starmie|Starmie|100/100|[from] Baton Pass
|-damage|p1a: Starmie|76/100|[from] Spikes
|
|-heal|p2a: Sexerella|82/100|[from] item: Leftovers
|-heal|p1a: Starmie|82/100|[from] item: Leftovers
|upkeep
|turn|13
|
|t:|1728225048
|switch|p1a: Celebi|Celebi|100/100
|-damage|p1a: Celebi|75/100|[from] Spikes
|move|p2a: Sexerella|Leaf Blade|p1a: Celebi
|-resisted|p1a: Celebi
|-damage|p1a: Celebi|65/100
|
|-heal|p2a: Sexerella|88/100|[from] item: Leftovers
|-heal|p1a: Celebi|72/100|[from] item: Leftovers
|upkeep
|turn|14
|
|t:|1728225053
|move|p2a: Sexerella|Hidden Power|p1a: Celebi
|-supereffective|p1a: Celebi
|-damage|p1a: Celebi|46/100
|move|p1a: Celebi|Psychic|p2a: Sexerella
|-end|p2a: Sexerella|Substitute
|
|-heal|p2a: Sexerella|94/100|[from] item: Leftovers
|-heal|p1a: Celebi|52/100|[from] item: Leftovers
|upkeep
|turn|15
|
|t:|1728225059
|switch|p2a: Tyranitar|Tyranitar, M|100/100
|-weather|Sandstorm|[from] ability: Sand Stream|[of] p2a: Tyranitar
|move|p1a: Celebi|Recover|p1a: Celebi
|-heal|p1a: Celebi|100/100
|
|-weather|Sandstorm|[upkeep]
|-damage|p1a: Celebi|94/100|[from] Sandstorm
|-heal|p1a: Celebi|100/100|[from] item: Leftovers
|upkeep
|turn|16
|j| Sepulo
|j| ZPanther
|
|t:|1728225083
|move|p2a: Tyranitar|Dragon Dance|p2a: Tyranitar
|-boost|p2a: Tyranitar|atk|1
|-boost|p2a: Tyranitar|spe|1
|move|p1a: Celebi|Baton Pass|p1a: Celebi
|j| RodentCollector
|
|t:|1728225092
|switch|p1a: Swampert|Swampert, F|90/100|[from] Baton Pass
|-damage|p1a: Swampert|65/100|[from] Spikes
|
|-weather|Sandstorm|[upkeep]
|-heal|p1a: Swampert|71/100|[from] item: Leftovers
|upkeep
|turn|17
|
|t:|1728225104
|switch|p2a: Sexerella|Sceptile, F|94/100
|move|p1a: Swampert|Earthquake|p2a: Sexerella
|-resisted|p2a: Sexerella
|-damage|p2a: Sexerella|64/100
|
|-weather|Sandstorm|[upkeep]
|-damage|p2a: Sexerella|58/100|[from] Sandstorm
|-heal|p2a: Sexerella|64/100|[from] item: Leftovers
|-heal|p1a: Swampert|77/100|[from] item: Leftovers
|upkeep
|turn|18
|
|t:|1728225115
|switch|p2a: Smeargle|Smeargle, M|76/100
|switch|p1a: Celebi|Celebi|100/100
|-damage|p1a: Celebi|75/100|[from] Spikes
|
|-weather|Sandstorm|[upkeep]
|-damage|p2a: Smeargle|70/100|[from] Sandstorm
|-damage|p1a: Celebi|69/100|[from] Sandstorm
|-heal|p1a: Celebi|75/100|[from] item: Leftovers
|upkeep
|turn|19
|
|t:|1728225123
|move|p2a: Smeargle|Spore|p1a: Celebi
|-status|p1a: Celebi|slp|[from] move: Spore
|cant|p1a: Celebi|slp
|
|-weather|Sandstorm|[upkeep]
|-damage|p2a: Smeargle|64/100|[from] Sandstorm
|-damage|p1a: Celebi|69/100 slp|[from] Sandstorm
|-heal|p1a: Celebi|75/100 slp|[from] item: Leftovers
|upkeep
|turn|20
|
|t:|1728225132
|switch|p2a: Swampert|Swampert, F|100/100
|-curestatus|p1a: Celebi|slp|[from] ability: Natural Cure
|switch|p1a: Dugtrio|Dugtrio, M|100/100
|-damage|p1a: Dugtrio|76/100|[from] Spikes
|
|-weather|Sandstorm|[upkeep]
|upkeep
|turn|21
|
|t:|1728225147
|switch|p1a: Starmie|Starmie|82/100
|-damage|p1a: Starmie|57/100|[from] Spikes
|move|p2a: Swampert|Ice Beam|p1a: Starmie
|-resisted|p1a: Starmie
|-damage|p1a: Starmie|36/100
|
|-weather|Sandstorm|[upkeep]
|-damage|p1a: Starmie|30/100|[from] Sandstorm
|-heal|p1a: Starmie|36/100|[from] item: Leftovers
|upkeep
|turn|22
|
|t:|1728225159
|move|p1a: Starmie|Rapid Spin|p2a: Swampert
|-damage|p2a: Swampert|98/100
|-sideend|p1: strictsceptile1|Spikes|[from] move: Rapid Spin|[of] p1a: Starmie
|move|p2a: Swampert|Earthquake|p1a: Starmie
|-damage|p1a: Starmie|0 fnt
|faint|p1a: Starmie
|
|t:|1728225164
|switch|p1a: Celebi|Celebi|75/100
|
|-weather|Sandstorm|[upkeep]
|-damage|p1a: Celebi|69/100|[from] Sandstorm
|-heal|p1a: Celebi|75/100|[from] item: Leftovers
|-heal|p2a: Swampert|100/100|[from] item: Leftovers
|upkeep
|turn|23
|
|t:|1728225171
|switch|p2a: Metagross|Metagross|92/100
|move|p1a: Celebi|Leech Seed|p2a: Metagross
|-start|p2a: Metagross|move: Leech Seed
|
|-weather|Sandstorm|[upkeep]
|-damage|p1a: Celebi|69/100|[from] Sandstorm
|-damage|p2a: Metagross|79/100|[from] Leech Seed|[of] p1a: Celebi
|-heal|p1a: Celebi|79/100|[silent]
|-heal|p1a: Celebi|85/100|[from] item: Leftovers
|upkeep
|turn|24
|
|t:|1728225176
|move|p2a: Metagross|Explosion|p1a: Celebi
|-damage|p1a: Celebi|0 fnt
|faint|p2a: Metagross
|faint|p1a: Celebi
|
|t:|1728225189
|switch|p2a: Gengar|Gengar, M|100/100
|switch|p1a: Dugtrio|Dugtrio, M|76/100
|
|-weather|Sandstorm|[upkeep]
|-damage|p2a: Gengar|94/100|[from] Sandstorm
|-heal|p2a: Gengar|100/100|[from] item: Leftovers
|upkeep
|turn|25
|
|t:|1728225195
|move|p2a: Gengar|Ice Punch|p1a: Dugtrio
|-supereffective|p1a: Dugtrio
|-damage|p1a: Dugtrio|0 fnt
|faint|p1a: Dugtrio
|
|t:|1728225208
|switch|p1a: Tyranitar|Tyranitar, F|100/100
|
|-weather|Sandstorm|[upkeep]
|-damage|p2a: Gengar|94/100|[from] Sandstorm
|-heal|p2a: Gengar|100/100|[from] item: Leftovers
|upkeep
|turn|26
|
|t:|1728225215
|switch|p2a: Swampert|Swampert, F|100/100
|move|p1a: Tyranitar|Rock Slide|p2a: Swampert
|-resisted|p2a: Swampert
|-damage|p2a: Swampert|80/100
|
|-weather|Sandstorm|[upkeep]
|-heal|p2a: Swampert|86/100|[from] item: Leftovers
|upkeep
|turn|27
|j| plzzazz
|
|t:|1728225223
|switch|p1a: Zapdos|Zapdos|100/100
|move|p2a: Swampert|Hydro Pump|p1a: Zapdos
|-damage|p1a: Zapdos|41/100
|
|-weather|Sandstorm|[upkeep]
|-damage|p1a: Zapdos|35/100|[from] Sandstorm
|-heal|p1a: Zapdos|41/100|[from] item: Leftovers
|-heal|p2a: Swampert|92/100|[from] item: Leftovers
|upkeep
|turn|28
|j| Bhol
|
|t:|1728225233
|switch|p2a: Smeargle|Smeargle, M|64/100
|move|p1a: Zapdos|Hidden Power|p2a: Smeargle
|-damage|p2a: Smeargle|24/100
|
|-weather|Sandstorm|[upkeep]
|-damage|p1a: Zapdos|35/100|[from] Sandstorm
|-damage|p2a: Smeargle|18/100|[from] Sandstorm
|-heal|p1a: Zapdos|41/100|[from] item: Leftovers
|-enditem|p2a: Smeargle|Salac Berry|[eat]
|-boost|p2a: Smeargle|spe|1|[from] item: Salac Berry
|upkeep
|turn|29
|
|t:|1728225243
|move|p2a: Smeargle|Spore|p1a: Zapdos
|-status|p1a: Zapdos|slp|[from] move: Spore
|cant|p1a: Zapdos|slp
|
|-weather|Sandstorm|[upkeep]
|-damage|p2a: Smeargle|12/100|[from] Sandstorm
|-damage|p1a: Zapdos|35/100 slp|[from] Sandstorm
|-heal|p1a: Zapdos|41/100 slp|[from] item: Leftovers
|upkeep
|turn|30
|l| plzzazz
|
|t:|1728225245
|move|p2a: Smeargle|Explosion|p1a: Zapdos
|-damage|p1a: Zapdos|0 fnt
|faint|p2a: Smeargle
|faint|p1a: Zapdos
|
|t:|1728225253
|switch|p1a: Tyranitar|Tyranitar, F|100/100
|switch|p2a: Sexerella|Sceptile, F|64/100
|
|-weather|Sandstorm|[upkeep]
|-damage|p2a: Sexerella|58/100|[from] Sandstorm
|-heal|p2a: Sexerella|64/100|[from] item: Leftovers
|upkeep
|turn|31
|
|t:|1728225261
|move|p2a: Sexerella|Substitute|p2a: Sexerella
|-start|p2a: Sexerella|Substitute
|-damage|p2a: Sexerella|39/100
|move|p1a: Tyranitar|Hidden Power|p2a: Sexerella
|-supereffective|p2a: Sexerella
|-end|p2a: Sexerella|Substitute
|
|-weather|Sandstorm|[upkeep]
|-damage|p2a: Sexerella|33/100|[from] Sandstorm
|-heal|p2a: Sexerella|39/100|[from] item: Leftovers
|upkeep
|turn|32
|
|t:|1728225265
|move|p2a: Sexerella|Substitute|p2a: Sexerella
|-start|p2a: Sexerella|Substitute
|-damage|p2a: Sexerella|14/100
|move|p1a: Tyranitar|Hidden Power|p2a: Sexerella
|-supereffective|p2a: Sexerella
|-end|p2a: Sexerella|Substitute
|
|-weather|Sandstorm|[upkeep]
|-damage|p2a: Sexerella|8/100|[from] Sandstorm
|-heal|p2a: Sexerella|14/100|[from] item: Leftovers
|upkeep
|turn|33
|
|t:|1728225267
|move|p2a: Sexerella|Leaf Blade|p1a: Tyranitar
|-supereffective|p1a: Tyranitar
|-damage|p1a: Tyranitar|16/100
|move|p1a: Tyranitar|Hidden Power|p2a: Sexerella
|-supereffective|p2a: Sexerella
|-damage|p2a: Sexerella|0 fnt
|faint|p2a: Sexerella
|
|t:|1728225274
|switch|p2a: Swampert|Swampert, F|92/100
|
|-weather|Sandstorm|[upkeep]
|-heal|p1a: Tyranitar|22/100|[from] item: Leftovers
|-heal|p2a: Swampert|98/100|[from] item: Leftovers
|upkeep
|turn|34
|
|t:|1728225282
|-singleturn|p1a: Tyranitar|move: Focus Punch
|move|p2a: Swampert|Earthquake|p1a: Tyranitar
|-supereffective|p1a: Tyranitar
|-damage|p1a: Tyranitar|0 fnt
|faint|p1a: Tyranitar
|c|☆strictsceptile1|GGs
|
|t:|1728225290
|switch|p1a: Swampert|Swampert, F|77/100
|
|-weather|Sandstorm|[upkeep]
|-heal|p2a: Swampert|100/100|[from] item: Leftovers
|-heal|p1a: Swampert|84/100|[from] item: Leftovers
|upkeep
|turn|35
|c|☆zacpz|ggs mate
|
|t:|1728225299
|move|p2a: Swampert|Hydro Pump|p1a: Swampert
|-damage|p1a: Swampert|36/100
|move|p1a: Swampert|Hydro Pump|p2a: Swampert|[miss]
|-miss|p1a: Swampert|p2a: Swampert
|
|-weather|Sandstorm|[upkeep]
|-heal|p1a: Swampert|42/100|[from] item: Leftovers
|upkeep
|turn|36
|c| Bhol|zacpp
|l| violet river
|l| Spfunkm
|
|t:|1728225305
|move|p1a: Swampert|Protect|p1a: Swampert
|-singleturn|p1a: Swampert|Protect
|move|p2a: Swampert|Hydro Pump|p1a: Swampert
|-activate|p1a: Swampert|Protect
|
|-weather|Sandstorm|[upkeep]
|-heal|p1a: Swampert|49/100|[from] item: Leftovers
|upkeep
|turn|37
|
|t:|1728225309
|move|p2a: Swampert|Hydro Pump|p1a: Swampert
|-damage|p1a: Swampert|8/100
|move|p1a: Swampert|Hydro Pump|p2a: Swampert|[miss]
|-miss|p1a: Swampert|p2a: Swampert
|
|-weather|Sandstorm|[upkeep]
|-heal|p1a: Swampert|14/100|[from] item: Leftovers
|upkeep
|turn|38
|l| corvid_queen
|c|☆zacpz|word
|l| rezzo64
|j| Spfunkm
|c|☆zacpz|I AM THE SEX REPTILE
|
|t:|1728225323
|move|p2a: Swampert|Ice Beam|p1a: Swampert
|-damage|p1a: Swampert|0 fnt
|faint|p1a: Swampert
|
|win|zacpz
|l| I'm the Dome Ace
|c| Bhol|Lmao
|l| NekuYagokoro
|c|☆zacpz|ty for the rfn
|c|☆strictsceptile1|Nw
|c|☆strictsceptile1|GGs
|l| Bhol
|l| Sepulo
|l| ZPanther

</script>
<script type="application/json" class="data" id="replaydata-gen3ou-2217120092-eg1wtb9vxpnogkrvxwsnqlv58jmlrxapw">
{"id":"gen3ou-2217120092","format":"[Gen 3] OU","players":["strictsceptile1","zacpz"],"uploadtime":1728225374,"views":102,"formatid":"gen3ou","rating":null,"private":1,"password":"eg1wtb9vxpnogkrvxwsnqlv58jmlrxa"}
</script>

<script defer src="js/replays.js?9d40a366"></script>
