<!DOCTYPE html>
<meta charset="utf-8" />
<meta name="viewport" content="width=device-width" />

<title>[Gen 3] OU: EhtishamEX vs. less19chara - Replays - Pok&eacute;mon Showdown!</title>

<meta name="description" content="Watch a replay of a Pok&eacute;mon battle between EhtishamEX and less19chara! Format: [Gen 3] OU; Date: Oct 9, 2024" />
<!--

Hey, you! Looking in the source for the replay log?

You can find them in JSON format, just add `.json` at the end of a replay URL.

https://replay.pokemonshowdown.com/gen7randomdoublesbattle-865046831.json

Or, if you only need the log itself, add `.log` instead:

https://replay.pokemonshowdown.com/gen7randomdoublesbattle-865046831.log

-->

<link rel="stylesheet" href="//pokemonshowdown.com/style/global.css?0.767286132409787" />
<link rel="stylesheet" href="//play.pokemonshowdown.com/style/font-awesome.css?0.9266228007934947" />
<link rel="stylesheet" href="//play.pokemonshowdown.com/style/battle.css?0.7924700842790926" />
<link rel="stylesheet" href="//play.pokemonshowdown.com/style/utilichart.css?0.8777417872839479" />

<!-- Global site tag (gtag.js) - Google Analytics -->
<script async src="https://www.googletagmanager.com/gtag/js?id=UA-26211653-1"></script>
<script>
  window.dataLayer = window.dataLayer || [];
  function gtag(){dataLayer.push(arguments);}
  gtag('js', new Date());

  gtag('config', 'UA-26211653-1');
</script>
<!-- End Google Analytics -->
<!-- Venatus Ad Manager - Install in <HEAD> of page -->
	<script src="https://hb.vntsm.com/v3/live/ad-manager.min.js" type="text/javascript" data-site-id="642aba63ec9a7b11c3c9c1be" data-mode="scan" async></script>
<!-- / Venatus Ad Manager -->

<style>
	@media (max-width:820px) {
		.battle {
			margin: 0 auto;
		}
		.battle-log {
			margin: 7px auto 0;
			max-width: 640px;
			height: 300px;
			position: static;
		}
	}
	.optgroup {
		display: inline-block;
		line-height: 22px;
		font-size: 10pt;
	}
	.optgroup .button {
		height: 25px;
		padding-top: 0;
		padding-bottom: 0;
	}
	.optgroup button.button {
		padding-left: 12px;
		padding-right: 12px;
	}
	.linklist {
		list-style: none;
		margin: 0.5em 0;
		padding: 0;
	}
	.linklist li {
		padding: 2px 0;
	}
	.sidebar {
		float: left;
		width: 320px;
	}
	.bar-wrapper {
		max-width: 1100px;
		margin: 0 auto;
	}
	.bar-wrapper.has-sidebar {
		max-width: 1430px;
	}
	.mainbar {
		margin: 0;
		padding-right: 1px;
	}
	.mainbar.has-sidebar {
		margin-left: 330px;
	}
	@media (min-width: 1511px) {
		.sidebar {
			width: 400px;
		}
		.bar-wrapper.has-sidebar {
			max-width: 1510px;
		}
		.mainbar.has-sidebar {
			margin-left: 410px;
		}
	}
	.section.first-section {
		margin-top: 9px;
	}
	.blocklink small {
		white-space: normal;
	}
	.button {
		vertical-align: middle;
	}
	.replay-controls {
		padding-top: 10px;
	}
	.replay-controls h1 {
		font-size: 16pt;
		font-weight: normal;
		color: #CCC;
	}
	.pagelink {
		text-align: center;
	}
	.pagelink a {
		width: 150px;
	}
	.textbox, .button {
		font-size: 11pt;
		vertical-align: middle;
	}
	@media (max-width: 450px) {
		.button {
			font-size: 9pt;
		}
	}
</style>

<div>

	<header>
		<div class="nav-wrapper"><ul class="nav">
			<li><a class="button nav-first" href="//pokemonshowdown.com/"><img src="//pokemonshowdown.com/images/pokemonshowdownbeta.png" srcset="//pokemonshowdown.com/images/pokemonshowdownbeta.png 1x, //pokemonshowdown.com/images/pokemonshowdownbeta@2x.png 2x" alt="Pok&eacute;mon Showdown" width="146" height="44" /> Home</a></li>
			<li><a class="button" href="//pokemonshowdown.com/dex/">Pok&eacute;dex</a></li>
			<li><a class="button cur" href="/">Replays</a></li>
			<li><a class="button" href="//pokemonshowdown.com/ladder/">Ladder</a></li>
			<li><a class="button nav-last" href="//pokemonshowdown.com/forums/">Forum</a></li>
			<li><a class="button greenbutton nav-first nav-last" href="//play.pokemonshowdown.com/">Play</a></li>
		</ul></div>
	</header>

	<div class="main" id="main">

		<noscript><section class="section">You need to enable JavaScript to use this page; sorry!</section></noscript>

	</div>

</div>

<script defer nomodule src="//play.pokemonshowdown.com/js/lib/ps-polyfill.js"></script>
<script defer src="//play.pokemonshowdown.com/js/lib/preact.min.js"></script>

<script defer src="//play.pokemonshowdown.com/config/config.js?6dec07f6"></script>
<script defer src="//play.pokemonshowdown.com/js/lib/jquery-1.11.0.min.js"></script>
<script defer src="//play.pokemonshowdown.com/js/lib/html-sanitizer-minified.js"></script>
<script defer src="//play.pokemonshowdown.com/js/battle-sound.js"></script>
<script defer src="//play.pokemonshowdown.com/js/battledata.js?0.6315294753075389"></script>
<script defer src="//play.pokemonshowdown.com/data/pokedex-mini.js?0.7603743185311358"></script>
<script defer src="//play.pokemonshowdown.com/data/pokedex-mini-bw.js?0.030888842834281283"></script>
<script defer src="//play.pokemonshowdown.com/data/graphics.js?0.05593094747507488"></script>
<script defer src="//play.pokemonshowdown.com/data/pokedex.js?0.47064822249611904"></script>
<script defer src="//play.pokemonshowdown.com/data/moves.js?0.8583693120512459"></script>
<script defer src="//play.pokemonshowdown.com/data/abilities.js?0.16017181182386842"></script>
<script defer src="//play.pokemonshowdown.com/data/items.js?0.4163379185673943"></script>
<script defer src="//play.pokemonshowdown.com/data/teambuilder-tables.js?0.31075597372830477"></script>
<script defer src="//play.pokemonshowdown.com/js/battle-tooltips.js?0.6536193500708172"></script>
<script defer src="//play.pokemonshowdown.com/js/battle.js?0.1916591943277901"></script>

<script defer src="js/utils.js?e31f9a17"></script>
<script defer src="js/replays-battle.js?7008c182"></script>

<!-- don't scrape this data! just add .json or .log after the URL!
Full API docs: https://github.com/smogon/pokemon-showdown-client/blob/master/WEB-API.md -->
<script type="text/plain" class="log" id="replaylog-smogtours-gen3ou-796653">
|inactive|Battle timer is ON: inactive players will automatically lose when time's up.
|t:|1728491795
|gametype|singles
|player|p1|EhtishamEX|az|
|player|p2|less19chara|policeman-gen4|
|teamsize|p1|6
|teamsize|p2|6
|gen|3
|tier|[Gen 3] OU
|rule|Sleep Clause Mod: Limit one foe put to sleep
|rule|Switch Priority Clause Mod: Faster Pokémon switch first
|rule|Species Clause: Limit one of each Pokémon
|rule|OHKO Clause: OHKO moves are banned
|rule|Evasion Items Clause: Evasion items are banned
|rule|Evasion Moves Clause: Evasion moves are banned
|rule|Endless Battle Clause: Forcing endless battles is banned
|rule|HP Percentage Mod: HP is shown in percentages
|rule|One Boost Passer Clause: Limit one Baton Passer that has a way to boost its stats
|rule|Freeze Clause Mod: Limit one foe frozen
|
|t:|1728491795
|start
|switch|p1a: F5 Storm|Zapdos|100/100
|switch|p2a: Zapdos|Zapdos|100/100
|turn|1
|c|☆less19chara|glhf
|inactive|EhtishamEX has 270 seconds left.
|c|☆EhtishamEX|u2
|inactive|less19chara has 270 seconds left.
|
|t:|1728491837
|move|p2a: Zapdos|Thunder Wave|p1a: F5 Storm
|-status|p1a: F5 Storm|par
|move|p1a: F5 Storm|Substitute|p1a: F5 Storm
|-start|p1a: F5 Storm|Substitute
|-damage|p1a: F5 Storm|76/100 par
|
|-heal|p1a: F5 Storm|82/100 par|[from] item: Leftovers
|upkeep
|turn|2
|
|t:|1728491847
|switch|p2a: Flygon|Flygon, F|100/100
|cant|p1a: F5 Storm|par
|
|-heal|p1a: F5 Storm|88/100 par|[from] item: Leftovers
|upkeep
|turn|3
|
|t:|1728491852
|move|p2a: Flygon|Rock Slide|p1a: F5 Storm
|-supereffective|p1a: F5 Storm
|-end|p1a: F5 Storm|Substitute
|move|p1a: F5 Storm|Baton Pass|p1a: F5 Storm
|inactive|EhtishamEX has 270 seconds left.
|
|t:|1728491883
|switch|p1a: Mirror Image|Tyranitar, F, shiny|100/100|[from] Baton Pass
|-weather|Sandstorm|[from] ability: Sand Stream|[of] p1a: Mirror Image
|
|-weather|Sandstorm|[upkeep]
|upkeep
|turn|4
|
|t:|1728491897
|move|p2a: Flygon|Earthquake|p1a: Mirror Image
|-supereffective|p1a: Mirror Image
|-damage|p1a: Mirror Image|32/100
|move|p1a: Mirror Image|Ice Beam|p2a: Flygon
|-supereffective|p2a: Flygon
|-damage|p2a: Flygon|0 fnt
|faint|p2a: Flygon
|
|t:|1728491908
|switch|p2a: Zapdos|Zapdos|100/100
|
|-weather|Sandstorm|[upkeep]
|-damage|p2a: Zapdos|94/100|[from] Sandstorm
|upkeep
|turn|5
|inactive|less19chara has 270 seconds left.
|
|t:|1728491952
|switch|p1a: Aurora|Celebi|100/100
|move|p2a: Zapdos|Hidden Power|p1a: Aurora
|-resisted|p1a: Aurora
|-crit|p1a: Aurora
|-damage|p1a: Aurora|79/100
|
|-weather|Sandstorm|[upkeep]
|-damage|p2a: Zapdos|88/100|[from] Sandstorm
|-damage|p1a: Aurora|73/100|[from] Sandstorm
|-heal|p1a: Aurora|79/100|[from] item: Leftovers
|upkeep
|turn|6
|
|t:|1728491966
|switch|p2a: Metagross|Metagross|100/100
|move|p1a: Aurora|Swords Dance|p1a: Aurora
|-boost|p1a: Aurora|atk|2
|
|-weather|Sandstorm|[upkeep]
|-damage|p1a: Aurora|73/100|[from] Sandstorm
|-heal|p1a: Aurora|79/100|[from] item: Leftovers
|upkeep
|turn|7
|
|t:|1728491980
|move|p1a: Aurora|Baton Pass|p1a: Aurora
|inactive|EhtishamEX has 270 seconds left.
|inactive|EhtishamEX has 240 seconds left.
|
|t:|1728492039
|switch|p1a: Rust|Metagross|100/100|[from] Baton Pass
|move|p2a: Metagross|Explosion|p1a: Rust
|-resisted|p1a: Rust
|-damage|p1a: Rust|43/100
|faint|p2a: Metagross
|inactive|less19chara has 270 seconds left.
|
|t:|1728492048
|switch|p2a: Sceptile|Sceptile, F|100/100
|
|-weather|Sandstorm|[upkeep]
|-damage|p2a: Sceptile|94/100|[from] Sandstorm
|-heal|p2a: Sceptile|100/100|[from] item: Leftovers
|upkeep
|turn|8
|inactive|EhtishamEX has 240 seconds left.
|
|t:|1728492082
|move|p2a: Sceptile|Substitute|p2a: Sceptile
|-start|p2a: Sceptile|Substitute
|-damage|p2a: Sceptile|76/100
|move|p1a: Rust|Earthquake|p2a: Sceptile
|-resisted|p2a: Sceptile
|-end|p2a: Sceptile|Substitute
|
|-weather|Sandstorm|[upkeep]
|-damage|p2a: Sceptile|70/100|[from] Sandstorm
|-heal|p2a: Sceptile|76/100|[from] item: Leftovers
|upkeep
|turn|9
|
|t:|1728492088
|move|p2a: Sceptile|Earthquake|p1a: Rust
|-supereffective|p1a: Rust
|-damage|p1a: Rust|0 fnt
|faint|p1a: Rust
|inactive|EhtishamEX has 210 seconds left.
|
|t:|1728492124
|switch|p1a: Aurora|Celebi|79/100
|
|-weather|Sandstorm|[upkeep]
|-damage|p2a: Sceptile|70/100|[from] Sandstorm
|-damage|p1a: Aurora|73/100|[from] Sandstorm
|-heal|p2a: Sceptile|76/100|[from] item: Leftovers
|-heal|p1a: Aurora|79/100|[from] item: Leftovers
|upkeep
|turn|10
|inactive|EhtishamEX has 210 seconds left.
|
|t:|1728492132
|switch|p2a: Zapdos|Zapdos|88/100
|move|p1a: Aurora|Swords Dance|p1a: Aurora
|-boost|p1a: Aurora|atk|2
|
|-weather|Sandstorm|[upkeep]
|-damage|p2a: Zapdos|82/100|[from] Sandstorm
|-damage|p1a: Aurora|73/100|[from] Sandstorm
|-heal|p1a: Aurora|79/100|[from] item: Leftovers
|upkeep
|turn|11
|
|t:|1728492141
|move|p2a: Zapdos|Thunder Wave|p1a: Aurora
|-status|p1a: Aurora|par
|cant|p1a: Aurora|par
|
|-weather|Sandstorm|[upkeep]
|-damage|p2a: Zapdos|76/100|[from] Sandstorm
|-damage|p1a: Aurora|73/100 par|[from] Sandstorm
|-heal|p1a: Aurora|79/100 par|[from] item: Leftovers
|upkeep
|turn|12
|
|t:|1728492146
|switch|p2a: Skarmory|Skarmory, M|100/100
|move|p1a: Aurora|Ancient Power|p2a: Skarmory
|-damage|p2a: Skarmory|80/100
|
|-weather|Sandstorm|[upkeep]
|-damage|p1a: Aurora|73/100 par|[from] Sandstorm
|-heal|p2a: Skarmory|86/100|[from] item: Leftovers
|-heal|p1a: Aurora|79/100 par|[from] item: Leftovers
|upkeep
|turn|13
|
|t:|1728492158
|move|p1a: Aurora|Baton Pass|p1a: Aurora
|inactive|EhtishamEX has 210 seconds left.
|
|t:|1728492188
|-curestatus|p1a: Aurora|par|[from] ability: Natural Cure
|switch|p1a: Mirror Image|Tyranitar, F, shiny|32/100|[from] Baton Pass
|move|p2a: Skarmory|Roar|p1a: Mirror Image
|drag|p1a: Sleepy|Breloom, M, shiny|100/100
|
|-weather|Sandstorm|[upkeep]
|-damage|p1a: Sleepy|94/100|[from] Sandstorm
|-heal|p1a: Sleepy|100/100|[from] item: Leftovers
|-heal|p2a: Skarmory|92/100|[from] item: Leftovers
|upkeep
|turn|14
|
|t:|1728492204
|move|p2a: Skarmory|Protect|p2a: Skarmory
|-singleturn|p2a: Skarmory|Protect
|move|p1a: Sleepy|Spore|p2a: Skarmory
|-activate|p2a: Skarmory|Protect
|
|-weather|Sandstorm|[upkeep]
|-damage|p1a: Sleepy|94/100|[from] Sandstorm
|-heal|p1a: Sleepy|100/100|[from] item: Leftovers
|-heal|p2a: Skarmory|98/100|[from] item: Leftovers
|upkeep
|turn|15
|
|t:|1728492224
|-singleturn|p1a: Sleepy|move: Focus Punch
|move|p2a: Skarmory|Spikes|p1a: Sleepy
|-sidestart|p1: EhtishamEX|Spikes
|move|p1a: Sleepy|Focus Punch|p2a: Skarmory
|-damage|p2a: Skarmory|40/100
|
|-weather|Sandstorm|[upkeep]
|-damage|p1a: Sleepy|94/100|[from] Sandstorm
|-heal|p1a: Sleepy|100/100|[from] item: Leftovers
|-heal|p2a: Skarmory|46/100|[from] item: Leftovers
|upkeep
|turn|16
|
|t:|1728492230
|-singleturn|p1a: Sleepy|move: Focus Punch
|move|p2a: Skarmory|Protect|p2a: Skarmory
|-singleturn|p2a: Skarmory|Protect
|move|p1a: Sleepy|Focus Punch|p2a: Skarmory
|-activate|p2a: Skarmory|Protect
|
|-weather|Sandstorm|[upkeep]
|-damage|p1a: Sleepy|94/100|[from] Sandstorm
|-heal|p1a: Sleepy|100/100|[from] item: Leftovers
|-heal|p2a: Skarmory|52/100|[from] item: Leftovers
|upkeep
|turn|17
|inactive|EhtishamEX has 210 seconds left.
|inactive|less19chara has 270 seconds left.
|
|t:|1728492279
|-singleturn|p1a: Sleepy|move: Focus Punch
|move|p1a: Sleepy|Focus Punch|p2a: Skarmory
|-damage|p2a: Skarmory|0 fnt
|faint|p2a: Skarmory
|
|t:|1728492287
|switch|p2a: Zapdos|Zapdos|76/100
|
|-weather|Sandstorm|[upkeep]
|-damage|p2a: Zapdos|69/100|[from] Sandstorm
|-damage|p1a: Sleepy|94/100|[from] Sandstorm
|-heal|p1a: Sleepy|100/100|[from] item: Leftovers
|upkeep
|turn|18
|
|t:|1728492297
|switch|p1a: F5 Storm|Zapdos|88/100 par
|move|p2a: Zapdos|Drill Peck|p1a: F5 Storm
|-resisted|p1a: F5 Storm
|-damage|p1a: F5 Storm|57/100 par
|
|-weather|Sandstorm|[upkeep]
|-damage|p2a: Zapdos|63/100|[from] Sandstorm
|-damage|p1a: F5 Storm|50/100 par|[from] Sandstorm
|-heal|p1a: F5 Storm|57/100 par|[from] item: Leftovers
|upkeep
|turn|19
|inactive|EhtishamEX has 210 seconds left.
|inactive|less19chara has 270 seconds left.
|
|t:|1728492322
|switch|p2a: Sceptile|Sceptile, F|76/100
|move|p1a: F5 Storm|Baton Pass|p1a: F5 Storm
|inactive|EhtishamEX has 180 seconds left.
|
|t:|1728492343
|switch|p1a: Aurora|Celebi|79/100|[from] Baton Pass
|-damage|p1a: Aurora|66/100|[from] Spikes
|
|-weather|Sandstorm|[upkeep]
|-damage|p2a: Sceptile|70/100|[from] Sandstorm
|-damage|p1a: Aurora|60/100|[from] Sandstorm
|-heal|p2a: Sceptile|76/100|[from] item: Leftovers
|-heal|p1a: Aurora|66/100|[from] item: Leftovers
|upkeep
|turn|20
|inactive|EhtishamEX has 180 seconds left.
|inactive|less19chara has 270 seconds left.
|
|t:|1728492361
|switch|p2a: Zapdos|Zapdos|63/100
|move|p1a: Aurora|Swords Dance|p1a: Aurora
|-boost|p1a: Aurora|atk|2
|
|-weather|Sandstorm|[upkeep]
|-damage|p2a: Zapdos|57/100|[from] Sandstorm
|-damage|p1a: Aurora|60/100|[from] Sandstorm
|-heal|p1a: Aurora|66/100|[from] item: Leftovers
|upkeep
|turn|21
|inactive|less19chara has 270 seconds left.
|
|t:|1728492381
|move|p2a: Zapdos|Drill Peck|p1a: Aurora
|-supereffective|p1a: Aurora
|-damage|p1a: Aurora|0 fnt
|faint|p1a: Aurora
|
|t:|1728492388
|switch|p1a: Banish|Aerodactyl, M, shiny|100/100
|
|-weather|Sandstorm|[upkeep]
|-damage|p2a: Zapdos|51/100|[from] Sandstorm
|upkeep
|turn|22
|
|t:|1728492393
|switch|p2a: Suicune|Suicune|100/100
|move|p1a: Banish|Rock Slide|p2a: Suicune
|-damage|p2a: Suicune|81/100
|
|-weather|Sandstorm|[upkeep]
|-damage|p2a: Suicune|75/100|[from] Sandstorm
|-heal|p2a: Suicune|81/100|[from] item: Leftovers
|upkeep
|turn|23
|inactive|EhtishamEX has 150 seconds left.
|inactive|less19chara has 270 seconds left.
|inactive|EhtishamEX has 120 seconds left.
|inactive|EhtishamEX has 90 seconds left.
|
|t:|1728492493
|switch|p1a: Mirror Image|Tyranitar, F, shiny|32/100
|-damage|p1a: Mirror Image|20/100|[from] Spikes
|move|p2a: Suicune|Roar|p1a: Mirror Image
|drag|p1a: Sleepy|Breloom, M, shiny|100/100
|-damage|p1a: Sleepy|88/100|[from] Spikes
|
|-weather|Sandstorm|[upkeep]
|-damage|p1a: Sleepy|82/100|[from] Sandstorm
|-damage|p2a: Suicune|75/100|[from] Sandstorm
|-heal|p1a: Sleepy|88/100|[from] item: Leftovers
|-heal|p2a: Suicune|81/100|[from] item: Leftovers
|upkeep
|turn|24
|inactive|EhtishamEX has 60 seconds left.
|inactive|less19chara has 240 seconds left.
|
|t:|1728492529
|move|p1a: Sleepy|Spore|p2a: Suicune
|-status|p2a: Suicune|slp|[from] move: Spore
|cant|p2a: Suicune|slp
|
|-weather|Sandstorm|[upkeep]
|-damage|p1a: Sleepy|82/100|[from] Sandstorm
|-damage|p2a: Suicune|75/100 slp|[from] Sandstorm
|-heal|p1a: Sleepy|88/100|[from] item: Leftovers
|-heal|p2a: Suicune|81/100 slp|[from] item: Leftovers
|upkeep
|turn|25
|
|t:|1728492533
|-singleturn|p1a: Sleepy|move: Focus Punch
|cant|p2a: Suicune|slp
|move|p1a: Sleepy|Focus Punch|p2a: Suicune
|-damage|p2a: Suicune|37/100 slp
|
|-weather|Sandstorm|[upkeep]
|-damage|p1a: Sleepy|82/100|[from] Sandstorm
|-damage|p2a: Suicune|31/100 slp|[from] Sandstorm
|-heal|p1a: Sleepy|88/100|[from] item: Leftovers
|-heal|p2a: Suicune|37/100 slp|[from] item: Leftovers
|upkeep
|turn|26
|
|t:|1728492539
|-singleturn|p1a: Sleepy|move: Focus Punch
|-curestatus|p2a: Suicune|slp|[msg]
|move|p2a: Suicune|Surf|p1a: Sleepy
|-resisted|p1a: Sleepy
|-damage|p1a: Sleepy|59/100
|move|p1a: Sleepy|Focus Punch||[still]
|cant|p1a: Sleepy|Focus Punch|Focus Punch
|
|-weather|Sandstorm|[upkeep]
|-damage|p1a: Sleepy|53/100|[from] Sandstorm
|-damage|p2a: Suicune|31/100|[from] Sandstorm
|-heal|p1a: Sleepy|59/100|[from] item: Leftovers
|-heal|p2a: Suicune|37/100|[from] item: Leftovers
|upkeep
|turn|27
|
|t:|1728492544
|move|p1a: Sleepy|Spore|p2a: Suicune
|-status|p2a: Suicune|slp|[from] move: Spore
|cant|p2a: Suicune|slp
|
|-weather|Sandstorm|[upkeep]
|-damage|p1a: Sleepy|53/100|[from] Sandstorm
|-damage|p2a: Suicune|31/100 slp|[from] Sandstorm
|-heal|p1a: Sleepy|59/100|[from] item: Leftovers
|-heal|p2a: Suicune|37/100 slp|[from] item: Leftovers
|upkeep
|turn|28
|
|t:|1728492547
|-singleturn|p1a: Sleepy|move: Focus Punch
|-curestatus|p2a: Suicune|slp|[msg]
|move|p2a: Suicune|Surf|p1a: Sleepy
|-resisted|p1a: Sleepy
|-damage|p1a: Sleepy|28/100
|move|p1a: Sleepy|Focus Punch||[still]
|cant|p1a: Sleepy|Focus Punch|Focus Punch
|
|-weather|Sandstorm|[upkeep]
|-damage|p1a: Sleepy|22/100|[from] Sandstorm
|-damage|p2a: Suicune|31/100|[from] Sandstorm
|-heal|p1a: Sleepy|28/100|[from] item: Leftovers
|-heal|p2a: Suicune|37/100|[from] item: Leftovers
|upkeep
|turn|29
|
|t:|1728492555
|move|p1a: Sleepy|Spore|p2a: Suicune
|-status|p2a: Suicune|slp|[from] move: Spore
|cant|p2a: Suicune|slp
|
|-weather|Sandstorm|[upkeep]
|-damage|p1a: Sleepy|22/100|[from] Sandstorm
|-damage|p2a: Suicune|31/100 slp|[from] Sandstorm
|-heal|p1a: Sleepy|28/100|[from] item: Leftovers
|-heal|p2a: Suicune|37/100 slp|[from] item: Leftovers
|upkeep
|turn|30
|
|t:|1728492561
|-singleturn|p1a: Sleepy|move: Focus Punch
|cant|p2a: Suicune|slp
|move|p1a: Sleepy|Focus Punch|p2a: Suicune
|-damage|p2a: Suicune|0 fnt
|faint|p2a: Suicune
|
|t:|1728492572
|switch|p2a: Zapdos|Zapdos|51/100
|
|-weather|Sandstorm|[upkeep]
|-damage|p2a: Zapdos|44/100|[from] Sandstorm
|-damage|p1a: Sleepy|22/100|[from] Sandstorm
|-heal|p1a: Sleepy|28/100|[from] item: Leftovers
|upkeep
|turn|31
|inactive|EhtishamEX has 90 seconds left.
|
|t:|1728492606
|switch|p1a: Mirror Image|Tyranitar, F, shiny|20/100
|-damage|p1a: Mirror Image|8/100|[from] Spikes
|move|p2a: Zapdos|Thunder Wave|p1a: Mirror Image
|-status|p1a: Mirror Image|par
|-enditem|p1a: Mirror Image|Lum Berry|[eat]
|-curestatus|p1a: Mirror Image|par|[msg]
|
|-weather|Sandstorm|[upkeep]
|-damage|p2a: Zapdos|38/100|[from] Sandstorm
|upkeep
|turn|32
|inactive|EhtishamEX has 90 seconds left.
|
|t:|1728492625
|move|p2a: Zapdos|Thunder Wave|p1a: Mirror Image
|-status|p1a: Mirror Image|par
|move|p1a: Mirror Image|Ice Beam|p2a: Zapdos
|-supereffective|p2a: Zapdos
|-damage|p2a: Zapdos|0 fnt
|faint|p2a: Zapdos
|
|t:|1728492630
|switch|p2a: Sceptile|Sceptile, F|76/100
|
|-weather|Sandstorm|[upkeep]
|-damage|p2a: Sceptile|70/100|[from] Sandstorm
|-heal|p2a: Sceptile|76/100|[from] item: Leftovers
|upkeep
|turn|33
|
|t:|1728492635
|move|p2a: Sceptile|Substitute|p2a: Sceptile
|-start|p2a: Sceptile|Substitute
|-damage|p2a: Sceptile|51/100
|move|p1a: Mirror Image|Ice Beam|p2a: Sceptile
|-supereffective|p2a: Sceptile
|-end|p2a: Sceptile|Substitute
|
|-weather|Sandstorm|[upkeep]
|-damage|p2a: Sceptile|45/100|[from] Sandstorm
|-heal|p2a: Sceptile|51/100|[from] item: Leftovers
|upkeep
|turn|34
|
|t:|1728492652
|switch|p1a: Sleepy|Breloom, M, shiny|28/100
|-damage|p1a: Sleepy|16/100|[from] Spikes
|move|p2a: Sceptile|Leech Seed|p1a: Sleepy
|-immune|p1a: Sleepy
|
|-weather|Sandstorm|[upkeep]
|-damage|p2a: Sceptile|45/100|[from] Sandstorm
|-damage|p1a: Sleepy|10/100|[from] Sandstorm
|-heal|p2a: Sceptile|51/100|[from] item: Leftovers
|-heal|p1a: Sleepy|16/100|[from] item: Leftovers
|upkeep
|turn|35
|
|t:|1728492660
|move|p1a: Sleepy|Mach Punch|p2a: Sceptile
|-damage|p2a: Sceptile|16/100
|move|p2a: Sceptile|Earthquake|p1a: Sleepy
|-resisted|p1a: Sleepy
|-damage|p1a: Sleepy|0 fnt
|faint|p1a: Sleepy
|c|☆EhtishamEX|ggwp
|c|☆less19chara|gg
|
|t:|1728492668
|switch|p1a: Banish|Aerodactyl, M, shiny|100/100
|
|-weather|Sandstorm|[upkeep]
|-damage|p2a: Sceptile|10/100|[from] Sandstorm
|-heal|p2a: Sceptile|16/100|[from] item: Leftovers
|upkeep
|turn|36
|-message|less19chara forfeited.
|
|win|EhtishamEX

</script>
<script type="application/json" class="data" id="replaydata-smogtours-gen3ou-796653">
{"id":"smogtours-gen3ou-796653","format":"[Gen 3] OU","players":["EhtishamEX","less19chara"],"uploadtime":1728492675,"views":103,"formatid":"gen3ou","rating":null,"private":0,"password":null}
</script>

<script defer src="js/replays.js?9d40a366"></script>
