<!DOCTYPE html>
<meta charset="utf-8" />
<meta name="viewport" content="width=device-width" />

<title>[Gen 3] OU: fuckboyLenny vs. zinc3 - Replays - Pok&eacute;mon Showdown!</title>

<meta name="description" content="Watch a replay of a Pok&eacute;mon battle between fuckboyLenny and zinc3! Format: [Gen 3] OU; Date: Oct 2, 2024" />
<!--

Hey, you! Looking in the source for the replay log?

You can find them in JSON format, just add `.json` at the end of a replay URL.

https://replay.pokemonshowdown.com/gen7randomdoublesbattle-865046831.json

Or, if you only need the log itself, add `.log` instead:

https://replay.pokemonshowdown.com/gen7randomdoublesbattle-865046831.log

-->

<link rel="stylesheet" href="//pokemonshowdown.com/style/global.css?0.023195364461161105" />
<link rel="stylesheet" href="//play.pokemonshowdown.com/style/font-awesome.css?0.13261647063804238" />
<link rel="stylesheet" href="//play.pokemonshowdown.com/style/battle.css?0.8753245789963631" />
<link rel="stylesheet" href="//play.pokemonshowdown.com/style/utilichart.css?0.8627959624976733" />

<!-- Global site tag (gtag.js) - Google Analytics -->
<script async src="https://www.googletagmanager.com/gtag/js?id=UA-26211653-1"></script>
<script>
  window.dataLayer = window.dataLayer || [];
  function gtag(){dataLayer.push(arguments);}
  gtag('js', new Date());

  gtag('config', 'UA-26211653-1');
</script>
<!-- End Google Analytics -->
<!-- Venatus Ad Manager - Install in <HEAD> of page -->
	<script src="https://hb.vntsm.com/v3/live/ad-manager.min.js" type="text/javascript" data-site-id="642aba63ec9a7b11c3c9c1be" data-mode="scan" async></script>
<!-- / Venatus Ad Manager -->

<style>
	@media (max-width:820px) {
		.battle {
			margin: 0 auto;
		}
		.battle-log {
			margin: 7px auto 0;
			max-width: 640px;
			height: 300px;
			position: static;
		}
	}
	.optgroup {
		display: inline-block;
		line-height: 22px;
		font-size: 10pt;
	}
	.optgroup .button {
		height: 25px;
		padding-top: 0;
		padding-bottom: 0;
	}
	.optgroup button.button {
		padding-left: 12px;
		padding-right: 12px;
	}
	.linklist {
		list-style: none;
		margin: 0.5em 0;
		padding: 0;
	}
	.linklist li {
		padding: 2px 0;
	}
	.sidebar {
		float: left;
		width: 320px;
	}
	.bar-wrapper {
		max-width: 1100px;
		margin: 0 auto;
	}
	.bar-wrapper.has-sidebar {
		max-width: 1430px;
	}
	.mainbar {
		margin: 0;
		padding-right: 1px;
	}
	.mainbar.has-sidebar {
		margin-left: 330px;
	}
	@media (min-width: 1511px) {
		.sidebar {
			width: 400px;
		}
		.bar-wrapper.has-sidebar {
			max-width: 1510px;
		}
		.mainbar.has-sidebar {
			margin-left: 410px;
		}
	}
	.section.first-section {
		margin-top: 9px;
	}
	.blocklink small {
		white-space: normal;
	}
	.button {
		vertical-align: middle;
	}
	.replay-controls {
		padding-top: 10px;
	}
	.replay-controls h1 {
		font-size: 16pt;
		font-weight: normal;
		color: #CCC;
	}
	.pagelink {
		text-align: center;
	}
	.pagelink a {
		width: 150px;
	}
	.textbox, .button {
		font-size: 11pt;
		vertical-align: middle;
	}
	@media (max-width: 450px) {
		.button {
			font-size: 9pt;
		}
	}
</style>

<div>

	<header>
		<div class="nav-wrapper"><ul class="nav">
			<li><a class="button nav-first" href="//pokemonshowdown.com/"><img src="//pokemonshowdown.com/images/pokemonshowdownbeta.png" srcset="//pokemonshowdown.com/images/pokemonshowdownbeta.png 1x, //pokemonshowdown.com/images/pokemonshowdownbeta@2x.png 2x" alt="Pok&eacute;mon Showdown" width="146" height="44" /> Home</a></li>
			<li><a class="button" href="//pokemonshowdown.com/dex/">Pok&eacute;dex</a></li>
			<li><a class="button cur" href="/">Replays</a></li>
			<li><a class="button" href="//pokemonshowdown.com/ladder/">Ladder</a></li>
			<li><a class="button nav-last" href="//pokemonshowdown.com/forums/">Forum</a></li>
			<li><a class="button greenbutton nav-first nav-last" href="//play.pokemonshowdown.com/">Play</a></li>
		</ul></div>
	</header>

	<div class="main" id="main">

		<noscript><section class="section">You need to enable JavaScript to use this page; sorry!</section></noscript>

	</div>

</div>

<script defer nomodule src="//play.pokemonshowdown.com/js/lib/ps-polyfill.js"></script>
<script defer src="//play.pokemonshowdown.com/js/lib/preact.min.js"></script>

<script defer src="//play.pokemonshowdown.com/config/config.js?2bddbc15"></script>
<script defer src="//play.pokemonshowdown.com/js/lib/jquery-1.11.0.min.js"></script>
<script defer src="//play.pokemonshowdown.com/js/lib/html-sanitizer-minified.js"></script>
<script defer src="//play.pokemonshowdown.com/js/battle-sound.js"></script>
<script defer src="//play.pokemonshowdown.com/js/battledata.js?0.7209276989879541"></script>
<script defer src="//play.pokemonshowdown.com/data/pokedex-mini.js?0.6111056340867951"></script>
<script defer src="//play.pokemonshowdown.com/data/pokedex-mini-bw.js?0.3532142036491459"></script>
<script defer src="//play.pokemonshowdown.com/data/graphics.js?0.24223875632456182"></script>
<script defer src="//play.pokemonshowdown.com/data/pokedex.js?0.38839984266356864"></script>
<script defer src="//play.pokemonshowdown.com/data/moves.js?0.21866028504024015"></script>
<script defer src="//play.pokemonshowdown.com/data/abilities.js?0.2005157953846628"></script>
<script defer src="//play.pokemonshowdown.com/data/items.js?0.9894211263848525"></script>
<script defer src="//play.pokemonshowdown.com/data/teambuilder-tables.js?0.6008791140282215"></script>
<script defer src="//play.pokemonshowdown.com/js/battle-tooltips.js?0.7580118955022959"></script>
<script defer src="//play.pokemonshowdown.com/js/battle.js?0.6057722274234274"></script>

<script defer src="js/utils.js?e31f9a17"></script>
<script defer src="js/replays-battle.js?7008c182"></script>

<!-- don't scrape this data! just add .json or .log after the URL!
Full API docs: https://github.com/smogon/pokemon-showdown-client/blob/master/WEB-API.md -->
<script type="text/plain" class="log" id="replaylog-smogtours-gen3ou-794034">
|inactive|Battle timer is ON: inactive players will automatically lose when time's up.
|t:|1727900455
|gametype|singles
|player|p1|fuckboyLenny|101|
|player|p2|zinc3|touristf|
|teamsize|p1|6
|teamsize|p2|6
|gen|3
|tier|[Gen 3] OU
|rule|Sleep Clause Mod: Limit one foe put to sleep
|rule|Switch Priority Clause Mod: Faster Pokémon switch first
|rule|Species Clause: Limit one of each Pokémon
|rule|OHKO Clause: OHKO moves are banned
|rule|Evasion Items Clause: Evasion items are banned
|rule|Evasion Moves Clause: Evasion moves are banned
|rule|Endless Battle Clause: Forcing endless battles is banned
|rule|HP Percentage Mod: HP is shown in percentages
|rule|One Boost Passer Clause: Limit one Baton Passer that has a way to boost its stats
|rule|Freeze Clause Mod: Limit one foe frozen
|
|t:|1727900455
|start
|switch|p1a: Tyranitar|Tyranitar, M|100/100
|switch|p2a: Tyranitar|Tyranitar, F|100/100
|-weather|Sandstorm|[from] ability: Sand Stream|[of] p1a: Tyranitar
|turn|1
|
|t:|1727900479
|switch|p1a: Swampert|Swampert, M|100/100
|switch|p2a: Swampert|Swampert, M|100/100
|
|-weather|Sandstorm|[upkeep]
|upkeep
|turn|2
|
|t:|1727900487
|switch|p2a: Skarmory|Skarmory, F|100/100
|move|p1a: Swampert|Toxic|p2a: Skarmory|[miss]
|-miss|p1a: Swampert|p2a: Skarmory
|
|-weather|Sandstorm|[upkeep]
|upkeep
|turn|3
|
|t:|1727900515
|move|p2a: Skarmory|Spikes|p1a: Swampert
|-sidestart|p1: fuckboyLenny|Spikes
|move|p1a: Swampert|Hydro Pump|p2a: Skarmory|[miss]
|-miss|p1a: Swampert|p2a: Skarmory
|
|-weather|Sandstorm|[upkeep]
|upkeep
|turn|4
|
|t:|1727900527
|switch|p1a: Skarmory|Skarmory, F, shiny|100/100
|move|p2a: Skarmory|Spikes|p1a: Skarmory
|-sidestart|p1: fuckboyLenny|Spikes
|
|-weather|Sandstorm|[upkeep]
|upkeep
|turn|5
|inactive|zinc3 has 270 seconds left.
|
|t:|1727900559
|switch|p2a: Gengar|Gengar, F|100/100
|move|p1a: Skarmory|Spikes|p2a: Gengar
|-sidestart|p2: zinc3|Spikes
|
|-weather|Sandstorm|[upkeep]
|-damage|p2a: Gengar|95/100|[from] Sandstorm
|-heal|p2a: Gengar|100/100|[from] item: Leftovers
|upkeep
|turn|6
|
|t:|1727900573
|switch|p1a: Swampert|Swampert, M|100/100
|-damage|p1a: Swampert|84/100|[from] Spikes
|move|p2a: Gengar|Thunderbolt|p1a: Swampert
|-immune|p1a: Swampert
|
|-weather|Sandstorm|[upkeep]
|-damage|p2a: Gengar|95/100|[from] Sandstorm
|-heal|p2a: Gengar|100/100|[from] item: Leftovers
|-heal|p1a: Swampert|90/100|[from] item: Leftovers
|upkeep
|turn|7
|
|t:|1727900584
|move|p2a: Gengar|Will-O-Wisp|p1a: Swampert|[miss]
|-miss|p2a: Gengar|p1a: Swampert
|move|p1a: Swampert|Hydro Pump|p2a: Gengar
|-damage|p2a: Gengar|59/100
|
|-weather|Sandstorm|[upkeep]
|-damage|p2a: Gengar|53/100|[from] Sandstorm
|-heal|p2a: Gengar|59/100|[from] item: Leftovers
|-heal|p1a: Swampert|96/100|[from] item: Leftovers
|upkeep
|turn|8
|
|t:|1727900603
|switch|p2a: Celebi|Celebi|100/100
|-damage|p2a: Celebi|88/100|[from] Spikes
|move|p1a: Swampert|Ice Beam|p2a: Celebi
|-supereffective|p2a: Celebi
|-damage|p2a: Celebi|55/100
|
|-weather|Sandstorm|[upkeep]
|-damage|p2a: Celebi|49/100|[from] Sandstorm
|-heal|p2a: Celebi|55/100|[from] item: Leftovers
|-heal|p1a: Swampert|100/100|[from] item: Leftovers
|upkeep
|turn|9
|inactive|fuckboyLenny has 270 seconds left.
|
|t:|1727900632
|switch|p1a: Skarmory|Skarmory, F, shiny|100/100
|move|p2a: Celebi|Giga Drain|p1a: Skarmory
|-resisted|p1a: Skarmory
|-damage|p1a: Skarmory|94/100
|-heal|p2a: Celebi|58/100|[from] drain|[of] p1a: Skarmory
|
|-weather|Sandstorm|[upkeep]
|-damage|p2a: Celebi|52/100|[from] Sandstorm
|-heal|p2a: Celebi|58/100|[from] item: Leftovers
|-heal|p1a: Skarmory|99/100|[from] item: Leftovers
|upkeep
|turn|10
|
|t:|1727900645
|move|p2a: Celebi|Leech Seed|p1a: Skarmory|[miss]
|-miss|p2a: Celebi|p1a: Skarmory
|move|p1a: Skarmory|Spikes|p2a: Celebi
|-sidestart|p2: zinc3|Spikes
|
|-weather|Sandstorm|[upkeep]
|-damage|p2a: Celebi|52/100|[from] Sandstorm
|-heal|p2a: Celebi|58/100|[from] item: Leftovers
|-heal|p1a: Skarmory|100/100|[from] item: Leftovers
|upkeep
|turn|11
|
|t:|1727900656
|move|p2a: Celebi|Leech Seed|p1a: Skarmory
|-start|p1a: Skarmory|move: Leech Seed
|move|p1a: Skarmory|Spikes|p2a: Celebi
|-sidestart|p2: zinc3|Spikes
|
|-weather|Sandstorm|[upkeep]
|-damage|p2a: Celebi|52/100|[from] Sandstorm
|-heal|p2a: Celebi|58/100|[from] item: Leftovers
|-damage|p1a: Skarmory|88/100|[from] Leech Seed|[of] p2a: Celebi
|-heal|p2a: Celebi|68/100|[silent]
|upkeep
|turn|12
|
|t:|1727900667
|switch|p1a: Gengar|Gengar, M, shiny|100/100
|move|p2a: Celebi|Giga Drain|p1a: Gengar
|-resisted|p1a: Gengar
|-damage|p1a: Gengar|80/100
|-heal|p2a: Celebi|75/100|[from] drain|[of] p1a: Gengar
|
|-weather|Sandstorm|[upkeep]
|-damage|p1a: Gengar|74/100|[from] Sandstorm
|-damage|p2a: Celebi|69/100|[from] Sandstorm
|-heal|p1a: Gengar|80/100|[from] item: Leftovers
|-heal|p2a: Celebi|75/100|[from] item: Leftovers
|upkeep
|turn|13
|
|t:|1727900678
|move|p1a: Gengar|Ice Punch|p2a: Celebi
|-supereffective|p2a: Celebi
|-damage|p2a: Celebi|28/100
|move|p2a: Celebi|Psychic|p1a: Gengar
|-supereffective|p1a: Gengar
|-damage|p1a: Gengar|0 fnt
|faint|p1a: Gengar
|
|t:|1727900698
|switch|p1a: Flygon|Flygon, M, shiny|100/100
|
|-weather|Sandstorm|[upkeep]
|-damage|p2a: Celebi|22/100|[from] Sandstorm
|-heal|p2a: Celebi|28/100|[from] item: Leftovers
|upkeep
|turn|14
|
|t:|1727900717
|switch|p2a: Skarmory|Skarmory, F|100/100
|move|p1a: Flygon|Substitute|p1a: Flygon
|-start|p1a: Flygon|Substitute
|-damage|p1a: Flygon|76/100
|
|-weather|Sandstorm|[upkeep]
|-heal|p1a: Flygon|82/100|[from] item: Leftovers
|upkeep
|turn|15
|
|t:|1727900724
|move|p1a: Flygon|Rock Slide|p2a: Skarmory
|-damage|p2a: Skarmory|83/100
|move|p2a: Skarmory|Spikes|p1a: Flygon
|-sidestart|p1: fuckboyLenny|Spikes
|
|-weather|Sandstorm|[upkeep]
|-heal|p1a: Flygon|88/100|[from] item: Leftovers
|-heal|p2a: Skarmory|89/100|[from] item: Leftovers
|upkeep
|turn|16
|
|t:|1727900731
|move|p1a: Flygon|Rock Slide|p2a: Skarmory
|-damage|p2a: Skarmory|72/100
|move|p2a: Skarmory|Roar|p1a: Flygon
|drag|p1a: Aerodactyl|Aerodactyl, M|100/100
|
|-weather|Sandstorm|[upkeep]
|-heal|p2a: Skarmory|78/100|[from] item: Leftovers
|upkeep
|turn|17
|inactive|fuckboyLenny has 270 seconds left.
|
|t:|1727900754
|switch|p1a: Skarmory|Skarmory, F, shiny|88/100
|move|p2a: Skarmory|Protect||[still]
|-fail|p2a: Skarmory
|
|-weather|Sandstorm|[upkeep]
|-heal|p2a: Skarmory|84/100|[from] item: Leftovers
|-heal|p1a: Skarmory|94/100|[from] item: Leftovers
|upkeep
|turn|18
|
|t:|1727900762
|move|p2a: Skarmory|Roar|p1a: Skarmory
|drag|p1a: Flygon|Flygon, M, shiny|88/100
|
|-weather|Sandstorm|[upkeep]
|-heal|p1a: Flygon|94/100|[from] item: Leftovers
|-heal|p2a: Skarmory|90/100|[from] item: Leftovers
|upkeep
|turn|19
|
|t:|1727900769
|switch|p1a: Skarmory|Skarmory, F, shiny|94/100
|move|p2a: Skarmory|Drill Peck|p1a: Skarmory
|-resisted|p1a: Skarmory
|-damage|p1a: Skarmory|86/100
|
|-weather|Sandstorm|[upkeep]
|-heal|p2a: Skarmory|96/100|[from] item: Leftovers
|-heal|p1a: Skarmory|92/100|[from] item: Leftovers
|upkeep
|turn|20
|inactive|fuckboyLenny has 270 seconds left.
|
|t:|1727900777
|move|p2a: Skarmory|Roar|p1a: Skarmory
|drag|p1a: Tyranitar|Tyranitar, M|100/100
|-damage|p1a: Tyranitar|76/100|[from] Spikes
|
|-weather|Sandstorm|[upkeep]
|-heal|p2a: Skarmory|100/100|[from] item: Leftovers
|upkeep
|turn|21
|inactive|fuckboyLenny has 270 seconds left.
|
|t:|1727900793
|move|p1a: Tyranitar|Taunt|p2a: Skarmory
|-start|p2a: Skarmory|move: Taunt
|cant|p2a: Skarmory|move: Taunt|Roar
|
|-weather|Sandstorm|[upkeep]
|upkeep
|turn|22
|
|t:|1727900798
|switch|p2a: Swampert|Swampert, M|100/100
|-damage|p2a: Swampert|76/100|[from] Spikes
|move|p1a: Tyranitar|Dragon Dance|p1a: Tyranitar
|-boost|p1a: Tyranitar|atk|1
|-boost|p1a: Tyranitar|spe|1
|
|-weather|Sandstorm|[upkeep]
|-heal|p2a: Swampert|82/100|[from] item: Leftovers
|upkeep
|turn|23
|
|t:|1727900810
|move|p1a: Tyranitar|Earthquake|p2a: Swampert
|-damage|p2a: Swampert|31/100
|move|p2a: Swampert|Surf|p1a: Tyranitar
|-supereffective|p1a: Tyranitar
|-damage|p1a: Tyranitar|0 fnt
|faint|p1a: Tyranitar
|inactive|fuckboyLenny has 270 seconds left.
|
|t:|1727900820
|switch|p1a: Aerodactyl|Aerodactyl, M|100/100
|
|-weather|Sandstorm|[upkeep]
|-heal|p2a: Swampert|37/100|[from] item: Leftovers
|upkeep
|turn|24
|inactive|zinc3 has 270 seconds left.
|
|t:|1727900854
|switch|p2a: Celebi|Celebi|28/100
|-damage|p2a: Celebi|3/100|[from] Spikes
|move|p1a: Aerodactyl|Double-Edge|p2a: Celebi
|-damage|p2a: Celebi|0 fnt
|faint|p2a: Celebi
|inactive|zinc3 has 270 seconds left.
|
|t:|1727900868
|switch|p2a: Tyranitar|Tyranitar, F|100/100
|-damage|p2a: Tyranitar|76/100|[from] Spikes
|
|-weather|Sandstorm|[upkeep]
|-heal|p2a: Tyranitar|82/100|[from] item: Leftovers
|upkeep
|turn|25
|inactive|fuckboyLenny has 270 seconds left.
|
|t:|1727900901
|-singleturn|p2a: Tyranitar|move: Focus Punch
|switch|p1a: Swampert|Swampert, M|100/100
|-damage|p1a: Swampert|76/100|[from] Spikes
|move|p2a: Tyranitar|Focus Punch|p1a: Swampert
|-damage|p1a: Swampert|36/100
|
|-weather|Sandstorm|[upkeep]
|-heal|p2a: Tyranitar|88/100|[from] item: Leftovers
|-heal|p1a: Swampert|42/100|[from] item: Leftovers
|upkeep
|turn|26
|inactive|fuckboyLenny has 270 seconds left.
|inactive|zinc3 has 270 seconds left.
|
|t:|1727900948
|switch|p2a: Gengar|Gengar, F|59/100
|move|p1a: Swampert|Hydro Pump|p2a: Gengar
|-damage|p2a: Gengar|13/100
|
|-weather|Sandstorm|[upkeep]
|-damage|p2a: Gengar|7/100|[from] Sandstorm
|-heal|p2a: Gengar|13/100|[from] item: Leftovers
|-heal|p1a: Swampert|48/100|[from] item: Leftovers
|upkeep
|turn|27
|inactive|fuckboyLenny has 240 seconds left.
|
|t:|1727900973
|move|p2a: Gengar|Explosion|p1a: Swampert
|-damage|p1a: Swampert|0 fnt
|faint|p2a: Gengar
|faint|p1a: Swampert
|inactive|fuckboyLenny has 240 seconds left.
|inactive|zinc3 has 240 seconds left.
|
|t:|1727900997
|switch|p2a: Skarmory|Skarmory, F|100/100
|switch|p1a: Skarmory|Skarmory, F, shiny|92/100
|
|-weather|Sandstorm|[upkeep]
|-heal|p1a: Skarmory|98/100|[from] item: Leftovers
|upkeep
|turn|28
|
|t:|1727901003
|move|p2a: Skarmory|Roar|p1a: Skarmory
|drag|p1a: Aerodactyl|Aerodactyl, M|100/100
|
|-weather|Sandstorm|[upkeep]
|upkeep
|turn|29
|
|t:|1727901008
|move|p2a: Skarmory|Protect|p2a: Skarmory
|-singleturn|p2a: Skarmory|Protect
|move|p1a: Aerodactyl|Rock Slide|p2a: Skarmory
|-activate|p2a: Skarmory|Protect
|
|-weather|Sandstorm|[upkeep]
|upkeep
|turn|30
|
|t:|1727901014
|move|p2a: Skarmory|Protect||[still]
|-fail|p2a: Skarmory
|move|p1a: Aerodactyl|Rock Slide|p2a: Skarmory
|-damage|p2a: Skarmory|59/100
|
|-weather|Sandstorm|[upkeep]
|-heal|p2a: Skarmory|65/100|[from] item: Leftovers
|upkeep
|turn|31
|
|t:|1727901021
|move|p2a: Skarmory|Protect|p2a: Skarmory
|-singleturn|p2a: Skarmory|Protect
|move|p1a: Aerodactyl|Rock Slide|p2a: Skarmory
|-activate|p2a: Skarmory|Protect
|
|-weather|Sandstorm|[upkeep]
|-heal|p2a: Skarmory|71/100|[from] item: Leftovers
|upkeep
|turn|32
|inactive|fuckboyLenny has 270 seconds left.
|inactive|zinc3 has 270 seconds left.
|inactive|zinc3 has 240 seconds left.
|inactive|zinc3 has 210 seconds left.
|inactive|zinc3 has 180 seconds left.
|
|t:|1727901144
|switch|p2a: Swampert|Swampert, M|37/100
|-damage|p2a: Swampert|12/100|[from] Spikes
|move|p1a: Aerodactyl|Rock Slide|p2a: Swampert
|-resisted|p2a: Swampert
|-damage|p2a: Swampert|0 fnt
|faint|p2a: Swampert
|
|t:|1727901154
|switch|p2a: Tyranitar|Tyranitar, F|88/100
|-damage|p2a: Tyranitar|63/100|[from] Spikes
|
|-weather|Sandstorm|[upkeep]
|-heal|p2a: Tyranitar|69/100|[from] item: Leftovers
|upkeep
|turn|33
|inactive|zinc3 has 150 seconds left.
|
|t:|1727901183
|-singleturn|p2a: Tyranitar|move: Focus Punch
|switch|p1a: Skarmory|Skarmory, F, shiny|98/100
|move|p2a: Tyranitar|Focus Punch|p1a: Skarmory
|-damage|p1a: Skarmory|49/100
|
|-weather|Sandstorm|[upkeep]
|-heal|p1a: Skarmory|55/100|[from] item: Leftovers
|-heal|p2a: Tyranitar|76/100|[from] item: Leftovers
|upkeep
|turn|34
|inactive|zinc3 has 150 seconds left.
|inactive|fuckboyLenny has 270 seconds left.
|inactive|zinc3 has 120 seconds left.
|inactive|fuckboyLenny has 240 seconds left.
|inactive|zinc3 has 90 seconds left.
|
|t:|1727901259
|-singleturn|p2a: Tyranitar|move: Focus Punch
|move|p2a: Tyranitar|Focus Punch|p1a: Skarmory
|-damage|p1a: Skarmory|6/100
|move|p1a: Skarmory|Roar|p2a: Tyranitar
|drag|p2a: Skarmory|Skarmory, F|71/100
|
|-weather|Sandstorm|[upkeep]
|-heal|p2a: Skarmory|77/100|[from] item: Leftovers
|-heal|p1a: Skarmory|12/100|[from] item: Leftovers
|upkeep
|turn|35
|inactive|zinc3 has 90 seconds left.
|
|t:|1727901274
|move|p2a: Skarmory|Drill Peck|p1a: Skarmory
|-resisted|p1a: Skarmory
|-damage|p1a: Skarmory|4/100
|move|p1a: Skarmory|Roar|p2a: Skarmory
|drag|p2a: Tyranitar|Tyranitar, F|76/100
|-damage|p2a: Tyranitar|51/100|[from] Spikes
|
|-weather|Sandstorm|[upkeep]
|-heal|p1a: Skarmory|10/100|[from] item: Leftovers
|-heal|p2a: Tyranitar|57/100|[from] item: Leftovers
|upkeep
|turn|36
|inactive|zinc3 has 90 seconds left.
|
|t:|1727901288
|move|p1a: Skarmory|Toxic|p2a: Tyranitar
|-status|p2a: Tyranitar|tox
|move|p2a: Tyranitar|Rock Slide|p1a: Skarmory|[miss]
|-miss|p2a: Tyranitar|p1a: Skarmory
|
|-weather|Sandstorm|[upkeep]
|-heal|p1a: Skarmory|16/100|[from] item: Leftovers
|-heal|p2a: Tyranitar|63/100 tox|[from] item: Leftovers
|-damage|p2a: Tyranitar|57/100 tox|[from] psn
|upkeep
|turn|37
|
|t:|1727901300
|-singleturn|p2a: Tyranitar|move: Focus Punch
|move|p1a: Skarmory|Drill Peck|p2a: Tyranitar
|-resisted|p2a: Tyranitar
|-damage|p2a: Tyranitar|48/100 tox
|move|p2a: Tyranitar|Focus Punch||[still]
|cant|p2a: Tyranitar|Focus Punch|Focus Punch
|
|-weather|Sandstorm|[upkeep]
|-heal|p1a: Skarmory|22/100|[from] item: Leftovers
|-heal|p2a: Tyranitar|54/100 tox|[from] item: Leftovers
|-damage|p2a: Tyranitar|42/100 tox|[from] psn
|upkeep
|turn|38
|inactive|fuckboyLenny has 210 seconds left.
|inactive|fuckboyLenny has 180 seconds left.
|inactive|zinc3 has 90 seconds left.
|inactive|fuckboyLenny has 150 seconds left.
|
|t:|1727901388
|-singleturn|p2a: Tyranitar|move: Focus Punch
|move|p1a: Skarmory|Drill Peck|p2a: Tyranitar
|-resisted|p2a: Tyranitar
|-damage|p2a: Tyranitar|32/100 tox
|move|p2a: Tyranitar|Focus Punch||[still]
|cant|p2a: Tyranitar|Focus Punch|Focus Punch
|
|-weather|Sandstorm|[upkeep]
|-heal|p1a: Skarmory|28/100|[from] item: Leftovers
|-heal|p2a: Tyranitar|38/100 tox|[from] item: Leftovers
|-damage|p2a: Tyranitar|20/100 tox|[from] psn
|upkeep
|turn|39
|inactive|fuckboyLenny has 120 seconds left.
|inactive|fuckboyLenny has 90 seconds left.
|inactive|fuckboyLenny has 60 seconds left.
|inactive|fuckboyLenny has 30 seconds left.
|
|t:|1727901517
|-singleturn|p2a: Tyranitar|move: Focus Punch
|move|p1a: Skarmory|Drill Peck|p2a: Tyranitar
|-resisted|p2a: Tyranitar
|-damage|p2a: Tyranitar|11/100 tox
|move|p2a: Tyranitar|Focus Punch||[still]
|cant|p2a: Tyranitar|Focus Punch|Focus Punch
|
|-weather|Sandstorm|[upkeep]
|-heal|p1a: Skarmory|34/100|[from] item: Leftovers
|-heal|p2a: Tyranitar|17/100 tox|[from] item: Leftovers
|-damage|p2a: Tyranitar|0 fnt|[from] psn
|faint|p2a: Tyranitar
|upkeep
|inactive|fuckboyLenny has 30 seconds left this turn.
|
|t:|1727901522
|switch|p2a: Aerodactyl|Aerodactyl, F|100/100
|turn|40
|
|t:|1727901531
|move|p2a: Aerodactyl|Rock Slide|p1a: Skarmory
|-damage|p1a: Skarmory|0 fnt
|faint|p1a: Skarmory
|
|t:|1727901535
|switch|p1a: Flygon|Flygon, M, shiny|94/100
|
|-weather|Sandstorm|[upkeep]
|-heal|p1a: Flygon|99/100|[from] item: Leftovers
|upkeep
|turn|41
|
|t:|1727901542
|switch|p2a: Skarmory|Skarmory, F|77/100
|move|p1a: Flygon|Rock Slide|p2a: Skarmory
|-damage|p2a: Skarmory|60/100
|
|-weather|Sandstorm|[upkeep]
|-heal|p1a: Flygon|100/100|[from] item: Leftovers
|-heal|p2a: Skarmory|66/100|[from] item: Leftovers
|upkeep
|turn|42
|
|t:|1727901550
|switch|p1a: Aerodactyl|Aerodactyl, M|100/100
|move|p2a: Skarmory|Drill Peck|p1a: Aerodactyl
|-resisted|p1a: Aerodactyl
|-damage|p1a: Aerodactyl|83/100
|
|-weather|Sandstorm|[upkeep]
|-heal|p2a: Skarmory|72/100|[from] item: Leftovers
|upkeep
|turn|43
|
|t:|1727901564
|move|p2a: Skarmory|Protect|p2a: Skarmory
|-singleturn|p2a: Skarmory|Protect
|move|p1a: Aerodactyl|Double-Edge|p2a: Skarmory
|-activate|p2a: Skarmory|Protect
|
|-weather|Sandstorm|[upkeep]
|-heal|p2a: Skarmory|78/100|[from] item: Leftovers
|upkeep
|turn|44
|
|t:|1727901575
|move|p1a: Aerodactyl|Double-Edge|p2a: Skarmory
|-resisted|p2a: Skarmory
|-damage|p2a: Skarmory|59/100
|move|p2a: Skarmory|Drill Peck|p1a: Aerodactyl
|-resisted|p1a: Aerodactyl
|-damage|p1a: Aerodactyl|63/100
|
|-weather|Sandstorm|[upkeep]
|-heal|p2a: Skarmory|65/100|[from] item: Leftovers
|upkeep
|turn|45
|inactive|fuckboyLenny has 60 seconds left.
|
|t:|1727901583
|move|p1a: Aerodactyl|Double-Edge|p2a: Skarmory
|-resisted|p2a: Skarmory
|-damage|p2a: Skarmory|44/100
|move|p2a: Skarmory|Drill Peck|p1a: Aerodactyl
|-resisted|p1a: Aerodactyl
|-damage|p1a: Aerodactyl|46/100
|
|-weather|Sandstorm|[upkeep]
|-heal|p2a: Skarmory|50/100|[from] item: Leftovers
|upkeep
|turn|46
|
|t:|1727901591
|move|p2a: Skarmory|Protect|p2a: Skarmory
|-singleturn|p2a: Skarmory|Protect
|move|p1a: Aerodactyl|Double-Edge|p2a: Skarmory
|-activate|p2a: Skarmory|Protect
|
|-weather|Sandstorm|[upkeep]
|-heal|p2a: Skarmory|56/100|[from] item: Leftovers
|upkeep
|turn|47
|
|t:|1727901603
|move|p1a: Aerodactyl|Double-Edge|p2a: Skarmory
|-resisted|p2a: Skarmory
|-damage|p2a: Skarmory|36/100
|move|p2a: Skarmory|Drill Peck|p1a: Aerodactyl
|-resisted|p1a: Aerodactyl
|-damage|p1a: Aerodactyl|27/100
|
|-weather|Sandstorm|[upkeep]
|-heal|p2a: Skarmory|42/100|[from] item: Leftovers
|upkeep
|turn|48
|
|t:|1727901611
|switch|p1a: Flygon|Flygon, M, shiny|100/100
|move|p2a: Skarmory|Protect||[still]
|-fail|p2a: Skarmory
|
|-weather|Sandstorm|[upkeep]
|-heal|p2a: Skarmory|48/100|[from] item: Leftovers
|upkeep
|turn|49
|
|t:|1727901618
|move|p2a: Skarmory|Protect|p2a: Skarmory
|-singleturn|p2a: Skarmory|Protect
|move|p1a: Flygon|Rock Slide|p2a: Skarmory
|-activate|p2a: Skarmory|Protect
|
|-weather|Sandstorm|[upkeep]
|-heal|p2a: Skarmory|54/100|[from] item: Leftovers
|upkeep
|turn|50
|
|t:|1727901625
|move|p1a: Flygon|Rock Slide|p2a: Skarmory
|-damage|p2a: Skarmory|37/100
|cant|p2a: Skarmory|flinch
|
|-weather|Sandstorm|[upkeep]
|-heal|p2a: Skarmory|43/100|[from] item: Leftovers
|upkeep
|turn|51
|inactive|fuckboyLenny has 90 seconds left.
|
|t:|1727901631
|move|p2a: Skarmory|Protect|p2a: Skarmory
|-singleturn|p2a: Skarmory|Protect
|move|p1a: Flygon|Rock Slide|p2a: Skarmory
|-activate|p2a: Skarmory|Protect
|
|-weather|Sandstorm|[upkeep]
|-heal|p2a: Skarmory|49/100|[from] item: Leftovers
|upkeep
|turn|52
|
|t:|1727901639
|move|p1a: Flygon|Rock Slide|p2a: Skarmory
|-damage|p2a: Skarmory|33/100
|move|p2a: Skarmory|Drill Peck|p1a: Flygon
|-damage|p1a: Flygon|70/100
|
|-weather|Sandstorm|[upkeep]
|-heal|p1a: Flygon|76/100|[from] item: Leftovers
|-heal|p2a: Skarmory|39/100|[from] item: Leftovers
|upkeep
|turn|53
|
|t:|1727901649
|move|p2a: Skarmory|Protect|p2a: Skarmory
|-singleturn|p2a: Skarmory|Protect
|move|p1a: Flygon|Rock Slide|p2a: Skarmory
|-activate|p2a: Skarmory|Protect
|
|-weather|Sandstorm|[upkeep]
|-heal|p1a: Flygon|82/100|[from] item: Leftovers
|-heal|p2a: Skarmory|45/100|[from] item: Leftovers
|upkeep
|turn|54
|
|t:|1727901657
|move|p1a: Flygon|Rock Slide|p2a: Skarmory
|-damage|p2a: Skarmory|28/100
|move|p2a: Skarmory|Drill Peck|p1a: Flygon
|-damage|p1a: Flygon|53/100
|
|-weather|Sandstorm|[upkeep]
|-heal|p1a: Flygon|59/100|[from] item: Leftovers
|-heal|p2a: Skarmory|34/100|[from] item: Leftovers
|upkeep
|turn|55
|
|t:|1727901665
|switch|p1a: Aerodactyl|Aerodactyl, M|27/100
|move|p2a: Skarmory|Protect||[still]
|-fail|p2a: Skarmory
|
|-weather|Sandstorm|[upkeep]
|-heal|p2a: Skarmory|40/100|[from] item: Leftovers
|upkeep
|turn|56
|
|t:|1727901672
|move|p2a: Skarmory|Protect|p2a: Skarmory
|-singleturn|p2a: Skarmory|Protect
|move|p1a: Aerodactyl|Rock Slide|p2a: Skarmory|[miss]
|-miss|p1a: Aerodactyl|p2a: Skarmory
|
|-weather|Sandstorm|[upkeep]
|-heal|p2a: Skarmory|46/100|[from] item: Leftovers
|upkeep
|turn|57
|inactive|fuckboyLenny has 120 seconds left.
|
|t:|1727901679
|move|p1a: Aerodactyl|Rock Slide|p2a: Skarmory
|-damage|p2a: Skarmory|4/100
|move|p2a: Skarmory|Drill Peck|p1a: Aerodactyl
|-resisted|p1a: Aerodactyl
|-damage|p1a: Aerodactyl|9/100
|
|-weather|Sandstorm|[upkeep]
|-heal|p2a: Skarmory|10/100|[from] item: Leftovers
|upkeep
|turn|58
|
|t:|1727901687
|move|p2a: Skarmory|Protect|p2a: Skarmory
|-singleturn|p2a: Skarmory|Protect
|move|p1a: Aerodactyl|Rock Slide|p2a: Skarmory
|-activate|p2a: Skarmory|Protect
|
|-weather|Sandstorm|[upkeep]
|-heal|p2a: Skarmory|16/100|[from] item: Leftovers
|upkeep
|turn|59
|inactive|zinc3 has 210 seconds left.
|
|t:|1727901698
|move|p2a: Skarmory|Protect|p2a: Skarmory
|-singleturn|p2a: Skarmory|Protect
|move|p1a: Aerodactyl|Rock Slide|p2a: Skarmory
|-activate|p2a: Skarmory|Protect
|
|-weather|Sandstorm|[upkeep]
|-heal|p2a: Skarmory|22/100|[from] item: Leftovers
|upkeep
|turn|60
|inactive|zinc3 has 210 seconds left.
|
|t:|1727901708
|move|p2a: Skarmory|Protect||[still]
|-fail|p2a: Skarmory
|move|p1a: Aerodactyl|Rock Slide|p2a: Skarmory
|-damage|p2a: Skarmory|0 fnt
|faint|p2a: Skarmory
|
|t:|1727901710
|switch|p2a: Aerodactyl|Aerodactyl, F|100/100
|
|-weather|Sandstorm|[upkeep]
|upkeep
|turn|61
|
|t:|1727901715
|move|p2a: Aerodactyl|Double-Edge|p1a: Aerodactyl
|-resisted|p1a: Aerodactyl
|-damage|p1a: Aerodactyl|0 fnt
|faint|p1a: Aerodactyl
|
|t:|1727901720
|switch|p1a: Flygon|Flygon, M, shiny|59/100
|
|-weather|Sandstorm|[upkeep]
|-heal|p1a: Flygon|65/100|[from] item: Leftovers
|upkeep
|turn|62
|
|t:|1727901725
|move|p2a: Aerodactyl|Double-Edge|p1a: Flygon
|-damage|p1a: Flygon|0 fnt
|faint|p1a: Flygon
|
|win|zinc3
|c|☆zinc3|gg
|c|☆fuckboyLenny|all this work and in the end, just a coinflip
|c|☆fuckboyLenny|gg

</script>
<script type="application/json" class="data" id="replaydata-smogtours-gen3ou-794034">
{"id":"smogtours-gen3ou-794034","format":"[Gen 3] OU","players":["fuckboyLenny","zinc3"],"uploadtime":1727901725,"views":123,"formatid":"gen3ou","rating":null,"private":0,"password":null}
</script>

<script defer src="js/replays.js?9d40a366"></script>
