<!DOCTYPE html>
<meta charset="utf-8" />
<meta name="viewport" content="width=device-width" />

<title>[Gen 3] OU: asbolus verrucosus vs. Drekt93 - Replays - Pok&eacute;mon Showdown!</title>

<meta name="description" content="Watch a replay of a Pok&eacute;mon battle between asbolus verrucosus and Drekt93! Format: [Gen 3] OU; Date: Oct 25, 2024" />
<!--

Hey, you! Looking in the source for the replay log?

You can find them in JSON format, just add `.json` at the end of a replay URL.

https://replay.pokemonshowdown.com/gen7randomdoublesbattle-865046831.json

Or, if you only need the log itself, add `.log` instead:

https://replay.pokemonshowdown.com/gen7randomdoublesbattle-865046831.log

-->

<link rel="stylesheet" href="//pokemonshowdown.com/style/global.css?0.767286132409787" />
<link rel="stylesheet" href="//play.pokemonshowdown.com/style/font-awesome.css?0.9266228007934947" />
<link rel="stylesheet" href="//play.pokemonshowdown.com/style/battle.css?0.7924700842790926" />
<link rel="stylesheet" href="//play.pokemonshowdown.com/style/utilichart.css?0.8777417872839479" />

<!-- Global site tag (gtag.js) - Google Analytics -->
<script async src="https://www.googletagmanager.com/gtag/js?id=UA-26211653-1"></script>
<script>
  window.dataLayer = window.dataLayer || [];
  function gtag(){dataLayer.push(arguments);}
  gtag('js', new Date());

  gtag('config', 'UA-26211653-1');
</script>
<!-- End Google Analytics -->
<!-- Venatus Ad Manager - Install in <HEAD> of page -->
	<script src="https://hb.vntsm.com/v3/live/ad-manager.min.js" type="text/javascript" data-site-id="642aba63ec9a7b11c3c9c1be" data-mode="scan" async></script>
<!-- / Venatus Ad Manager -->

<style>
	@media (max-width:820px) {
		.battle {
			margin: 0 auto;
		}
		.battle-log {
			margin: 7px auto 0;
			max-width: 640px;
			height: 300px;
			position: static;
		}
	}
	.optgroup {
		display: inline-block;
		line-height: 22px;
		font-size: 10pt;
	}
	.optgroup .button {
		height: 25px;
		padding-top: 0;
		padding-bottom: 0;
	}
	.optgroup button.button {
		padding-left: 12px;
		padding-right: 12px;
	}
	.linklist {
		list-style: none;
		margin: 0.5em 0;
		padding: 0;
	}
	.linklist li {
		padding: 2px 0;
	}
	.sidebar {
		float: left;
		width: 320px;
	}
	.bar-wrapper {
		max-width: 1100px;
		margin: 0 auto;
	}
	.bar-wrapper.has-sidebar {
		max-width: 1430px;
	}
	.mainbar {
		margin: 0;
		padding-right: 1px;
	}
	.mainbar.has-sidebar {
		margin-left: 330px;
	}
	@media (min-width: 1511px) {
		.sidebar {
			width: 400px;
		}
		.bar-wrapper.has-sidebar {
			max-width: 1510px;
		}
		.mainbar.has-sidebar {
			margin-left: 410px;
		}
	}
	.section.first-section {
		margin-top: 9px;
	}
	.blocklink small {
		white-space: normal;
	}
	.button {
		vertical-align: middle;
	}
	.replay-controls {
		padding-top: 10px;
	}
	.replay-controls h1 {
		font-size: 16pt;
		font-weight: normal;
		color: #CCC;
	}
	.pagelink {
		text-align: center;
	}
	.pagelink a {
		width: 150px;
	}
	.textbox, .button {
		font-size: 11pt;
		vertical-align: middle;
	}
	@media (max-width: 450px) {
		.button {
			font-size: 9pt;
		}
	}
</style>

<div>

	<header>
		<div class="nav-wrapper"><ul class="nav">
			<li><a class="button nav-first" href="//pokemonshowdown.com/"><img src="//pokemonshowdown.com/images/pokemonshowdownbeta.png" srcset="//pokemonshowdown.com/images/pokemonshowdownbeta.png 1x, //pokemonshowdown.com/images/pokemonshowdownbeta@2x.png 2x" alt="Pok&eacute;mon Showdown" width="146" height="44" /> Home</a></li>
			<li><a class="button" href="//pokemonshowdown.com/dex/">Pok&eacute;dex</a></li>
			<li><a class="button cur" href="/">Replays</a></li>
			<li><a class="button" href="//pokemonshowdown.com/ladder/">Ladder</a></li>
			<li><a class="button nav-last" href="//pokemonshowdown.com/forums/">Forum</a></li>
			<li><a class="button greenbutton nav-first nav-last" href="//play.pokemonshowdown.com/">Play</a></li>
		</ul></div>
	</header>

	<div class="main" id="main">

		<noscript><section class="section">You need to enable JavaScript to use this page; sorry!</section></noscript>

	</div>

</div>

<script defer nomodule src="//play.pokemonshowdown.com/js/lib/ps-polyfill.js"></script>
<script defer src="//play.pokemonshowdown.com/js/lib/preact.min.js"></script>

<script defer src="//play.pokemonshowdown.com/config/config.js?6dec07f6"></script>
<script defer src="//play.pokemonshowdown.com/js/lib/jquery-1.11.0.min.js"></script>
<script defer src="//play.pokemonshowdown.com/js/lib/html-sanitizer-minified.js"></script>
<script defer src="//play.pokemonshowdown.com/js/battle-sound.js"></script>
<script defer src="//play.pokemonshowdown.com/js/battledata.js?0.6315294753075389"></script>
<script defer src="//play.pokemonshowdown.com/data/pokedex-mini.js?0.7603743185311358"></script>
<script defer src="//play.pokemonshowdown.com/data/pokedex-mini-bw.js?0.030888842834281283"></script>
<script defer src="//play.pokemonshowdown.com/data/graphics.js?0.05593094747507488"></script>
<script defer src="//play.pokemonshowdown.com/data/pokedex.js?0.47064822249611904"></script>
<script defer src="//play.pokemonshowdown.com/data/moves.js?0.8583693120512459"></script>
<script defer src="//play.pokemonshowdown.com/data/abilities.js?0.16017181182386842"></script>
<script defer src="//play.pokemonshowdown.com/data/items.js?0.4163379185673943"></script>
<script defer src="//play.pokemonshowdown.com/data/teambuilder-tables.js?0.31075597372830477"></script>
<script defer src="//play.pokemonshowdown.com/js/battle-tooltips.js?0.6536193500708172"></script>
<script defer src="//play.pokemonshowdown.com/js/battle.js?0.1916591943277901"></script>

<script defer src="js/utils.js?e31f9a17"></script>
<script defer src="js/replays-battle.js?7008c182"></script>

<!-- don't scrape this data! just add .json or .log after the URL!
Full API docs: https://github.com/smogon/pokemon-showdown-client/blob/master/WEB-API.md -->
<script type="text/plain" class="log" id="replaylog-smogtours-gen3ou-801940">
|inactive|Battle timer is ON: inactive players will automatically lose when time's up.
|t:|1729891963
|gametype|singles
|player|p1|asbolus verrucosus|bugsy-gen2|
|player|p2|Drekt93|170|
|teamsize|p1|6
|teamsize|p2|6
|gen|3
|tier|[Gen 3] OU
|rule|Sleep Clause Mod: Limit one foe put to sleep
|rule|Switch Priority Clause Mod: Faster Pokémon switch first
|rule|Species Clause: Limit one of each Pokémon
|rule|OHKO Clause: OHKO moves are banned
|rule|Evasion Items Clause: Evasion items are banned
|rule|Evasion Moves Clause: Evasion moves are banned
|rule|Endless Battle Clause: Forcing endless battles is banned
|rule|HP Percentage Mod: HP is shown in percentages
|rule|One Boost Passer Clause: Limit one Baton Passer that has a way to boost its stats
|rule|Freeze Clause Mod: Limit one foe frozen
|
|t:|1729891963
|start
|switch|p1a: Steelix|Steelix, F|100/100
|switch|p2a: Zapdos|Zapdos|100/100
|turn|1
|
|t:|1729891992
|switch|p2a: Swampert|Swampert, F|100/100
|move|p1a: Steelix|Roar|p2a: Swampert
|drag|p2a: Salamence|Salamence, M|100/100
|-ability|p2a: Salamence|Intimidate|boost
|-unboost|p1a: Steelix|atk|1
|
|upkeep
|turn|2
|
|t:|1729892011
|switch|p1a: Milotic|Milotic, M|100/100
|move|p2a: Salamence|Fire Blast|p1a: Milotic
|-resisted|p1a: Milotic
|-damage|p1a: Milotic|86/100
|
|-heal|p1a: Milotic|92/100|[from] item: Leftovers
|upkeep
|turn|3
|
|t:|1729892021
|switch|p2a: Blissey|Blissey, F|100/100
|move|p1a: Milotic|Toxic|p2a: Blissey
|-status|p2a: Blissey|tox
|
|-heal|p1a: Milotic|98/100|[from] item: Leftovers
|-damage|p2a: Blissey|94/100 tox|[from] psn
|upkeep
|turn|4
|
|t:|1729892030
|switch|p1a: Forretress|Forretress, M|100/100
|move|p2a: Blissey|Toxic|p1a: Forretress
|-immune|p1a: Forretress
|
|-heal|p2a: Blissey|100/100 tox|[from] item: Leftovers
|-damage|p2a: Blissey|88/100 tox|[from] psn
|upkeep
|turn|5
|
|t:|1729892039
|-curestatus|p2a: Blissey|tox|[from] ability: Natural Cure
|switch|p2a: Salamence|Salamence, M|100/100
|-ability|p2a: Salamence|Intimidate|boost
|-unboost|p1a: Forretress|atk|1
|move|p1a: Forretress|Spikes|p2a: Salamence
|-sidestart|p2: Drekt93|Spikes
|
|upkeep
|turn|6
|
|t:|1729892046
|switch|p1a: Milotic|Milotic, M|98/100
|move|p2a: Salamence|Hidden Power|p1a: Milotic
|-supereffective|p1a: Milotic
|-damage|p1a: Milotic|63/100
|
|-heal|p1a: Milotic|69/100|[from] item: Leftovers
|upkeep
|turn|7
|
|t:|1729892053
|switch|p2a: Forretress|Forretress, F|100/100
|-damage|p2a: Forretress|88/100|[from] Spikes
|move|p1a: Milotic|Toxic|p2a: Forretress
|-immune|p2a: Forretress
|
|-heal|p1a: Milotic|75/100|[from] item: Leftovers
|-heal|p2a: Forretress|94/100|[from] item: Leftovers
|upkeep
|turn|8
|
|t:|1729892061
|switch|p1a: Salamence|Salamence, M|100/100
|-ability|p1a: Salamence|Intimidate|boost
|-unboost|p2a: Forretress|atk|1
|move|p2a: Forretress|Rapid Spin|p1a: Salamence
|-damage|p1a: Salamence|97/100
|-sideend|p2: Drekt93|Spikes|[from] move: Rapid Spin|[of] p2a: Forretress
|
|-heal|p1a: Salamence|100/100|[from] item: Leftovers
|-heal|p2a: Forretress|100/100|[from] item: Leftovers
|upkeep
|turn|9
|
|t:|1729892071
|switch|p2a: Blissey|Blissey, F|88/100
|move|p1a: Salamence|Substitute|p1a: Salamence
|-start|p1a: Salamence|Substitute
|-damage|p1a: Salamence|76/100
|
|-heal|p1a: Salamence|82/100|[from] item: Leftovers
|-heal|p2a: Blissey|94/100|[from] item: Leftovers
|upkeep
|turn|10
|
|t:|1729892078
|move|p1a: Salamence|Dragon Claw|p2a: Blissey
|-damage|p2a: Blissey|80/100
|move|p2a: Blissey|Wish|p2a: Blissey
|
|-heal|p1a: Salamence|88/100|[from] item: Leftovers
|-heal|p2a: Blissey|86/100|[from] item: Leftovers
|upkeep
|turn|11
|
|t:|1729892085
|move|p1a: Salamence|Fire Blast|p2a: Blissey
|-damage|p2a: Blissey|71/100
|move|p2a: Blissey|Seismic Toss|p1a: Salamence
|-end|p1a: Salamence|Substitute
|
|-heal|p2a: Blissey|100/100|[from] move: Wish|[wisher] Blissey
|-heal|p1a: Salamence|94/100|[from] item: Leftovers
|upkeep
|turn|12
|
|t:|1729892094
|switch|p1a: Forretress|Forretress, M|100/100
|move|p2a: Blissey|Seismic Toss|p1a: Forretress
|-damage|p1a: Forretress|72/100
|
|-heal|p1a: Forretress|78/100|[from] item: Leftovers
|upkeep
|turn|13
|
|t:|1729892104
|switch|p2a: Salamence|Salamence, M|100/100
|-ability|p2a: Salamence|Intimidate|boost
|-unboost|p1a: Forretress|atk|1
|move|p1a: Forretress|Spikes|p2a: Salamence
|-sidestart|p2: Drekt93|Spikes
|
|-heal|p1a: Forretress|85/100|[from] item: Leftovers
|upkeep
|turn|14
|
|t:|1729892111
|switch|p1a: Milotic|Milotic, M|75/100
|move|p2a: Salamence|Fire Blast|p1a: Milotic
|-resisted|p1a: Milotic
|-damage|p1a: Milotic|59/100
|-status|p1a: Milotic|brn
|
|-heal|p1a: Milotic|65/100 brn|[from] item: Leftovers
|-damage|p1a: Milotic|53/100 brn|[from] brn
|upkeep
|turn|15
|
|t:|1729892120
|move|p2a: Salamence|Hidden Power|p1a: Milotic
|-supereffective|p1a: Milotic
|-damage|p1a: Milotic|20/100 brn
|move|p1a: Milotic|Recover|p1a: Milotic
|-heal|p1a: Milotic|70/100 brn
|
|-heal|p1a: Milotic|76/100 brn|[from] item: Leftovers
|-damage|p1a: Milotic|63/100 brn|[from] brn
|upkeep
|turn|16
|
|t:|1729892129
|switch|p2a: Zapdos|Zapdos|100/100
|move|p1a: Milotic|Recover|p1a: Milotic
|-heal|p1a: Milotic|100/100 brn
|
|-damage|p1a: Milotic|88/100 brn|[from] brn
|upkeep
|turn|17
|
|t:|1729892136
|switch|p1a: Steelix|Steelix, F|100/100
|move|p2a: Zapdos|Roar|p1a: Steelix
|drag|p1a: Forretress|Forretress, M|85/100
|
|-heal|p1a: Forretress|91/100|[from] item: Leftovers
|upkeep
|turn|18
|
|t:|1729892154
|switch|p1a: Umbreon|Umbreon, F|100/100
|move|p2a: Zapdos|Thunderbolt|p1a: Umbreon
|-damage|p1a: Umbreon|70/100
|
|-heal|p1a: Umbreon|76/100|[from] item: Leftovers
|upkeep
|turn|19
|
|t:|1729892162
|move|p1a: Umbreon|Toxic|p2a: Zapdos
|-status|p2a: Zapdos|tox
|move|p2a: Zapdos|Roar|p1a: Umbreon
|drag|p1a: Steelix|Steelix, F|100/100
|
|-damage|p2a: Zapdos|94/100 tox|[from] psn
|upkeep
|turn|20
|
|t:|1729892176
|switch|p2a: Salamence|Salamence, M|100/100
|-ability|p2a: Salamence|Intimidate|boost
|-unboost|p1a: Steelix|atk|1
|switch|p1a: Milotic|Milotic, M|88/100 brn
|
|-heal|p1a: Milotic|94/100 brn|[from] item: Leftovers
|-damage|p1a: Milotic|82/100 brn|[from] brn
|upkeep
|turn|21
|
|t:|1729892189
|switch|p2a: Zapdos|Zapdos|94/100 tox
|move|p1a: Milotic|Refresh|p1a: Milotic
|-curestatus|p1a: Milotic|brn|[msg]
|
|-heal|p2a: Zapdos|100/100 tox|[from] item: Leftovers
|-damage|p2a: Zapdos|94/100 tox|[from] psn
|-heal|p1a: Milotic|88/100|[from] item: Leftovers
|upkeep
|turn|22
|
|t:|1729892199
|switch|p2a: Salamence|Salamence, M|100/100
|-ability|p2a: Salamence|Intimidate|boost
|-unboost|p1a: Milotic|atk|1
|move|p1a: Milotic|Recover|p1a: Milotic
|-heal|p1a: Milotic|100/100
|
|upkeep
|turn|23
|
|t:|1729892205
|switch|p2a: Metagross|Metagross|100/100
|-damage|p2a: Metagross|88/100|[from] Spikes
|move|p1a: Milotic|Toxic|p2a: Metagross
|-immune|p2a: Metagross
|
|upkeep
|turn|24
|
|t:|1729892220
|switch|p1a: Forretress|Forretress, M|91/100
|move|p2a: Metagross|Earthquake|p1a: Forretress
|-damage|p1a: Forretress|46/100
|
|-heal|p1a: Forretress|52/100|[from] item: Leftovers
|upkeep
|turn|25
|
|t:|1729892227
|move|p2a: Metagross|Earthquake|p1a: Forretress
|-crit|p1a: Forretress
|-damage|p1a: Forretress|0 fnt
|faint|p1a: Forretress
|
|t:|1729892229
|switch|p1a: Salamence|Salamence, M|94/100
|-ability|p1a: Salamence|Intimidate|boost
|-fail|p2a: Metagross|unboost|[from] ability: Clear Body|[of] p2a: Metagross
|
|-heal|p1a: Salamence|100/100|[from] item: Leftovers
|upkeep
|turn|26
|
|t:|1729892242
|switch|p2a: Blissey|Blissey, F|100/100
|-damage|p2a: Blissey|88/100|[from] Spikes
|move|p1a: Salamence|Fire Blast|p2a: Blissey|[miss]
|-miss|p1a: Salamence|p2a: Blissey
|
|-heal|p2a: Blissey|94/100|[from] item: Leftovers
|upkeep
|turn|27
|
|t:|1729892250
|switch|p1a: Milotic|Milotic, M|100/100
|move|p2a: Blissey|Seismic Toss|p1a: Milotic
|-damage|p1a: Milotic|75/100
|
|-heal|p1a: Milotic|81/100|[from] item: Leftovers
|-heal|p2a: Blissey|99/100|[from] item: Leftovers
|upkeep
|turn|28
|
|t:|1729892257
|switch|p1a: Steelix|Steelix, F|100/100
|move|p2a: Blissey|Toxic|p1a: Steelix
|-immune|p1a: Steelix
|
|-heal|p2a: Blissey|100/100|[from] item: Leftovers
|upkeep
|turn|29
|
|t:|1729892264
|move|p2a: Blissey|Wish|p2a: Blissey
|move|p1a: Steelix|Earthquake|p2a: Blissey
|-damage|p2a: Blissey|72/100
|
|-heal|p2a: Blissey|78/100|[from] item: Leftovers
|upkeep
|turn|30
|
|t:|1729892275
|switch|p2a: Salamence|Salamence, M|100/100
|-ability|p2a: Salamence|Intimidate|boost
|-unboost|p1a: Steelix|atk|1
|move|p1a: Steelix|Rock Slide|p2a: Salamence
|-supereffective|p2a: Salamence
|-damage|p2a: Salamence|71/100
|
|-heal|p2a: Salamence|100/100|[from] move: Wish|[wisher] Blissey
|upkeep
|turn|31
|
|t:|1729892284
|switch|p2a: Forretress|Forretress, F|100/100
|-damage|p2a: Forretress|88/100|[from] Spikes
|switch|p1a: Milotic|Milotic, M|81/100
|
|-heal|p1a: Milotic|87/100|[from] item: Leftovers
|-heal|p2a: Forretress|94/100|[from] item: Leftovers
|upkeep
|turn|32
|
|t:|1729892293
|switch|p1a: Tyranitar|Tyranitar, M|100/100
|-weather|Sandstorm|[from] ability: Sand Stream|[of] p1a: Tyranitar
|move|p2a: Forretress|Spikes|p1a: Tyranitar
|-sidestart|p1: asbolus verrucosus|Spikes
|
|-weather|Sandstorm|[upkeep]
|-heal|p2a: Forretress|100/100|[from] item: Leftovers
|upkeep
|turn|33
|
|t:|1729892300
|move|p1a: Tyranitar|Dragon Dance|p1a: Tyranitar
|-boost|p1a: Tyranitar|atk|1
|-boost|p1a: Tyranitar|spe|1
|move|p2a: Forretress|Rapid Spin|p1a: Tyranitar
|-resisted|p1a: Tyranitar
|-damage|p1a: Tyranitar|98/100
|-sideend|p2: Drekt93|Spikes|[from] move: Rapid Spin|[of] p2a: Forretress
|
|-weather|Sandstorm|[upkeep]
|-heal|p1a: Tyranitar|100/100|[from] item: Leftovers
|upkeep
|turn|34
|
|t:|1729892309
|move|p1a: Tyranitar|Dragon Dance|p1a: Tyranitar
|-boost|p1a: Tyranitar|atk|1
|-boost|p1a: Tyranitar|spe|1
|move|p2a: Forretress|Earthquake|p1a: Tyranitar
|-supereffective|p1a: Tyranitar
|-damage|p1a: Tyranitar|63/100
|
|-weather|Sandstorm|[upkeep]
|-heal|p1a: Tyranitar|69/100|[from] item: Leftovers
|upkeep
|turn|35
|
|t:|1729892326
|move|p1a: Tyranitar|Earthquake|p2a: Forretress
|-damage|p2a: Forretress|45/100
|move|p2a: Forretress|Earthquake|p1a: Tyranitar
|-supereffective|p1a: Tyranitar
|-damage|p1a: Tyranitar|27/100
|
|-weather|Sandstorm|[upkeep]
|-heal|p1a: Tyranitar|34/100|[from] item: Leftovers
|-heal|p2a: Forretress|51/100|[from] item: Leftovers
|upkeep
|turn|36
|
|t:|1729892337
|switch|p2a: Salamence|Salamence, M|100/100
|-ability|p2a: Salamence|Intimidate|boost
|-unboost|p1a: Tyranitar|atk|1
|move|p1a: Tyranitar|Rock Slide|p2a: Salamence
|-supereffective|p2a: Salamence
|-damage|p2a: Salamence|0 fnt
|faint|p2a: Salamence
|
|t:|1729892346
|switch|p2a: Forretress|Forretress, F|51/100
|
|-weather|Sandstorm|[upkeep]
|-heal|p1a: Tyranitar|40/100|[from] item: Leftovers
|-heal|p2a: Forretress|57/100|[from] item: Leftovers
|upkeep
|turn|37
|
|t:|1729892358
|switch|p1a: Salamence|Salamence, M|100/100
|-ability|p1a: Salamence|Intimidate|boost
|-unboost|p2a: Forretress|atk|1
|move|p2a: Forretress|Earthquake|p1a: Salamence
|-immune|p1a: Salamence
|
|-weather|Sandstorm|[upkeep]
|-damage|p1a: Salamence|94/100|[from] Sandstorm
|-heal|p1a: Salamence|100/100|[from] item: Leftovers
|-heal|p2a: Forretress|63/100|[from] item: Leftovers
|upkeep
|turn|38
|
|t:|1729892373
|switch|p1a: Milotic|Milotic, M|87/100
|-damage|p1a: Milotic|75/100|[from] Spikes
|switch|p2a: Blissey|Blissey, F|78/100
|
|-weather|Sandstorm|[upkeep]
|-damage|p1a: Milotic|69/100|[from] Sandstorm
|-damage|p2a: Blissey|72/100|[from] Sandstorm
|-heal|p1a: Milotic|75/100|[from] item: Leftovers
|-heal|p2a: Blissey|78/100|[from] item: Leftovers
|upkeep
|turn|39
|
|t:|1729892382
|move|p1a: Milotic|Recover|p1a: Milotic
|-heal|p1a: Milotic|100/100
|move|p2a: Blissey|Wish|p2a: Blissey
|
|-weather|Sandstorm|[upkeep]
|-damage|p1a: Milotic|94/100|[from] Sandstorm
|-damage|p2a: Blissey|72/100|[from] Sandstorm
|-heal|p1a: Milotic|100/100|[from] item: Leftovers
|-heal|p2a: Blissey|78/100|[from] item: Leftovers
|upkeep
|turn|40
|
|t:|1729892390
|switch|p2a: Forretress|Forretress, F|63/100
|move|p1a: Milotic|Toxic|p2a: Forretress
|-immune|p2a: Forretress
|
|-heal|p2a: Forretress|100/100|[from] move: Wish|[wisher] Blissey
|-weather|Sandstorm|[upkeep]
|-damage|p1a: Milotic|94/100|[from] Sandstorm
|-heal|p1a: Milotic|100/100|[from] item: Leftovers
|upkeep
|turn|41
|
|t:|1729892405
|switch|p1a: Salamence|Salamence, M|100/100
|-ability|p1a: Salamence|Intimidate|boost
|-unboost|p2a: Forretress|atk|1
|move|p2a: Forretress|Spikes|p1a: Salamence
|-sidestart|p1: asbolus verrucosus|Spikes
|
|-weather|Sandstorm|[upkeep]
|-damage|p1a: Salamence|94/100|[from] Sandstorm
|-heal|p1a: Salamence|100/100|[from] item: Leftovers
|upkeep
|turn|42
|
|t:|1729892413
|switch|p2a: Blissey|Blissey, F|78/100
|move|p1a: Salamence|Fire Blast|p2a: Blissey
|-damage|p2a: Blissey|64/100
|
|-weather|Sandstorm|[upkeep]
|-damage|p1a: Salamence|94/100|[from] Sandstorm
|-damage|p2a: Blissey|57/100|[from] Sandstorm
|-heal|p1a: Salamence|100/100|[from] item: Leftovers
|-heal|p2a: Blissey|64/100|[from] item: Leftovers
|upkeep
|turn|43
|
|t:|1729892426
|switch|p1a: Umbreon|Umbreon, F|76/100
|-damage|p1a: Umbreon|59/100|[from] Spikes
|move|p2a: Blissey|Toxic|p1a: Umbreon
|-status|p1a: Umbreon|tox
|-status|p2a: Blissey|psn|[from] ability: Synchronize|[of] p1a: Umbreon
|
|-weather|Sandstorm|[upkeep]
|-damage|p1a: Umbreon|53/100 tox|[from] Sandstorm
|-damage|p2a: Blissey|57/100 psn|[from] Sandstorm
|-heal|p1a: Umbreon|59/100 tox|[from] item: Leftovers
|-damage|p1a: Umbreon|53/100 tox|[from] psn
|-heal|p2a: Blissey|64/100 psn|[from] item: Leftovers
|-damage|p2a: Blissey|51/100 psn|[from] psn
|upkeep
|turn|44
|
|t:|1729892440
|move|p1a: Umbreon|Wish|p1a: Umbreon
|move|p2a: Blissey|Wish|p2a: Blissey
|
|-weather|Sandstorm|[upkeep]
|-damage|p1a: Umbreon|47/100 tox|[from] Sandstorm
|-damage|p2a: Blissey|45/100 psn|[from] Sandstorm
|-heal|p1a: Umbreon|53/100 tox|[from] item: Leftovers
|-damage|p1a: Umbreon|41/100 tox|[from] psn
|-heal|p2a: Blissey|51/100 psn|[from] item: Leftovers
|-damage|p2a: Blissey|39/100 psn|[from] psn
|upkeep
|turn|45
|
|t:|1729892461
|switch|p1a: Steelix|Steelix, F|100/100
|-damage|p1a: Steelix|84/100|[from] Spikes
|move|p2a: Blissey|Seismic Toss|p1a: Steelix
|-damage|p1a: Steelix|56/100
|
|-heal|p1a: Steelix|100/100|[from] move: Wish|[wisher] Umbreon
|-heal|p2a: Blissey|89/100 psn|[from] move: Wish|[wisher] Blissey
|-weather|Sandstorm|[upkeep]
|-damage|p2a: Blissey|82/100 psn|[from] Sandstorm
|-heal|p2a: Blissey|89/100 psn|[from] item: Leftovers
|-damage|p2a: Blissey|76/100 psn|[from] psn
|upkeep
|turn|46
|
|t:|1729892475
|-curestatus|p2a: Blissey|psn|[from] ability: Natural Cure
|switch|p2a: Forretress|Forretress, F|100/100
|move|p1a: Steelix|Earthquake|p2a: Forretress
|-damage|p2a: Forretress|77/100
|
|-weather|Sandstorm|[upkeep]
|-heal|p2a: Forretress|83/100|[from] item: Leftovers
|upkeep
|turn|47
|
|t:|1729892482
|move|p2a: Forretress|Spikes|p1a: Steelix
|-sidestart|p1: asbolus verrucosus|Spikes
|move|p1a: Steelix|Earthquake|p2a: Forretress
|-damage|p2a: Forretress|58/100
|
|-weather|Sandstorm|[upkeep]
|-heal|p2a: Forretress|64/100|[from] item: Leftovers
|upkeep
|turn|48
|
|t:|1729892491
|switch|p2a: Swampert|Swampert, F|100/100
|move|p1a: Steelix|Rock Slide|p2a: Swampert
|-resisted|p2a: Swampert
|-damage|p2a: Swampert|95/100
|
|-weather|Sandstorm|[upkeep]
|-heal|p2a: Swampert|100/100|[from] item: Leftovers
|upkeep
|turn|49
|
|t:|1729892500
|move|p2a: Swampert|Earthquake|p1a: Steelix
|-supereffective|p1a: Steelix
|-damage|p1a: Steelix|65/100
|move|p1a: Steelix|Earthquake|p2a: Swampert
|-damage|p2a: Swampert|78/100
|
|-weather|Sandstorm|[upkeep]
|-heal|p2a: Swampert|85/100|[from] item: Leftovers
|-heal|p1a: Steelix|72/100|[from] item: Leftovers
|upkeep
|turn|50
|
|t:|1729892510
|move|p2a: Swampert|Protect|p2a: Swampert
|-singleturn|p2a: Swampert|Protect
|move|p1a: Steelix|Earthquake|p2a: Swampert
|-activate|p2a: Swampert|Protect
|
|-weather|Sandstorm|[upkeep]
|-heal|p2a: Swampert|91/100|[from] item: Leftovers
|-heal|p1a: Steelix|78/100|[from] item: Leftovers
|upkeep
|turn|51
|
|t:|1729892518
|move|p2a: Swampert|Hydro Pump|p1a: Steelix|[miss]
|-miss|p2a: Swampert|p1a: Steelix
|move|p1a: Steelix|Explosion|p2a: Swampert
|-crit|p2a: Swampert
|-damage|p2a: Swampert|0 fnt
|faint|p1a: Steelix
|faint|p2a: Swampert
|
|t:|1729892527
|switch|p2a: Zapdos|Zapdos|94/100 tox
|switch|p1a: Umbreon|Umbreon, F|41/100 tox
|-damage|p1a: Umbreon|16/100 tox|[from] Spikes
|
|-weather|Sandstorm|[upkeep]
|-damage|p2a: Zapdos|88/100 tox|[from] Sandstorm
|-damage|p1a: Umbreon|10/100 tox|[from] Sandstorm
|-heal|p2a: Zapdos|94/100 tox|[from] item: Leftovers
|-damage|p2a: Zapdos|88/100 tox|[from] psn
|-heal|p1a: Umbreon|16/100 tox|[from] item: Leftovers
|-damage|p1a: Umbreon|10/100 tox|[from] psn
|upkeep
|turn|52
|
|t:|1729892543
|switch|p2a: Forretress|Forretress, F|64/100
|move|p1a: Umbreon|Protect||[still]
|-fail|p1a: Umbreon
|
|-weather|Sandstorm|[upkeep]
|-damage|p1a: Umbreon|4/100 tox|[from] Sandstorm
|-heal|p1a: Umbreon|10/100 tox|[from] item: Leftovers
|-damage|p1a: Umbreon|0 fnt|[from] psn
|faint|p1a: Umbreon
|-heal|p2a: Forretress|70/100|[from] item: Leftovers
|upkeep
|
|t:|1729892547
|switch|p1a: Salamence|Salamence, M|100/100
|-ability|p1a: Salamence|Intimidate|boost
|-unboost|p2a: Forretress|atk|1
|turn|53
|
|t:|1729892556
|switch|p2a: Blissey|Blissey, F|76/100
|move|p1a: Salamence|Fire Blast|p2a: Blissey
|-damage|p2a: Blissey|61/100
|
|-weather|Sandstorm|[upkeep]
|-damage|p1a: Salamence|94/100|[from] Sandstorm
|-damage|p2a: Blissey|55/100|[from] Sandstorm
|-heal|p1a: Salamence|100/100|[from] item: Leftovers
|-heal|p2a: Blissey|61/100|[from] item: Leftovers
|upkeep
|turn|54
|
|t:|1729892568
|switch|p1a: Milotic|Milotic, M|100/100
|-damage|p1a: Milotic|76/100|[from] Spikes
|move|p2a: Blissey|Toxic|p1a: Milotic
|-status|p1a: Milotic|tox
|
|-weather|Sandstorm|[upkeep]
|-damage|p1a: Milotic|70/100 tox|[from] Sandstorm
|-damage|p2a: Blissey|55/100|[from] Sandstorm
|-heal|p1a: Milotic|76/100 tox|[from] item: Leftovers
|-damage|p1a: Milotic|70/100 tox|[from] psn
|-heal|p2a: Blissey|61/100|[from] item: Leftovers
|upkeep
|turn|55
|
|t:|1729892579
|move|p1a: Milotic|Refresh|p1a: Milotic
|-curestatus|p1a: Milotic|tox|[msg]
|move|p2a: Blissey|Wish|p2a: Blissey
|
|-weather|Sandstorm|[upkeep]
|-damage|p1a: Milotic|63/100|[from] Sandstorm
|-damage|p2a: Blissey|55/100|[from] Sandstorm
|-heal|p1a: Milotic|70/100|[from] item: Leftovers
|-heal|p2a: Blissey|61/100|[from] item: Leftovers
|upkeep
|turn|56
|
|t:|1729892587
|move|p1a: Milotic|Surf|p2a: Blissey
|-crit|p2a: Blissey
|-damage|p2a: Blissey|35/100
|move|p2a: Blissey|Seismic Toss|p1a: Milotic
|-damage|p1a: Milotic|44/100
|
|-heal|p2a: Blissey|85/100|[from] move: Wish|[wisher] Blissey
|-weather|Sandstorm|[upkeep]
|-damage|p1a: Milotic|38/100|[from] Sandstorm
|-damage|p2a: Blissey|79/100|[from] Sandstorm
|-heal|p1a: Milotic|44/100|[from] item: Leftovers
|-heal|p2a: Blissey|85/100|[from] item: Leftovers
|upkeep
|turn|57
|
|t:|1729892599
|move|p1a: Milotic|Recover|p1a: Milotic
|-heal|p1a: Milotic|94/100
|move|p2a: Blissey|Toxic|p1a: Milotic
|-status|p1a: Milotic|tox
|
|-weather|Sandstorm|[upkeep]
|-damage|p1a: Milotic|88/100 tox|[from] Sandstorm
|-damage|p2a: Blissey|79/100|[from] Sandstorm
|-heal|p1a: Milotic|94/100 tox|[from] item: Leftovers
|-damage|p1a: Milotic|88/100 tox|[from] psn
|-heal|p2a: Blissey|85/100|[from] item: Leftovers
|upkeep
|turn|58
|
|t:|1729892609
|move|p1a: Milotic|Refresh|p1a: Milotic
|-curestatus|p1a: Milotic|tox|[msg]
|move|p2a: Blissey|Wish|p2a: Blissey
|
|-weather|Sandstorm|[upkeep]
|-damage|p1a: Milotic|82/100|[from] Sandstorm
|-damage|p2a: Blissey|79/100|[from] Sandstorm
|-heal|p1a: Milotic|88/100|[from] item: Leftovers
|-heal|p2a: Blissey|85/100|[from] item: Leftovers
|upkeep
|turn|59
|
|t:|1729892619
|switch|p2a: Zapdos|Zapdos|88/100 tox
|move|p1a: Milotic|Surf|p2a: Zapdos
|-damage|p2a: Zapdos|52/100 tox
|
|-heal|p2a: Zapdos|100/100 tox|[from] move: Wish|[wisher] Blissey
|-weather|Sandstorm|[upkeep]
|-damage|p2a: Zapdos|94/100 tox|[from] Sandstorm
|-damage|p1a: Milotic|82/100|[from] Sandstorm
|-heal|p2a: Zapdos|100/100 tox|[from] item: Leftovers
|-damage|p2a: Zapdos|94/100 tox|[from] psn
|-heal|p1a: Milotic|88/100|[from] item: Leftovers
|upkeep
|turn|60
|
|t:|1729892630
|move|p2a: Zapdos|Thunder Wave|p1a: Milotic
|-status|p1a: Milotic|par
|move|p1a: Milotic|Surf|p2a: Zapdos
|-damage|p2a: Zapdos|53/100 tox
|
|-weather|Sandstorm|[upkeep]
|-damage|p2a: Zapdos|47/100 tox|[from] Sandstorm
|-damage|p1a: Milotic|82/100 par|[from] Sandstorm
|-heal|p2a: Zapdos|53/100 tox|[from] item: Leftovers
|-damage|p2a: Zapdos|41/100 tox|[from] psn
|-heal|p1a: Milotic|88/100 par|[from] item: Leftovers
|upkeep
|turn|61
|
|t:|1729892643
|switch|p2a: Metagross|Metagross|88/100
|switch|p1a: Salamence|Salamence, M|100/100
|-ability|p1a: Salamence|Intimidate|boost
|-fail|p2a: Metagross|unboost|[from] ability: Clear Body|[of] p2a: Metagross
|
|-weather|Sandstorm|[upkeep]
|-damage|p1a: Salamence|94/100|[from] Sandstorm
|-heal|p1a: Salamence|100/100|[from] item: Leftovers
|upkeep
|turn|62
|
|t:|1729892652
|switch|p2a: Blissey|Blissey, F|85/100
|move|p1a: Salamence|Fire Blast|p2a: Blissey|[miss]
|-miss|p1a: Salamence|p2a: Blissey
|
|-weather|Sandstorm|[upkeep]
|-damage|p1a: Salamence|94/100|[from] Sandstorm
|-damage|p2a: Blissey|79/100|[from] Sandstorm
|-heal|p1a: Salamence|100/100|[from] item: Leftovers
|-heal|p2a: Blissey|85/100|[from] item: Leftovers
|upkeep
|turn|63
|
|t:|1729892661
|switch|p1a: Milotic|Milotic, M|88/100 par
|-damage|p1a: Milotic|63/100 par|[from] Spikes
|move|p2a: Blissey|Wish|p2a: Blissey
|
|-weather|Sandstorm|[upkeep]
|-damage|p2a: Blissey|79/100|[from] Sandstorm
|-damage|p1a: Milotic|57/100 par|[from] Sandstorm
|-heal|p2a: Blissey|85/100|[from] item: Leftovers
|-heal|p1a: Milotic|63/100 par|[from] item: Leftovers
|upkeep
|turn|64
|
|t:|1729892671
|switch|p2a: Forretress|Forretress, F|70/100
|move|p1a: Milotic|Surf|p2a: Forretress
|-damage|p2a: Forretress|41/100
|
|-heal|p2a: Forretress|91/100|[from] move: Wish|[wisher] Blissey
|-weather|Sandstorm|[upkeep]
|-damage|p1a: Milotic|57/100 par|[from] Sandstorm
|-heal|p2a: Forretress|97/100|[from] item: Leftovers
|-heal|p1a: Milotic|63/100 par|[from] item: Leftovers
|upkeep
|turn|65
|
|t:|1729892686
|switch|p1a: Tyranitar|Tyranitar, M|40/100
|-damage|p1a: Tyranitar|15/100|[from] Spikes
|move|p2a: Forretress|Explosion|p1a: Tyranitar
|-resisted|p1a: Tyranitar
|-damage|p1a: Tyranitar|0 fnt
|faint|p2a: Forretress
|faint|p1a: Tyranitar
|
|t:|1729892694
|switch|p1a: Salamence|Salamence, M|100/100
|switch|p2a: Blissey|Blissey, F|85/100
|-ability|p1a: Salamence|Intimidate|boost
|-unboost|p2a: Blissey|atk|1
|
|-weather|Sandstorm|[upkeep]
|-damage|p1a: Salamence|94/100|[from] Sandstorm
|-damage|p2a: Blissey|79/100|[from] Sandstorm
|-heal|p1a: Salamence|100/100|[from] item: Leftovers
|-heal|p2a: Blissey|85/100|[from] item: Leftovers
|upkeep
|turn|66
|
|t:|1729892703
|switch|p1a: Milotic|Milotic, M|63/100 par
|-damage|p1a: Milotic|38/100 par|[from] Spikes
|move|p2a: Blissey|Wish|p2a: Blissey
|
|-weather|Sandstorm|[upkeep]
|-damage|p2a: Blissey|79/100|[from] Sandstorm
|-damage|p1a: Milotic|32/100 par|[from] Sandstorm
|-heal|p2a: Blissey|85/100|[from] item: Leftovers
|-heal|p1a: Milotic|38/100 par|[from] item: Leftovers
|upkeep
|turn|67
|
|t:|1729892712
|move|p2a: Blissey|Seismic Toss|p1a: Milotic
|-damage|p1a: Milotic|13/100 par
|move|p1a: Milotic|Recover|p1a: Milotic
|-heal|p1a: Milotic|63/100 par
|
|-heal|p2a: Blissey|100/100|[from] move: Wish|[wisher] Blissey
|-weather|Sandstorm|[upkeep]
|-damage|p2a: Blissey|94/100|[from] Sandstorm
|-damage|p1a: Milotic|57/100 par|[from] Sandstorm
|-heal|p2a: Blissey|100/100|[from] item: Leftovers
|-heal|p1a: Milotic|63/100 par|[from] item: Leftovers
|upkeep
|turn|68
|
|t:|1729892722
|move|p2a: Blissey|Seismic Toss|p1a: Milotic
|-damage|p1a: Milotic|38/100 par
|move|p1a: Milotic|Recover|p1a: Milotic
|-heal|p1a: Milotic|88/100 par
|
|-weather|Sandstorm|[upkeep]
|-damage|p2a: Blissey|94/100|[from] Sandstorm
|-damage|p1a: Milotic|81/100 par|[from] Sandstorm
|-heal|p2a: Blissey|100/100|[from] item: Leftovers
|-heal|p1a: Milotic|88/100 par|[from] item: Leftovers
|upkeep
|turn|69
|
|t:|1729892733
|move|p2a: Blissey|Seismic Toss|p1a: Milotic
|-damage|p1a: Milotic|62/100 par
|move|p1a: Milotic|Toxic|p2a: Blissey
|-status|p2a: Blissey|tox
|
|-weather|Sandstorm|[upkeep]
|-damage|p2a: Blissey|94/100 tox|[from] Sandstorm
|-damage|p1a: Milotic|56/100 par|[from] Sandstorm
|-heal|p2a: Blissey|100/100 tox|[from] item: Leftovers
|-damage|p2a: Blissey|94/100 tox|[from] psn
|-heal|p1a: Milotic|62/100 par|[from] item: Leftovers
|upkeep
|turn|70
|
|t:|1729892744
|move|p2a: Blissey|Wish|p2a: Blissey
|move|p1a: Milotic|Recover|p1a: Milotic
|-heal|p1a: Milotic|100/100 par
|
|-weather|Sandstorm|[upkeep]
|-damage|p2a: Blissey|88/100 tox|[from] Sandstorm
|-damage|p1a: Milotic|94/100 par|[from] Sandstorm
|-heal|p2a: Blissey|94/100 tox|[from] item: Leftovers
|-damage|p2a: Blissey|82/100 tox|[from] psn
|-heal|p1a: Milotic|100/100 par|[from] item: Leftovers
|upkeep
|turn|71
|
|t:|1729892753
|-curestatus|p2a: Blissey|tox|[from] ability: Natural Cure
|switch|p2a: Metagross|Metagross|88/100
|move|p1a: Milotic|Surf|p2a: Metagross
|-damage|p2a: Metagross|54/100
|
|-heal|p2a: Metagross|100/100|[from] move: Wish|[wisher] Blissey
|-weather|Sandstorm|[upkeep]
|-damage|p1a: Milotic|94/100 par|[from] Sandstorm
|-heal|p1a: Milotic|100/100 par|[from] item: Leftovers
|upkeep
|turn|72
|
|t:|1729892775
|switch|p1a: Salamence|Salamence, M|100/100
|-ability|p1a: Salamence|Intimidate|boost
|-fail|p2a: Metagross|unboost|[from] ability: Clear Body|[of] p2a: Metagross
|move|p2a: Metagross|Meteor Mash|p1a: Salamence
|-damage|p1a: Salamence|0 fnt
|faint|p1a: Salamence
|
|t:|1729892781
|switch|p1a: Milotic|Milotic, M|100/100 par
|-damage|p1a: Milotic|76/100 par|[from] Spikes
|
|-weather|Sandstorm|[upkeep]
|-damage|p1a: Milotic|70/100 par|[from] Sandstorm
|-heal|p1a: Milotic|76/100 par|[from] item: Leftovers
|upkeep
|turn|73
|-message|asbolus verrucosus forfeited.
|
|win|Drekt93
|player|p1|

</script>
<script type="application/json" class="data" id="replaydata-smogtours-gen3ou-801940">
{"id":"smogtours-gen3ou-801940","format":"[Gen 3] OU","players":["asbolus verrucosus","Drekt93"],"uploadtime":1729892797,"views":78,"formatid":"gen3ou","rating":null,"private":0,"password":null}
</script>

<script defer src="js/replays.js?9d40a366"></script>
